  <div class='ocr_page' id='page_1' title='image "/cluster/home/n/w/nwhite01/storage/ocr_20150623/151/hvd.32044073498685/658.png"; bbox 0 0 4086 6228; ppageno 0'>
   <div class='ocr_carea' id='block_1_1' title="bbox 316 306 449 373">
    <p class='ocr_par' dir='ltr' id='par_1_1' title="bbox 316 306 449 373">
     <span class='ocr_line' id='line_1_1' title="bbox 316 306 449 373; baseline 0.015 -2"><span class='ocrx_word' id='word_1_1' title='bbox 316 306 449 373; x_wconf 77' lang='grc'><strong>1301</strong></span> 
     </span>
    </p>
   </div>
   <div class='ocr_carea' id='block_1_2' title="bbox 1695 317 2214 380">
    <p class='ocr_par' dir='ltr' id='par_1_2' title="bbox 1695 317 2214 380">
     <span class='ocr_line' id='line_1_2' title="bbox 1695 317 2214 380; baseline 0.004 -2"><span class='ocrx_word' id='word_1_2' title='bbox 1695 318 1845 379; x_wconf 86' lang='lat' dir='ltr'><strong>PRO</strong></span> <span class='ocrx_word' id='word_1_3' title='bbox 1889 317 2214 380; x_wconf 78' lang='lat' dir='ltr'><strong>LATINIS.</strong></span> 
     </span>
    </p>
   </div>
   <div class='ocr_carea' id='block_1_3' title="bbox 3436 313 3573 379">
    <p class='ocr_par' dir='ltr' id='par_1_3' title="bbox 3436 313 3573 379">
     <span class='ocr_line' id='line_1_3' title="bbox 3436 313 3573 379; baseline 0.036 -5"><span class='ocrx_word' id='word_1_4' title='bbox 3436 313 3573 379; x_wconf 70' lang='lat'><strong>1302</strong></span> 
     </span>
    </p>
   </div>
   <div class='ocr_carea' id='block_1_4' title="bbox 311 424 3574 502">
    <p class='ocr_par' dir='ltr' id='par_1_4' title="bbox 311 424 3574 502">
     <span class='ocr_line' id='line_1_4' title="bbox 311 424 3574 502; baseline 0.001 -21"><span class='ocrx_word' id='word_1_5' title='bbox 311 442 430 497; x_wconf 88' lang='lat' dir='ltr'><strong>quo</strong></span> <span class='ocrx_word' id='word_1_6' title='bbox 457 424 732 483; x_wconf 75' lang='lat' dir='ltr'><strong>resistere.</strong></span> <span class='ocrx_word' id='word_1_7' title='bbox 765 428 869 497; x_wconf 89' lang='lat' dir='ltr'><strong>Ipsi</strong></span> <span class='ocrx_word' id='word_1_8' title='bbox 902 445 1030 485; x_wconf 85' lang='lat' dir='ltr'><strong>vero</strong></span> <span class='ocrx_word' id='word_1_9' title='bbox 1061 430 1385 501; x_wconf 66' lang='lat' dir='ltr'><strong>patriarcha:</strong></span> <span class='ocrx_word' id='word_1_10' title='bbox 1404 447 1557 487; x_wconf 78' lang='lat' dir='ltr'><strong>nova:</strong></span> <span class='ocrx_word' id='word_1_11' title='bbox 1590 432 1799 499; x_wconf 71' lang='lat' dir='ltr'><strong>Romae,</strong></span> <span class='ocrx_word' id='word_1_12' title='bbox 1827 440 1888 486; x_wconf 93' lang='lat' dir='ltr'><strong>ut</strong></span> <span class='ocrx_word' id='word_1_13' title='bbox 1918 436 1961 493; x_wconf 77' lang='grc' dir='ltr'><strong>Α</strong></span> <span class='ocrx_word' id='word_1_14' title='bbox 1995 429 2099 490; x_wconf 83' lang='lat' dir='ltr'><strong>hoc</strong></span> <span class='ocrx_word' id='word_1_15' title='bbox 2121 434 2424 496; x_wconf 78' lang='lat' dir='ltr'><strong>aﬂirmans,</strong></span> <span class='ocrx_word' id='word_1_16' title='bbox 2454 434 2898 493; x_wconf 89' lang='lat' dir='ltr'><strong>contradicentes</strong></span> <span class='ocrx_word' id='word_1_17' title='bbox 2934 447 3130 490; x_wconf 84' lang='lat' dir='ltr'><strong>omnes</strong></span> <span class='ocrx_word' id='word_1_18' title='bbox 3162 446 3261 502; x_wconf 87' lang='lat' dir='ltr'><strong>pro</strong></span> <span class='ocrx_word' id='word_1_19' title='bbox 3294 430 3574 489; x_wconf 71' lang='lat' dir='ltr'><strong>hzereticis</strong></span> 
     </span>
    </p>
   </div>
   <div class='ocr_carea' id='block_1_5' title="bbox 314 517 1887 593">
    <p class='ocr_par' dir='ltr' id='par_1_5' title="bbox 314 517 1887 593">
     <span class='ocr_line' id='line_1_5' title="bbox 314 517 1887 593; baseline 0.004 -22"><span class='ocrx_word' id='word_1_20' title='bbox 314 517 648 574; x_wconf 82' lang='lat' dir='ltr'><strong>universalis</strong></span> <span class='ocrx_word' id='word_1_21' title='bbox 678 518 1078 587; x_wconf 79' lang='lat' dir='ltr'><strong>nominaretur,</strong></span> <span class='ocrx_word' id='word_1_22' title='bbox 1108 532 1161 576; x_wconf 86' lang='lat' dir='ltr'><strong>et</strong></span> <span class='ocrx_word' id='word_1_23' title='bbox 1188 538 1295 576; x_wconf 84' lang='lat' dir='ltr'><strong>non</strong></span> <span class='ocrx_word' id='word_1_24' title='bbox 1329 523 1606 579; x_wconf 88' lang='lat' dir='ltr'><strong>secundus</strong></span> <span class='ocrx_word' id='word_1_25' title='bbox 1632 531 1753 592; x_wconf 86' lang='lat' dir='ltr'><strong>post</strong></span> <span class='ocrx_word' id='word_1_26' title='bbox 1777 522 1887 593; x_wconf 89' lang='lat' dir='ltr'><strong>pri-</strong></span> 
     </span>
    </p>
   </div>
   <div class='ocr_carea' id='block_1_6' title="bbox 311 611 1888 681">
    <p class='ocr_par' dir='ltr' id='par_1_6' title="bbox 311 611 1888 681">
     <span class='ocr_line' id='line_1_6' title="bbox 311 611 1888 681; baseline 0.004 -17"><span class='ocrx_word' id='word_1_27' title='bbox 311 621 491 673; x_wconf 81' lang='lat' dir='ltr'><strong>mum,</strong></span> <span class='ocrx_word' id='word_1_28' title='bbox 521 611 614 665; x_wconf 86' lang='lat' dir='ltr'><strong>sed</strong></span> <span class='ocrx_word' id='word_1_29' title='bbox 660 611 779 681; x_wconf 90' lang='lat' dir='ltr'><strong>ipse</strong></span> <span class='ocrx_word' id='word_1_30' title='bbox 810 614 1016 679; x_wconf 89' lang='lat' dir='ltr'><strong>primus</strong></span> <span class='ocrx_word' id='word_1_31' title='bbox 1051 614 1103 667; x_wconf 91' lang='lat' dir='ltr'><strong>in</strong></span> <span class='ocrx_word' id='word_1_32' title='bbox 1135 612 1380 671; x_wconf 82' lang='lat' dir='ltr'><strong>Ecclesia</strong></span> <span class='ocrx_word' id='word_1_33' title='bbox 1415 630 1443 667; x_wconf 87' lang='lat' dir='ltr'><strong>a</strong></span> <span class='ocrx_word' id='word_1_34' title='bbox 1478 617 1888 672; x_wconf 86' lang='lat' dir='ltr'><strong>consecratori-</strong></span> 
     </span>
    </p>
   </div>
   <div class='ocr_carea' id='block_1_7' title="bbox 313 701 1889 763">
    <p class='ocr_par' dir='ltr' id='par_1_7' title="bbox 313 701 1889 763">
     <span class='ocr_line' id='line_1_7' title="bbox 313 701 1889 763; baseline 0.002 -6"><span class='ocrx_word' id='word_1_35' title='bbox 313 701 418 757; x_wconf 78' lang='lat' dir='ltr'><strong>bus</strong></span> <span class='ocrx_word' id='word_1_36' title='bbox 445 702 766 759; x_wconf 63' lang='lat' dir='ltr'><strong>astimetur.</strong></span> <span class='ocrx_word' id='word_1_37' title='bbox 792 704 1058 760; x_wconf 84' lang='lat' dir='ltr'><strong>Neutrum</strong></span> <span class='ocrx_word' id='word_1_38' title='bbox 1091 708 1235 761; x_wconf 85' lang='lat' dir='ltr'><strong>enim</strong></span> <span class='ocrx_word' id='word_1_39' title='bbox 1270 708 1465 761; x_wconf 90' lang='lat' dir='ltr'><strong>horum</strong></span> <span class='ocrx_word' id='word_1_40' title='bbox 1493 719 1620 763; x_wconf 88' lang='lat' dir='ltr'><strong>ante</strong></span> <span class='ocrx_word' id='word_1_41' title='bbox 1646 706 1889 762; x_wconf 84' lang='lat' dir='ltr'><strong>schisma</strong></span> 
     </span>
    </p>
   </div>
   <div class='ocr_carea' id='block_1_8' title="bbox 314 796 1890 867">
    <p class='ocr_par' dir='ltr' id='par_1_8' title="bbox 314 796 1890 867">
     <span class='ocr_line' id='line_1_8' title="bbox 314 796 1890 867; baseline 0.003 -16"><span class='ocrx_word' id='word_1_42' title='bbox 314 806 453 852; x_wconf 85' lang='lat' dir='ltr'><strong>erat.</strong></span> <span class='ocrx_word' id='word_1_43' title='bbox 499 796 711 853; x_wconf 81' lang='lat' dir='ltr'><strong>Latinis</strong></span> <span class='ocrx_word' id='word_1_44' title='bbox 755 814 884 853; x_wconf 83' lang='lat' dir='ltr'><strong>vero</strong></span> <span class='ocrx_word' id='word_1_45' title='bbox 929 816 995 855; x_wconf 82' lang='lat' dir='ltr'><strong>ex</strong></span> <span class='ocrx_word' id='word_1_46' title='bbox 1025 800 1280 866; x_wconf 87' lang='lat' dir='ltr'><strong>dicendo,</strong></span> <span class='ocrx_word' id='word_1_47' title='bbox 1327 815 1392 855; x_wconf 83' lang='lat' dir='ltr'><strong>ex</strong></span> <span class='ocrx_word' id='word_1_48' title='bbox 1433 797 1571 857; x_wconf 81' lang='lat' dir='ltr'><strong>Filio</strong></span> <span class='ocrx_word' id='word_1_49' title='bbox 1623 800 1890 867; x_wconf 83' lang='lat' dir='ltr'><strong>Spiritum</strong></span> 
     </span>
    </p>
   </div>
   <div class='ocr_carea' id='block_1_9' title="bbox 313 890 1896 963">
    <p class='ocr_par' dir='ltr' id='par_1_9' title="bbox 313 890 1896 963">
     <span class='ocr_line' id='line_1_9' title="bbox 313 890 1896 963; baseline -0.001 -18"><span class='ocrx_word' id='word_1_50' title='bbox 313 900 563 945; x_wconf 88' lang='lat' dir='ltr'><strong>sanctum</strong></span> <span class='ocrx_word' id='word_1_51' title='bbox 615 891 914 961; x_wconf 75' lang='lat' dir='ltr'><strong>procedere</strong></span> <span class='ocrx_word' id='word_1_52' title='bbox 936 932 951 958; x_wconf 95' lang='lat'><strong>,</strong></span> <span class='ocrx_word' id='word_1_53' title='bbox 986 908 1164 963; x_wconf 88' lang='lat' dir='ltr'><strong>neque</strong></span> <span class='ocrx_word' id='word_1_54' title='bbox 1187 893 1499 963; x_wconf 84' lang='lat' dir='ltr'><strong>aliquorum</strong></span> <span class='ocrx_word' id='word_1_55' title='bbox 1533 893 1803 946; x_wconf 87' lang='lat' dir='ltr'><strong>malorum</strong></span> <span class='ocrx_word' id='word_1_56' title='bbox 1828 890 1896 945; x_wconf 86' lang='lat' dir='ltr'><strong>li-</strong></span> 
     </span>
    </p>
   </div>
   <div class='ocr_carea' id='block_1_10' title="bbox 316 983 1892 1055">
    <p class='ocr_par' dir='ltr' id='par_1_10' title="bbox 316 983 1892 1055">
     <span class='ocr_line' id='line_1_10' title="bbox 316 983 1892 1055; baseline 0.001 -18"><span class='ocrx_word' id='word_1_57' title='bbox 316 983 549 1048; x_wconf 87' lang='lat' dir='ltr'><strong>beratio,</strong></span> <span class='ocrx_word' id='word_1_58' title='bbox 585 998 761 1053; x_wconf 89' lang='lat' dir='ltr'><strong>neque</strong></span> <span class='ocrx_word' id='word_1_59' title='bbox 796 999 903 1039; x_wconf 91' lang='lat' dir='ltr'><strong>non</strong></span> <span class='ocrx_word' id='word_1_60' title='bbox 926 985 1275 1053; x_wconf 68' lang='lat' dir='ltr'><strong>praesentium</strong></span> <span class='ocrx_word' id='word_1_61' title='bbox 1299 986 1569 1040; x_wconf 90' lang='lat' dir='ltr'><strong>bonorum</strong></span> <span class='ocrx_word' id='word_1_62' title='bbox 1595 984 1892 1055; x_wconf 91' lang='lat' dir='ltr'><strong>acquisitio</strong></span> 
     </span>
    </p>
   </div>
   <div class='ocr_carea' id='block_1_11' title="bbox 312 1075 1894 1150">
    <p class='ocr_par' dir='ltr' id='par_1_11' title="bbox 312 1075 1894 1150">
     <span class='ocr_line' id='line_1_11' title="bbox 312 1075 1894 1150; baseline 0.003 -21"><span class='ocrx_word' id='word_1_63' title='bbox 312 1076 630 1130; x_wconf 81' lang='lat' dir='ltr'><strong>accedebat.</strong></span> <span class='ocrx_word' id='word_1_64' title='bbox 664 1075 844 1149; x_wconf 82' lang='lat' dir='ltr'><strong>Quare</strong></span> <span class='ocrx_word' id='word_1_65' title='bbox 871 1092 937 1132; x_wconf 86' lang='lat' dir='ltr'><strong>ex</strong></span> <span class='ocrx_word' id='word_1_66' title='bbox 966 1079 1223 1148; x_wconf 78' lang='lat' dir='ltr'><strong>passione</strong></span> <span class='ocrx_word' id='word_1_67' title='bbox 1244 1096 1271 1132; x_wconf 90' lang='lat' dir='ltr'><strong>a</strong></span> <span class='ocrx_word' id='word_1_68' title='bbox 1297 1079 1564 1150; x_wconf 87' lang='lat' dir='ltr'><strong>principio</strong></span> <span class='ocrx_word' id='word_1_69' title='bbox 1589 1090 1894 1135; x_wconf 87' lang='lat' dir='ltr'><strong>commotos</strong></span> 
     </span>
    </p>
   </div>
   <div class='ocr_carea' id='block_1_12' title="bbox 316 1167 1896 1241">
    <p class='ocr_par' dir='ltr' id='par_1_12' title="bbox 316 1167 1896 1241">
     <span class='ocr_line' id='line_1_12' title="bbox 316 1167 1896 1241; baseline 0.004 -23"><span class='ocrx_word' id='word_1_70' title='bbox 316 1167 497 1220; x_wconf 84' lang='lat' dir='ltr'><strong>dicere</strong></span> <span class='ocrx_word' id='word_1_71' title='bbox 533 1167 707 1238; x_wconf 85' lang='lat' dir='ltr'><strong>magis</strong></span> <span class='ocrx_word' id='word_1_72' title='bbox 738 1167 945 1224; x_wconf 66' lang='lat' dir='ltr'><strong>Graecis</strong></span> <span class='ocrx_word' id='word_1_73' title='bbox 996 1185 1158 1239; x_wconf 91' lang='lat' dir='ltr'><strong>quam</strong></span> <span class='ocrx_word' id='word_1_74' title='bbox 1201 1170 1413 1227; x_wconf 88' lang='lat' dir='ltr'><strong>Latinis</strong></span> <span class='ocrx_word' id='word_1_75' title='bbox 1470 1171 1686 1225; x_wconf 75' lang='lat' dir='ltr'><strong>videtur</strong></span> <span class='ocrx_word' id='word_1_76' title='bbox 1733 1185 1896 1241; x_wconf 82' lang='lat' dir='ltr'><strong>posse</strong></span> 
     </span>
    </p>
   </div>
   <div class='ocr_carea' id='block_1_13' title="bbox 316 1259 657 1327">
    <p class='ocr_par' dir='ltr' id='par_1_13' title="bbox 316 1259 657 1327">
     <span class='ocr_line' id='line_1_13' title="bbox 316 1259 657 1327; baseline 0.006 -15"><span class='ocrx_word' id='word_1_77' title='bbox 316 1259 657 1327; x_wconf 78' lang='lat' dir='ltr'><strong>contingere.</strong></span> 
     </span>
    </p>
   </div>
   <div class='ocr_carea' id='block_1_14' title="bbox 392 1351 1898 1422">
    <p class='ocr_par' dir='ltr' id='par_1_14' title="bbox 392 1351 1898 1422">
     <span class='ocr_line' id='line_1_14' title="bbox 392 1351 1898 1422; baseline 0.003 -18"><span class='ocrx_word' id='word_1_78' title='bbox 392 1351 466 1404; x_wconf 79' lang='lat' dir='ltr'><strong>Ex</strong></span> <span class='ocrx_word' id='word_1_79' title='bbox 499 1352 585 1406; x_wconf 97' lang='lat' dir='ltr'><strong>his</strong></span> <span class='ocrx_word' id='word_1_80' title='bbox 611 1352 781 1422; x_wconf 80' lang='lat' dir='ltr'><strong>igitur</strong></span> <span class='ocrx_word' id='word_1_81' title='bbox 821 1361 875 1407; x_wconf 88' lang='lat' dir='ltr'><strong>et</strong></span> <span class='ocrx_word' id='word_1_82' title='bbox 910 1354 1134 1421; x_wconf 84' lang='lat' dir='ltr'><strong>talibus,</strong></span> <span class='ocrx_word' id='word_1_83' title='bbox 1175 1354 1302 1410; x_wconf 85' lang='lat' dir='ltr'><strong>licet</strong></span> <span class='ocrx_word' id='word_1_84' title='bbox 1335 1356 1573 1411; x_wconf 87' lang='lat' dir='ltr'><strong>nondum</strong></span> <span class='ocrx_word' id='word_1_85' title='bbox 1603 1355 1780 1411; x_wconf 85' lang='lat' dir='ltr'><strong>visum</strong></span> <span class='ocrx_word' id='word_1_86' title='bbox 1812 1365 1898 1410; x_wconf 91' lang='lat' dir='ltr'><strong>est</strong></span> 
     </span>
    </p>
   </div>
   <div class='ocr_carea' id='block_1_15' title="bbox 317 1443 1895 1516">
    <p class='ocr_par' dir='ltr' id='par_1_15' title="bbox 317 1443 1895 1516">
     <span class='ocr_line' id='line_1_15' title="bbox 317 1443 1895 1516; baseline 0.004 -21"><span class='ocrx_word' id='word_1_87' title='bbox 317 1443 450 1497; x_wconf 89' lang='lat' dir='ltr'><strong>mihi</strong></span> <span class='ocrx_word' id='word_1_88' title='bbox 499 1443 655 1509; x_wconf 75' lang='lat' dir='ltr'><strong>fidem</strong></span> <span class='ocrx_word' id='word_1_89' title='bbox 688 1446 950 1501; x_wconf 88' lang='lat' dir='ltr'><strong>adhibere</strong></span> <span class='ocrx_word' id='word_1_90' title='bbox 1007 1448 1323 1503; x_wconf 89' lang='lat' dir='ltr'><strong>Latinorum</strong></span> <span class='ocrx_word' id='word_1_91' title='bbox 1386 1450 1651 1516; x_wconf 76' lang='lat' dir='ltr'><strong>dogmati,</strong></span> <span class='ocrx_word' id='word_1_92' title='bbox 1712 1460 1895 1503; x_wconf 83' lang='lat' dir='ltr'><strong>tamen</strong></span> 
     </span>
    </p>
   </div>
   <div class='ocr_carea' id='block_1_16' title="bbox 318 1536 1893 1605">
    <p class='ocr_par' dir='ltr' id='par_1_16' title="bbox 318 1536 1893 1605">
     <span class='ocr_line' id='line_1_16' title="bbox 318 1536 1893 1605; baseline 0.003 -16"><span class='ocrx_word' id='word_1_93' title='bbox 318 1536 492 1590; x_wconf 88' lang='lat' dir='ltr'><strong>multo</strong></span> <span class='ocrx_word' id='word_1_94' title='bbox 520 1538 737 1593; x_wconf 82' lang='lat' dir='ltr'><strong>videtur</strong></span> <span class='ocrx_word' id='word_1_95' title='bbox 782 1540 916 1594; x_wconf 90' lang='lat' dir='ltr'><strong>mihi</strong></span> <span class='ocrx_word' id='word_1_96' title='bbox 956 1540 1342 1596; x_wconf 87' lang='lat' dir='ltr'><strong>rationabilius</strong></span> <span class='ocrx_word' id='word_1_97' title='bbox 1373 1557 1514 1605; x_wconf 82' lang='lat' dir='ltr'><strong>esse,</strong></span> <span class='ocrx_word' id='word_1_98' title='bbox 1566 1557 1671 1596; x_wconf 88' lang='lat' dir='ltr'><strong>non</strong></span> <span class='ocrx_word' id='word_1_99' title='bbox 1720 1540 1893 1601; x_wconf 88' lang='lat' dir='ltr'><strong>credi,</strong></span> 
     </span>
    </p>
   </div>
   <div class='ocr_carea' id='block_1_17' title="bbox 318 1629 1895 1705">
    <p class='ocr_par' dir='ltr' id='par_1_17' title="bbox 318 1629 1895 1705">
     <span class='ocr_line' id='line_1_17' title="bbox 318 1629 1895 1705; baseline 0.003 -23"><span class='ocrx_word' id='word_1_100' title='bbox 318 1633 464 1701; x_wconf 87' lang='lat' dir='ltr'><strong>quod</strong></span> <span class='ocrx_word' id='word_1_101' title='bbox 487 1629 659 1687; x_wconf 69' lang='lat' dir='ltr'><strong>Graeci</strong></span> <span class='ocrx_word' id='word_1_102' title='bbox 687 1633 900 1700; x_wconf 88' lang='lat' dir='ltr'><strong>dicunt,</strong></span> <span class='ocrx_word' id='word_1_103' title='bbox 923 1649 1087 1705; x_wconf 92' lang='lat' dir='ltr'><strong>quam</strong></span> <span class='ocrx_word' id='word_1_104' title='bbox 1108 1634 1261 1690; x_wconf 87' lang='lat' dir='ltr'><strong>illud.</strong></span> <span class='ocrx_word' id='word_1_105' title='bbox 1282 1635 1461 1689; x_wconf 85' lang='lat' dir='ltr'><strong>Tuum</strong></span> <span class='ocrx_word' id='word_1_106' title='bbox 1485 1636 1552 1690; x_wconf 91' lang='lat' dir='ltr'><strong>de</strong></span> <span class='ocrx_word' id='word_1_107' title='bbox 1572 1644 1771 1689; x_wconf 52' lang='lat' dir='ltr'><strong>cetero</strong></span> <span class='ocrx_word' id='word_1_108' title='bbox 1800 1634 1895 1697; x_wconf 88' lang='lat' dir='ltr'><strong>sit,</strong></span> 
     </span>
    </p>
   </div>
   <div class='ocr_carea' id='block_1_18' title="bbox 318 1722 1893 1797">
    <p class='ocr_par' dir='ltr' id='par_1_18' title="bbox 318 1722 1893 1797">
     <span class='ocr_line' id='line_1_18' title="bbox 318 1722 1893 1797; baseline 0.003 -22"><span class='ocrx_word' id='word_1_109' title='bbox 318 1722 464 1793; x_wconf 91' lang='lat' dir='ltr'><strong>quod</strong></span> <span class='ocrx_word' id='word_1_110' title='bbox 505 1726 649 1779; x_wconf 88' lang='lat' dir='ltr'><strong>etin</strong></span> <span class='ocrx_word' id='word_1_111' title='bbox 702 1726 970 1796; x_wconf 89' lang='lat' dir='ltr'><strong>principio</strong></span> <span class='ocrx_word' id='word_1_112' title='bbox 1024 1736 1282 1797; x_wconf 84' lang='lat' dir='ltr'><strong>precatus</strong></span> <span class='ocrx_word' id='word_1_113' title='bbox 1330 1744 1475 1791; x_wconf 89' lang='lat' dir='ltr'><strong>sum,</strong></span> <span class='ocrx_word' id='word_1_114' title='bbox 1524 1736 1576 1783; x_wconf 93' lang='lat' dir='ltr'><strong>te</strong></span> <span class='ocrx_word' id='word_1_115' title='bbox 1628 1727 1788 1781; x_wconf 90' lang='lat' dir='ltr'><strong>nobis</strong></span> <span class='ocrx_word' id='word_1_116' title='bbox 1839 1726 1893 1779; x_wconf 92' lang='lat' dir='ltr'><strong>in</strong></span> 
     </span>
    </p>
   </div>
   <div class='ocr_carea' id='block_1_19' title="bbox 316 1817 1896 1892">
    <p class='ocr_par' dir='ltr' id='par_1_19' title="bbox 316 1817 1896 1892">
     <span class='ocr_line' id='line_1_19' title="bbox 316 1817 1896 1892; baseline 0.003 -23"><span class='ocrx_word' id='word_1_117' title='bbox 316 1817 542 1887; x_wconf 81' lang='lat' dir='ltr'><strong>scriptis</strong></span> <span class='ocrx_word' id='word_1_118' title='bbox 576 1820 825 1875; x_wconf 84' lang='lat' dir='ltr'><strong>revelare</strong></span> <span class='ocrx_word' id='word_1_119' title='bbox 854 1834 909 1875; x_wconf 87' lang='lat' dir='ltr'><strong>et</strong></span> <span class='ocrx_word' id='word_1_120' title='bbox 961 1822 1275 1889; x_wconf 80' lang='lat' dir='ltr'><strong>signiﬁcare</strong></span> <span class='ocrx_word' id='word_1_121' title='bbox 1320 1823 1482 1886; x_wconf 85' lang='lat' dir='ltr'><strong>velle,</strong></span> <span class='ocrx_word' id='word_1_122' title='bbox 1518 1821 1779 1892; x_wconf 87' lang='lat' dir='ltr'><strong>quidnam</strong></span> <span class='ocrx_word' id='word_1_123' title='bbox 1813 1832 1896 1875; x_wconf 89' lang='lat' dir='ltr'><strong>est</strong></span> 
     </span>
    </p>
   </div>
   <div class='ocr_carea' id='block_1_20' title="bbox 319 1910 1892 1985">
    <p class='ocr_par' dir='ltr' id='par_1_20' title="bbox 319 1910 1892 1985">
     <span class='ocr_line' id='line_1_20' title="bbox 319 1910 1892 1985; baseline 0.003 -23"><span class='ocrx_word' id='word_1_124' title='bbox 319 1910 475 1977; x_wconf 89' lang='lat' dir='ltr'><strong>illud,</strong></span> <span class='ocrx_word' id='word_1_125' title='bbox 508 1912 650 1980; x_wconf 85' lang='lat' dir='ltr'><strong>quod</strong></span> <span class='ocrx_word' id='word_1_126' title='bbox 688 1912 785 1967; x_wconf 86' lang='lat' dir='ltr'><strong>tibi</strong></span> <span class='ocrx_word' id='word_1_127' title='bbox 816 1915 1111 1983; x_wconf 83' lang='lat' dir='ltr'><strong>persuasit,</strong></span> <span class='ocrx_word' id='word_1_128' title='bbox 1136 1923 1269 1969; x_wconf 74' lang='lat' dir='ltr'><strong>etex</strong></span> <span class='ocrx_word' id='word_1_129' title='bbox 1302 1914 1441 1970; x_wconf 85' lang='lat' dir='ltr'><strong>Filio</strong></span> <span class='ocrx_word' id='word_1_130' title='bbox 1470 1914 1737 1985; x_wconf 88' lang='lat' dir='ltr'><strong>Spiritum</strong></span> <span class='ocrx_word' id='word_1_131' title='bbox 1764 1928 1892 1970; x_wconf 86' lang='lat' dir='ltr'><strong>san-</strong></span> 
     </span>
    </p>
   </div>
   <div class='ocr_carea' id='block_1_21' title="bbox 320 2004 1898 2074">
    <p class='ocr_par' dir='ltr' id='par_1_21' title="bbox 320 2004 1898 2074">
     <span class='ocr_line' id='line_1_21' title="bbox 320 2004 1898 2074; baseline 0.004 -20"><span class='ocrx_word' id='word_1_132' title='bbox 320 2009 466 2055; x_wconf 86' lang='lat' dir='ltr'><strong>ctum</strong></span> <span class='ocrx_word' id='word_1_133' title='bbox 490 2004 804 2071; x_wconf 89' lang='lat' dir='ltr'><strong>procedere,</strong></span> <span class='ocrx_word' id='word_1_134' title='bbox 838 2019 937 2074; x_wconf 91' lang='lat' dir='ltr'><strong>pro</strong></span> <span class='ocrx_word' id='word_1_135' title='bbox 958 2014 1111 2059; x_wconf 77' lang='lat' dir='ltr'><strong>certo</strong></span> <span class='ocrx_word' id='word_1_136' title='bbox 1131 2006 1352 2061; x_wconf 82' lang='lat' dir='ltr'><strong>credere</strong></span> <span class='ocrx_word' id='word_1_137' title='bbox 1378 2044 1394 2069; x_wconf 90' lang='lat'><strong>,</strong></span> <span class='ocrx_word' id='word_1_138' title='bbox 1419 2016 1472 2061; x_wconf 89' lang='lat' dir='ltr'><strong>et</strong></span> <span class='ocrx_word' id='word_1_139' title='bbox 1503 2022 1567 2061; x_wconf 85' lang='lat' dir='ltr'><strong>ex</strong></span> <span class='ocrx_word' id='word_1_140' title='bbox 1593 2006 1698 2061; x_wconf 92' lang='lat' dir='ltr'><strong>hoc</strong></span> <span class='ocrx_word' id='word_1_141' title='bbox 1723 2005 1898 2061; x_wconf 66' lang='lat' dir='ltr'><strong>haere-</strong></span> 
     </span>
    </p>
   </div>
   <div class='ocr_carea' id='block_1_22' title="bbox 320 2092 1899 2178">
    <p class='ocr_par' dir='ltr' id='par_1_22' title="bbox 320 2092 1899 2178">
     <span class='ocr_line' id='line_1_22' title="bbox 320 2092 1899 2178; baseline 0.004 -31"><span class='ocrx_word' id='word_1_142' title='bbox 320 2092 458 2148; x_wconf 84' lang='lat' dir='ltr'><strong>ticos</strong></span> <span class='ocrx_word' id='word_1_143' title='bbox 487 2104 541 2151; x_wconf 92' lang='lat' dir='ltr'><strong>et</strong></span> <span class='ocrx_word' id='word_1_144' title='bbox 564 2096 946 2156; x_wconf 85' lang='lat' dir='ltr'><strong>schismaticos</strong></span> <span class='ocrx_word' id='word_1_145' title='bbox 970 2112 1091 2164; x_wconf 90' lang='lat' dir='ltr'><strong>eos,</strong></span> <span class='ocrx_word' id='word_1_146' title='bbox 1122 2102 1215 2170; x_wconf 87' lang='lat' dir='ltr'><strong>qui</strong></span> <span class='ocrx_word' id='word_1_147' title='bbox 1251 2114 1361 2154; x_wconf 86' lang='lat' dir='ltr'><strong>non</strong></span> <span class='ocrx_word' id='word_1_148' title='bbox 1397 2100 1499 2156; x_wconf 85' lang='lat' dir='ltr'><strong>hoc</strong></span> <span class='ocrx_word' id='word_1_149' title='bbox 1525 2099 1769 2178; x_wconf 66' lang='lat' dir='ltr'><strong>sapiunt,</strong></span> <span class='ocrx_word' id='word_1_150' title='bbox 1794 2114 1899 2154; x_wconf 79' lang='lat' dir='ltr'><strong>nec</strong></span> 
     </span>
    </p>
   </div>
   <div class='ocr_carea' id='block_1_23' title="bbox 320 2186 1899 2259">
    <p class='ocr_par' dir='ltr' id='par_1_23' title="bbox 320 2186 1899 2259">
     <span class='ocr_line' id='line_1_23' title="bbox 320 2186 1899 2259; baseline 0.004 -19"><span class='ocrx_word' id='word_1_151' title='bbox 320 2186 650 2244; x_wconf 82' lang='lat' dir='ltr'><strong>conﬁtentur</strong></span> <span class='ocrx_word' id='word_1_152' title='bbox 693 2198 911 2259; x_wconf 88' lang='lat' dir='ltr'><strong>putare.</strong></span> <span class='ocrx_word' id='word_1_153' title='bbox 966 2192 1142 2246; x_wconf 80' lang='lat' dir='ltr'><strong>Amici</strong></span> <span class='ocrx_word' id='word_1_154' title='bbox 1195 2207 1388 2248; x_wconf 85' lang='lat' dir='ltr'><strong>omnes</strong></span> <span class='ocrx_word' id='word_1_155' title='bbox 1427 2192 1672 2247; x_wconf 87' lang='lat' dir='ltr'><strong>salutant</strong></span> <span class='ocrx_word' id='word_1_156' title='bbox 1706 2202 1779 2247; x_wconf 89' lang='lat' dir='ltr'><strong>te.</strong></span> <span class='ocrx_word' id='word_1_157' title='bbox 1833 2189 1899 2247; x_wconf 84' lang='lat' dir='ltr'><strong>Et</strong></span> 
     </span>
    </p>
   </div>
   <div class='ocr_carea' id='block_1_24' title="bbox 322 2282 1899 2358">
    <p class='ocr_par' dir='ltr' id='par_1_24' title="bbox 322 2282 1899 2358">
     <span class='ocr_line' id='line_1_24' title="bbox 322 2282 1899 2358; baseline 0.006 -26"><span class='ocrx_word' id='word_1_158' title='bbox 322 2282 549 2351; x_wconf 81' lang='lat' dir='ltr'><strong>epistola</strong></span> <span class='ocrx_word' id='word_1_159' title='bbox 590 2286 692 2338; x_wconf 90' lang='lat' dir='ltr'><strong>hac</strong></span> <span class='ocrx_word' id='word_1_160' title='bbox 729 2284 865 2340; x_wconf 87' lang='lat' dir='ltr'><strong>lecta</strong></span> <span class='ocrx_word' id='word_1_161' title='bbox 902 2301 1087 2342; x_wconf 86' lang='lat' dir='ltr'><strong>coram</strong></span> <span class='ocrx_word' id='word_1_162' title='bbox 1138 2286 1245 2353; x_wconf 90' lang='lat' dir='ltr'><strong>eis,</strong></span> <span class='ocrx_word' id='word_1_163' title='bbox 1283 2286 1473 2344; x_wconf 85' lang='lat' dir='ltr'><strong>eadem</strong></span> <span class='ocrx_word' id='word_1_164' title='bbox 1507 2294 1563 2342; x_wconf 92' lang='lat' dir='ltr'><strong>et</strong></span> <span class='ocrx_word' id='word_1_165' title='bbox 1596 2285 1701 2358; x_wconf 88' lang='lat' dir='ltr'><strong>ipsi</strong></span> <span class='ocrx_word' id='word_1_166' title='bbox 1734 2286 1899 2342; x_wconf 73' lang='lat' dir='ltr'><strong>haesi-</strong></span> 
     </span>
    </p>
   </div>
   <div class='ocr_carea' id='block_1_25' title="bbox 323 2380 1235 2449">
    <p class='ocr_par' dir='ltr' id='par_1_25' title="bbox 323 2380 1235 2449">
     <span class='ocr_line' id='line_1_25' title="bbox 323 2380 1235 2449; baseline 0.007 -20"><span class='ocrx_word' id='word_1_167' title='bbox 323 2385 460 2442; x_wconf 76' lang='lat' dir='ltr'><strong>tare,</strong></span> <span class='ocrx_word' id='word_1_168' title='bbox 500 2387 554 2432; x_wconf 88' lang='lat' dir='ltr'><strong>et</strong></span> <span class='ocrx_word' id='word_1_169' title='bbox 584 2393 611 2430; x_wconf 90' lang='lat' dir='ltr'><strong>a</strong></span> <span class='ocrx_word' id='word_1_170' title='bbox 638 2388 688 2433; x_wconf 87' lang='lat' dir='ltr'><strong>te</strong></span> <span class='ocrx_word' id='word_1_171' title='bbox 720 2389 904 2449; x_wconf 83' lang='lat' dir='ltr'><strong>petere</strong></span> <span class='ocrx_word' id='word_1_172' title='bbox 940 2394 998 2435; x_wconf 81' lang='lat' dir='ltr'><strong>se</strong></span> <span class='ocrx_word' id='word_1_173' title='bbox 1028 2380 1235 2437; x_wconf 87' lang='lat' dir='ltr'><strong>dicunt.</strong></span> 
     </span>
    </p>
   </div>
   <div class='ocr_carea' id='block_1_26' title="bbox 321 2506 1899 2593">
    <p class='ocr_par' dir='ltr' id='par_1_26' title="bbox 321 2506 1899 2593">
     <span class='ocr_line' id='line_1_26' title="bbox 321 2506 1899 2593; baseline 0.006 -27"><span class='ocrx_word' id='word_1_174' title='bbox 321 2506 562 2593; x_wconf 66' lang='lat' dir='ltr'><strong>Epistula</strong></span> <span class='ocrx_word' id='word_1_175' title='bbox 606 2516 813 2593; x_wconf 66' lang='lat' dir='ltr'><strong>quini</strong></span> <span class='ocrx_word' id='word_1_176' title='bbox 862 2519 1159 2593; x_wconf 57' lang='lat' dir='ltr'><strong>Barlaguti,</strong></span> <span class='ocrx_word' id='word_1_177' title='bbox 1190 2522 1416 2590; x_wconf 75' lang='lat' dir='ltr'><strong>episcopi</strong></span> <span class='ocrx_word' id='word_1_178' title='bbox 1455 2521 1788 2593; x_wconf 76' lang='lat' dir='ltr'><strong>Cyracenu’s,</strong></span> <span class='ocrx_word' id='word_1_179' title='bbox 1831 2539 1899 2575; x_wconf 82' lang='lat' dir='ltr'><strong>aa</strong></span> 
     </span>
    </p>
   </div>
   <div class='ocr_carea' id='block_1_27' title="bbox 391 2588 1902 2661">
    <p class='ocr_par' dir='ltr' id='par_1_27' title="bbox 391 2588 1902 2661">
     <span class='ocr_line' id='line_1_27' title="bbox 391 2588 1902 2661; baseline 0.006 -23"><span class='ocrx_word' id='word_1_180' title='bbox 391 2588 628 2661; x_wconf 70' lang='lat' dir='ltr'><strong>eumdem</strong></span> <span class='ocrx_word' id='word_1_181' title='bbox 654 2588 981 2644; x_wconf 71' lang='lat' dir='ltr'><strong>Demetrium</strong></span> <span class='ocrx_word' id='word_1_182' title='bbox 1012 2588 1551 2656; x_wconf 66' lang='lat' dir='ltr'><strong>Thessalonicensem,</strong></span> <span class='ocrx_word' id='word_1_183' title='bbox 1581 2594 1902 2661; x_wconf 75' lang='lat' dir='ltr'><strong>respondens</strong></span> 
     </span>
    </p>
   </div>
   <div class='ocr_carea' id='block_1_28' title="bbox 392 2659 1903 2723">
    <p class='ocr_par' dir='ltr' id='par_1_28' title="bbox 392 2659 1903 2723">
     <span class='ocr_line' id='line_1_28' title="bbox 392 2659 1903 2723; baseline 0.006 -14"><span class='ocrx_word' id='word_1_184' title='bbox 392 2659 461 2709; x_wconf 90' lang='lat' dir='ltr'><strong>ad</strong></span> <span class='ocrx_word' id='word_1_185' title='bbox 478 2660 686 2723; x_wconf 76' lang='lat' dir='ltr'><strong>petita;</strong></span> <span class='ocrx_word' id='word_1_186' title='bbox 719 2668 965 2715; x_wconf 72' lang='lat' dir='ltr'><strong>hortatur</strong></span> <span class='ocrx_word' id='word_1_187' title='bbox 995 2678 1116 2717; x_wconf 80' lang='lat' dir='ltr'><strong>eum</strong></span> <span class='ocrx_word' id='word_1_188' title='bbox 1171 2664 1240 2718; x_wconf 79' lang='lat' dir='ltr'><strong>ad</strong></span> <span class='ocrx_word' id='word_1_189' title='bbox 1278 2666 1525 2719; x_wconf 76' lang='lat' dir='ltr'><strong>unionem</strong></span> <span class='ocrx_word' id='word_1_190' title='bbox 1568 2659 1769 2719; x_wconf 73' lang='lat' dir='ltr'><strong>sancite</strong></span> <span class='ocrx_word' id='word_1_191' title='bbox 1796 2662 1903 2718; x_wconf 80' lang='lat' dir='ltr'><strong>Ro-</strong></span> 
     </span>
    </p>
   </div>
   <div class='ocr_carea' id='block_1_29' title="bbox 396 2728 873 2787">
    <p class='ocr_par' dir='ltr' id='par_1_29' title="bbox 396 2728 873 2787">
     <span class='ocr_line' id='line_1_29' title="bbox 396 2728 873 2787; baseline 0.015 -8"><span class='ocrx_word' id='word_1_192' title='bbox 396 2744 568 2783; x_wconf 64' lang='lat' dir='ltr'><strong>mana</strong></span> <span class='ocrx_word' id='word_1_193' title='bbox 598 2728 873 2787; x_wconf 64' lang='lat' dir='ltr'><strong>Ecclesia.</strong></span> 
     </span>
    </p>
   </div>
   <div class='ocr_carea' id='block_1_30' title="bbox 395 2840 1901 2921">
    <p class='ocr_par' dir='ltr' id='par_1_30' title="bbox 395 2840 1901 2921">
     <span class='ocr_line' id='line_1_30' title="bbox 395 2840 1901 2921; baseline 0.006 -27"><span class='ocrx_word' id='word_1_194' title='bbox 395 2840 527 2895; x_wconf 84' lang='lat' dir='ltr'><strong>Cum</strong></span> <span class='ocrx_word' id='word_1_195' title='bbox 577 2844 937 2915; x_wconf 86' lang='lat' dir='ltr'><strong>accepissem,</strong></span> <span class='ocrx_word' id='word_1_196' title='bbox 985 2863 1018 2903; x_wconf 91' lang='grc' dir='ltr'>ο</span> <span class='ocrx_word' id='word_1_197' title='bbox 1057 2850 1295 2905; x_wconf 86' lang='lat' dir='ltr'><strong>amicum</strong></span> <span class='ocrx_word' id='word_1_198' title='bbox 1335 2851 1468 2905; x_wconf 88' lang='lat' dir='ltr'><strong>mihi</strong></span> <span class='ocrx_word' id='word_1_199' title='bbox 1505 2859 1695 2921; x_wconf 90' lang='lat' dir='ltr'><strong>caput,</strong></span> <span class='ocrx_word' id='word_1_200' title='bbox 1747 2858 1901 2905; x_wconf 87' lang='lat' dir='ltr'><strong>tuam</strong></span> 
     </span>
    </p>
   </div>
   <div class='ocr_carea' id='block_1_31' title="bbox 325 2932 1905 3015">
    <p class='ocr_par' dir='ltr' id='par_1_31' title="bbox 325 2932 1905 3015">
     <span class='ocr_line' id='line_1_31' title="bbox 325 2932 1905 3015; baseline 0.009 -30"><span class='ocrx_word' id='word_1_201' title='bbox 325 2932 615 3003; x_wconf 83' lang='lat' dir='ltr'><strong>ingenuam</strong></span> <span class='ocrx_word' id='word_1_202' title='bbox 652 2947 705 2995; x_wconf 88' lang='lat' dir='ltr'><strong>et</strong></span> <span class='ocrx_word' id='word_1_203' title='bbox 742 2942 1118 2998; x_wconf 86' lang='lat' dir='ltr'><strong>admirandam</strong></span> <span class='ocrx_word' id='word_1_204' title='bbox 1149 2954 1201 2999; x_wconf 91' lang='lat' dir='ltr'><strong>et</strong></span> <span class='ocrx_word' id='word_1_205' title='bbox 1251 2944 1671 3001; x_wconf 83' lang='lat' dir='ltr'><strong>disertissimam</strong></span> <span class='ocrx_word' id='word_1_206' title='bbox 1704 2944 1905 3015; x_wconf 89' lang='lat' dir='ltr'><strong>episto-</strong></span> 
     </span>
    </p>
   </div>
   <div class='ocr_carea' id='block_1_32' title="bbox 325 3027 1904 3112">
    <p class='ocr_par' dir='ltr' id='par_1_32' title="bbox 325 3027 1904 3112">
     <span class='ocr_line' id='line_1_32' title="bbox 325 3027 1904 3112; baseline 0.008 -29"><span class='ocrx_word' id='word_1_207' title='bbox 325 3032 457 3099; x_wconf 85' lang='lat' dir='ltr'><strong>lam,</strong></span> <span class='ocrx_word' id='word_1_208' title='bbox 490 3034 855 3107; x_wconf 64' lang='lat' dir='ltr'><strong>legissemque</strong></span> <span class='ocrx_word' id='word_1_209' title='bbox 886 3047 940 3092; x_wconf 85' lang='lat' dir='ltr'><strong>et</strong></span> <span class='ocrx_word' id='word_1_210' title='bbox 964 3039 1373 3103; x_wconf 87' lang='lat' dir='ltr'><strong>intellexissem,</strong></span> <span class='ocrx_word' id='word_1_211' title='bbox 1408 3027 1466 3095; x_wconf 85' lang='lat' dir='ltr'><strong>ut</strong></span> <span class='ocrx_word' id='word_1_212' title='bbox 1490 3040 1752 3107; x_wconf 87' lang='lat' dir='ltr'><strong>arbitror,</strong></span> <span class='ocrx_word' id='word_1_213' title='bbox 1781 3054 1904 3112; x_wconf 64' lang='lat' dir='ltr'><strong>qua:</strong></span> 
     </span>
    </p>
   </div>
   <div class='ocr_carea' id='block_1_33' title="bbox 326 3129 1693 3211">
    <p class='ocr_par' dir='ltr' id='par_1_33' title="bbox 326 3129 1693 3211">
     <span class='ocr_line' id='line_1_33' title="bbox 326 3129 1693 3211; baseline 0.004 -29"><span class='ocrx_word' id='word_1_214' title='bbox 326 3129 381 3182; x_wconf 91' lang='lat' dir='ltr'><strong>in</strong></span> <span class='ocrx_word' id='word_1_215' title='bbox 412 3142 471 3181; x_wconf 88' lang='lat' dir='ltr'><strong>ea</strong></span> <span class='ocrx_word' id='word_1_216' title='bbox 504 3137 654 3195; x_wconf 90' lang='lat' dir='ltr'><strong>sunt,</strong></span> <span class='ocrx_word' id='word_1_217' title='bbox 684 3132 759 3185; x_wconf 85' lang='lat' dir='ltr'><strong>ita</strong></span> <span class='ocrx_word' id='word_1_218' title='bbox 792 3132 885 3185; x_wconf 83' lang='lat' dir='ltr'><strong>tibi</strong></span> <span class='ocrx_word' id='word_1_219' title='bbox 912 3132 977 3211; x_wconf 84' lang='lat' dir='ltr'><strong>ad</strong></span> <span class='ocrx_word' id='word_1_220' title='bbox 1001 3132 1336 3203; x_wconf 86' lang='lat' dir='ltr'><strong>interrogata</strong></span> <span class='ocrx_word' id='word_1_221' title='bbox 1363 3134 1693 3204; x_wconf 88' lang='lat' dir='ltr'><strong>respondeo.</strong></span> 
     </span>
    </p>
   </div>
   <div class='ocr_carea' id='block_1_34' title="bbox 397 3220 1903 3294">
    <p class='ocr_par' dir='ltr' id='par_1_34' title="bbox 397 3220 1903 3294">
     <span class='ocr_line' id='line_1_34' title="bbox 397 3220 1903 3294; baseline 0.006 -21"><span class='ocrx_word' id='word_1_222' title='bbox 397 3220 508 3291; x_wconf 85' lang='lat' dir='ltr'><strong>Ego</strong></span> <span class='ocrx_word' id='word_1_223' title='bbox 541 3238 719 3293; x_wconf 89' lang='lat' dir='ltr'><strong>neque</strong></span> <span class='ocrx_word' id='word_1_224' title='bbox 750 3225 903 3294; x_wconf 90' lang='lat' dir='ltr'><strong>prius</strong></span> <span class='ocrx_word' id='word_1_225' title='bbox 948 3222 1213 3291; x_wconf 88' lang='lat' dir='ltr'><strong>sciebam,</strong></span> <span class='ocrx_word' id='word_1_226' title='bbox 1257 3236 1438 3283; x_wconf 91' lang='lat' dir='ltr'><strong>utrum</strong></span> <span class='ocrx_word' id='word_1_227' title='bbox 1476 3241 1503 3279; x_wconf 87' lang='lat' dir='ltr'><strong>a</strong></span> <span class='ocrx_word' id='word_1_228' title='bbox 1552 3228 1673 3283; x_wconf 77' lang='lat' dir='ltr'><strong>Solo</strong></span> <span class='ocrx_word' id='word_1_229' title='bbox 1733 3224 1903 3282; x_wconf 82' lang='lat' dir='ltr'><strong>Patre</strong></span> 
     </span>
    </p>
   </div>
   <div class='ocr_carea' id='block_1_35' title="bbox 328 3316 1907 3390">
    <p class='ocr_par' dir='ltr' id='par_1_35' title="bbox 328 3316 1907 3390">
     <span class='ocr_line' id='line_1_35' title="bbox 328 3316 1907 3390; baseline 0.008 -25"><span class='ocrx_word' id='word_1_230' title='bbox 328 3316 570 3384; x_wconf 81' lang='lat' dir='ltr'><strong>procedit</strong></span> <span class='ocrx_word' id='word_1_231' title='bbox 598 3316 837 3387; x_wconf 91' lang='lat' dir='ltr'><strong>Spiritus</strong></span> <span class='ocrx_word' id='word_1_232' title='bbox 865 3327 1112 3384; x_wconf 86' lang='lat' dir='ltr'><strong>sanctus,</strong></span> <span class='ocrx_word' id='word_1_233' title='bbox 1157 3335 1336 3390; x_wconf 88' lang='lat' dir='ltr'><strong>neque</strong></span> <span class='ocrx_word' id='word_1_234' title='bbox 1376 3336 1525 3375; x_wconf 88' lang='lat' dir='ltr'><strong>nunc</strong></span> <span class='ocrx_word' id='word_1_235' title='bbox 1547 3321 1788 3375; x_wconf 87' lang='lat' dir='ltr'><strong>arbitror</strong></span> <span class='ocrx_word' id='word_1_236' title='bbox 1818 3335 1907 3378; x_wconf 86' lang='lat' dir='ltr'><strong>me</strong></span> 
     </span>
    </p>
   </div>
   <div class='ocr_carea' id='block_1_36' title="bbox 325 3408 1908 3483">
    <p class='ocr_par' dir='ltr' id='par_1_36' title="bbox 325 3408 1908 3483">
     <span class='ocr_line' id='line_1_36' title="bbox 325 3408 1908 3483; baseline 0.004 -22"><span class='ocrx_word' id='word_1_237' title='bbox 325 3408 492 3462; x_wconf 84' lang='lat' dir='ltr'><strong>scire.</strong></span> <span class='ocrx_word' id='word_1_238' title='bbox 539 3408 679 3463; x_wconf 89' lang='lat' dir='ltr'><strong>Puto</strong></span> <span class='ocrx_word' id='word_1_239' title='bbox 716 3411 862 3464; x_wconf 84' lang='lat' dir='ltr'><strong>enim</strong></span> <span class='ocrx_word' id='word_1_240' title='bbox 901 3410 1225 3482; x_wconf 73' lang='lat' dir='ltr'><strong>huiusmodi</strong></span> <span class='ocrx_word' id='word_1_241' title='bbox 1268 3412 1550 3483; x_wconf 81' lang='lat' dir='ltr'><strong>probieina</strong></span> <span class='ocrx_word' id='word_1_242' title='bbox 1585 3422 1639 3469; x_wconf 91' lang='lat' dir='ltr'><strong>et</strong></span> <span class='ocrx_word' id='word_1_243' title='bbox 1674 3430 1821 3468; x_wconf 91' lang='lat' dir='ltr'><strong>nunc</strong></span> <span class='ocrx_word' id='word_1_244' title='bbox 1852 3422 1908 3468; x_wconf 88' lang='lat' dir='ltr'><strong>et</strong></span> 
     </span>
    </p>
   </div>
   <div class='ocr_carea' id='block_1_37' title="bbox 330 3502 1909 3575">
    <p class='ocr_par' dir='ltr' id='par_1_37' title="bbox 330 3502 1909 3575">
     <span class='ocr_line' id='line_1_37' title="bbox 330 3502 1909 3575; baseline 0.005 -21"><span class='ocrx_word' id='word_1_245' title='bbox 330 3510 483 3565; x_wconf 90' lang='lat' dir='ltr'><strong>tunc,</strong></span> <span class='ocrx_word' id='word_1_246' title='bbox 513 3502 973 3571; x_wconf 85' lang='lat' dir='ltr'><strong>quemadmodum</strong></span> <span class='ocrx_word' id='word_1_247' title='bbox 998 3513 1050 3559; x_wconf 89' lang='lat' dir='ltr'><strong>et</strong></span> <span class='ocrx_word' id='word_1_248' title='bbox 1085 3514 1140 3561; x_wconf 91' lang='lat' dir='ltr'><strong>tu</strong></span> <span class='ocrx_word' id='word_1_249' title='bbox 1167 3505 1219 3560; x_wconf 91' lang='lat' dir='ltr'><strong>in</strong></span> <span class='ocrx_word' id='word_1_250' title='bbox 1242 3503 1475 3575; x_wconf 80' lang='lat' dir='ltr'><strong>epistola</strong></span> <span class='ocrx_word' id='word_1_251' title='bbox 1507 3505 1710 3575; x_wconf 86' lang='lat' dir='ltr'><strong>optime</strong></span> <span class='ocrx_word' id='word_1_252' title='bbox 1727 3506 1909 3562; x_wconf 88' lang='lat' dir='ltr'><strong>dicere</strong></span> 
     </span>
    </p>
   </div>
   <div class='ocr_carea' id='block_1_38' title="bbox 328 3594 1910 3677">
    <p class='ocr_par' dir='ltr' id='par_1_38' title="bbox 328 3594 1910 3677">
     <span class='ocr_line' id='line_1_38' title="bbox 328 3594 1910 3677; baseline 0.004 -29"><span class='ocrx_word' id='word_1_253' title='bbox 328 3594 459 3650; x_wconf 86' lang='lat' dir='ltr'><strong>mihi</strong></span> <span class='ocrx_word' id='word_1_254' title='bbox 491 3595 709 3677; x_wconf 85' lang='lat' dir='ltr'><strong>videris,</strong></span> <span class='ocrx_word' id='word_1_255' title='bbox 744 3612 909 3667; x_wconf 89' lang='lat' dir='ltr'><strong>super</strong></span> <span class='ocrx_word' id='word_1_256' title='bbox 928 3613 1145 3653; x_wconf 89' lang='lat' dir='ltr'><strong>omnem</strong></span> <span class='ocrx_word' id='word_1_257' title='bbox 1180 3614 1304 3656; x_wconf 88' lang='lat' dir='ltr'><strong>esse</strong></span> <span class='ocrx_word' id='word_1_258' title='bbox 1334 3600 1634 3654; x_wconf 87' lang='lat' dir='ltr'><strong>humanam</strong></span> <span class='ocrx_word' id='word_1_259' title='bbox 1661 3611 1714 3652; x_wconf 89' lang='lat' dir='ltr'><strong>et</strong></span> <span class='ocrx_word' id='word_1_260' title='bbox 1732 3599 1910 3655; x_wconf 86' lang='lat' dir='ltr'><strong>scien-</strong></span> 
     </span>
    </p>
   </div>
   <div class='ocr_carea' id='block_1_39' title="bbox 330 3689 1907 3753">
    <p class='ocr_par' dir='ltr' id='par_1_39' title="bbox 330 3689 1907 3753">
     <span class='ocr_line' id='line_1_39' title="bbox 330 3689 1907 3753; baseline 0.006 -12"><span class='ocrx_word' id='word_1_261' title='bbox 330 3689 459 3743; x_wconf 86' lang='lat' dir='ltr'><strong>tiam</strong></span> <span class='ocrx_word' id='word_1_262' title='bbox 486 3698 539 3744; x_wconf 82' lang='lat' dir='ltr'><strong>et</strong></span> <span class='ocrx_word' id='word_1_263' title='bbox 575 3700 832 3753; x_wconf 80' lang='lat' dir='ltr'><strong>meutem‘,</strong></span> <span class='ocrx_word' id='word_1_264' title='bbox 855 3701 906 3747; x_wconf 91' lang='lat' dir='ltr'><strong>et</strong></span> <span class='ocrx_word' id='word_1_265' title='bbox 932 3693 1245 3747; x_wconf 87' lang='lat' dir='ltr'><strong>methodum</strong></span> <span class='ocrx_word' id='word_1_266' title='bbox 1273 3704 1326 3748; x_wconf 91' lang='lat' dir='ltr'><strong>et</strong></span> <span class='ocrx_word' id='word_1_267' title='bbox 1354 3694 1907 3750; x_wconf 87' lang='lat' dir='ltr'><strong>demonstrationem.</strong></span> 
     </span>
    </p>
   </div>
   <div class='ocr_carea' id='block_1_40' title="bbox 333 3782 1912 3854">
    <p class='ocr_par' dir='ltr' id='par_1_40' title="bbox 333 3782 1912 3854">
     <span class='ocr_line' id='line_1_40' title="bbox 333 3782 1912 3854; baseline 0.004 -18"><span class='ocrx_word' id='word_1_268' title='bbox 333 3783 439 3836; x_wconf 89' lang='lat' dir='ltr'><strong>Sed</strong></span> <span class='ocrx_word' id='word_1_269' title='bbox 464 3791 517 3837; x_wconf 89' lang='lat' dir='ltr'><strong>et</strong></span> <span class='ocrx_word' id='word_1_270' title='bbox 543 3782 695 3852; x_wconf 83' lang='lat' dir='ltr'><strong>prius</strong></span> <span class='ocrx_word' id='word_1_271' title='bbox 730 3784 1044 3847; x_wconf 83' lang='lat' dir='ltr'><strong>credebam,</strong></span> <span class='ocrx_word' id='word_1_272' title='bbox 1078 3786 1223 3854; x_wconf 90' lang='lat' dir='ltr'><strong>quod</strong></span> <span class='ocrx_word' id='word_1_273' title='bbox 1252 3801 1282 3840; x_wconf 89' lang='lat' dir='ltr'><strong>a</strong></span> <span class='ocrx_word' id='word_1_274' title='bbox 1314 3788 1431 3841; x_wconf 91' lang='lat' dir='ltr'><strong>solo</strong></span> <span class='ocrx_word' id='word_1_275' title='bbox 1463 3788 1648 3851; x_wconf 88' lang='lat' dir='ltr'><strong>Patre,</strong></span> <span class='ocrx_word' id='word_1_276' title='bbox 1684 3799 1736 3843; x_wconf 91' lang='lat' dir='ltr'><strong>et</strong></span> <span class='ocrx_word' id='word_1_277' title='bbox 1767 3802 1912 3843; x_wconf 89' lang='lat' dir='ltr'><strong>nunc</strong></span> 
     </span>
    </p>
   </div>
   <div class='ocr_carea' id='block_1_41' title="bbox 333 3877 1913 3948">
    <p class='ocr_par' dir='ltr' id='par_1_41' title="bbox 333 3877 1913 3948">
     <span class='ocr_line' id='line_1_41' title="bbox 333 3877 1913 3948; baseline 0.004 -19"><span class='ocrx_word' id='word_1_278' title='bbox 333 3892 526 3930; x_wconf 82' lang='lat' dir='ltr'><strong>rursus</strong></span> <span class='ocrx_word' id='word_1_279' title='bbox 560 3877 744 3941; x_wconf 89' lang='lat' dir='ltr'><strong>credo,</strong></span> <span class='ocrx_word' id='word_1_280' title='bbox 775 3878 920 3948; x_wconf 87' lang='lat' dir='ltr'><strong>quod</strong></span> <span class='ocrx_word' id='word_1_281' title='bbox 949 3879 1115 3934; x_wconf 85' lang='lat' dir='ltr'><strong>etiam</strong></span> <span class='ocrx_word' id='word_1_282' title='bbox 1146 3896 1211 3933; x_wconf 79' lang='lat' dir='ltr'><strong>ex</strong></span> <span class='ocrx_word' id='word_1_283' title='bbox 1239 3878 1396 3934; x_wconf 86' lang='lat' dir='ltr'><strong>Filio.</strong></span> <span class='ocrx_word' id='word_1_284' title='bbox 1424 3879 1648 3937; x_wconf 80' lang='lat' dir='ltr'><strong>Recessi</strong></span> <span class='ocrx_word' id='word_1_285' title='bbox 1683 3896 1813 3937; x_wconf 85' lang='lat' dir='ltr'><strong>vero</strong></span> <span class='ocrx_word' id='word_1_286' title='bbox 1846 3896 1913 3936; x_wconf 86' lang='lat' dir='ltr'><strong>ex</strong></span> 
     </span>
    </p>
   </div>
   <div class='ocr_carea' id='block_1_42' title="bbox 332 3971 1916 4045">
    <p class='ocr_par' dir='ltr' id='par_1_42' title="bbox 332 3971 1916 4045">
     <span class='ocr_line' id='line_1_42' title="bbox 332 3971 1916 4045; baseline 0.003 -21"><span class='ocrx_word' id='word_1_287' title='bbox 332 3971 422 4024; x_wconf 89' lang='lat' dir='ltr'><strong>illa</strong></span> <span class='ocrx_word' id='word_1_288' title='bbox 454 3972 773 4027; x_wconf 82' lang='lat' dir='ltr'><strong>credulitate</strong></span> <span class='ocrx_word' id='word_1_289' title='bbox 793 3988 886 4041; x_wconf 85' lang='lat' dir='ltr'><strong>per</strong></span> <span class='ocrx_word' id='word_1_290' title='bbox 913 3974 1130 4028; x_wconf 89' lang='lat' dir='ltr'><strong>easdem</strong></span> <span class='ocrx_word' id='word_1_291' title='bbox 1166 3989 1364 4029; x_wconf 85' lang='lat' dir='ltr'><strong>causas</strong></span> <span class='ocrx_word' id='word_1_292' title='bbox 1384 3982 1439 4028; x_wconf 92' lang='lat' dir='ltr'><strong>et</strong></span> <span class='ocrx_word' id='word_1_293' title='bbox 1462 3975 1679 4030; x_wconf 88' lang='lat' dir='ltr'><strong>easdem</strong></span> <span class='ocrx_word' id='word_1_294' title='bbox 1707 3975 1916 4045; x_wconf 81' lang='lat' dir='ltr'><strong>cogita-</strong></span> 
     </span>
    </p>
   </div>
   <div class='ocr_carea' id='block_1_43' title="bbox 336 4065 1913 4136">
    <p class='ocr_par' dir='ltr' id='par_1_43' title="bbox 336 4065 1913 4136">
     <span class='ocr_line' id='line_1_43' title="bbox 336 4065 1913 4136; baseline 0.003 -19"><span class='ocrx_word' id='word_1_295' title='bbox 336 4065 533 4128; x_wconf 82' lang='lat' dir='ltr'><strong>tiones,</strong></span> <span class='ocrx_word' id='word_1_296' title='bbox 560 4082 651 4134; x_wconf 84' lang='lat' dir='ltr'><strong>per</strong></span> <span class='ocrx_word' id='word_1_297' title='bbox 679 4082 817 4134; x_wconf 75' lang='lat' dir='ltr'><strong>quas</strong></span> <span class='ocrx_word' id='word_1_298' title='bbox 855 4074 909 4119; x_wconf 90' lang='lat' dir='ltr'><strong>et</strong></span> <span class='ocrx_word' id='word_1_299' title='bbox 937 4074 992 4120; x_wconf 89' lang='lat' dir='ltr'><strong>tu</strong></span> <span class='ocrx_word' id='word_1_300' title='bbox 1024 4082 1119 4136; x_wconf 89' lang='lat' dir='ltr'><strong>per</strong></span> <span class='ocrx_word' id='word_1_301' title='bbox 1138 4068 1305 4121; x_wconf 89' lang='lat' dir='ltr'><strong>multa</strong></span> <span class='ocrx_word' id='word_1_302' title='bbox 1332 4067 1621 4123; x_wconf 86' lang='lat' dir='ltr'><strong>ostendisti</strong></span> <span class='ocrx_word' id='word_1_303' title='bbox 1653 4067 1706 4122; x_wconf 90' lang='lat' dir='ltr'><strong>in</strong></span> <span class='ocrx_word' id='word_1_304' title='bbox 1726 4072 1913 4122; x_wconf 88' lang='lat' dir='ltr'><strong>eadem</strong></span> 
     </span>
    </p>
   </div>
   <div class='ocr_carea' id='block_1_44' title="bbox 334 4158 1919 4230">
    <p class='ocr_par' dir='ltr' id='par_1_44' title="bbox 334 4158 1919 4230">
     <span class='ocr_line' id='line_1_44' title="bbox 334 4158 1919 4230; baseline 0.001 -17"><span class='ocrx_word' id='word_1_305' title='bbox 334 4159 585 4230; x_wconf 86' lang='lat' dir='ltr'><strong>epistola,</strong></span> <span class='ocrx_word' id='word_1_306' title='bbox 606 4174 712 4212; x_wconf 87' lang='lat' dir='ltr'><strong>non</strong></span> <span class='ocrx_word' id='word_1_307' title='bbox 737 4158 935 4214; x_wconf 88' lang='lat' dir='ltr'><strong>debere</strong></span> <span class='ocrx_word' id='word_1_308' title='bbox 963 4170 1014 4214; x_wconf 91' lang='lat' dir='ltr'><strong>te</strong></span> <span class='ocrx_word' id='word_1_309' title='bbox 1038 4160 1262 4215; x_wconf 90' lang='lat' dir='ltr'><strong>credere</strong></span> <span class='ocrx_word' id='word_1_310' title='bbox 1284 4161 1481 4228; x_wconf 87' lang='lat' dir='ltr'><strong>putasti</strong></span> <span class='ocrx_word' id='word_1_311' title='bbox 1504 4160 1615 4225; x_wconf 90' lang='lat' dir='ltr'><strong>his,</strong></span> <span class='ocrx_word' id='word_1_312' title='bbox 1636 4160 1724 4229; x_wconf 92' lang='lat' dir='ltr'><strong>qui</strong></span> <span class='ocrx_word' id='word_1_313' title='bbox 1750 4176 1779 4214; x_wconf 89' lang='lat' dir='ltr'><strong>a</strong></span> <span class='ocrx_word' id='word_1_314' title='bbox 1799 4161 1919 4216; x_wconf 89' lang='lat' dir='ltr'><strong>solo</strong></span> 
     </span>
    </p>
   </div>
   <div class='ocr_carea' id='block_1_45' title="bbox 340 4251 1918 4318">
    <p class='ocr_par' dir='ltr' id='par_1_45' title="bbox 340 4251 1918 4318">
     <span class='ocr_line' id='line_1_45' title="bbox 340 4251 1918 4318; baseline 0.002 -11"><span class='ocrx_word' id='word_1_315' title='bbox 340 4253 497 4307; x_wconf 85' lang='lat' dir='ltr'><strong>Patre</strong></span> <span class='ocrx_word' id='word_1_316' title='bbox 518 4252 741 4318; x_wconf 86' lang='lat' dir='ltr'><strong>dicunt;</strong></span> <span class='ocrx_word' id='word_1_317' title='bbox 766 4253 859 4306; x_wconf 86' lang='lat' dir='ltr'><strong>sed</strong></span> <span class='ocrx_word' id='word_1_318' title='bbox 880 4251 1053 4306; x_wconf 76' lang='lat' dir='ltr'><strong>multo</strong></span> <span class='ocrx_word' id='word_1_319' title='bbox 1072 4252 1504 4308; x_wconf 86' lang='lat' dir='ltr'><strong>ineredibiliores</strong></span> <span class='ocrx_word' id='word_1_320' title='bbox 1524 4252 1625 4309; x_wconf 90' lang='lat' dir='ltr'><strong>hos</strong></span> <span class='ocrx_word' id='word_1_321' title='bbox 1646 4252 1769 4309; x_wconf 85' lang='lat' dir='ltr'><strong>aliis</strong></span> <span class='ocrx_word' id='word_1_322' title='bbox 1792 4268 1918 4311; x_wconf 82' lang='lat' dir='ltr'><strong>esse</strong></span> 
     </span>
    </p>
   </div>
   <div class='ocr_carea' id='block_1_46' title="bbox 339 4344 863 4400">
    <p class='ocr_par' dir='ltr' id='par_1_46' title="bbox 339 4344 863 4400">
     <span class='ocr_line' id='line_1_46' title="bbox 339 4344 863 4400; baseline -0.004 0"><span class='ocrx_word' id='word_1_323' title='bbox 339 4345 539 4400; x_wconf 83' lang='lat' dir='ltr'><strong>debere</strong></span> <span class='ocrx_word' id='word_1_324' title='bbox 570 4344 863 4399; x_wconf 87' lang='lat' dir='ltr'><strong>discernis.</strong></span> 
     </span>
    </p>
   </div>
   <div class='ocr_carea' id='block_1_47' title="bbox 410 4436 1916 4504">
    <p class='ocr_par' dir='ltr' id='par_1_47' title="bbox 410 4436 1916 4504">
     <span class='ocr_line' id='line_1_47' title="bbox 410 4436 1916 4504; baseline 0.001 -12"><span class='ocrx_word' id='word_1_325' title='bbox 410 4436 543 4504; x_wconf 71' lang='lat' dir='ltr'><strong>Quae</strong></span> <span class='ocrx_word' id='word_1_326' title='bbox 572 4446 754 4492; x_wconf 90' lang='lat' dir='ltr'><strong>autem</strong></span> <span class='ocrx_word' id='word_1_327' title='bbox 790 4452 877 4493; x_wconf 90' lang='lat' dir='ltr'><strong>me</strong></span> <span class='ocrx_word' id='word_1_328' title='bbox 906 4437 971 4492; x_wconf 86' lang='lat' dir='ltr'><strong>ad</strong></span> <span class='ocrx_word' id='word_1_329' title='bbox 998 4438 1225 4495; x_wconf 80' lang='lat' dir='ltr'><strong>ﬁrmiter</strong></span> <span class='ocrx_word' id='word_1_330' title='bbox 1248 4440 1582 4495; x_wconf 90' lang='lat' dir='ltr'><strong>credendum</strong></span> <span class='ocrx_word' id='word_1_331' title='bbox 1609 4448 1662 4495; x_wconf 90' lang='lat' dir='ltr'><strong>et</strong></span> <span class='ocrx_word' id='word_1_332' title='bbox 1691 4453 1756 4494; x_wconf 85' lang='lat' dir='ltr'><strong>ex</strong></span> <span class='ocrx_word' id='word_1_333' title='bbox 1775 4436 1916 4494; x_wconf 83' lang='lat' dir='ltr'><strong>Filio</strong></span> 
     </span>
    </p>
   </div>
   <div class='ocr_carea' id='block_1_48' title="bbox 1994 524 3572 600">
    <p class='ocr_par' dir='ltr' id='par_1_48' title="bbox 1994 524 3572 600">
     <span class='ocr_line' id='line_1_48' title="bbox 1994 524 3572 600; baseline -0.004 -15"><span class='ocrx_word' id='word_1_334' title='bbox 1994 531 2182 586; x_wconf 88' lang='lat' dir='ltr'><strong>haberi</strong></span> <span class='ocrx_word' id='word_1_335' title='bbox 2228 530 2440 586; x_wconf 81' lang='lat' dir='ltr'><strong>statuit.</strong></span> <span class='ocrx_word' id='word_1_336' title='bbox 2474 528 2611 595; x_wconf 74' lang='lat' dir='ltr'><strong>Hoc,</strong></span> <span class='ocrx_word' id='word_1_337' title='bbox 2645 530 2893 600; x_wconf 86' lang='lat' dir='ltr'><strong>inquam.</strong></span> <span class='ocrx_word' id='word_1_338' title='bbox 2933 527 3003 583; x_wconf 84' lang='lat' dir='ltr'><strong>ab</strong></span> <span class='ocrx_word' id='word_1_339' title='bbox 3033 526 3183 582; x_wconf 89' lang='lat' dir='ltr'><strong>omni</strong></span> <span class='ocrx_word' id='word_1_340' title='bbox 3214 524 3572 595; x_wconf 66' lang='lat' dir='ltr'><strong>ambiguitate</strong></span> 
     </span>
    </p>
   </div>
   <div class='ocr_carea' id='block_1_49' title="bbox 1992 618 3571 691">
    <p class='ocr_par' dir='ltr' id='par_1_49' title="bbox 1992 618 3571 691">
     <span class='ocr_line' id='line_1_49' title="bbox 1992 618 3571 691; baseline -0.003 -15"><span class='ocrx_word' id='word_1_341' title='bbox 1992 637 2307 689; x_wconf 85' lang='lat' dir='ltr'><strong>remanens,</strong></span> <span class='ocrx_word' id='word_1_342' title='bbox 2338 627 2512 677; x_wconf 84' lang='lat' dir='ltr'><strong>totum</strong></span> <span class='ocrx_word' id='word_1_343' title='bbox 2532 622 2660 677; x_wconf 79' lang='lat' dir='ltr'><strong>facit</strong></span> <span class='ocrx_word' id='word_1_344' title='bbox 2682 621 2843 691; x_wconf 64' lang='lat' dir='ltr'><strong>huius</strong></span> <span class='ocrx_word' id='word_1_345' title='bbox 2862 621 3156 691; x_wconf 80' lang='lat' dir='ltr'><strong>dogmatis.</strong></span> <span class='ocrx_word' id='word_1_346' title='bbox 3190 620 3273 674; x_wconf 78' lang='lat' dir='ltr'><strong>Ab</strong></span> <span class='ocrx_word' id='word_1_347' title='bbox 3293 618 3397 675; x_wconf 84' lang='lat' dir='ltr'><strong>hac</strong></span> <span class='ocrx_word' id='word_1_348' title='bbox 3423 619 3571 672; x_wconf 89' lang='lat' dir='ltr'><strong>enim</strong></span> 
     </span>
    </p>
   </div>
   <div class='ocr_carea' id='block_1_50' title="bbox 1993 714 3577 787">
    <p class='ocr_par' dir='ltr' id='par_1_50' title="bbox 1993 714 3577 787">
     <span class='ocr_line' id='line_1_50' title="bbox 1993 714 3577 787; baseline -0.003 -18"><span class='ocrx_word' id='word_1_349' title='bbox 1993 715 2225 787; x_wconf 86' lang='lat' dir='ltr'><strong>synodo,</strong></span> <span class='ocrx_word' id='word_1_350' title='bbox 2258 726 2313 770; x_wconf 90' lang='lat' dir='ltr'><strong>et</strong></span> <span class='ocrx_word' id='word_1_351' title='bbox 2340 716 2573 771; x_wconf 72' lang='lat' dir='ltr'><strong>trahente</strong></span> <span class='ocrx_word' id='word_1_352' title='bbox 2600 727 2653 771; x_wconf 92' lang='lat' dir='ltr'><strong>et</strong></span> <span class='ocrx_word' id='word_1_353' title='bbox 2691 714 2945 781; x_wconf 77' lang='lat' dir='ltr'><strong>faciente,</strong></span> <span class='ocrx_word' id='word_1_354' title='bbox 2978 729 3328 785; x_wconf 69' lang='lat' dir='ltr'><strong>quacunque</strong></span> <span class='ocrx_word' id='word_1_355' title='bbox 3356 722 3577 780; x_wconf 87' lang='lat' dir='ltr'><strong>oporte-</strong></span> 
     </span>
    </p>
   </div>
   <div class='ocr_carea' id='block_1_51' title="bbox 1997 804 3576 879">
    <p class='ocr_par' dir='ltr' id='par_1_51' title="bbox 1997 804 3576 879">
     <span class='ocr_line' id='line_1_51' title="bbox 1997 804 3576 879; baseline -0.003 -17"><span class='ocrx_word' id='word_1_356' title='bbox 1997 816 2080 862; x_wconf 90' lang='lat' dir='ltr'><strong>ret</strong></span> <span class='ocrx_word' id='word_1_357' title='bbox 2099 807 2305 863; x_wconf 91' lang='lat' dir='ltr'><strong>habere</strong></span> <span class='ocrx_word' id='word_1_358' title='bbox 2328 817 2382 863; x_wconf 89' lang='lat' dir='ltr'><strong>et</strong></span> <span class='ocrx_word' id='word_1_359' title='bbox 2405 807 2584 864; x_wconf 77' lang='lat' dir='ltr'><strong>facere</strong></span> <span class='ocrx_word' id='word_1_360' title='bbox 2610 808 2920 878; x_wconf 79' lang='lat' dir='ltr'><strong>generalem</strong></span> <span class='ocrx_word' id='word_1_361' title='bbox 2942 806 3234 879; x_wconf 80' lang='lat' dir='ltr'><strong>synodum,</strong></span> <span class='ocrx_word' id='word_1_362' title='bbox 3259 804 3576 861; x_wconf 85' lang='lat' dir='ltr'><strong>examinato</strong></span> 
     </span>
    </p>
   </div>
   <div class='ocr_carea' id='block_1_52' title="bbox 1993 900 3579 972">
    <p class='ocr_par' dir='ltr' id='par_1_52' title="bbox 1993 900 3579 972">
     <span class='ocr_line' id='line_1_52' title="bbox 1993 900 3579 972; baseline -0.003 -16"><span class='ocrx_word' id='word_1_363' title='bbox 1993 902 2450 968; x_wconf 87' lang='lat' dir='ltr'><strong>etdeterminato,</strong></span> <span class='ocrx_word' id='word_1_364' title='bbox 2474 910 2529 958; x_wconf 85' lang='lat' dir='ltr'><strong>et</strong></span> <span class='ocrx_word' id='word_1_365' title='bbox 2559 918 2627 957; x_wconf 87' lang='lat' dir='ltr'><strong>ex</strong></span> <span class='ocrx_word' id='word_1_366' title='bbox 2652 901 2796 957; x_wconf 86' lang='lat' dir='ltr'><strong>Filio</strong></span> <span class='ocrx_word' id='word_1_367' title='bbox 2829 903 3128 972; x_wconf 85' lang='lat' dir='ltr'><strong>procedere</strong></span> <span class='ocrx_word' id='word_1_368' title='bbox 3153 900 3416 970; x_wconf 89' lang='lat' dir='ltr'><strong>Spiritum</strong></span> <span class='ocrx_word' id='word_1_369' title='bbox 3446 913 3579 953; x_wconf 85' lang='lat' dir='ltr'><strong>san-</strong></span> 
     </span>
    </p>
   </div>
   <div class='ocr_carea' id='block_1_53' title="bbox 1994 991 3579 1066">
    <p class='ocr_par' dir='ltr' id='par_1_53' title="bbox 1994 991 3579 1066">
     <span class='ocr_line' id='line_1_53' title="bbox 1994 991 3579 1066; baseline -0.003 -17"><span class='ocrx_word' id='word_1_370' title='bbox 1994 1005 2174 1049; x_wconf 89' lang='lat' dir='ltr'><strong>ctum:</strong></span> <span class='ocrx_word' id='word_1_371' title='bbox 2203 995 2429 1066; x_wconf 88' lang='lat' dir='ltr'><strong>qui-hoc</strong></span> <span class='ocrx_word' id='word_1_372' title='bbox 2460 1010 2568 1049; x_wconf 90' lang='lat' dir='ltr'><strong>non</strong></span> <span class='ocrx_word' id='word_1_373' title='bbox 2604 997 2826 1066; x_wconf 81' lang='lat' dir='ltr'><strong>recipit,</strong></span> <span class='ocrx_word' id='word_1_374' title='bbox 2851 1004 3114 1065; x_wconf 89' lang='lat' dir='ltr'><strong>tanquam</strong></span> <span class='ocrx_word' id='word_1_375' title='bbox 3148 995 3257 1065; x_wconf 81' lang='lat' dir='ltr'><strong>jam</strong></span> <span class='ocrx_word' id='word_1_376' title='bbox 3291 991 3579 1047; x_wconf 66' lang='lat' dir='ltr'><strong>catholica</strong></span> 
     </span>
    </p>
   </div>
   <div class='ocr_carea' id='block_1_54' title="bbox 1996 1086 3580 1160">
    <p class='ocr_par' dir='ltr' id='par_1_54' title="bbox 1996 1086 3580 1160">
     <span class='ocr_line' id='line_1_54' title="bbox 1996 1086 3580 1160; baseline 0 -17"><span class='ocrx_word' id='word_1_377' title='bbox 1996 1088 2257 1146; x_wconf 66' lang='lat' dir='ltr'><strong>Ecclesiae</strong></span> <span class='ocrx_word' id='word_1_378' title='bbox 2289 1088 2674 1144; x_wconf 82' lang='lat' dir='ltr'><strong>auctoritatem</strong></span> <span class='ocrx_word' id='word_1_379' title='bbox 2702 1100 2756 1145; x_wconf 94' lang='lat' dir='ltr'><strong>et</strong></span> <span class='ocrx_word' id='word_1_380' title='bbox 2784 1090 2978 1160; x_wconf 82' lang='lat' dir='ltr'><strong>dogma</strong></span> <span class='ocrx_word' id='word_1_381' title='bbox 3019 1098 3400 1148; x_wconf 88' lang='lat' dir='ltr'><strong>contemnens.</strong></span> <span class='ocrx_word' id='word_1_382' title='bbox 3426 1086 3580 1155; x_wconf 80' lang='lat' dir='ltr'><strong>justo</strong></span> 
     </span>
    </p>
   </div>
   <div class='ocr_carea' id='block_1_55' title="bbox 1996 1180 3580 1252">
    <p class='ocr_par' dir='ltr' id='par_1_55' title="bbox 1996 1180 3580 1252">
     <span class='ocr_line' id='line_1_55' title="bbox 1996 1180 3580 1252; baseline 0 -16"><span class='ocrx_word' id='word_1_383' title='bbox 1996 1183 2184 1251; x_wconf 90' lang='lat' dir='ltr'><strong>utique</strong></span> <span class='ocrx_word' id='word_1_384' title='bbox 2201 1190 2255 1237; x_wconf 92' lang='lat' dir='ltr'><strong>et</strong></span> <span class='ocrx_word' id='word_1_385' title='bbox 2280 1182 2877 1252; x_wconf 63' lang='lat' dir='ltr'><strong>meritoschismaticus</strong></span> <span class='ocrx_word' id='word_1_386' title='bbox 2892 1195 2947 1237; x_wconf 88' lang='lat' dir='ltr'><strong>et</strong></span> <span class='ocrx_word' id='word_1_387' title='bbox 2962 1181 3253 1238; x_wconf 72' lang='lat' dir='ltr'><strong>haereticus</strong></span> <span class='ocrx_word' id='word_1_388' title='bbox 3266 1180 3580 1236; x_wconf 85' lang='lat' dir='ltr'><strong>habebitur.</strong></span> 
     </span>
    </p>
   </div>
   <div class='ocr_carea' id='block_1_56' title="bbox 1999 1276 3579 1349">
    <p class='ocr_par' dir='ltr' id='par_1_56' title="bbox 1999 1276 3579 1349">
     <span class='ocr_line' id='line_1_56' title="bbox 1999 1276 3579 1349; baseline -0.003 -17"><span class='ocrx_word' id='word_1_389' title='bbox 1999 1277 2059 1332; x_wconf 85' lang='lat' dir='ltr'><strong>Et</strong></span> <span class='ocrx_word' id='word_1_390' title='bbox 2084 1280 2266 1339; x_wconf 89' lang='lat' dir='ltr'><strong>credo,</strong></span> <span class='ocrx_word' id='word_1_391' title='bbox 2297 1280 2441 1347; x_wconf 86' lang='lat' dir='ltr'><strong>quod</strong></span> <span class='ocrx_word' id='word_1_392' title='bbox 2475 1278 2519 1332; x_wconf 91' lang='lat' dir='ltr'><strong>si</strong></span> <span class='ocrx_word' id='word_1_393' title='bbox 2542 1278 2743 1334; x_wconf 77' lang='lat' dir='ltr'><strong>fuisses</strong></span> <span class='ocrx_word' id='word_1_394' title='bbox 2772 1277 2837 1332; x_wconf 90' lang='lat' dir='ltr'><strong>de</strong></span> <span class='ocrx_word' id='word_1_395' title='bbox 2857 1279 2964 1333; x_wconf 88' lang='lat' dir='ltr'><strong>hac</strong></span> <span class='ocrx_word' id='word_1_396' title='bbox 2982 1277 3194 1349; x_wconf 79' lang='lat' dir='ltr'><strong>synodo</strong></span> <span class='ocrx_word' id='word_1_397' title='bbox 3222 1276 3579 1340; x_wconf 83' lang='lat' dir='ltr'><strong>informatus,</strong></span> 
     </span>
    </p>
   </div>
   <div class='ocr_carea' id='block_1_57' title="bbox 1998 1367 3583 1444">
    <p class='ocr_par' dir='ltr' id='par_1_57' title="bbox 1998 1367 3583 1444">
     <span class='ocr_line' id='line_1_57' title="bbox 1998 1367 3583 1444; baseline -0.006 -16"><span class='ocrx_word' id='word_1_398' title='bbox 1998 1388 2105 1428; x_wconf 87' lang='lat' dir='ltr'><strong>non</strong></span> <span class='ocrx_word' id='word_1_399' title='bbox 2130 1374 2307 1426; x_wconf 84' lang='lat' dir='ltr'><strong>adhuc</strong></span> <span class='ocrx_word' id='word_1_400' title='bbox 2342 1373 2620 1428; x_wconf 90' lang='lat' dir='ltr'><strong>videretur</strong></span> <span class='ocrx_word' id='word_1_401' title='bbox 2647 1373 2742 1427; x_wconf 85' lang='lat' dir='ltr'><strong>tibi</strong></span> <span class='ocrx_word' id='word_1_402' title='bbox 2776 1386 2883 1426; x_wconf 90' lang='lat' dir='ltr'><strong>non</strong></span> <span class='ocrx_word' id='word_1_403' title='bbox 2903 1370 3276 1427; x_wconf 85' lang='lat' dir='ltr'><strong>necessarium</strong></span> <span class='ocrx_word' id='word_1_404' title='bbox 3312 1367 3583 1444; x_wconf 84' lang='lat' dir='ltr'><strong>e_sse,hoc</strong></span> 
     </span>
    </p>
   </div>
   <div class='ocr_carea' id='block_1_58' title="bbox 2000 1456 3582 1533">
    <p class='ocr_par' dir='ltr' id='par_1_58' title="bbox 2000 1456 3582 1533">
     <span class='ocr_line' id='line_1_58' title="bbox 2000 1456 3582 1533; baseline -0.005 -17"><span class='ocrx_word' id='word_1_405' title='bbox 2000 1464 2244 1527; x_wconf 88' lang='lat' dir='ltr'><strong>recipere</strong></span> <span class='ocrx_word' id='word_1_406' title='bbox 2280 1465 2498 1533; x_wconf 81' lang='lat' dir='ltr'><strong>dogma.</strong></span> <span class='ocrx_word' id='word_1_407' title='bbox 2526 1462 2591 1517; x_wconf 89' lang='lat' dir='ltr'><strong>Et</strong></span> <span class='ocrx_word' id='word_1_408' title='bbox 2610 1477 2758 1517; x_wconf 87' lang='lat' dir='ltr'><strong>nunc</strong></span> <span class='ocrx_word' id='word_1_409' title='bbox 2784 1462 3007 1533; x_wconf 86' lang='lat' dir='ltr'><strong>quidem</strong></span> <span class='ocrx_word' id='word_1_410' title='bbox 3040 1459 3351 1515; x_wconf 85' lang='lat' dir='ltr'><strong>transmitte</strong></span> <span class='ocrx_word' id='word_1_411' title='bbox 3374 1458 3471 1514; x_wconf 87' lang='lat' dir='ltr'><strong>tibi</strong></span> <span class='ocrx_word' id='word_1_412' title='bbox 3496 1456 3582 1509; x_wconf 77' lang='grc' dir='ltr'><strong>ιιι·-</strong></span> 
     </span>
    </p>
   </div>
   <div class='ocr_carea' id='block_1_59' title="bbox 2002 1544 3582 1624">
    <p class='ocr_par' dir='ltr' id='par_1_59' title="bbox 2002 1544 3582 1624">
     <span class='ocr_line' id='line_1_59' title="bbox 2002 1544 3582 1624; baseline -0.005 -16"><span class='ocrx_word' id='word_1_413' title='bbox 2002 1555 2450 1610; x_wconf 89' lang='lat' dir='ltr'><strong>terminationem</strong></span> <span class='ocrx_word' id='word_1_414' title='bbox 2484 1555 2645 1623; x_wconf 87' lang='lat' dir='ltr'><strong>hujus</strong></span> <span class='ocrx_word' id='word_1_415' title='bbox 2676 1554 2893 1624; x_wconf 82' lang='lat' dir='ltr'><strong>synodi,</strong></span> <span class='ocrx_word' id='word_1_416' title='bbox 2926 1544 2985 1607; x_wconf 80' lang='lat' dir='ltr'><strong>in</strong></span> <span class='ocrx_word' id='word_1_417' title='bbox 3009 1552 3115 1606; x_wconf 86' lang='lat' dir='ltr'><strong>iine</strong></span> <span class='ocrx_word' id='word_1_418' title='bbox 3158 1550 3406 1621; x_wconf 74' lang='lat' dir='ltr'><strong>epistola:</strong></span> <span class='ocrx_word' id='word_1_419' title='bbox 3442 1546 3582 1603; x_wconf 87' lang='lat' dir='ltr'><strong>scri-</strong></span> 
     </span>
    </p>
   </div>
   <div class='ocr_carea' id='block_1_60' title="bbox 2003 1641 3579 1720">
    <p class='ocr_par' dir='ltr' id='par_1_60' title="bbox 2003 1641 3579 1720">
     <span class='ocr_line' id='line_1_60' title="bbox 2003 1641 3579 1720; baseline -0.006 -18"><span class='ocrx_word' id='word_1_420' title='bbox 2003 1662 2179 1720; x_wconf 89' lang='lat' dir='ltr'><strong>ptam.</strong></span> <span class='ocrx_word' id='word_1_421' title='bbox 2216 1647 2574 1704; x_wconf 85' lang='lat' dir='ltr'><strong>Postmodqu</strong></span> <span class='ocrx_word' id='word_1_422' title='bbox 2604 1662 2757 1715; x_wconf 83' lang='lat' dir='ltr'><strong>vero,</strong></span> <span class='ocrx_word' id='word_1_423' title='bbox 2807 1646 2854 1702; x_wconf 87' lang='lat' dir='ltr'><strong>si</strong></span> <span class='ocrx_word' id='word_1_424' title='bbox 2890 1646 3029 1701; x_wconf 84' lang='lat' dir='ltr'><strong>Deus</strong></span> <span class='ocrx_word' id='word_1_425' title='bbox 3073 1644 3336 1709; x_wconf 88' lang='lat' dir='ltr'><strong>voluerit,</strong></span> <span class='ocrx_word' id='word_1_426' title='bbox 3368 1641 3579 1695; x_wconf 86' lang='lat' dir='ltr'><strong>mittant</strong></span> 
     </span>
    </p>
   </div>
   <div class='ocr_carea' id='block_1_61' title="bbox 2003 1731 3578 1812">
    <p class='ocr_par' dir='ltr' id='par_1_61' title="bbox 2003 1731 3578 1812">
     <span class='ocr_line' id='line_1_61' title="bbox 2003 1731 3578 1812; baseline -0.004 -18"><span class='ocrx_word' id='word_1_427' title='bbox 2003 1742 2099 1798; x_wconf 90' lang='lat' dir='ltr'><strong>tibi</strong></span> <span class='ocrx_word' id='word_1_428' title='bbox 2133 1750 2187 1795; x_wconf 89' lang='lat' dir='ltr'><strong>et</strong></span> <span class='ocrx_word' id='word_1_429' title='bbox 2217 1741 2382 1812; x_wconf 84' lang='lat' dir='ltr'><strong>hujus</strong></span> <span class='ocrx_word' id='word_1_430' title='bbox 2408 1750 2529 1796; x_wconf 88' lang='lat' dir='ltr'><strong>acta</strong></span> <span class='ocrx_word' id='word_1_431' title='bbox 2557 1757 2571 1795; x_wconf 88' lang='lat'><strong>:</strong></span> <span class='ocrx_word' id='word_1_432' title='bbox 2605 1755 2671 1795; x_wconf 88' lang='lat' dir='ltr'><strong>ex</strong></span> <span class='ocrx_word' id='word_1_433' title='bbox 2695 1739 2898 1810; x_wconf 87' lang='lat' dir='ltr'><strong>quibus</strong></span> <span class='ocrx_word' id='word_1_434' title='bbox 2924 1739 3067 1793; x_wconf 86' lang='lat' dir='ltr'><strong>scire</strong></span> <span class='ocrx_word' id='word_1_435' title='bbox 3097 1736 3323 1808; x_wconf 89' lang='lat' dir='ltr'><strong>poteris,</strong></span> <span class='ocrx_word' id='word_1_436' title='bbox 3347 1743 3402 1789; x_wconf 89' lang='lat' dir='ltr'><strong>et</strong></span> <span class='ocrx_word' id='word_1_437' title='bbox 3433 1731 3578 1802; x_wconf 71' lang='grc' dir='ltr'><strong>ψειιύ</strong></span> 
     </span>
    </p>
   </div>
   <div class='ocr_carea' id='block_1_62' title="bbox 2000 1824 3585 1906">
    <p class='ocr_par' dir='ltr' id='par_1_62' title="bbox 2000 1824 3585 1906">
     <span class='ocr_line' id='line_1_62' title="bbox 2000 1824 3585 1906; baseline -0.008 -18"><span class='ocrx_word' id='word_1_438' title='bbox 2000 1835 2271 1906; x_wconf 87' lang='lat' dir='ltr'><strong>generalis</strong></span> <span class='ocrx_word' id='word_1_439' title='bbox 2298 1834 2480 1897; x_wconf 80' lang='lat' dir='ltr'><strong>fuerit,</strong></span> <span class='ocrx_word' id='word_1_440' title='bbox 2512 1842 2567 1887; x_wconf 89' lang='lat' dir='ltr'><strong>et</strong></span> <span class='ocrx_word' id='word_1_441' title='bbox 2605 1832 2750 1900; x_wconf 85' lang='lat' dir='ltr'><strong>quod</strong></span> <span class='ocrx_word' id='word_1_442' title='bbox 2782 1830 2919 1886; x_wconf 89' lang='lat' dir='ltr'><strong>nihil</strong></span> <span class='ocrx_word' id='word_1_443' title='bbox 2954 1844 3170 1891; x_wconf 89' lang='lat' dir='ltr'><strong>eorum,</strong></span> <span class='ocrx_word' id='word_1_444' title='bbox 3198 1843 3318 1898; x_wconf 72' lang='lat' dir='ltr'><strong>qua:</strong></span> <span class='ocrx_word' id='word_1_445' title='bbox 3347 1824 3585 1881; x_wconf 83' lang='lat' dir='ltr'><strong>debebat</strong></span> 
     </span>
    </p>
   </div>
   <div class='ocr_carea' id='block_1_63' title="bbox 2000 1925 2774 1991">
    <p class='ocr_par' dir='ltr' id='par_1_63' title="bbox 2000 1925 2774 1991">
     <span class='ocr_line' id='line_1_63' title="bbox 2000 1925 2774 1991; baseline -0.004 -10"><span class='ocrx_word' id='word_1_446' title='bbox 2000 1930 2203 1983; x_wconf 86' lang='lat' dir='ltr'><strong>habere</strong></span> <span class='ocrx_word' id='word_1_447' title='bbox 2237 1937 2292 1982; x_wconf 92' lang='lat' dir='ltr'><strong>et</strong></span> <span class='ocrx_word' id='word_1_448' title='bbox 2334 1925 2537 1991; x_wconf 76' lang='lat' dir='ltr'><strong>facere,</strong></span> <span class='ocrx_word' id='word_1_449' title='bbox 2568 1925 2774 1980; x_wconf 86' lang='lat' dir='ltr'><strong>omisit.</strong></span> 
     </span>
    </p>
   </div>
   <div class='ocr_carea' id='block_1_64' title="bbox 2074 2010 3582 2089">
    <p class='ocr_par' dir='ltr' id='par_1_64' title="bbox 2074 2010 3582 2089">
     <span class='ocr_line' id='line_1_64' title="bbox 2074 2010 3582 2089; baseline -0.007 -16"><span class='ocrx_word' id='word_1_450' title='bbox 2074 2019 2148 2075; x_wconf 88' lang='lat' dir='ltr'><strong>De</strong></span> <span class='ocrx_word' id='word_1_451' title='bbox 2168 2018 2513 2089; x_wconf 78' lang='lat' dir='ltr'><strong>expositione</strong></span> <span class='ocrx_word' id='word_1_452' title='bbox 2538 2033 2670 2075; x_wconf 87' lang='lat' dir='ltr'><strong>vero</strong></span> <span class='ocrx_word' id='word_1_453' title='bbox 2691 2014 3079 2072; x_wconf 87' lang='lat' dir='ltr'><strong>nonnullorum</strong></span> <span class='ocrx_word' id='word_1_454' title='bbox 3118 2014 3391 2069; x_wconf 80' lang='lat' dir='ltr'><strong>dictorum</strong></span> <span class='ocrx_word' id='word_1_455' title='bbox 3430 2010 3582 2068; x_wconf 85' lang='lat' dir='ltr'><strong>Scri-</strong></span> 
     </span>
    </p>
   </div>
   <div class='ocr_carea' id='block_1_65' title="bbox 2002 2109 3586 2185">
    <p class='ocr_par' dir='ltr' id='par_1_65' title="bbox 2002 2109 3586 2185">
     <span class='ocr_line' id='line_1_65' title="bbox 2002 2109 3586 2185; baseline -0.003 -17"><span class='ocrx_word' id='word_1_456' title='bbox 2002 2123 2197 2185; x_wconf 69' lang='lat' dir='ltr'><strong>pturae,</strong></span> <span class='ocrx_word' id='word_1_457' title='bbox 2225 2130 2289 2169; x_wconf 86' lang='lat' dir='ltr'><strong>ex</strong></span> <span class='ocrx_word' id='word_1_458' title='bbox 2330 2113 2532 2183; x_wconf 89' lang='lat' dir='ltr'><strong>quibus</strong></span> <span class='ocrx_word' id='word_1_459' title='bbox 2564 2111 2739 2167; x_wconf 88' lang='lat' dir='ltr'><strong>Latini</strong></span> <span class='ocrx_word' id='word_1_460' title='bbox 2782 2126 2944 2167; x_wconf 91' lang='lat' dir='ltr'><strong>suum</strong></span> <span class='ocrx_word' id='word_1_461' title='bbox 2984 2109 3322 2165; x_wconf 90' lang='lat' dir='ltr'><strong>concludunt</strong></span> <span class='ocrx_word' id='word_1_462' title='bbox 3365 2110 3586 2179; x_wconf 80' lang='lat' dir='ltr'><strong>dogma.</strong></span> 
     </span>
    </p>
   </div>
   <div class='ocr_carea' id='block_1_66' title="bbox 2001 2202 3590 2277">
    <p class='ocr_par' dir='ltr' id='par_1_66' title="bbox 2001 2202 3590 2277">
     <span class='ocr_line' id='line_1_66' title="bbox 2001 2202 3590 2277; baseline -0.004 -15"><span class='ocrx_word' id='word_1_463' title='bbox 2001 2207 2069 2263; x_wconf 88' lang='lat' dir='ltr'><strong>de</strong></span> <span class='ocrx_word' id='word_1_464' title='bbox 2097 2208 2300 2277; x_wconf 89' lang='lat' dir='ltr'><strong>quibus</strong></span> <span class='ocrx_word' id='word_1_465' title='bbox 2320 2206 2532 2271; x_wconf 79' lang='lat' dir='ltr'><strong>dixisti,</strong></span> <span class='ocrx_word' id='word_1_466' title='bbox 2564 2213 2787 2277; x_wconf 89' lang='lat' dir='ltr'><strong>propter</strong></span> <span class='ocrx_word' id='word_1_467' title='bbox 2821 2204 2969 2275; x_wconf 84' lang='lat' dir='ltr'><strong>quod</strong></span> <span class='ocrx_word' id='word_1_468' title='bbox 3002 2210 3233 2273; x_wconf 76' lang='lat' dir='ltr'><strong>possant</strong></span> <span class='ocrx_word' id='word_1_469' title='bbox 3263 2202 3465 2257; x_wconf 87' lang='lat' dir='ltr'><strong>habere</strong></span> <span class='ocrx_word' id='word_1_470' title='bbox 3487 2203 3590 2256; x_wconf 86' lang='lat' dir='ltr'><strong>du-</strong></span> 
     </span>
    </p>
   </div>
   <div class='ocr_carea' id='block_1_67' title="bbox 2004 2295 3586 2374">
    <p class='ocr_par' dir='ltr' id='par_1_67' title="bbox 2004 2295 3586 2374">
     <span class='ocr_line' id='line_1_67' title="bbox 2004 2295 3586 2374; baseline -0.004 -20"><span class='ocrx_word' id='word_1_471' title='bbox 2004 2302 2147 2374; x_wconf 86' lang='lat' dir='ltr'><strong>plam</strong></span> <span class='ocrx_word' id='word_1_472' title='bbox 2181 2301 2602 2373; x_wconf 78' lang='lat' dir='ltr'><strong>expositionem,</strong></span> <span class='ocrx_word' id='word_1_473' title='bbox 2636 2310 2689 2355; x_wconf 91' lang='lat' dir='ltr'><strong>te</strong></span> <span class='ocrx_word' id='word_1_474' title='bbox 2717 2298 2997 2369; x_wconf 78' lang='lat' dir='ltr'><strong>ambigere</strong></span> <span class='ocrx_word' id='word_1_475' title='bbox 3029 2305 3084 2353; x_wconf 90' lang='lat' dir='ltr'><strong>et</strong></span> <span class='ocrx_word' id='word_1_476' title='bbox 3125 2311 3234 2350; x_wconf 91' lang='lat' dir='ltr'><strong>non</strong></span> <span class='ocrx_word' id='word_1_477' title='bbox 3269 2295 3473 2350; x_wconf 84' lang='lat' dir='ltr'><strong>habere</strong></span> <span class='ocrx_word' id='word_1_478' title='bbox 3496 2296 3586 2349; x_wconf 90' lang='lat' dir='ltr'><strong>cui</strong></span> 
     </span>
    </p>
   </div>
   <div class='ocr_carea' id='block_1_68' title="bbox 2004 2388 3587 2467">
    <p class='ocr_par' dir='ltr' id='par_1_68' title="bbox 2004 2388 3587 2467">
     <span class='ocr_line' id='line_1_68' title="bbox 2004 2388 3587 2467; baseline -0.008 -16"><span class='ocrx_word' id='word_1_479' title='bbox 2004 2395 2179 2467; x_wconf 82' lang='lat' dir='ltr'><strong>magis</strong></span> <span class='ocrx_word' id='word_1_480' title='bbox 2220 2393 2582 2462; x_wconf 80' lang='lat' dir='ltr'><strong>assentiaris,</strong></span> <span class='ocrx_word' id='word_1_481' title='bbox 2617 2401 2771 2462; x_wconf 89' lang='lat' dir='ltr'><strong>potes</strong></span> <span class='ocrx_word' id='word_1_482' title='bbox 2812 2392 3006 2461; x_wconf 87' lang='lat' dir='ltr'><strong>utique</strong></span> <span class='ocrx_word' id='word_1_483' title='bbox 3052 2402 3105 2446; x_wconf 88' lang='lat' dir='ltr'><strong>et</strong></span> <span class='ocrx_word' id='word_1_484' title='bbox 3139 2389 3271 2446; x_wconf 87' lang='lat' dir='ltr'><strong>illud</strong></span> <span class='ocrx_word' id='word_1_485' title='bbox 3324 2388 3587 2458; x_wconf 69' lang='lat' dir='ltr'><strong>cogitare,</strong></span> 
     </span>
    </p>
   </div>
   <div class='ocr_carea' id='block_1_69' title="bbox 2004 2480 3590 2559">
    <p class='ocr_par' dir='ltr' id='par_1_69' title="bbox 2004 2480 3590 2559">
     <span class='ocr_line' id='line_1_69' title="bbox 2004 2480 3590 2559; baseline -0.006 -15"><span class='ocrx_word' id='word_1_486' title='bbox 2004 2490 2149 2559; x_wconf 90' lang='lat' dir='ltr'><strong>quod</strong></span> <span class='ocrx_word' id='word_1_487' title='bbox 2182 2489 2258 2544; x_wconf 91' lang='lat' dir='ltr'><strong>illi</strong></span> <span class='ocrx_word' id='word_1_488' title='bbox 2280 2488 2524 2559; x_wconf 90' lang='lat' dir='ltr'><strong>quidem,</strong></span> <span class='ocrx_word' id='word_1_489' title='bbox 2549 2486 2642 2557; x_wconf 92' lang='lat' dir='ltr'><strong>qui</strong></span> <span class='ocrx_word' id='word_1_490' title='bbox 2670 2496 2956 2557; x_wconf 82' lang='lat' dir='ltr'><strong>exponunt</strong></span> <span class='ocrx_word' id='word_1_491' title='bbox 2990 2485 3129 2554; x_wconf 90' lang='lat' dir='ltr'><strong>ipsa,</strong></span> <span class='ocrx_word' id='word_1_492' title='bbox 3166 2485 3238 2537; x_wconf 90' lang='lat' dir='ltr'><strong>ita</strong></span> <span class='ocrx_word' id='word_1_493' title='bbox 3269 2480 3590 2537; x_wconf 42' lang='lat' dir='ltr'><strong>ut‘conclu-</strong></span> 
     </span>
    </p>
   </div>
   <div class='ocr_carea' id='block_1_70' title="bbox 2004 2575 3584 2651">
    <p class='ocr_par' dir='ltr' id='par_1_70' title="bbox 2004 2575 3584 2651">
     <span class='ocr_line' id='line_1_70' title="bbox 2004 2575 3584 2651; baseline -0.007 -11"><span class='ocrx_word' id='word_1_494' title='bbox 2004 2585 2131 2640; x_wconf 88' lang='lat' dir='ltr'><strong>dant</strong></span> <span class='ocrx_word' id='word_1_495' title='bbox 2155 2591 2208 2639; x_wconf 90' lang='lat' dir='ltr'><strong>et</strong></span> <span class='ocrx_word' id='word_1_496' title='bbox 2226 2598 2289 2638; x_wconf 88' lang='lat' dir='ltr'><strong>ex</strong></span> <span class='ocrx_word' id='word_1_497' title='bbox 2315 2582 2453 2637; x_wconf 84' lang='lat' dir='ltr'><strong>Filio</strong></span> <span class='ocrx_word' id='word_1_498' title='bbox 2474 2581 2741 2651; x_wconf 89' lang='lat' dir='ltr'><strong>Spiritum</strong></span> <span class='ocrx_word' id='word_1_499' title='bbox 2765 2577 3082 2650; x_wconf 89' lang='lat' dir='ltr'><strong>procedere,</strong></span> <span class='ocrx_word' id='word_1_500' title='bbox 3104 2576 3276 2631; x_wconf 79' lang='lat' dir='ltr'><strong>divini</strong></span> <span class='ocrx_word' id='word_1_501' title='bbox 3295 2575 3397 2629; x_wconf 90' lang='lat' dir='ltr'><strong>viri</strong></span> <span class='ocrx_word' id='word_1_502' title='bbox 3418 2582 3584 2629; x_wconf 88' lang='lat' dir='ltr'><strong>sunt:</strong></span> 
     </span>
    </p>
   </div>
   <div class='ocr_carea' id='block_1_71' title="bbox 2005 2669 3589 2740">
    <p class='ocr_par' dir='ltr' id='par_1_71' title="bbox 2005 2669 3589 2740">
     <span class='ocr_line' id='line_1_71' title="bbox 2005 2669 3589 2740; baseline -0.006 -10"><span class='ocrx_word' id='word_1_503' title='bbox 2005 2682 2236 2730; x_wconf 86' lang='lat' dir='ltr'><strong>sanctus</strong></span> <span class='ocrx_word' id='word_1_504' title='bbox 2266 2674 2517 2728; x_wconf 86' lang='lat' dir='ltr'><strong>videlicet</strong></span> <span class='ocrx_word' id='word_1_505' title='bbox 2548 2670 2691 2726; x_wconf 90' lang='lat' dir='ltr'><strong>inter</strong></span> <span class='ocrx_word' id='word_1_506' title='bbox 2726 2672 2861 2724; x_wconf 89' lang='lat' dir='ltr'><strong>alios</strong></span> <span class='ocrx_word' id='word_1_507' title='bbox 2892 2669 3235 2740; x_wconf 83' lang='lat' dir='ltr'><strong>Augustinus</strong></span> <span class='ocrx_word' id='word_1_508' title='bbox 3264 2676 3319 2721; x_wconf 90' lang='lat' dir='ltr'><strong>et</strong></span> <span class='ocrx_word' id='word_1_509' title='bbox 3358 2674 3589 2721; x_wconf 83' lang='lat' dir='ltr'><strong>sanctus</strong></span> 
     </span>
    </p>
   </div>
   <div class='ocr_carea' id='block_1_72' title="bbox 2004 2759 3590 2841">
    <p class='ocr_par' dir='ltr' id='par_1_72' title="bbox 2004 2759 3590 2841">
     <span class='ocr_line' id='line_1_72' title="bbox 2004 2759 3590 2841; baseline -0.009 -14"><span class='ocrx_word' id='word_1_510' title='bbox 2004 2768 2264 2841; x_wconf 83' lang='lat' dir='ltr'><strong>Cyrillus.</strong></span> <span class='ocrx_word' id='word_1_511' title='bbox 2301 2767 2453 2822; x_wconf 80' lang='lat' dir='ltr'><strong>Alios</strong></span> <span class='ocrx_word' id='word_1_512' title='bbox 2480 2765 2625 2821; x_wconf 92' lang='lat' dir='ltr'><strong>enim</strong></span> <span class='ocrx_word' id='word_1_513' title='bbox 2655 2763 2979 2818; x_wconf 89' lang='lat' dir='ltr'><strong>Latinorum</strong></span> <span class='ocrx_word' id='word_1_514' title='bbox 3017 2771 3359 2826; x_wconf 86' lang='lat' dir='ltr'><strong>sanctorum,</strong></span> <span class='ocrx_word' id='word_1_515' title='bbox 3386 2759 3481 2829; x_wconf 88' lang='lat' dir='ltr'><strong>qui</strong></span> <span class='ocrx_word' id='word_1_516' title='bbox 3511 2762 3590 2814; x_wconf 86' lang='lat' dir='ltr'><strong>si-</strong></span> 
     </span>
    </p>
   </div>
   <div class='ocr_carea' id='block_1_73' title="bbox 2007 2853 3583 2929">
    <p class='ocr_par' dir='ltr' id='par_1_73' title="bbox 2007 2853 3583 2929">
     <span class='ocr_line' id='line_1_73' title="bbox 2007 2853 3583 2929; baseline -0.008 -11"><span class='ocrx_word' id='word_1_517' title='bbox 2007 2862 2212 2918; x_wconf 85' lang='lat' dir='ltr'><strong>militer</strong></span> <span class='ocrx_word' id='word_1_518' title='bbox 2244 2861 2435 2916; x_wconf 89' lang='lat' dir='ltr'><strong>eadem</strong></span> <span class='ocrx_word' id='word_1_519' title='bbox 2484 2866 2878 2929; x_wconf 84' lang='lat' dir='ltr'><strong>exposuerunt,</strong></span> <span class='ocrx_word' id='word_1_520' title='bbox 2915 2856 3129 2911; x_wconf 91' lang='lat' dir='ltr'><strong>omitto.</strong></span> <span class='ocrx_word' id='word_1_521' title='bbox 3182 2854 3399 2910; x_wconf 81' lang='lat' dir='ltr'><strong>Videris</strong></span> <span class='ocrx_word' id='word_1_522' title='bbox 3437 2853 3583 2909; x_wconf 75' lang='lat' dir='ltr'><strong>enim</strong></span> 
     </span>
    </p>
   </div>
   <div class='ocr_carea' id='block_1_74' title="bbox 2007 2944 3591 3019">
    <p class='ocr_par' dir='ltr' id='par_1_74' title="bbox 2007 2944 3591 3019">
     <span class='ocr_line' id='line_1_74' title="bbox 2007 2944 3591 3019; baseline -0.008 -8"><span class='ocrx_word' id='word_1_523' title='bbox 2007 2970 2100 3011; x_wconf 91' lang='lat' dir='ltr'><strong>eos</strong></span> <span class='ocrx_word' id='word_1_524' title='bbox 2129 2951 2355 3008; x_wconf 89' lang='lat' dir='ltr'><strong>minime</strong></span> <span class='ocrx_word' id='word_1_525' title='bbox 2383 2952 2682 3006; x_wconf 85' lang='lat' dir='ltr'><strong>invenisse.</strong></span> <span class='ocrx_word' id='word_1_526' title='bbox 2720 2949 2798 3002; x_wconf 89' lang='lat' dir='ltr'><strong>Illi</strong></span> <span class='ocrx_word' id='word_1_527' title='bbox 2832 2963 2963 3002; x_wconf 88' lang='lat' dir='ltr'><strong>vero</strong></span> <span class='ocrx_word' id='word_1_528' title='bbox 2996 2948 3091 3019; x_wconf 92' lang='lat' dir='ltr'><strong>qui</strong></span> <span class='ocrx_word' id='word_1_529' title='bbox 3122 2947 3313 3002; x_wconf 92' lang='lat' dir='ltr'><strong>eadem</strong></span> <span class='ocrx_word' id='word_1_530' title='bbox 3337 2946 3454 3016; x_wconf 88' lang='lat' dir='ltr'><strong>ipsa</strong></span> <span class='ocrx_word' id='word_1_531' title='bbox 3488 2944 3591 2999; x_wconf 88' lang='lat' dir='ltr'><strong>ali-</strong></span> 
     </span>
    </p>
   </div>
   <div class='ocr_carea' id='block_1_75' title="bbox 2010 3037 3591 3113">
    <p class='ocr_par' dir='ltr' id='par_1_75' title="bbox 2010 3037 3591 3113">
     <span class='ocr_line' id='line_1_75' title="bbox 2010 3037 3591 3113; baseline -0.006 -11"><span class='ocrx_word' id='word_1_532' title='bbox 2010 3056 2089 3102; x_wconf 89' lang='lat' dir='ltr'><strong>ter</strong></span> <span class='ocrx_word' id='word_1_533' title='bbox 2118 3053 2419 3113; x_wconf 79' lang='lat' dir='ltr'><strong>exponunt.</strong></span> <span class='ocrx_word' id='word_1_534' title='bbox 2444 3044 2705 3098; x_wconf 87' lang='lat' dir='ltr'><strong>addentes</strong></span> <span class='ocrx_word' id='word_1_535' title='bbox 2726 3043 2775 3095; x_wconf 90' lang='lat' dir='ltr'><strong>id</strong></span> <span class='ocrx_word' id='word_1_536' title='bbox 2807 3042 3007 3110; x_wconf 89' lang='lat' dir='ltr'><strong>ipsum,</strong></span> <span class='ocrx_word' id='word_1_537' title='bbox 3032 3037 3256 3093; x_wconf 88' lang='lat' dir='ltr'><strong>minime</strong></span> <span class='ocrx_word' id='word_1_538' title='bbox 3281 3052 3442 3108; x_wconf 84' lang='lat' dir='ltr'><strong>posse</strong></span> <span class='ocrx_word' id='word_1_539' title='bbox 3468 3051 3591 3093; x_wconf 84' lang='lat' dir='ltr'><strong>esse</strong></span> 
     </span>
    </p>
   </div>
   <div class='ocr_carea' id='block_1_76' title="bbox 1931 3128 3591 3207">
    <p class='ocr_par' dir='ltr' id='par_1_76' title="bbox 1931 3128 3591 3207">
     <span class='ocr_line' id='line_1_76' title="bbox 1931 3128 3591 3207; baseline -0.008 -11"><span class='ocrx_word' id='word_1_540' title='bbox 1931 3142 1978 3207; x_wconf 86' lang='lat' dir='ltr'>C</span> <span class='ocrx_word' id='word_1_541' title='bbox 2013 3139 2178 3195; x_wconf 83' lang='lat' dir='ltr'><strong>alium</strong></span> <span class='ocrx_word' id='word_1_542' title='bbox 2221 3139 2540 3195; x_wconf 90' lang='lat' dir='ltr'><strong>eorumdem</strong></span> <span class='ocrx_word' id='word_1_543' title='bbox 2577 3146 2773 3207; x_wconf 69' lang='lat' dir='ltr'><strong>praeter</strong></span> <span class='ocrx_word' id='word_1_544' title='bbox 2807 3134 2954 3188; x_wconf 87' lang='lat' dir='ltr'><strong>hunc</strong></span> <span class='ocrx_word' id='word_1_545' title='bbox 3002 3132 3365 3194; x_wconf 89' lang='lat' dir='ltr'><strong>intellectum,</strong></span> <span class='ocrx_word' id='word_1_546' title='bbox 3413 3128 3591 3185; x_wconf 71' lang='lat' dir='ltr'><strong>Graeci</strong></span> 
     </span>
    </p>
   </div>
   <div class='ocr_carea' id='block_1_77' title="bbox 2009 3222 3595 3304">
    <p class='ocr_par' dir='ltr' id='par_1_77' title="bbox 2009 3222 3595 3304">
     <span class='ocr_line' id='line_1_77' title="bbox 2009 3222 3595 3304; baseline -0.009 -14"><span class='ocrx_word' id='word_1_547' title='bbox 2009 3245 2140 3291; x_wconf 85' lang='lat' dir='ltr'><strong>sunt</strong></span> <span class='ocrx_word' id='word_1_548' title='bbox 2167 3251 2181 3288; x_wconf 89' lang='lat'><strong>:</strong></span> <span class='ocrx_word' id='word_1_549' title='bbox 2214 3232 2308 3304; x_wconf 89' lang='lat' dir='ltr'><strong>qui</strong></span> <span class='ocrx_word' id='word_1_550' title='bbox 2345 3242 2465 3300; x_wconf 84' lang='lat' dir='ltr'><strong>post</strong></span> <span class='ocrx_word' id='word_1_551' title='bbox 2496 3231 2735 3287; x_wconf 85' lang='lat' dir='ltr'><strong>scltisma</strong></span> <span class='ocrx_word' id='word_1_552' title='bbox 2765 3227 2976 3283; x_wconf 89' lang='lat' dir='ltr'><strong>Latinis</strong></span> <span class='ocrx_word' id='word_1_553' title='bbox 2996 3226 3405 3282; x_wconf 87' lang='lat' dir='ltr'><strong>contradicunt.</strong></span> <span class='ocrx_word' id='word_1_554' title='bbox 3445 3222 3595 3288; x_wconf 83' lang='lat' dir='ltr'><strong>Quo-</strong></span> 
     </span>
    </p>
   </div>
   <div class='ocr_carea' id='block_1_78' title="bbox 2010 3313 3597 3395">
    <p class='ocr_par' dir='ltr' id='par_1_78' title="bbox 2010 3313 3597 3395">
     <span class='ocr_line' id='line_1_78' title="bbox 2010 3313 3597 3395; baseline -0.006 -14"><span class='ocrx_word' id='word_1_555' title='bbox 2010 3328 2159 3382; x_wconf 88' lang='lat' dir='ltr'><strong>niam</strong></span> <span class='ocrx_word' id='word_1_556' title='bbox 2215 3325 2561 3395; x_wconf 90' lang='lat' dir='ltr'><strong>antiquiores</strong></span> <span class='ocrx_word' id='word_1_557' title='bbox 2614 3322 2811 3389; x_wconf 73' lang='lat' dir='ltr'><strong>Grzeci,</strong></span> <span class='ocrx_word' id='word_1_558' title='bbox 2860 3322 2953 3392; x_wconf 90' lang='lat' dir='ltr'><strong>qui</strong></span> <span class='ocrx_word' id='word_1_559' title='bbox 3003 3321 3259 3377; x_wconf 86' lang='lat' dir='ltr'><strong>similiter</strong></span> <span class='ocrx_word' id='word_1_560' title='bbox 3314 3313 3597 3373; x_wconf 84' lang='lat' dir='ltr'><strong>modernis</strong></span> 
     </span>
    </p>
   </div>
   <div class='ocr_carea' id='block_1_79' title="bbox 2009 3410 3599 3486">
    <p class='ocr_par' dir='ltr' id='par_1_79' title="bbox 2009 3410 3599 3486">
     <span class='ocr_line' id='line_1_79' title="bbox 2009 3410 3599 3486; baseline -0.008 -12"><span class='ocrx_word' id='word_1_561' title='bbox 2009 3418 2215 3474; x_wconf 68' lang='lat' dir='ltr'><strong>Graecis</strong></span> <span class='ocrx_word' id='word_1_562' title='bbox 2253 3417 2445 3473; x_wconf 89' lang='lat' dir='ltr'><strong>eadem</strong></span> <span class='ocrx_word' id='word_1_563' title='bbox 2488 3425 2789 3486; x_wconf 85' lang='lat' dir='ltr'><strong>exponunt,</strong></span> <span class='ocrx_word' id='word_1_564' title='bbox 2823 3417 2977 3471; x_wconf 90' lang='lat' dir='ltr'><strong>nullo</strong></span> <span class='ocrx_word' id='word_1_565' title='bbox 3026 3414 3188 3469; x_wconf 90' lang='lat' dir='ltr'><strong>modo</strong></span> <span class='ocrx_word' id='word_1_566' title='bbox 3227 3413 3461 3474; x_wconf 88' lang='lat' dir='ltr'><strong>addunt,</strong></span> <span class='ocrx_word' id='word_1_567' title='bbox 3497 3410 3599 3463; x_wconf 89' lang='lat' dir='ltr'><strong>im-</strong></span> 
     </span>
    </p>
   </div>
   <div class='ocr_carea' id='block_1_80' title="bbox 2009 3501 3596 3578">
    <p class='ocr_par' dir='ltr' id='par_1_80' title="bbox 2009 3501 3596 3578">
     <span class='ocr_line' id='line_1_80' title="bbox 2009 3501 3596 3578; baseline -0.003 -17"><span class='ocrx_word' id='word_1_568' title='bbox 2009 3506 2274 3578; x_wconf 85' lang='lat' dir='ltr'><strong>possibile</strong></span> <span class='ocrx_word' id='word_1_569' title='bbox 2331 3506 2650 3562; x_wconf 86' lang='lat' dir='ltr'><strong>eorumdem</strong></span> <span class='ocrx_word' id='word_1_570' title='bbox 2704 3515 2759 3562; x_wconf 91' lang='lat' dir='ltr'><strong>et</strong></span> <span class='ocrx_word' id='word_1_571' title='bbox 2801 3507 2969 3560; x_wconf 81' lang='lat' dir='ltr'><strong>alium</strong></span> <span class='ocrx_word' id='word_1_572' title='bbox 3010 3520 3135 3561; x_wconf 89' lang='lat' dir='ltr'><strong>esse</strong></span> <span class='ocrx_word' id='word_1_573' title='bbox 3187 3518 3435 3560; x_wconf 87' lang='lat' dir='ltr'><strong>sensum.</strong></span> <span class='ocrx_word' id='word_1_574' title='bbox 3472 3501 3596 3558; x_wconf 75' lang='lat' dir='ltr'><strong>Scis</strong></span> 
     </span>
    </p>
   </div>
   <div class='ocr_carea' id='block_1_81' title="bbox 2011 3588 3597 3671">
    <p class='ocr_par' dir='ltr' id='par_1_81' title="bbox 2011 3588 3597 3671">
     <span class='ocr_line' id='line_1_81' title="bbox 2011 3588 3597 3671; baseline -0.004 -17"><span class='ocrx_word' id='word_1_575' title='bbox 2011 3600 2234 3671; x_wconf 86' lang='lat' dir='ltr'><strong>quippe,</strong></span> <span class='ocrx_word' id='word_1_576' title='bbox 2270 3599 2416 3669; x_wconf 89' lang='lat' dir='ltr'><strong>quod</strong></span> <span class='ocrx_word' id='word_1_577' title='bbox 2452 3598 2620 3654; x_wconf 87' lang='lat' dir='ltr'><strong>nimis</strong></span> <span class='ocrx_word' id='word_1_578' title='bbox 2660 3598 2713 3651; x_wconf 92' lang='lat' dir='ltr'><strong>in</strong></span> <span class='ocrx_word' id='word_1_579' title='bbox 2743 3598 2932 3653; x_wconf 89' lang='lat' dir='ltr'><strong>multis</strong></span> <span class='ocrx_word' id='word_1_580' title='bbox 2972 3588 3155 3669; x_wconf 78' lang='lat' dir='ltr'><strong>potest</strong></span> <span class='ocrx_word' id='word_1_581' title='bbox 3203 3596 3348 3661; x_wconf 87' lang='lat' dir='ltr'><strong>lieri,</strong></span> <span class='ocrx_word' id='word_1_582' title='bbox 3376 3610 3597 3650; x_wconf 83' lang='lat' dir='ltr'><strong>eorum-</strong></span> 
     </span>
    </p>
   </div>
   <div class='ocr_carea' id='block_1_82' title="bbox 2012 3687 3593 3761">
    <p class='ocr_par' dir='ltr' id='par_1_82' title="bbox 2012 3687 3593 3761">
     <span class='ocr_line' id='line_1_82' title="bbox 2012 3687 3593 3761; baseline -0.005 -12"><span class='ocrx_word' id='word_1_583' title='bbox 2012 3693 2137 3749; x_wconf 90' lang='lat' dir='ltr'><strong>dem</strong></span> <span class='ocrx_word' id='word_1_584' title='bbox 2162 3692 2410 3748; x_wconf 87' lang='lat' dir='ltr'><strong>diversos</strong></span> <span class='ocrx_word' id='word_1_585' title='bbox 2428 3707 2551 3748; x_wconf 89' lang='lat' dir='ltr'><strong>esse</strong></span> <span class='ocrx_word' id='word_1_586' title='bbox 2582 3691 2912 3753; x_wconf 85' lang='lat' dir='ltr'><strong>intellectus,</strong></span> <span class='ocrx_word' id='word_1_587' title='bbox 2946 3706 3051 3745; x_wconf 88' lang='lat' dir='ltr'><strong>non</strong></span> <span class='ocrx_word' id='word_1_588' title='bbox 3077 3698 3443 3761; x_wconf 76' lang='lat' dir='ltr'><strong>repugnantes</strong></span> <span class='ocrx_word' id='word_1_589' title='bbox 3465 3687 3593 3751; x_wconf 71' lang='lat' dir='ltr'><strong>sibi,</strong></span> 
     </span>
    </p>
   </div>
   <div class='ocr_carea' id='block_1_83' title="bbox 2012 3780 3593 3854">
    <p class='ocr_par' dir='ltr' id='par_1_83' title="bbox 2012 3780 3593 3854">
     <span class='ocr_line' id='line_1_83' title="bbox 2012 3780 3593 3854; baseline -0.006 -12"><span class='ocrx_word' id='word_1_590' title='bbox 2012 3796 2068 3842; x_wconf 91' lang='lat' dir='ltr'><strong>et</strong></span> <span class='ocrx_word' id='word_1_591' title='bbox 2093 3801 2199 3840; x_wconf 91' lang='lat' dir='ltr'><strong>non</strong></span> <span class='ocrx_word' id='word_1_592' title='bbox 2230 3800 2422 3841; x_wconf 89' lang='lat' dir='ltr'><strong>omnes</strong></span> <span class='ocrx_word' id='word_1_593' title='bbox 2441 3784 2509 3841; x_wconf 90' lang='lat' dir='ltr'><strong>ab</strong></span> <span class='ocrx_word' id='word_1_594' title='bbox 2533 3784 2792 3841; x_wconf 91' lang='lat' dir='ltr'><strong>omnibus</strong></span> <span class='ocrx_word' id='word_1_595' title='bbox 2821 3784 3019 3854; x_wconf 88' lang='lat' dir='ltr'><strong>aperiri</strong></span> <span class='ocrx_word' id='word_1_596' title='bbox 3044 3824 3060 3850; x_wconf 93' lang='lat'><strong>,</strong></span> <span class='ocrx_word' id='word_1_597' title='bbox 3087 3782 3178 3838; x_wconf 90' lang='lat' dir='ltr'><strong>sed</strong></span> <span class='ocrx_word' id='word_1_598' title='bbox 3200 3780 3339 3836; x_wconf 88' lang='lat' dir='ltr'><strong>alios</strong></span> <span class='ocrx_word' id='word_1_599' title='bbox 3362 3782 3430 3835; x_wconf 89' lang='lat' dir='ltr'><strong>ab</strong></span> <span class='ocrx_word' id='word_1_600' title='bbox 3450 3780 3593 3834; x_wconf 78' lang='lat' dir='ltr'><strong>aliis.</strong></span> 
     </span>
    </p>
   </div>
   <div class='ocr_carea' id='block_1_84' title="bbox 2014 3874 3594 3950">
    <p class='ocr_par' dir='ltr' id='par_1_84' title="bbox 2014 3874 3594 3950">
     <span class='ocr_line' id='line_1_84' title="bbox 2014 3874 3594 3950; baseline -0.004 -15"><span class='ocrx_word' id='word_1_601' title='bbox 2014 3880 2216 3947; x_wconf 75' lang='lat' dir='ltr'><strong>Quales</strong></span> <span class='ocrx_word' id='word_1_602' title='bbox 2245 3886 2374 3934; x_wconf 84' lang='lat' dir='ltr'><strong>sunt</strong></span> <span class='ocrx_word' id='word_1_603' title='bbox 2396 3876 3187 3950; x_wconf 87' lang='lat' dir='ltr'><strong>repugnantesintellectus,et</strong></span> <span class='ocrx_word' id='word_1_604' title='bbox 3215 3884 3271 3931; x_wconf 89' lang='lat' dir='ltr'><strong>tu</strong></span> <span class='ocrx_word' id='word_1_605' title='bbox 3305 3874 3594 3930; x_wconf 75' lang='lat' dir='ltr'><strong>ostendisti</strong></span> 
     </span>
    </p>
   </div>
   <div class='ocr_carea' id='block_1_85' title="bbox 2015 3969 3597 4044">
    <p class='ocr_par' dir='ltr' id='par_1_85' title="bbox 2015 3969 3597 4044">
     <span class='ocr_line' id='line_1_85' title="bbox 2015 3969 3597 4044; baseline -0.005 -15"><span class='ocrx_word' id='word_1_606' title='bbox 2015 3976 2070 4030; x_wconf 91' lang='lat' dir='ltr'><strong>in</strong></span> <span class='ocrx_word' id='word_1_607' title='bbox 2099 3972 2345 4043; x_wconf 91' lang='lat' dir='ltr'><strong>pluribus</strong></span> <span class='ocrx_word' id='word_1_608' title='bbox 2376 3971 2537 4027; x_wconf 88' lang='lat' dir='ltr'><strong>dictis</strong></span> <span class='ocrx_word' id='word_1_609' title='bbox 2569 3981 2623 4026; x_wconf 90' lang='lat' dir='ltr'><strong>et</strong></span> <span class='ocrx_word' id='word_1_610' title='bbox 2646 3972 2821 4044; x_wconf 85' lang='lat' dir='ltr'><strong>magis</strong></span> <span class='ocrx_word' id='word_1_611' title='bbox 2852 3973 2918 4026; x_wconf 89' lang='lat' dir='ltr'><strong>ad</strong></span> <span class='ocrx_word' id='word_1_612' title='bbox 2945 3969 3377 4026; x_wconf 86' lang='lat' dir='ltr'><strong>coneludendam</strong></span> <span class='ocrx_word' id='word_1_613' title='bbox 3410 3985 3597 4023; x_wconf 83' lang='lat' dir='ltr'><strong>neces-</strong></span> 
     </span>
    </p>
   </div>
   <div class='ocr_carea' id='block_1_86' title="bbox 2017 4062 3597 4123">
    <p class='ocr_par' dir='ltr' id='par_1_86' title="bbox 2017 4062 3597 4123">
     <span class='ocr_line' id='line_1_86' title="bbox 2017 4062 3597 4123; baseline -0.004 0"><span class='ocrx_word' id='word_1_614' title='bbox 2017 4067 2180 4123; x_wconf 90' lang='lat' dir='ltr'><strong>sariis</strong></span> <span class='ocrx_word' id='word_1_615' title='bbox 2208 4081 2272 4121; x_wconf 87' lang='lat' dir='ltr'><strong>ex</strong></span> <span class='ocrx_word' id='word_1_616' title='bbox 2298 4066 2378 4121; x_wconf 89' lang='lat' dir='ltr'><strong>eis</strong></span> <span class='ocrx_word' id='word_1_617' title='bbox 2410 4064 2732 4121; x_wconf 87' lang='lat' dir='ltr'><strong>Latinorum</strong></span> <span class='ocrx_word' id='word_1_618' title='bbox 2763 4064 3196 4120; x_wconf 85' lang='lat' dir='ltr'><strong>conclusionem.</strong></span> <span class='ocrx_word' id='word_1_619' title='bbox 3230 4062 3597 4117; x_wconf 81' lang='lat' dir='ltr'><strong>Admittentes</strong></span> 
     </span>
    </p>
   </div>
   <div class='ocr_carea' id='block_1_87' title="bbox 2016 4145 3597 4232">
    <p class='ocr_par' dir='ltr' id='par_1_87' title="bbox 2016 4145 3597 4232">
     <span class='ocr_line' id='line_1_87' title="bbox 2016 4145 3597 4232; baseline -0.005 -15"><span class='ocrx_word' id='word_1_620' title='bbox 2016 4162 2159 4217; x_wconf 89' lang='lat' dir='ltr'><strong>enim</strong></span> <span class='ocrx_word' id='word_1_621' title='bbox 2196 4159 2376 4215; x_wconf 89' lang='lat' dir='ltr'><strong>Latini</strong></span> <span class='ocrx_word' id='word_1_622' title='bbox 2411 4159 2711 4232; x_wconf 84' lang='lat' dir='ltr'><strong>integre,et</strong></span> <span class='ocrx_word' id='word_1_623' title='bbox 2740 4160 2919 4231; x_wconf 61' lang='lat' dir='ltr'><strong>illum,</strong></span> <span class='ocrx_word' id='word_1_624' title='bbox 2942 4173 3106 4228; x_wconf 90' lang='lat' dir='ltr'><strong>quem</strong></span> <span class='ocrx_word' id='word_1_625' title='bbox 3144 4145 3352 4223; x_wconf 77' lang='lat' dir='ltr'><strong>dixisti,</strong></span> <span class='ocrx_word' id='word_1_626' title='bbox 3378 4171 3597 4211; x_wconf 68' lang='lat' dir='ltr'><strong>eorumo</strong></span> 
     </span>
    </p>
   </div>
   <div class='ocr_carea' id='block_1_88' title="bbox 2018 4251 3596 4323">
    <p class='ocr_par' dir='ltr' id='par_1_88' title="bbox 2018 4251 3596 4323">
     <span class='ocr_line' id='line_1_88' title="bbox 2018 4251 3596 4323; baseline -0.002 -16"><span class='ocrx_word' id='word_1_627' title='bbox 2018 4254 2140 4307; x_wconf 90' lang='lat' dir='ltr'><strong>dem</strong></span> <span class='ocrx_word' id='word_1_628' title='bbox 2167 4266 2331 4323; x_wconf 85' lang='lat' dir='ltr'><strong>posse</strong></span> <span class='ocrx_word' id='word_1_629' title='bbox 2362 4251 2478 4307; x_wconf 84' lang='lat' dir='ltr'><strong>ﬂeri</strong></span> <span class='ocrx_word' id='word_1_630' title='bbox 2501 4252 2668 4307; x_wconf 86' lang='lat' dir='ltr'><strong>alium</strong></span> <span class='ocrx_word' id='word_1_631' title='bbox 2694 4266 2939 4316; x_wconf 84' lang='lat' dir='ltr'><strong>sensum,</strong></span> <span class='ocrx_word' id='word_1_632' title='bbox 2970 4251 3044 4306; x_wconf 89' lang='lat' dir='ltr'><strong>ita</strong></span> <span class='ocrx_word' id='word_1_633' title='bbox 3076 4265 3235 4305; x_wconf 90' lang='lat' dir='ltr'><strong>suum</strong></span> <span class='ocrx_word' id='word_1_634' title='bbox 3268 4251 3596 4304; x_wconf 87' lang='lat' dir='ltr'><strong>habuerunt.</strong></span> 
     </span>
    </p>
   </div>
   <div class='ocr_carea' id='block_1_89' title="bbox 2016 4342 3599 4413">
    <p class='ocr_par' dir='ltr' id='par_1_89' title="bbox 2016 4342 3599 4413">
     <span class='ocr_line' id='line_1_89' title="bbox 2016 4342 3599 4413; baseline -0.002 -14"><span class='ocrx_word' id='word_1_635' title='bbox 2016 4346 2199 4413; x_wconf 83' lang='lat' dir='ltr'><strong>Quare</strong></span> <span class='ocrx_word' id='word_1_636' title='bbox 2215 4361 2339 4400; x_wconf 90' lang='lat' dir='ltr'><strong>cum</strong></span> <span class='ocrx_word' id='word_1_637' title='bbox 2360 4345 2535 4400; x_wconf 84' lang='lat' dir='ltr'><strong>sancti</strong></span> <span class='ocrx_word' id='word_1_638' title='bbox 2557 4352 2611 4399; x_wconf 89' lang='lat' dir='ltr'><strong>et</strong></span> <span class='ocrx_word' id='word_1_639' title='bbox 2631 4344 2773 4400; x_wconf 86' lang='lat' dir='ltr'><strong>beati</strong></span> <span class='ocrx_word' id='word_1_640' title='bbox 2789 4346 2914 4408; x_wconf 81' lang='lat' dir='ltr'><strong>viri,</strong></span> <span class='ocrx_word' id='word_1_641' title='bbox 2934 4344 3025 4413; x_wconf 85' lang='lat' dir='ltr'><strong>qui</strong></span> <span class='ocrx_word' id='word_1_642' title='bbox 3050 4359 3279 4413; x_wconf 86' lang='lat' dir='ltr'><strong>utroque</strong></span> <span class='ocrx_word' id='word_1_643' title='bbox 3309 4344 3473 4398; x_wconf 91' lang='lat' dir='ltr'><strong>modo</strong></span> <span class='ocrx_word' id='word_1_644' title='bbox 3498 4342 3599 4397; x_wconf 85' lang='lat' dir='ltr'><strong>ltu-</strong></span> 
     </span>
    </p>
   </div>
   <div class='ocr_carea' id='block_1_90' title="bbox 2014 4434 3600 4507">
    <p class='ocr_par' dir='ltr' id='par_1_90' title="bbox 2014 4434 3600 4507">
     <span class='ocr_line' id='line_1_90' title="bbox 2014 4434 3600 4507; baseline 0.004 -23"><span class='ocrx_word' id='word_1_645' title='bbox 2014 4435 2254 4507; x_wconf 88' lang='lat' dir='ltr'><strong>jusmodi</strong></span> <span class='ocrx_word' id='word_1_646' title='bbox 2285 4435 2432 4491; x_wconf 84' lang='lat' dir='ltr'><strong>dicta</strong></span> <span class='ocrx_word' id='word_1_647' title='bbox 2466 4436 2797 4506; x_wconf 89' lang='lat' dir='ltr'><strong>intelligunt,</strong></span> <span class='ocrx_word' id='word_1_648' title='bbox 2820 4448 2872 4490; x_wconf 92' lang='lat' dir='ltr'><strong>et</strong></span> <span class='ocrx_word' id='word_1_649' title='bbox 2897 4452 2959 4491; x_wconf 80' lang='lat' dir='ltr'><strong>es</strong></span> <span class='ocrx_word' id='word_1_650' title='bbox 2982 4434 3119 4492; x_wconf 84' lang='lat' dir='ltr'><strong>Filio</strong></span> <span class='ocrx_word' id='word_1_651' title='bbox 3139 4438 3436 4505; x_wconf 69' lang='lat' dir='ltr'><strong>procedere</strong></span> <span class='ocrx_word' id='word_1_652' title='bbox 3476 4436 3600 4507; x_wconf 78' lang='lat' dir='ltr'><strong>Spi-</strong></span> 
     </span>
    </p>
   </div>
   <div class='ocr_carea' id='block_1_91' title="bbox 342 4520 3600 4601">
    <p class='ocr_par' dir='ltr' id='par_1_91' title="bbox 342 4520 3600 4601">
     <span class='ocr_line' id='line_1_91' title="bbox 342 4520 3600 4601; baseline 0.001 -20"><span class='ocrx_word' id='word_1_653' title='bbox 342 4531 637 4601; x_wconf 85' lang='lat' dir='ltr'><strong>prucedere</strong></span> <span class='ocrx_word' id='word_1_654' title='bbox 668 4527 932 4600; x_wconf 88' lang='lat' dir='ltr'><strong>Spiritum</strong></span> <span class='ocrx_word' id='word_1_655' title='bbox 957 4539 1210 4588; x_wconf 87' lang='lat' dir='ltr'><strong>sanetum</strong></span> <span class='ocrx_word' id='word_1_656' title='bbox 1232 4529 1649 4595; x_wconf 83' lang='lat' dir='ltr'><strong>duxerunt,tria</strong></span> <span class='ocrx_word' id='word_1_657' title='bbox 1679 4531 1918 4588; x_wconf 80' lang='lat' dir='ltr'><strong>maxime</strong></span> <span class='ocrx_word' id='word_1_658' title='bbox 1946 4520 1995 4581; x_wconf 84' lang='lat' dir='ltr'><strong>D</strong></span> <span class='ocrx_word' id='word_1_659' title='bbox 2024 4532 2185 4583; x_wconf 90' lang='lat' dir='ltr'><strong>ritum</strong></span> <span class='ocrx_word' id='word_1_660' title='bbox 2210 4539 2459 4584; x_wconf 80' lang='lat' dir='ltr'><strong>sanctum</strong></span> <span class='ocrx_word' id='word_1_661' title='bbox 2501 4544 2565 4585; x_wconf 84' lang='lat' dir='ltr'><strong>ex</strong></span> <span class='ocrx_word' id='word_1_662' title='bbox 2606 4530 2738 4598; x_wconf 88' lang='lat' dir='ltr'><strong>ipsis</strong></span> <span class='ocrx_word' id='word_1_663' title='bbox 2782 4530 3114 4585; x_wconf 80' lang='lat' dir='ltr'><strong>concludunt</strong></span> <span class='ocrx_word' id='word_1_664' title='bbox 3140 4572 3154 4596; x_wconf 91' lang='lat'><strong>,</strong></span> <span class='ocrx_word' id='word_1_665' title='bbox 3181 4547 3287 4584; x_wconf 86' lang='lat' dir='ltr'><strong>non</strong></span> <span class='ocrx_word' id='word_1_666' title='bbox 3312 4532 3445 4585; x_wconf 82' lang='lat' dir='ltr'><strong>tales</strong></span> <span class='ocrx_word' id='word_1_667' title='bbox 3468 4546 3600 4586; x_wconf 74' lang='lat' dir='ltr'><strong>Vero</strong></span> 
     </span>
    </p>
   </div>
   <div class='ocr_carea' id='block_1_92' title="bbox 340 4625 1915 4695">
    <p class='ocr_par' dir='ltr' id='par_1_92' title="bbox 340 4625 1915 4695">
     <span class='ocr_line' id='line_1_92' title="bbox 340 4625 1915 4695; baseline 0 -14"><span class='ocrx_word' id='word_1_668' title='bbox 340 4636 489 4681; x_wconf 91' lang='lat' dir='ltr'><strong>sunt.</strong></span> <span class='ocrx_word' id='word_1_669' title='bbox 539 4625 785 4692; x_wconf 84' lang='lat' dir='ltr'><strong>Quorum</strong></span> <span class='ocrx_word' id='word_1_670' title='bbox 816 4625 925 4680; x_wconf 90' lang='lat' dir='ltr'><strong>duo</strong></span> <span class='ocrx_word' id='word_1_671' title='bbox 951 4634 1007 4681; x_wconf 90' lang='lat' dir='ltr'><strong>et</strong></span> <span class='ocrx_word' id='word_1_672' title='bbox 1034 4626 1087 4681; x_wconf 91' lang='lat' dir='ltr'><strong>in</strong></span> <span class='ocrx_word' id='word_1_673' title='bbox 1131 4635 1223 4680; x_wconf 89' lang='lat' dir='ltr'><strong>tua</strong></span> <span class='ocrx_word' id='word_1_674' title='bbox 1253 4626 1483 4695; x_wconf 81' lang='lat' dir='ltr'><strong>epistola</strong></span> <span class='ocrx_word' id='word_1_675' title='bbox 1521 4627 1915 4681; x_wconf 89' lang='lat' dir='ltr'><strong>continentur:</strong></span> 
     </span>
    </p>
   </div>
   <div class='ocr_carea' id='block_1_93' title="bbox 340 4706 1917 4789">
    <p class='ocr_par' dir='ltr' id='par_1_93' title="bbox 340 4706 1917 4789">
     <span class='ocr_line' id='line_1_93' title="bbox 340 4706 1917 4789; baseline 0.001 -18"><span class='ocrx_word' id='word_1_676' title='bbox 340 4717 572 4784; x_wconf 83' lang='lat' dir='ltr'><strong>scilicet,</strong></span> <span class='ocrx_word' id='word_1_677' title='bbox 604 4719 747 4789; x_wconf 84' lang='lat' dir='ltr'><strong>quod</strong></span> <span class='ocrx_word' id='word_1_678' title='bbox 772 4719 929 4773; x_wconf 89' lang='lat' dir='ltr'><strong>multi</strong></span> <span class='ocrx_word' id='word_1_679' title='bbox 966 4729 1279 4774; x_wconf 87' lang='lat' dir='ltr'><strong>nostrorum</strong></span> <span class='ocrx_word' id='word_1_680' title='bbox 1308 4717 1556 4783; x_wconf 84' lang='lat' dir='ltr'><strong>Patrum,</strong></span> <span class='ocrx_word' id='word_1_681' title='bbox 1590 4729 1642 4773; x_wconf 88' lang='lat' dir='ltr'><strong>et</strong></span> <span class='ocrx_word' id='word_1_682' title='bbox 1663 4706 1917 4789; x_wconf 85' lang='lat' dir='ltr'><strong>magnam</strong></span> 
     </span>
    </p>
   </div>
   <div class='ocr_carea' id='block_1_94' title="bbox 338 4810 1919 4878">
    <p class='ocr_par' dir='ltr' id='par_1_94' title="bbox 338 4810 1919 4878">
     <span class='ocr_line' id='line_1_94' title="bbox 338 4810 1919 4878; baseline 0 -17"><span class='ocrx_word' id='word_1_683' title='bbox 338 4810 648 4876; x_wconf 85' lang='lat' dir='ltr'><strong>opinionem</strong></span> <span class='ocrx_word' id='word_1_684' title='bbox 712 4810 1055 4877; x_wconf 87' lang='lat' dir='ltr'><strong>habentium,</strong></span> <span class='ocrx_word' id='word_1_685' title='bbox 1108 4824 1321 4864; x_wconf 88' lang='lat' dir='ltr'><strong>sacram</strong></span> <span class='ocrx_word' id='word_1_686' title='bbox 1364 4819 1419 4864; x_wconf 91' lang='lat' dir='ltr'><strong>et</strong></span> <span class='ocrx_word' id='word_1_687' title='bbox 1453 4810 1697 4863; x_wconf 85' lang='lat' dir='ltr'><strong>divinam</strong></span> <span class='ocrx_word' id='word_1_688' title='bbox 1745 4823 1919 4878; x_wconf 57' lang='lat' dir='ltr'><strong>expov</strong></span> 
     </span>
    </p>
   </div>
   <div class='ocr_carea' id='block_1_95' title="bbox 339 4886 1923 4973">
    <p class='ocr_par' dir='ltr' id='par_1_95' title="bbox 339 4886 1923 4973">
     <span class='ocr_line' id='line_1_95' title="bbox 339 4886 1923 4973; baseline 0.001 -20"><span class='ocrx_word' id='word_1_689' title='bbox 339 4902 518 4955; x_wconf 86' lang='lat' dir='ltr'><strong>nendo</strong></span> <span class='ocrx_word' id='word_1_690' title='bbox 550 4900 915 4970; x_wconf 90' lang='lat' dir='ltr'><strong>Seripturam,</strong></span> <span class='ocrx_word' id='word_1_691' title='bbox 946 4918 1010 4958; x_wconf 86' lang='lat' dir='ltr'><strong>cx</strong></span> <span class='ocrx_word' id='word_1_692' title='bbox 1048 4918 1162 4973; x_wconf 82' lang='lat' dir='ltr'><strong>ipsa</strong></span> <span class='ocrx_word' id='word_1_693' title='bbox 1190 4904 1345 4958; x_wconf 90' lang='lat' dir='ltr'><strong>aiunt</strong></span> <span class='ocrx_word' id='word_1_694' title='bbox 1380 4886 1439 4957; x_wconf 86' lang='lat' dir='ltr'><strong>se</strong></span> <span class='ocrx_word' id='word_1_695' title='bbox 1471 4902 1834 4965; x_wconf 83' lang='lat' dir='ltr'><strong>intellexisse,</strong></span> <span class='ocrx_word' id='word_1_696' title='bbox 1864 4909 1923 4956; x_wconf 88' lang='lat' dir='ltr'><strong>et</strong></span> 
     </span>
    </p>
   </div>
   <div class='ocr_carea' id='block_1_96' title="bbox 336 4989 1923 5065">
    <p class='ocr_par' dir='ltr' id='par_1_96' title="bbox 336 4989 1923 5065">
     <span class='ocr_line' id='line_1_96' title="bbox 336 4989 1923 5065; baseline 0.002 -20"><span class='ocrx_word' id='word_1_697' title='bbox 336 5008 400 5046; x_wconf 83' lang='lat' dir='ltr'><strong>ex</strong></span> <span class='ocrx_word' id='word_1_698' title='bbox 436 4989 573 5047; x_wconf 87' lang='lat' dir='ltr'><strong>Filio</strong></span> <span class='ocrx_word' id='word_1_699' title='bbox 604 4992 869 5062; x_wconf 88' lang='lat' dir='ltr'><strong>Spiritum</strong></span> <span class='ocrx_word' id='word_1_700' title='bbox 901 5005 1150 5051; x_wconf 87' lang='lat' dir='ltr'><strong>sanctum</strong></span> <span class='ocrx_word' id='word_1_701' title='bbox 1172 4996 1493 5065; x_wconf 90' lang='lat' dir='ltr'><strong>procedere.</strong></span> <span class='ocrx_word' id='word_1_702' title='bbox 1526 4994 1593 5049; x_wconf 88' lang='lat' dir='ltr'><strong>Et</strong></span> <span class='ocrx_word' id='word_1_703' title='bbox 1620 4994 1743 5050; x_wconf 87' lang='lat' dir='ltr'><strong>ideo</strong></span> <span class='ocrx_word' id='word_1_704' title='bbox 1765 5009 1923 5065; x_wconf 84' lang='lat' dir='ltr'><strong>aper-</strong></span> 
     </span>
    </p>
   </div>
   <div class='ocr_carea' id='block_1_97' title="bbox 341 5084 1921 5159">
    <p class='ocr_par' dir='ltr' id='par_1_97' title="bbox 341 5084 1921 5159">
     <span class='ocr_line' id='line_1_97' title="bbox 341 5084 1921 5159; baseline 0.001 -20"><span class='ocrx_word' id='word_1_705' title='bbox 341 5084 552 5139; x_wconf 88' lang='lat' dir='ltr'><strong>tissime</strong></span> <span class='ocrx_word' id='word_1_706' title='bbox 596 5094 651 5139; x_wconf 89' lang='lat' dir='ltr'><strong>et</strong></span> <span class='ocrx_word' id='word_1_707' title='bbox 694 5101 790 5155; x_wconf 89' lang='lat' dir='ltr'><strong>per</strong></span> <span class='ocrx_word' id='word_1_708' title='bbox 822 5087 995 5141; x_wconf 88' lang='lat' dir='ltr'><strong>multa</strong></span> <span class='ocrx_word' id='word_1_709' title='bbox 1035 5087 1089 5142; x_wconf 89' lang='lat' dir='ltr'><strong>in</strong></span> <span class='ocrx_word' id='word_1_710' title='bbox 1144 5088 1260 5144; x_wconf 85' lang='lat' dir='ltr'><strong>suis</strong></span> <span class='ocrx_word' id='word_1_711' title='bbox 1288 5087 1513 5159; x_wconf 89' lang='lat' dir='ltr'><strong>scriptis</strong></span> <span class='ocrx_word' id='word_1_712' title='bbox 1563 5087 1667 5142; x_wconf 87' lang='lat' dir='ltr'><strong>hoc</strong></span> <span class='ocrx_word' id='word_1_713' title='bbox 1698 5087 1921 5153; x_wconf 84' lang='lat' dir='ltr'><strong>docent,</strong></span> 
     </span>
    </p>
   </div>
   <div class='ocr_carea' id='block_1_98' title="bbox 339 5174 1923 5253">
    <p class='ocr_par' dir='ltr' id='par_1_98' title="bbox 339 5174 1923 5253">
     <span class='ocr_line' id='line_1_98' title="bbox 339 5174 1923 5253; baseline 0.003 -22"><span class='ocrx_word' id='word_1_714' title='bbox 339 5174 503 5231; x_wconf 84' lang='lat' dir='ltr'><strong>sicuti</strong></span> <span class='ocrx_word' id='word_1_715' title='bbox 536 5186 761 5234; x_wconf 88' lang='lat' dir='ltr'><strong>sanctus</strong></span> <span class='ocrx_word' id='word_1_716' title='bbox 794 5180 1155 5247; x_wconf 77' lang='lat' dir='ltr'><strong>Augustinus,</strong></span> <span class='ocrx_word' id='word_1_717' title='bbox 1188 5193 1415 5237; x_wconf 90' lang='lat' dir='ltr'><strong>sanctus</strong></span> <span class='ocrx_word' id='word_1_718' title='bbox 1444 5181 1704 5253; x_wconf 79' lang='lat' dir='ltr'><strong>Cyrillus.</strong></span> <span class='ocrx_word' id='word_1_719' title='bbox 1738 5180 1804 5236; x_wconf 86' lang='lat' dir='ltr'><strong>Et</strong></span> <span class='ocrx_word' id='word_1_720' title='bbox 1838 5197 1923 5236; x_wconf 51' lang='lat' dir='ltr'><strong>se:</strong></span> 
     </span>
    </p>
   </div>
   <div class='ocr_carea' id='block_1_99' title="bbox 338 5270 1918 5343">
    <p class='ocr_par' dir='ltr' id='par_1_99' title="bbox 338 5270 1918 5343">
     <span class='ocr_line' id='line_1_99' title="bbox 338 5270 1918 5343; baseline 0.004 -21"><span class='ocrx_word' id='word_1_721' title='bbox 338 5270 582 5324; x_wconf 89' lang='lat' dir='ltr'><strong>cundum</strong></span> <span class='ocrx_word' id='word_1_722' title='bbox 631 5272 775 5339; x_wconf 90' lang='lat' dir='ltr'><strong>quod</strong></span> <span class='ocrx_word' id='word_1_723' title='bbox 819 5273 986 5327; x_wconf 81' lang='lat' dir='ltr'><strong>etiam</strong></span> <span class='ocrx_word' id='word_1_724' title='bbox 1030 5272 1273 5329; x_wconf 72' lang='lat' dir='ltr'><strong>lionnaua</strong></span> <span class='ocrx_word' id='word_1_725' title='bbox 1310 5275 1573 5339; x_wconf 87' lang='lat' dir='ltr'><strong>Ecclesia,</strong></span> <span class='ocrx_word' id='word_1_726' title='bbox 1600 5291 1720 5343; x_wconf 82' lang='lat' dir='ltr'><strong>quae</strong></span> <span class='ocrx_word' id='word_1_727' title='bbox 1751 5285 1804 5328; x_wconf 89' lang='lat' dir='ltr'><strong>et</strong></span> <span class='ocrx_word' id='word_1_728' title='bbox 1835 5276 1918 5328; x_wconf 81' lang='lat' dir='ltr'><strong>di-</strong></span> 
     </span>
    </p>
   </div>
   <div class='ocr_carea' id='block_1_100' title="bbox 338 5363 1922 5439">
    <p class='ocr_par' dir='ltr' id='par_1_100' title="bbox 338 5363 1922 5439">
     <span class='ocr_line' id='line_1_100' title="bbox 338 5363 1922 5439; baseline 0.007 -28"><span class='ocrx_word' id='word_1_729' title='bbox 338 5363 488 5430; x_wconf 82' lang='lat' dir='ltr'><strong>guita</strong></span> <span class='ocrx_word' id='word_1_730' title='bbox 502 5373 553 5416; x_wconf 91' lang='lat' dir='ltr'><strong>te</strong></span> <span class='ocrx_word' id='word_1_731' title='bbox 578 5372 632 5418; x_wconf 81' lang='lat' dir='ltr'><strong>et</strong></span> <span class='ocrx_word' id='word_1_732' title='bbox 653 5364 915 5430; x_wconf 90' lang='lat' dir='ltr'><strong>dominio,</strong></span> <span class='ocrx_word' id='word_1_733' title='bbox 934 5376 987 5421; x_wconf 90' lang='lat' dir='ltr'><strong>et</strong></span> <span class='ocrx_word' id='word_1_734' title='bbox 1017 5381 1142 5436; x_wconf 86' lang='lat' dir='ltr'><strong>erga</strong></span> <span class='ocrx_word' id='word_1_735' title='bbox 1171 5366 1507 5434; x_wconf 86' lang='lat' dir='ltr'><strong>Scripturam</strong></span> <span class='ocrx_word' id='word_1_736' title='bbox 1528 5368 1775 5439; x_wconf 82' lang='lat' dir='ltr'><strong>diligenti</strong></span> <span class='ocrx_word' id='word_1_737' title='bbox 1803 5378 1922 5422; x_wconf 81' lang='lat' dir='ltr'><strong>stu-</strong></span> 
     </span>
    </p>
   </div>
   <div class='ocr_carea' id='block_1_101' title="bbox 339 5456 1923 5531">
    <p class='ocr_par' dir='ltr' id='par_1_101' title="bbox 339 5456 1923 5531">
     <span class='ocr_line' id='line_1_101' title="bbox 339 5456 1923 5531; baseline 0.004 -22"><span class='ocrx_word' id='word_1_738' title='bbox 339 5456 433 5509; x_wconf 91' lang='lat' dir='ltr'><strong>dio</strong></span> <span class='ocrx_word' id='word_1_739' title='bbox 460 5466 684 5527; x_wconf 88' lang='lat' dir='ltr'><strong>superat</strong></span> <span class='ocrx_word' id='word_1_740' title='bbox 711 5473 1063 5529; x_wconf 75' lang='lat' dir='ltr'><strong>omnes,qua:</strong></span> <span class='ocrx_word' id='word_1_741' title='bbox 1090 5476 1306 5530; x_wconf 83' lang='lat' dir='ltr'><strong>semper</strong></span> <span class='ocrx_word' id='word_1_742' title='bbox 1331 5470 1475 5514; x_wconf 71' lang='lat' dir='ltr'><strong>recta</strong></span> <span class='ocrx_word' id='word_1_743' title='bbox 1512 5460 1756 5516; x_wconf 83' lang='lat' dir='ltr'><strong>defendit</strong></span> <span class='ocrx_word' id='word_1_744' title='bbox 1788 5462 1923 5531; x_wconf 78' lang='lat' dir='ltr'><strong>dog-</strong></span> 
     </span>
    </p>
   </div>
   <div class='ocr_carea' id='block_1_102' title="bbox 346 5547 1923 5620">
    <p class='ocr_par' dir='ltr' id='par_1_102' title="bbox 346 5547 1923 5620">
     <span class='ocr_line' id='line_1_102' title="bbox 346 5547 1923 5620; baseline 0.006 -21"><span class='ocrx_word' id='word_1_745' title='bbox 346 5550 519 5614; x_wconf 71' lang='lat' dir='ltr'><strong>mata,”</strong></span> <span class='ocrx_word' id='word_1_746' title='bbox 544 5547 783 5617; x_wconf 88' lang='lat' dir='ltr'><strong>idipsum</strong></span> <span class='ocrx_word' id='word_1_747' title='bbox 808 5565 837 5604; x_wconf 84' lang='lat' dir='ltr'><strong>a</strong></span> <span class='ocrx_word' id='word_1_748' title='bbox 871 5551 1148 5620; x_wconf 82' lang='lat' dir='ltr'><strong>principio</strong></span> <span class='ocrx_word' id='word_1_749' title='bbox 1170 5551 1331 5607; x_wconf 85' lang='lat' dir='ltr'><strong>ducet</strong></span> <span class='ocrx_word' id='word_1_750' title='bbox 1359 5562 1411 5606; x_wconf 90' lang='lat' dir='ltr'><strong>et</strong></span> <span class='ocrx_word' id='word_1_751' title='bbox 1446 5560 1613 5607; x_wconf 89' lang='lat' dir='ltr'><strong>tenet.</strong></span> <span class='ocrx_word' id='word_1_752' title='bbox 1648 5552 1744 5609; x_wconf 90' lang='lat' dir='ltr'><strong>llis</strong></span> <span class='ocrx_word' id='word_1_753' title='bbox 1778 5557 1923 5609; x_wconf 89' lang='lat' dir='ltr'><strong>enim</strong></span> 
     </span>
    </p>
   </div>
   <div class='ocr_carea' id='block_1_103' title="bbox 344 5639 1926 5715">
    <p class='ocr_par' dir='ltr' id='par_1_103' title="bbox 344 5639 1926 5715">
     <span class='ocr_line' id='line_1_103' title="bbox 344 5639 1926 5715; baseline 0.006 -22"><span class='ocrx_word' id='word_1_754' title='bbox 344 5639 585 5705; x_wconf 88' lang='lat' dir='ltr'><strong>duobus,</strong></span> <span class='ocrx_word' id='word_1_755' title='bbox 619 5655 652 5695; x_wconf 90' lang='grc' dir='ltr'>ο</span> <span class='ocrx_word' id='word_1_756' title='bbox 692 5642 889 5706; x_wconf 89' lang='lat' dir='ltr'><strong>amice,</strong></span> <span class='ocrx_word' id='word_1_757' title='bbox 922 5645 1145 5698; x_wconf 90' lang='lat' dir='ltr'><strong>tertium</strong></span> <span class='ocrx_word' id='word_1_758' title='bbox 1185 5646 1456 5709; x_wconf 88' lang='lat' dir='ltr'><strong>additum,</strong></span> <span class='ocrx_word' id='word_1_759' title='bbox 1500 5647 1645 5715; x_wconf 88' lang='lat' dir='ltr'><strong>quod</strong></span> <span class='ocrx_word' id='word_1_760' title='bbox 1678 5656 1733 5699; x_wconf 91' lang='lat' dir='ltr'><strong>tu</strong></span> <span class='ocrx_word' id='word_1_761' title='bbox 1775 5648 1926 5703; x_wconf 86' lang='lat' dir='ltr'><strong>vide-</strong></span> 
     </span>
    </p>
   </div>
   <div class='ocr_carea' id='block_1_104' title="bbox 346 5732 1896 5806">
    <p class='ocr_par' dir='ltr' id='par_1_104' title="bbox 346 5732 1896 5806">
     <span class='ocr_line' id='line_1_104' title="bbox 346 5732 1896 5806; baseline 0.008 -23"><span class='ocrx_word' id='word_1_762' title='bbox 346 5733 422 5786; x_wconf 90' lang='lat' dir='ltr'><strong>ris</strong></span> <span class='ocrx_word' id='word_1_763' title='bbox 445 5732 623 5788; x_wconf 90' lang='lat' dir='ltr'><strong>adhuc</strong></span> <span class='ocrx_word' id='word_1_764' title='bbox 650 5734 900 5803; x_wconf 81' lang='lat' dir='ltr'><strong>ignorare</strong></span> <span class='ocrx_word' id='word_1_765' title='bbox 919 5776 933 5799; x_wconf 90' lang='lat'><strong>,</strong></span> <span class='ocrx_word' id='word_1_766' title='bbox 961 5738 1087 5805; x_wconf 81' lang='lat' dir='ltr'><strong>quia</strong></span> <span class='ocrx_word' id='word_1_767' title='bbox 1123 5736 1284 5799; x_wconf 84' lang='lat' dir='ltr'><strong>etiam</strong></span> <span class='ocrx_word' id='word_1_768' title='bbox 1319 5739 1573 5806; x_wconf 65' lang='lat' dir='ltr'><strong>generale</strong></span> <span class='ocrx_word' id='word_1_769' title='bbox 1605 5739 1896 5795; x_wconf 84' lang='lat' dir='ltr'><strong>concilium</strong></span> 
     </span>
    </p>
   </div>
   <div class='ocr_carea' id='block_1_105' title="bbox 344 5825 1921 5902">
    <p class='ocr_par' dir='ltr' id='par_1_105' title="bbox 344 5825 1921 5902">
     <span class='ocr_line' id='line_1_105' title="bbox 344 5825 1921 5902; baseline 0.007 -25"><span class='ocrx_word' id='word_1_770' title='bbox 344 5825 414 5877; x_wconf 81' lang='lat' dir='ltr'><strong>de</strong></span> <span class='ocrx_word' id='word_1_771' title='bbox 452 5825 641 5881; x_wconf 87' lang='lat' dir='ltr'><strong>eodem</strong></span> <span class='ocrx_word' id='word_1_772' title='bbox 688 5828 807 5897; x_wconf 88' lang='lat' dir='ltr'><strong>ipso</strong></span> <span class='ocrx_word' id='word_1_773' title='bbox 846 5829 1298 5885; x_wconf 85' lang='lat' dir='ltr'><strong>celebratum&#39;est</strong></span> <span class='ocrx_word' id='word_1_774' title='bbox 1330 5832 1384 5884; x_wconf 92' lang='lat' dir='ltr'><strong>iu</strong></span> <span class='ocrx_word' id='word_1_775' title='bbox 1420 5830 1736 5901; x_wconf 71' lang='lat' dir='ltr'><strong>Lugduuis:</strong></span> <span class='ocrx_word' id='word_1_776' title='bbox 1774 5835 1921 5902; x_wconf 82' lang='lat' dir='ltr'><strong>quod</strong></span> 
     </span>
    </p>
   </div>
   <div class='ocr_carea' id='block_1_106' title="bbox 2022 4623 3599 4695">
    <p class='ocr_par' dir='ltr' id='par_1_106' title="bbox 2022 4623 3599 4695">
     <span class='ocr_line' id='line_1_106' title="bbox 2022 4623 3599 4695; baseline 0.002 -17"><span class='ocrx_word' id='word_1_777' title='bbox 2022 4623 2244 4687; x_wconf 87' lang='lat' dir='ltr'><strong>sintilli,</strong></span> <span class='ocrx_word' id='word_1_778' title='bbox 2276 4623 2368 4695; x_wconf 89' lang='lat' dir='ltr'><strong>qui</strong></span> <span class='ocrx_word' id='word_1_779' title='bbox 2395 4633 2556 4691; x_wconf 91' lang='lat' dir='ltr'><strong>prout</strong></span> <span class='ocrx_word' id='word_1_780' title='bbox 2579 4625 2785 4686; x_wconf 73' lang='lat' dir='ltr'><strong>volunt,</strong></span> <span class='ocrx_word' id='word_1_781' title='bbox 2801 4626 2991 4678; x_wconf 86' lang='lat' dir='ltr'><strong>eadem</strong></span> <span class='ocrx_word' id='word_1_782' title='bbox 3020 4625 3408 4695; x_wconf 80' lang='lat' dir='ltr'><strong>intelligentcs,</strong></span> <span class='ocrx_word' id='word_1_783' title='bbox 3445 4626 3599 4681; x_wconf 85' lang='lat' dir='ltr'><strong>illum</strong></span> 
     </span>
    </p>
   </div>
   <div class='ocr_carea' id='block_1_107' title="bbox 2024 4710 3600 4786">
    <p class='ocr_par' dir='ltr' id='par_1_107' title="bbox 2024 4710 3600 4786">
     <span class='ocr_line' id='line_1_107' title="bbox 2024 4710 3600 4786; baseline 0 -16"><span class='ocrx_word' id='word_1_784' title='bbox 2024 4730 2274 4780; x_wconf 88' lang='lat' dir='ltr'><strong>sensum,</strong></span> <span class='ocrx_word' id='word_1_785' title='bbox 2305 4730 2403 4785; x_wconf 89' lang='lat' dir='ltr'><strong>per</strong></span> <span class='ocrx_word' id='word_1_786' title='bbox 2442 4730 2604 4786; x_wconf 86' lang='lat' dir='ltr'><strong>quem</strong></span> <span class='ocrx_word' id='word_1_787' title='bbox 2640 4716 2920 4785; x_wconf 87' lang='lat' dir='ltr'><strong>processio</strong></span> <span class='ocrx_word' id='word_1_788' title='bbox 2955 4714 3199 4785; x_wconf 68' lang='lat' dir='ltr'><strong>Spiritus</strong></span> <span class='ocrx_word' id='word_1_789' title='bbox 3237 4710 3410 4770; x_wconf 82' lang='lat' dir='ltr'><strong>sancti</strong></span> <span class='ocrx_word' id='word_1_790' title='bbox 3449 4714 3500 4770; x_wconf 83' lang='lat' dir='ltr'><strong>et</strong></span> <span class='ocrx_word' id='word_1_791' title='bbox 3534 4734 3600 4771; x_wconf 83' lang='lat' dir='ltr'><strong>ex</strong></span> 
     </span>
    </p>
   </div>
   <div class='ocr_carea' id='block_1_108' title="bbox 2026 4807 3601 4879">
    <p class='ocr_par' dir='ltr' id='par_1_108' title="bbox 2026 4807 3601 4879">
     <span class='ocr_line' id='line_1_108' title="bbox 2026 4807 3601 4879; baseline 0.001 -18"><span class='ocrx_word' id='word_1_792' title='bbox 2026 4807 2163 4862; x_wconf 85' lang='lat' dir='ltr'><strong>Filio</strong></span> <span class='ocrx_word' id='word_1_793' title='bbox 2194 4808 2567 4873; x_wconf 88' lang='lat' dir='ltr'><strong>concluditur,</strong></span> <span class='ocrx_word' id='word_1_794' title='bbox 2616 4818 2814 4879; x_wconf 86' lang='lat' dir='ltr'><strong>negant</strong></span> <span class='ocrx_word' id='word_1_795' title='bbox 2844 4825 2855 4860; x_wconf 88' lang='lat'>:</span> <span class='ocrx_word' id='word_1_796' title='bbox 2893 4823 3010 4861; x_wconf 61' lang='lat' dir='ltr'><strong>non‘</strong></span> <span class='ocrx_word' id='word_1_797' title='bbox 3032 4808 3295 4863; x_wconf 85' lang='lat' dir='ltr'><strong>debemus</strong></span> <span class='ocrx_word' id='word_1_798' title='bbox 3330 4810 3601 4877; x_wconf 69' lang='lat' dir='ltr'><strong>mqualrm</strong></span> 
     </span>
    </p>
   </div>
   <div class='ocr_carea' id='block_1_109' title="bbox 2026 4901 3602 4971">
    <p class='ocr_par' dir='ltr' id='par_1_109' title="bbox 2026 4901 3602 4971">
     <span class='ocr_line' id='line_1_109' title="bbox 2026 4901 3602 4971; baseline 0 -16"><span class='ocrx_word' id='word_1_799' title='bbox 2026 4902 2272 4971; x_wconf 81' lang='lat' dir='ltr'><strong>utrisque</strong></span> <span class='ocrx_word' id='word_1_800' title='bbox 2307 4902 2467 4956; x_wconf 78' lang='lat' dir='ltr'><strong>[idem</strong></span> <span class='ocrx_word' id='word_1_801' title='bbox 2496 4901 2775 4955; x_wconf 75' lang='lat' dir='ltr'><strong>adbibere.</strong></span> <span class='ocrx_word' id='word_1_802' title='bbox 2818 4901 3139 4969; x_wconf 82' lang='lat' dir='ltr'><strong>Quanquam</strong></span> <span class='ocrx_word' id='word_1_803' title='bbox 3190 4901 3333 4953; x_wconf 85' lang='lat' dir='ltr'><strong>illam</strong></span> <span class='ocrx_word' id='word_1_804' title='bbox 3390 4917 3487 4969; x_wconf 77' lang='lat' dir='ltr'><strong>per</strong></span> <span class='ocrx_word' id='word_1_805' title='bbox 3518 4905 3602 4955; x_wconf 89' lang='lat' dir='ltr'><strong>iu-</strong></span> 
     </span>
    </p>
   </div>
   <div class='ocr_carea' id='block_1_110' title="bbox 2025 4992 3606 5064">
    <p class='ocr_par' dir='ltr' id='par_1_110' title="bbox 2025 4992 3606 5064">
     <span class='ocr_line' id='line_1_110' title="bbox 2025 4992 3606 5064; baseline -0.001 -16"><span class='ocrx_word' id='word_1_806' title='bbox 2025 4992 2392 5049; x_wconf 83' lang='lat' dir='ltr'><strong>suﬂiationetn</strong></span> <span class='ocrx_word' id='word_1_807' title='bbox 2424 4992 2665 5063; x_wconf 87' lang='lat' dir='ltr'><strong>Spiritus</strong></span> <span class='ocrx_word' id='word_1_808' title='bbox 2685 4993 3063 5057; x_wconf 81' lang='lat' dir='ltr'><strong>donationem,</strong></span> <span class='ocrx_word' id='word_1_809' title='bbox 3086 4995 3131 5045; x_wconf 88' lang='lat' dir='ltr'><strong>si</strong></span> <span class='ocrx_word' id='word_1_810' title='bbox 3162 4992 3606 5064; x_wconf 76' lang='lat' dir='ltr'><strong>parumtliiigen-</strong></span> 
     </span>
    </p>
   </div>
   <div class='ocr_carea' id='block_1_111' title="bbox 2025 5084 3610 5151">
    <p class='ocr_par' dir='ltr' id='par_1_111' title="bbox 2025 5084 3610 5151">
     <span class='ocr_line' id='line_1_111' title="bbox 2025 5084 3610 5151; baseline -0.001 -9"><span class='ocrx_word' id='word_1_811' title='bbox 2025 5089 2136 5143; x_wconf 90' lang='lat' dir='ltr'><strong>tius</strong></span> <span class='ocrx_word' id='word_1_812' title='bbox 2166 5085 2573 5151; x_wconf 88' lang='lat' dir='ltr'><strong>considerabis,</strong></span> <span class='ocrx_word' id='word_1_813' title='bbox 2606 5086 2850 5141; x_wconf 84' lang='lat' dir='ltr'><strong>invenies</strong></span> <span class='ocrx_word' id='word_1_814' title='bbox 2889 5087 3189 5141; x_wconf 82' lang='lat' dir='ltr'><strong>secundum</strong></span> <span class='ocrx_word' id='word_1_815' title='bbox 3224 5084 3449 5142; x_wconf 86' lang='lat' dir='ltr'><strong>Latinos</strong></span> <span class='ocrx_word' id='word_1_816' title='bbox 3482 5104 3610 5143; x_wconf 87' lang='lat' dir='ltr'><strong>sen-</strong></span> 
     </span>
    </p>
   </div>
   <div class='ocr_carea' id='block_1_112' title="bbox 2026 5177 3607 5250">
    <p class='ocr_par' dir='ltr' id='par_1_112' title="bbox 2026 5177 3607 5250">
     <span class='ocr_line' id='line_1_112' title="bbox 2026 5177 3607 5250; baseline 0.001 -17"><span class='ocrx_word' id='word_1_817' title='bbox 2026 5196 2147 5233; x_wconf 86' lang='lat' dir='ltr'><strong>sum</strong></span> <span class='ocrx_word' id='word_1_818' title='bbox 2179 5178 2378 5243; x_wconf 87' lang='lat' dir='ltr'><strong>solum,</strong></span> <span class='ocrx_word' id='word_1_819' title='bbox 2415 5188 2469 5235; x_wconf 89' lang='lat' dir='ltr'><strong>et</strong></span> <span class='ocrx_word' id='word_1_820' title='bbox 2499 5177 2726 5234; x_wconf 88' lang='lat' dir='ltr'><strong>minime</strong></span> <span class='ocrx_word' id='word_1_821' title='bbox 2766 5178 2957 5244; x_wconf 89' lang='lat' dir='ltr'><strong>alium,</strong></span> <span class='ocrx_word' id='word_1_822' title='bbox 3008 5194 3165 5250; x_wconf 82' lang='lat' dir='ltr'><strong>posse</strong></span> <span class='ocrx_word' id='word_1_823' title='bbox 3216 5179 3462 5234; x_wconf 80' lang='lat' dir='ltr'><strong>habere:</strong></span> <span class='ocrx_word' id='word_1_824' title='bbox 3502 5180 3607 5235; x_wconf 68' lang='lat' dir='ltr'><strong>nisi</strong></span> 
     </span>
    </p>
   </div>
   <div class='ocr_carea' id='block_1_113' title="bbox 2026 5272 3609 5344">
    <p class='ocr_par' dir='ltr' id='par_1_113' title="bbox 2026 5272 3609 5344">
     <span class='ocr_line' id='line_1_113' title="bbox 2026 5272 3609 5344; baseline 0.003 -21"><span class='ocrx_word' id='word_1_825' title='bbox 2026 5274 2150 5338; x_wconf 80' lang='lat' dir='ltr'><strong>quis</strong></span> <span class='ocrx_word' id='word_1_826' title='bbox 2180 5273 2408 5327; x_wconf 91' lang='lat' dir='ltr'><strong>omnino</strong></span> <span class='ocrx_word' id='word_1_827' title='bbox 2440 5282 2627 5327; x_wconf 88' lang='lat' dir='ltr'><strong>coacte</strong></span> <span class='ocrx_word' id='word_1_828' title='bbox 2660 5281 2713 5328; x_wconf 92' lang='lat' dir='ltr'><strong>et</strong></span> <span class='ocrx_word' id='word_1_829' title='bbox 2739 5273 3035 5344; x_wconf 79' lang='lat' dir='ltr'><strong>sapitistice</strong></span> <span class='ocrx_word' id='word_1_830' title='bbox 3066 5272 3301 5341; x_wconf 87' lang='lat' dir='ltr'><strong>idipsum</strong></span> <span class='ocrx_word' id='word_1_831' title='bbox 3334 5286 3609 5341; x_wconf 80' lang='lat' dir='ltr'><strong>exponere</strong></span> 
     </span>
    </p>
   </div>
   <div class='ocr_carea' id='block_1_114' title="bbox 2028 5364 2284 5420">
    <p class='ocr_par' dir='ltr' id='par_1_114' title="bbox 2028 5364 2284 5420">
     <span class='ocr_line' id='line_1_114' title="bbox 2028 5364 2284 5420; baseline 0.012 -3"><span class='ocrx_word' id='word_1_832' title='bbox 2028 5364 2284 5420; x_wconf 86' lang='lat' dir='ltr'><strong>voluerit.</strong></span> 
     </span>
    </p>
   </div>
   <div class='ocr_carea' id='block_1_115' title="bbox 2098 5456 3611 5527">
    <p class='ocr_par' dir='ltr' id='par_1_115' title="bbox 2098 5456 3611 5527">
     <span class='ocr_line' id='line_1_115' title="bbox 2098 5456 3611 5527; baseline 0.003 -18"><span class='ocrx_word' id='word_1_833' title='bbox 2098 5459 2331 5513; x_wconf 79' lang='lat' dir='ltr'><strong>Attende</strong></span> <span class='ocrx_word' id='word_1_834' title='bbox 2363 5458 2505 5513; x_wconf 89' lang='lat' dir='ltr'><strong>enim</strong></span> <span class='ocrx_word' id='word_1_835' title='bbox 2530 5456 2626 5512; x_wconf 84' lang='lat' dir='ltr'><strong>ita.</strong></span> <span class='ocrx_word' id='word_1_836' title='bbox 2652 5456 2865 5522; x_wconf 84' lang='lat' dir='ltr'><strong>Dixisti,</strong></span> <span class='ocrx_word' id='word_1_837' title='bbox 2894 5456 3053 5511; x_wconf 88' lang='lat' dir='ltr'><strong>aliter</strong></span> <span class='ocrx_word' id='word_1_838' title='bbox 3073 5468 3410 5527; x_wconf 84' lang='lat' dir='ltr'><strong>exponentes</strong></span> <span class='ocrx_word' id='word_1_839' title='bbox 3428 5456 3611 5513; x_wconf 84' lang='lat' dir='ltr'><strong>dicere</strong></span> 
     </span>
    </p>
   </div>
   <div class='ocr_carea' id='block_1_116' title="bbox 2028 5547 3611 5621">
    <p class='ocr_par' dir='ltr' id='par_1_116' title="bbox 2028 5547 3611 5621">
     <span class='ocr_line' id='line_1_116' title="bbox 2028 5547 3611 5621; baseline 0 -16"><span class='ocrx_word' id='word_1_840' title='bbox 2028 5551 2165 5606; x_wconf 84' lang='lat' dir='ltr'><strong>velle</strong></span> <span class='ocrx_word' id='word_1_841' title='bbox 2197 5567 2261 5607; x_wconf 84' lang='lat' dir='ltr'><strong>ex</strong></span> <span class='ocrx_word' id='word_1_842' title='bbox 2287 5554 2389 5607; x_wconf 87' lang='lat' dir='ltr'><strong>hoc</strong></span> <span class='ocrx_word' id='word_1_843' title='bbox 2422 5550 2763 5621; x_wconf 81' lang='lat' dir='ltr'><strong>Scripturam</strong></span> <span class='ocrx_word' id='word_1_844' title='bbox 2799 5565 2899 5605; x_wconf 88' lang='lat' dir='ltr'><strong>nos</strong></span> <span class='ocrx_word' id='word_1_845' title='bbox 2931 5550 3256 5618; x_wconf 72' lang='lat' dir='ltr'><strong>intelligere,</strong></span> <span class='ocrx_word' id='word_1_846' title='bbox 3296 5550 3441 5619; x_wconf 90' lang='lat' dir='ltr'><strong>quod</strong></span> <span class='ocrx_word' id='word_1_847' title='bbox 3488 5547 3611 5621; x_wconf 87' lang='lat' dir='ltr'><strong>Spi-</strong></span> 
     </span>
    </p>
   </div>
   <div class='ocr_carea' id='block_1_117' title="bbox 2030 5641 3612 5713">
    <p class='ocr_par' dir='ltr' id='par_1_117' title="bbox 2030 5641 3612 5713">
     <span class='ocr_line' id='line_1_117' title="bbox 2030 5641 3612 5713; baseline -0.001 -14"><span class='ocrx_word' id='word_1_848' title='bbox 2030 5646 2170 5699; x_wconf 86' lang='lat' dir='ltr'><strong>ritus</strong></span> <span class='ocrx_word' id='word_1_849' title='bbox 2205 5660 2313 5699; x_wconf 89' lang='lat' dir='ltr'><strong>non</strong></span> <span class='ocrx_word' id='word_1_850' title='bbox 2347 5653 2432 5700; x_wconf 87' lang='lat' dir='ltr'><strong>est</strong></span> <span class='ocrx_word' id='word_1_851' title='bbox 2465 5644 2640 5713; x_wconf 87' lang='lat' dir='ltr'><strong>major</strong></span> <span class='ocrx_word' id='word_1_852' title='bbox 2672 5641 2833 5708; x_wconf 75' lang='lat' dir='ltr'><strong>Filio,</strong></span> <span class='ocrx_word' id='word_1_853' title='bbox 2867 5642 3089 5711; x_wconf 81' lang='lat' dir='ltr'><strong>etquod</strong></span> <span class='ocrx_word' id='word_1_854' title='bbox 3124 5643 3434 5695; x_wconf 80' lang='lat' dir='ltr'><strong>deiticautia</strong></span> <span class='ocrx_word' id='word_1_855' title='bbox 3476 5643 3612 5697; x_wconf 89' lang='lat' dir='ltr'><strong>cha-</strong></span> 
     </span>
    </p>
   </div>
   <div class='ocr_carea' id='block_1_118' title="bbox 2032 5733 3613 5802">
    <p class='ocr_par' dir='ltr' id='par_1_118' title="bbox 2032 5733 3613 5802">
     <span class='ocr_line' id='line_1_118' title="bbox 2032 5733 3613 5802; baseline -0.001 -11"><span class='ocrx_word' id='word_1_856' title='bbox 2032 5740 2257 5791; x_wconf 82' lang='lat' dir='ltr'><strong>rismata</strong></span> <span class='ocrx_word' id='word_1_857' title='bbox 2314 5738 2628 5791; x_wconf 85' lang='lat' dir='ltr'><strong>communia</strong></span> <span class='ocrx_word' id='word_1_858' title='bbox 2662 5744 2791 5791; x_wconf 88' lang='lat' dir='ltr'><strong>sunt</strong></span> <span class='ocrx_word' id='word_1_859' title='bbox 2820 5747 2873 5789; x_wconf 90' lang='lat' dir='ltr'><strong>et</strong></span> <span class='ocrx_word' id='word_1_860' title='bbox 2898 5734 3021 5788; x_wconf 80' lang='lat' dir='ltr'><strong>Filii</strong></span> <span class='ocrx_word' id='word_1_861' title='bbox 3053 5744 3105 5787; x_wconf 89' lang='lat' dir='ltr'><strong>et</strong></span> <span class='ocrx_word' id='word_1_862' title='bbox 3124 5734 3383 5802; x_wconf 85' lang='lat' dir='ltr'><strong>Spiritus.</strong></span> <span class='ocrx_word' id='word_1_863' title='bbox 3425 5733 3491 5786; x_wconf 74' lang='lat' dir='ltr'><strong>At</strong></span> <span class='ocrx_word' id='word_1_864' title='bbox 3519 5738 3613 5789; x_wconf 81' lang='lat' dir='ltr'><strong>&#39;ve-</strong></span> 
     </span>
    </p>
   </div>
   <div class='ocr_carea' id='block_1_119' title="bbox 2030 5828 3617 5913">
    <p class='ocr_par' dir='ltr' id='par_1_119' title="bbox 2030 5828 3617 5913">
     <span class='ocr_line' id='line_1_119' title="bbox 2030 5828 3617 5913; baseline 0 -27"><span class='ocrx_word' id='word_1_865' title='bbox 2030 5849 2091 5886; x_wconf 87' lang='lat' dir='ltr'><strong>ro</strong></span> <span class='ocrx_word' id='word_1_866' title='bbox 2148 5835 2211 5886; x_wconf 82' lang='lat' dir='ltr'><strong>ad</strong></span> <span class='ocrx_word' id='word_1_867' title='bbox 2274 5832 2389 5887; x_wconf 74' lang='lat' dir='ltr'><strong>lucc</strong></span> <span class='ocrx_word' id='word_1_868' title='bbox 2455 5831 2803 5913; x_wconf 61' lang='lat' dir='ltr'><strong>intelligenda</strong></span> <span class='ocrx_word' id='word_1_869' title='bbox 2859 5831 2939 5887; x_wconf 75' lang='lat' dir='ltr'><strong>vel</strong></span> <span class='ocrx_word' id='word_1_870' title='bbox 2989 5828 3263 5884; x_wconf 70' lang='lat' dir='ltr'><strong>credenda</strong></span> <span class='ocrx_word' id='word_1_871' title='bbox 3312 5828 3617 5887; x_wconf 73' lang='lat' dir='ltr'><strong>sutlicieba!</strong></span> 
     </span>
    </p>
   </div>
  </div>
