  <div class='ocr_page' id='page_1' title='image "/cluster/home/n/w/nwhite01/storage/ocr_20150623/151/hvd.32044073498685/659.png"; bbox 0 0 4122 6240; ppageno 0'>
   <div class='ocr_carea' id='block_1_1' title="bbox 585 288 723 352">
    <p class='ocr_par' dir='ltr' id='par_1_1' title="bbox 585 288 723 352">
     <span class='ocr_line' id='line_1_1' title="bbox 585 288 723 352; baseline -0.029 0"><span class='ocrx_word' id='word_1_1' title='bbox 585 288 723 352; x_wconf 73' lang='lat'><strong>1303</strong></span> 
     </span>
    </p>
   </div>
   <div class='ocr_carea' id='block_1_2' title="bbox 1698 282 2704 346">
    <p class='ocr_par' dir='ltr' id='par_1_2' title="bbox 1698 282 2704 346">
     <span class='ocr_line' id='line_1_2' title="bbox 1698 282 2704 346; baseline -0.002 -1"><span class='ocrx_word' id='word_1_2' title='bbox 1698 286 2095 345; x_wconf 73' lang='lat' dir='ltr'><strong>BARLAAMI</strong></span> <span class='ocrx_word' id='word_1_3' title='bbox 2139 286 2236 346; x_wconf 85' lang='lat' dir='ltr'><strong>DE</strong></span> <span class='ocrx_word' id='word_1_4' title='bbox 2271 282 2704 345; x_wconf 69' lang='lat' dir='ltr'><strong>SEMINARIA</strong></span> 
     </span>
    </p>
   </div>
   <div class='ocr_carea' id='block_1_3' title="bbox 3689 281 3834 348">
    <p class='ocr_par' dir='ltr' id='par_1_3' title="bbox 3689 281 3834 348">
     <span class='ocr_line' id='line_1_3' title="bbox 3689 281 3834 348; baseline 0.007 -1"><span class='ocrx_word' id='word_1_5' title='bbox 3689 281 3834 348; x_wconf 60' lang='lat' dir='ltr'><strong>i305</strong></span> 
     </span>
    </p>
   </div>
   <div class='ocr_carea' id='block_1_4' title="bbox 586 395 3829 468">
    <p class='ocr_par' dir='ltr' id='par_1_4' title="bbox 586 395 3829 468">
     <span class='ocr_line' id='line_1_4' title="bbox 586 395 3829 468; baseline -0.002 -12"><span class='ocrx_word' id='word_1_6' title='bbox 586 408 794 456; x_wconf 79' lang='lat' dir='ltr'><strong>tantum</strong></span> <span class='ocrx_word' id='word_1_7' title='bbox 820 399 1006 455; x_wconf 83' lang='lat' dir='ltr'><strong>dicere</strong></span> <span class='ocrx_word' id='word_1_8' title='bbox 1044 416 1057 454; x_wconf 91' lang='lat'><strong>:</strong></span> <span class='ocrx_word' id='word_1_9' title='bbox 1084 397 1315 468; x_wconf 75' lang='lat' dir='ltr'><strong>Accipite</strong></span> <span class='ocrx_word' id='word_1_10' title='bbox 1346 398 1608 468; x_wconf 74' lang='lat' dir='ltr'><strong>Spiritum</strong></span> <span class='ocrx_word' id='word_1_11' title='bbox 1636 411 1876 453; x_wconf 80' lang='lat' dir='ltr'><strong>sanctum</strong></span> <span class='ocrx_word' id='word_1_12' title='bbox 1900 419 1913 465; x_wconf 86' lang='lat'><strong>;</strong></span> <span class='ocrx_word' id='word_1_13' title='bbox 1981 398 2155 454; x_wconf 80' lang='lat' dir='ltr'><strong>iosui—</strong></span> <span class='ocrx_word' id='word_1_14' title='bbox 2179 400 2229 460; x_wconf 80' lang='grc' dir='ltr'>Α</span> <span class='ocrx_word' id='word_1_15' title='bbox 2256 399 2384 464; x_wconf 85' lang='lat' dir='ltr'><strong>mis,</strong></span> <span class='ocrx_word' id='word_1_16' title='bbox 2423 398 2503 453; x_wconf 90' lang='lat' dir='ltr'><strong>eis</strong></span> <span class='ocrx_word' id='word_1_17' title='bbox 2527 398 2810 452; x_wconf 84' lang='lat' dir='ltr'><strong>auferatur</strong></span> <span class='ocrx_word' id='word_1_18' title='bbox 2844 415 2857 451; x_wconf 91' lang='lat'><strong>:</strong></span> <span class='ocrx_word' id='word_1_19' title='bbox 2893 407 2949 454; x_wconf 86' lang='lat' dir='ltr'><strong>et</strong></span> <span class='ocrx_word' id='word_1_20' title='bbox 2970 397 3054 454; x_wconf 84' lang='lat' dir='ltr'><strong>his</strong></span> <span class='ocrx_word' id='word_1_21' title='bbox 3079 396 3171 467; x_wconf 93' lang='lat' dir='ltr'><strong>qui</strong></span> <span class='ocrx_word' id='word_1_22' title='bbox 3227 401 3355 452; x_wconf 88' lang='lat' dir='ltr'><strong>sunt</strong></span> <span class='ocrx_word' id='word_1_23' title='bbox 3381 395 3554 452; x_wconf 87' lang='lat' dir='ltr'><strong>adhuc</strong></span> <span class='ocrx_word' id='word_1_24' title='bbox 3574 395 3640 452; x_wconf 85' lang='lat' dir='ltr'><strong>ad</strong></span> <span class='ocrx_word' id='word_1_25' title='bbox 3666 395 3829 452; x_wconf 84' lang='lat' dir='ltr'><strong>tidem</strong></span> 
     </span>
    </p>
   </div>
   <div class='ocr_carea' id='block_1_5' title="bbox 583 486 2154 561">
    <p class='ocr_par' dir='ltr' id='par_1_5' title="bbox 583 486 2154 561">
     <span class='ocr_line' id='line_1_5' title="bbox 583 486 2154 561; baseline -0.001 -16"><span class='ocrx_word' id='word_1_26' title='bbox 583 492 711 546; x_wconf 85' lang='lat' dir='ltr'><strong>nare</strong></span> <span class='ocrx_word' id='word_1_27' title='bbox 744 506 868 545; x_wconf 83' lang='lat' dir='ltr'><strong>vero</strong></span> <span class='ocrx_word' id='word_1_28' title='bbox 899 491 1033 544; x_wconf 83' lang='lat' dir='ltr'><strong>nihil</strong></span> <span class='ocrx_word' id='word_1_29' title='bbox 1073 491 1139 546; x_wconf 92' lang='lat' dir='ltr'><strong>ad</strong></span> <span class='ocrx_word' id='word_1_30' title='bbox 1169 490 1479 561; x_wconf 87' lang='lat' dir='ltr'><strong>hujusmodi</strong></span> <span class='ocrx_word' id='word_1_31' title='bbox 1509 505 1734 546; x_wconf 81' lang='lat' dir='ltr'><strong>sensum</strong></span> <span class='ocrx_word' id='word_1_32' title='bbox 1771 486 2001 546; x_wconf 79' lang='lat' dir='ltr'><strong>confert.</strong></span> <span class='ocrx_word' id='word_1_33' title='bbox 2051 489 2154 544; x_wconf 84' lang='lat' dir='ltr'><strong>Ne-</strong></span> 
     </span>
    </p>
   </div>
   <div class='ocr_carea' id='block_1_6' title="bbox 580 581 2149 652">
    <p class='ocr_par' dir='ltr' id='par_1_6' title="bbox 580 581 2149 652">
     <span class='ocr_line' id='line_1_6' title="bbox 580 581 2149 652; baseline 0 -18"><span class='ocrx_word' id='word_1_34' title='bbox 580 599 685 652; x_wconf 89' lang='lat' dir='ltr'><strong>que</strong></span> <span class='ocrx_word' id='word_1_35' title='bbox 709 582 852 635; x_wconf 87' lang='lat' dir='ltr'><strong>enim</strong></span> <span class='ocrx_word' id='word_1_36' title='bbox 888 582 1002 650; x_wconf 88' lang='lat' dir='ltr'><strong>ipsa</strong></span> <span class='ocrx_word' id='word_1_37' title='bbox 1036 581 1276 652; x_wconf 76' lang='lat' dir='ltr'><strong>Spiritus</strong></span> <span class='ocrx_word' id='word_1_38' title='bbox 1310 582 1642 647; x_wconf 73' lang='lat' dir='ltr'><strong>substantia,</strong></span> <span class='ocrx_word' id='word_1_39' title='bbox 1681 598 1856 652; x_wconf 88' lang='lat' dir='ltr'><strong>neque</strong></span> <span class='ocrx_word' id='word_1_40' title='bbox 1888 581 2149 651; x_wconf 87' lang='lat' dir='ltr'><strong>ejusipsa</strong></span> 
     </span>
    </p>
   </div>
   <div class='ocr_carea' id='block_1_7' title="bbox 578 673 2151 744">
    <p class='ocr_par' dir='ltr' id='par_1_7' title="bbox 578 673 2151 744">
     <span class='ocr_line' id='line_1_7' title="bbox 578 673 2151 744; baseline 0.004 -20"><span class='ocrx_word' id='word_1_41' title='bbox 578 673 749 734; x_wconf 77' lang='lat' dir='ltr'><strong>gratia</strong></span> <span class='ocrx_word' id='word_1_42' title='bbox 780 682 898 728; x_wconf 89' lang='lat' dir='ltr'><strong>erat</strong></span> <span class='ocrx_word' id='word_1_43' title='bbox 930 674 1020 728; x_wconf 88' lang='lat' dir='ltr'><strong>ille</strong></span> <span class='ocrx_word' id='word_1_44' title='bbox 1039 675 1402 744; x_wconf 78' lang='lat' dir='ltr'><strong>corporaliter</strong></span> <span class='ocrx_word' id='word_1_45' title='bbox 1454 675 1521 729; x_wconf 92' lang='lat' dir='ltr'><strong>de</strong></span> <span class='ocrx_word' id='word_1_46' title='bbox 1571 684 1764 730; x_wconf 90' lang='lat' dir='ltr'><strong>sancto</strong></span> <span class='ocrx_word' id='word_1_47' title='bbox 1825 689 1921 731; x_wconf 89' lang='lat' dir='ltr'><strong>ore</strong></span> <span class='ocrx_word' id='word_1_48' title='bbox 1963 676 2151 730; x_wconf 86' lang='lat' dir='ltr'><strong>exiens</strong></span> 
     </span>
    </p>
   </div>
   <div class='ocr_carea' id='block_1_8' title="bbox 578 768 2148 840">
    <p class='ocr_par' dir='ltr' id='par_1_8' title="bbox 578 768 2148 840">
     <span class='ocr_line' id='line_1_8' title="bbox 578 768 2148 840; baseline 0.001 -20"><span class='ocrx_word' id='word_1_49' title='bbox 578 768 761 831; x_wconf 84' lang='lat' dir='ltr'><strong>ﬂatus,</strong></span> <span class='ocrx_word' id='word_1_50' title='bbox 799 783 977 838; x_wconf 82' lang='lat' dir='ltr'><strong>neque</strong></span> <span class='ocrx_word' id='word_1_51' title='bbox 1005 769 1234 839; x_wconf 86' lang='lat' dir='ltr'><strong>apostoli</strong></span> <span class='ocrx_word' id='word_1_52' title='bbox 1289 769 1649 826; x_wconf 87' lang='lat' dir='ltr'><strong>absorbentes</strong></span> <span class='ocrx_word' id='word_1_53' title='bbox 1693 769 1868 836; x_wconf 88' lang='lat' dir='ltr'><strong>illum,</strong></span> <span class='ocrx_word' id='word_1_54' title='bbox 1917 768 2148 840; x_wconf 86' lang='lat' dir='ltr'><strong>gratiam</strong></span> 
     </span>
    </p>
   </div>
   <div class='ocr_carea' id='block_1_9' title="bbox 577 861 2153 934">
    <p class='ocr_par' dir='ltr' id='par_1_9' title="bbox 577 861 2153 934">
     <span class='ocr_line' id='line_1_9' title="bbox 577 861 2153 934; baseline 0.004 -22"><span class='ocrx_word' id='word_1_55' title='bbox 577 869 927 928; x_wconf 70' lang='lat' dir='ltr'><strong>acceperunt,</strong></span> <span class='ocrx_word' id='word_1_56' title='bbox 961 875 1085 914; x_wconf 88' lang='lat' dir='ltr'><strong>cum</strong></span> <span class='ocrx_word' id='word_1_57' title='bbox 1114 862 1274 916; x_wconf 89' lang='lat' dir='ltr'><strong>aliter</strong></span> <span class='ocrx_word' id='word_1_58' title='bbox 1331 877 1435 916; x_wconf 88' lang='lat' dir='ltr'><strong>non</strong></span> <span class='ocrx_word' id='word_1_59' title='bbox 1495 873 1737 932; x_wconf 86' lang='lat' dir='ltr'><strong>possent.</strong></span> <span class='ocrx_word' id='word_1_60' title='bbox 1799 861 1940 929; x_wconf 84' lang='lat' dir='ltr'><strong>Quid</strong></span> <span class='ocrx_word' id='word_1_61' title='bbox 1987 863 2153 934; x_wconf 92' lang='lat' dir='ltr'><strong>igitur</strong></span> 
     </span>
    </p>
   </div>
   <div class='ocr_carea' id='block_1_10' title="bbox 578 949 2150 1026">
    <p class='ocr_par' dir='ltr' id='par_1_10' title="bbox 578 949 2150 1026">
     <span class='ocr_line' id='line_1_10' title="bbox 578 949 2150 1026; baseline 0.004 -23"><span class='ocrx_word' id='word_1_62' title='bbox 578 949 795 1005; x_wconf 85' lang='lat' dir='ltr'><strong>volebat</strong></span> <span class='ocrx_word' id='word_1_63' title='bbox 822 952 925 1007; x_wconf 88' lang='lat' dir='ltr'><strong>sibi</strong></span> <span class='ocrx_word' id='word_1_64' title='bbox 954 951 1250 1009; x_wconf 79' lang='lat' dir='ltr'><strong>insulilatio</strong></span> <span class='ocrx_word' id='word_1_65' title='bbox 1282 955 1369 1008; x_wconf 87' lang='lat' dir='ltr'><strong>illa</strong></span> <span class='ocrx_word' id='word_1_66' title='bbox 1391 954 1701 1025; x_wconf 72' lang='lat' dir='ltr'><strong>isiquidem</strong></span> <span class='ocrx_word' id='word_1_67' title='bbox 1730 963 1784 1011; x_wconf 89' lang='lat' dir='ltr'><strong>et</strong></span> <span class='ocrx_word' id='word_1_68' title='bbox 1806 957 2150 1026; x_wconf 87' lang='lat' dir='ltr'><strong>dicenteipso</strong></span> 
     </span>
    </p>
   </div>
   <div class='ocr_carea' id='block_1_11' title="bbox 577 1045 2145 1116">
    <p class='ocr_par' dir='ltr' id='par_1_11' title="bbox 577 1045 2145 1116">
     <span class='ocr_line' id='line_1_11' title="bbox 577 1045 2145 1116; baseline 0.004 -21"><span class='ocrx_word' id='word_1_69' title='bbox 577 1051 786 1097; x_wconf 78' lang='lat' dir='ltr'><strong>tantum</strong></span> <span class='ocrx_word' id='word_1_70' title='bbox 818 1060 833 1098; x_wconf 90' lang='lat'><strong>:</strong></span> <span class='ocrx_word' id='word_1_71' title='bbox 860 1045 1111 1114; x_wconf 79' lang='lat' dir='ltr'><strong>Accipite,</strong></span> <span class='ocrx_word' id='word_1_72' title='bbox 1148 1047 1251 1113; x_wconf 88' lang='lat' dir='ltr'><strong>vel,</strong></span> <span class='ocrx_word' id='word_1_73' title='bbox 1289 1048 1355 1100; x_wconf 82' lang='lat' dir='ltr'><strong>do</strong></span> <span class='ocrx_word' id='word_1_74' title='bbox 1387 1048 1528 1102; x_wconf 76' lang='lat' dir='ltr'><strong>nobis</strong></span> <span class='ocrx_word' id='word_1_75' title='bbox 1582 1048 1841 1116; x_wconf 80' lang='lat' dir='ltr'><strong>Spiritum</strong></span> <span class='ocrx_word' id='word_1_76' title='bbox 1875 1059 2145 1114; x_wconf 85' lang='lat' dir='ltr'><strong>sanctum,</strong></span> 
     </span>
    </p>
   </div>
   <div class='ocr_carea' id='block_1_12' title="bbox 577 1135 2149 1210">
    <p class='ocr_par' dir='ltr' id='par_1_12' title="bbox 577 1135 2149 1210">
     <span class='ocr_line' id='line_1_12' title="bbox 577 1135 2149 1210; baseline 0.004 -22"><span class='ocrx_word' id='word_1_77' title='bbox 577 1135 738 1191; x_wconf 82' lang='lat' dir='ltr'><strong>habet</strong></span> <span class='ocrx_word' id='word_1_78' title='bbox 760 1137 906 1206; x_wconf 90' lang='lat' dir='ltr'><strong>quod</strong></span> <span class='ocrx_word' id='word_1_79' title='bbox 929 1135 1245 1194; x_wconf 69' lang='lat' dir='ltr'><strong>Graecorum</strong></span> <span class='ocrx_word' id='word_1_80' title='bbox 1275 1138 1391 1194; x_wconf 85' lang='lat' dir='ltr'><strong>vult</strong></span> <span class='ocrx_word' id='word_1_81' title='bbox 1427 1140 1732 1210; x_wconf 83' lang='lat' dir='ltr'><strong>expositio?</strong></span> <span class='ocrx_word' id='word_1_82' title='bbox 1763 1156 1831 1195; x_wconf 90' lang='lat' dir='ltr'><strong>an</strong></span> <span class='ocrx_word' id='word_1_83' title='bbox 1854 1149 2022 1203; x_wconf 90' lang='lat' dir='ltr'><strong>certe,</strong></span> <span class='ocrx_word' id='word_1_84' title='bbox 2090 1149 2149 1195; x_wconf 85' lang='lat' dir='ltr'><strong>ut</strong></span> 
     </span>
    </p>
   </div>
   <div class='ocr_carea' id='block_1_13' title="bbox 575 1228 2148 1302">
    <p class='ocr_par' dir='ltr' id='par_1_13' title="bbox 575 1228 2148 1302">
     <span class='ocr_line' id='line_1_13' title="bbox 575 1228 2148 1302; baseline 0.004 -21"><span class='ocrx_word' id='word_1_85' title='bbox 575 1228 652 1283; x_wconf 89' lang='lat' dir='ltr'><strong>ait</strong></span> <span class='ocrx_word' id='word_1_86' title='bbox 675 1241 898 1286; x_wconf 88' lang='lat' dir='ltr'><strong>sanctus</strong></span> <span class='ocrx_word' id='word_1_87' title='bbox 927 1231 1292 1300; x_wconf 83' lang='lat' dir='ltr'><strong>Augustinus,</strong></span> <span class='ocrx_word' id='word_1_88' title='bbox 1357 1232 1819 1302; x_wconf 90' lang='lat' dir='ltr'><strong>quemadmodum</strong></span> <span class='ocrx_word' id='word_1_89' title='bbox 1846 1234 1900 1288; x_wconf 93' lang='lat' dir='ltr'><strong>in</strong></span> <span class='ocrx_word' id='word_1_90' title='bbox 1959 1235 2148 1288; x_wconf 89' lang='lat' dir='ltr'><strong>multis</strong></span> 
     </span>
    </p>
   </div>
   <div class='ocr_carea' id='block_1_14' title="bbox 577 1320 2147 1397">
    <p class='ocr_par' dir='ltr' id='par_1_14' title="bbox 577 1320 2147 1397">
     <span class='ocr_line' id='line_1_14' title="bbox 577 1320 2147 1397; baseline 0.005 -21"><span class='ocrx_word' id='word_1_91' title='bbox 577 1320 858 1393; x_wconf 80' lang='lat' dir='ltr'><strong>Scriptura</strong></span> <span class='ocrx_word' id='word_1_92' title='bbox 894 1322 964 1378; x_wconf 85' lang='lat' dir='ltr'><strong>de</strong></span> <span class='ocrx_word' id='word_1_93' title='bbox 1005 1325 1340 1380; x_wconf 89' lang='lat' dir='ltr'><strong>sensibilitcr</strong></span> <span class='ocrx_word' id='word_1_94' title='bbox 1365 1336 1419 1381; x_wconf 91' lang='lat' dir='ltr'><strong>et</strong></span> <span class='ocrx_word' id='word_1_95' title='bbox 1459 1326 1511 1379; x_wconf 94' lang='lat' dir='ltr'><strong>in</strong></span> <span class='ocrx_word' id='word_1_96' title='bbox 1543 1335 1786 1397; x_wconf 89' lang='lat' dir='ltr'><strong>tempore</strong></span> <span class='ocrx_word' id='word_1_97' title='bbox 1849 1327 1930 1383; x_wconf 86' lang='lat' dir='ltr'><strong>vel</strong></span> <span class='ocrx_word' id='word_1_98' title='bbox 1989 1328 2147 1384; x_wconf 85' lang='lat' dir='ltr'><strong>factis</strong></span> 
     </span>
    </p>
   </div>
   <div class='ocr_carea' id='block_1_15' title="bbox 573 1411 2146 1489">
    <p class='ocr_par' dir='ltr' id='par_1_15' title="bbox 573 1411 2146 1489">
     <span class='ocr_line' id='line_1_15' title="bbox 573 1411 2146 1489; baseline 0.006 -24"><span class='ocrx_word' id='word_1_99' title='bbox 573 1411 659 1467; x_wconf 84' lang='lat' dir='ltr'><strong>vel</strong></span> <span class='ocrx_word' id='word_1_100' title='bbox 687 1412 870 1474; x_wconf 84' lang='lat' dir='ltr'><strong>dictis.</strong></span> <span class='ocrx_word' id='word_1_101' title='bbox 901 1415 1114 1470; x_wconf 86' lang='lat' dir='ltr'><strong>reducit</strong></span> <span class='ocrx_word' id='word_1_102' title='bbox 1146 1431 1245 1471; x_wconf 90' lang='lat' dir='ltr'><strong>nos</strong></span> <span class='ocrx_word' id='word_1_103' title='bbox 1281 1417 1346 1472; x_wconf 91' lang='lat' dir='ltr'><strong>ad</strong></span> <span class='ocrx_word' id='word_1_104' title='bbox 1378 1417 1807 1489; x_wconf 85' lang='lat' dir='ltr'><strong>intelligibilium</strong></span> <span class='ocrx_word' id='word_1_105' title='bbox 1836 1427 1891 1474; x_wconf 90' lang='lat' dir='ltr'><strong>et</strong></span> <span class='ocrx_word' id='word_1_106' title='bbox 1939 1420 2146 1489; x_wconf 86' lang='lat' dir='ltr'><strong>sempi-</strong></span> 
     </span>
    </p>
   </div>
   <div class='ocr_carea' id='block_1_16' title="bbox 574 1507 2146 1585">
    <p class='ocr_par' dir='ltr' id='par_1_16' title="bbox 574 1507 2146 1585">
     <span class='ocr_line' id='line_1_16' title="bbox 574 1507 2146 1585; baseline 0.005 -27"><span class='ocrx_word' id='word_1_107' title='bbox 574 1514 853 1561; x_wconf 85' lang='lat' dir='ltr'><strong>ternorum</strong></span> <span class='ocrx_word' id='word_1_108' title='bbox 877 1507 1413 1585; x_wconf 65' lang='lat' dir='ltr'><strong>contemplationem,</strong></span> <span class='ocrx_word' id='word_1_109' title='bbox 1467 1510 1541 1564; x_wconf 91' lang='lat' dir='ltr'><strong>ita</strong></span> <span class='ocrx_word' id='word_1_110' title='bbox 1572 1517 1626 1564; x_wconf 92' lang='lat' dir='ltr'><strong>et</strong></span> <span class='ocrx_word' id='word_1_111' title='bbox 1657 1510 1875 1581; x_wconf 86' lang='lat' dir='ltr'><strong>signum</strong></span> <span class='ocrx_word' id='word_1_112' title='bbox 1896 1510 1984 1566; x_wconf 86' lang='lat' dir='ltr'><strong>hic</strong></span> <span class='ocrx_word' id='word_1_113' title='bbox 2045 1511 2146 1566; x_wconf 87' lang='lat' dir='ltr'><strong>ali-</strong></span> 
     </span>
    </p>
   </div>
   <div class='ocr_carea' id='block_1_17' title="bbox 570 1598 2146 1671">
    <p class='ocr_par' dir='ltr' id='par_1_17' title="bbox 570 1598 2146 1671">
     <span class='ocr_line' id='line_1_17' title="bbox 570 1598 2146 1671; baseline 0.003 -21"><span class='ocrx_word' id='word_1_114' title='bbox 570 1598 717 1664; x_wconf 85' lang='lat' dir='ltr'><strong>quod</strong></span> <span class='ocrx_word' id='word_1_115' title='bbox 755 1598 858 1653; x_wconf 89' lang='lat' dir='ltr'><strong>hoc</strong></span> <span class='ocrx_word' id='word_1_116' title='bbox 891 1599 1121 1668; x_wconf 69' lang='lat' dir='ltr'><strong>praebuit</strong></span> <span class='ocrx_word' id='word_1_117' title='bbox 1142 1598 1421 1664; x_wconf 88' lang='lat' dir='ltr'><strong>Salvator,</strong></span> <span class='ocrx_word' id='word_1_118' title='bbox 1452 1604 1717 1656; x_wconf 74' lang='lat' dir='ltr'><strong>reducens</strong></span> <span class='ocrx_word' id='word_1_119' title='bbox 1779 1615 1878 1656; x_wconf 89' lang='lat' dir='ltr'><strong>nos</strong></span> <span class='ocrx_word' id='word_1_120' title='bbox 1903 1615 1968 1655; x_wconf 86' lang='lat' dir='ltr'><strong>ex</strong></span> <span class='ocrx_word' id='word_1_121' title='bbox 2024 1601 2146 1671; x_wconf 87' lang='lat' dir='ltr'><strong>ipso</strong></span> 
     </span>
    </p>
   </div>
   <div class='ocr_carea' id='block_1_18' title="bbox 570 1689 2142 1763">
    <p class='ocr_par' dir='ltr' id='par_1_18' title="bbox 570 1689 2142 1763">
     <span class='ocr_line' id='line_1_18' title="bbox 570 1689 2142 1763; baseline 0.003 -21"><span class='ocrx_word' id='word_1_122' title='bbox 570 1689 640 1743; x_wconf 91' lang='lat' dir='ltr'><strong>ad</strong></span> <span class='ocrx_word' id='word_1_123' title='bbox 680 1690 1082 1760; x_wconf 89' lang='lat' dir='ltr'><strong>intelligendam</strong></span> <span class='ocrx_word' id='word_1_124' title='bbox 1117 1692 1200 1746; x_wconf 84' lang='lat' dir='ltr'><strong>vel</strong></span> <span class='ocrx_word' id='word_1_125' title='bbox 1227 1693 1556 1749; x_wconf 82' lang='lat' dir='ltr'><strong>credendam</strong></span> <span class='ocrx_word' id='word_1_126' title='bbox 1589 1692 2009 1763; x_wconf 76' lang='lat' dir='ltr'><strong>intelligibilem,</strong></span> <span class='ocrx_word' id='word_1_127' title='bbox 2033 1708 2142 1748; x_wconf 88' lang='lat' dir='ltr'><strong>ma-</strong></span> 
     </span>
    </p>
   </div>
   <div class='ocr_carea' id='block_1_19' title="bbox 572 1760 2220 1855">
    <p class='ocr_par' dir='ltr' id='par_1_19' title="bbox 572 1760 2220 1855">
     <span class='ocr_line' id='line_1_19' title="bbox 572 1760 2220 1855; baseline 0.004 -19"><span class='ocrx_word' id='word_1_128' title='bbox 572 1784 655 1852; x_wconf 93' lang='lat' dir='ltr'><strong>gis</strong></span> <span class='ocrx_word' id='word_1_129' title='bbox 686 1793 867 1838; x_wconf 90' lang='lat' dir='ltr'><strong>autem</strong></span> <span class='ocrx_word' id='word_1_130' title='bbox 900 1801 1066 1853; x_wconf 81' lang='lat' dir='ltr'><strong>super</strong></span> <span class='ocrx_word' id='word_1_131' title='bbox 1102 1785 1542 1855; x_wconf 84' lang='lat' dir='ltr'><strong>intelligentiam,</strong></span> <span class='ocrx_word' id='word_1_132' title='bbox 1577 1798 1632 1840; x_wconf 89' lang='lat' dir='ltr'><strong>et</strong></span> <span class='ocrx_word' id='word_1_133' title='bbox 1655 1802 1720 1840; x_wconf 85' lang='lat' dir='ltr'><strong>ex</strong></span> <span class='ocrx_word' id='word_1_134' title='bbox 1745 1801 1804 1842; x_wconf 88' lang='lat' dir='ltr'><strong>se</strong></span> <span class='ocrx_word' id='word_1_135' title='bbox 1862 1787 1947 1843; x_wconf 91' lang='lat' dir='ltr'><strong>sui</strong></span> <span class='ocrx_word' id='word_1_136' title='bbox 2008 1801 2145 1842; x_wconf 88' lang='lat' dir='ltr'><strong>con-</strong></span> <span class='ocrx_word' id='word_1_137' title='bbox 2179 1760 2220 1818; x_wconf 72' lang='grc' dir='ltr'><strong>Β</strong></span> 
     </span>
    </p>
   </div>
   <div class='ocr_carea' id='block_1_20' title="bbox 571 1876 2148 1950">
    <p class='ocr_par' dir='ltr' id='par_1_20' title="bbox 571 1876 2148 1950">
     <span class='ocr_line' id='line_1_20' title="bbox 571 1876 2148 1950; baseline 0.004 -22"><span class='ocrx_word' id='word_1_138' title='bbox 571 1876 952 1932; x_wconf 76' lang='lat' dir='ltr'><strong>substantialis</strong></span> <span class='ocrx_word' id='word_1_139' title='bbox 989 1876 1226 1947; x_wconf 87' lang='lat' dir='ltr'><strong>Spiritus</strong></span> <span class='ocrx_word' id='word_1_140' title='bbox 1279 1878 1734 1944; x_wconf 79' lang='lat' dir='ltr'><strong>processionem?</strong></span> <span class='ocrx_word' id='word_1_141' title='bbox 1765 1878 1907 1950; x_wconf 84' lang='lat' dir='ltr'><strong>Ergo</strong></span> <span class='ocrx_word' id='word_1_142' title='bbox 1935 1880 1980 1934; x_wconf 92' lang='lat' dir='ltr'><strong>si</strong></span> <span class='ocrx_word' id='word_1_143' title='bbox 2042 1880 2148 1934; x_wconf 90' lang='lat' dir='ltr'><strong>hoc</strong></span> 
     </span>
    </p>
   </div>
   <div class='ocr_carea' id='block_1_21' title="bbox 575 1964 2147 2039">
    <p class='ocr_par' dir='ltr' id='par_1_21' title="bbox 575 1964 2147 2039">
     <span class='ocr_line' id='line_1_21' title="bbox 575 1964 2147 2039; baseline 0.002 -19"><span class='ocrx_word' id='word_1_144' title='bbox 575 1967 921 2021; x_wconf 79' lang='lat' dir='ltr'><strong>solummodo</strong></span> <span class='ocrx_word' id='word_1_145' title='bbox 977 1964 1323 2023; x_wconf 86' lang='lat' dir='ltr'><strong>rationabile&#39;</strong></span> <span class='ocrx_word' id='word_1_146' title='bbox 1375 1979 1459 2025; x_wconf 89' lang='lat' dir='ltr'><strong>est</strong></span> <span class='ocrx_word' id='word_1_147' title='bbox 1511 1967 1766 2039; x_wconf 70' lang='lat' dir='ltr'><strong>intelligi,</strong></span> <span class='ocrx_word' id='word_1_148' title='bbox 1821 1968 2147 2024; x_wconf 84' lang='lat' dir='ltr'><strong>rationabile</strong></span> 
     </span>
    </p>
   </div>
   <div class='ocr_carea' id='block_1_22' title="bbox 573 2061 1380 2130">
    <p class='ocr_par' dir='ltr' id='par_1_22' title="bbox 573 2061 1380 2130">
     <span class='ocr_line' id='line_1_22' title="bbox 573 2061 1380 2130; baseline 0 -16"><span class='ocrx_word' id='word_1_149' title='bbox 573 2069 723 2115; x_wconf 81' lang='lat' dir='ltr'><strong>certe</strong></span> <span class='ocrx_word' id='word_1_150' title='bbox 761 2074 982 2130; x_wconf 88' lang='lat' dir='ltr'><strong>quoque</strong></span> <span class='ocrx_word' id='word_1_151' title='bbox 1017 2061 1238 2116; x_wconf 85' lang='lat' dir='ltr'><strong>credere</strong></span> <span class='ocrx_word' id='word_1_152' title='bbox 1276 2071 1380 2115; x_wconf 87' lang='lat' dir='ltr'><strong>est.</strong></span> 
     </span>
    </p>
   </div>
   <div class='ocr_carea' id='block_1_23' title="bbox 649 2152 2149 2225">
    <p class='ocr_par' dir='ltr' id='par_1_23' title="bbox 649 2152 2149 2225">
     <span class='ocr_line' id='line_1_23' title="bbox 649 2152 2149 2225; baseline 0.003 -22"><span class='ocrx_word' id='word_1_153' title='bbox 649 2152 721 2206; x_wconf 88' lang='lat' dir='ltr'><strong>De</strong></span> <span class='ocrx_word' id='word_1_154' title='bbox 746 2152 1074 2223; x_wconf 68' lang='lat' dir='ltr'><strong>syllogismis</strong></span> <span class='ocrx_word' id='word_1_155' title='bbox 1105 2167 1232 2206; x_wconf 84' lang='lat' dir='ltr'><strong>vero</strong></span> <span class='ocrx_word' id='word_1_156' title='bbox 1252 2153 1497 2221; x_wconf 89' lang='lat' dir='ltr'><strong>ipsorum</strong></span> <span class='ocrx_word' id='word_1_157' title='bbox 1546 2162 1601 2208; x_wconf 88' lang='lat' dir='ltr'><strong>et</strong></span> <span class='ocrx_word' id='word_1_158' title='bbox 1625 2153 1985 2225; x_wconf 80' lang='lat' dir='ltr'><strong>argumentis,</strong></span> <span class='ocrx_word' id='word_1_159' title='bbox 2025 2170 2149 2224; x_wconf 66' lang='lat' dir='ltr'><strong>qua:</strong></span> 
     </span>
    </p>
   </div>
   <div class='ocr_carea' id='block_1_24' title="bbox 574 2246 2150 2316">
    <p class='ocr_par' dir='ltr' id='par_1_24' title="bbox 574 2246 2150 2316">
     <span class='ocr_line' id='line_1_24' title="bbox 574 2246 2150 2316; baseline 0.003 -17"><span class='ocrx_word' id='word_1_160' title='bbox 574 2247 678 2306; x_wconf 84' lang='lat' dir='ltr'><strong>ais,</strong></span> <span class='ocrx_word' id='word_1_161' title='bbox 709 2261 819 2301; x_wconf 90' lang='lat' dir='ltr'><strong>non</strong></span> <span class='ocrx_word' id='word_1_162' title='bbox 855 2246 922 2301; x_wconf 90' lang='lat' dir='ltr'><strong>de</strong></span> <span class='ocrx_word' id='word_1_163' title='bbox 945 2246 1277 2302; x_wconf 86' lang='lat' dir='ltr'><strong>necessitate</strong></span> <span class='ocrx_word' id='word_1_164' title='bbox 1306 2246 1632 2301; x_wconf 78' lang='lat' dir='ltr'><strong>concludere</strong></span> <span class='ocrx_word' id='word_1_165' title='bbox 1661 2247 2021 2316; x_wconf 89' lang='lat' dir='ltr'><strong>propositum,</strong></span> <span class='ocrx_word' id='word_1_166' title='bbox 2053 2262 2150 2303; x_wconf 83' lang='lat' dir='ltr'><strong>ne-</strong></span> 
     </span>
    </p>
   </div>
   <div class='ocr_carea' id='block_1_25' title="bbox 571 2337 2145 2406">
    <p class='ocr_par' dir='ltr' id='par_1_25' title="bbox 571 2337 2145 2406">
     <span class='ocr_line' id='line_1_25' title="bbox 571 2337 2145 2406; baseline 0.003 -17"><span class='ocrx_word' id='word_1_167' title='bbox 571 2351 681 2406; x_wconf 81' lang='lat' dir='ltr'><strong>que</strong></span> <span class='ocrx_word' id='word_1_168' title='bbox 703 2352 861 2406; x_wconf 83' lang='lat' dir='ltr'><strong>posse</strong></span> <span class='ocrx_word' id='word_1_169' title='bbox 885 2337 1082 2392; x_wconf 72' lang='lat' dir='ltr'><strong>anima:</strong></span> <span class='ocrx_word' id='word_1_170' title='bbox 1102 2337 1435 2406; x_wconf 60' lang='lat' dir='ltr'><strong>inquisitive</strong></span> <span class='ocrx_word' id='word_1_171' title='bbox 1465 2338 1531 2393; x_wconf 91' lang='lat' dir='ltr'><strong>ad</strong></span> <span class='ocrx_word' id='word_1_172' title='bbox 1559 2338 1776 2400; x_wconf 88' lang='lat' dir='ltr'><strong>plenum</strong></span> <span class='ocrx_word' id='word_1_173' title='bbox 1795 2337 2145 2406; x_wconf 80' lang='lat' dir='ltr'><strong>satisfacere;</strong></span> 
     </span>
    </p>
   </div>
   <div class='ocr_carea' id='block_1_26' title="bbox 574 2426 2146 2500">
    <p class='ocr_par' dir='ltr' id='par_1_26' title="bbox 574 2426 2146 2500">
     <span class='ocr_line' id='line_1_26' title="bbox 574 2426 2146 2500; baseline 0.003 -20"><span class='ocrx_word' id='word_1_174' title='bbox 574 2441 684 2480; x_wconf 88' lang='lat' dir='ltr'><strong>non</strong></span> <span class='ocrx_word' id='word_1_175' title='bbox 715 2426 859 2480; x_wconf 89' lang='lat' dir='ltr'><strong>enim</strong></span> <span class='ocrx_word' id='word_1_176' title='bbox 912 2427 1014 2481; x_wconf 89' lang='lat' dir='ltr'><strong>hoc</strong></span> <span class='ocrx_word' id='word_1_177' title='bbox 1077 2426 1410 2482; x_wconf 86' lang='lat' dir='ltr'><strong>mirandum.</strong></span> <span class='ocrx_word' id='word_1_178' title='bbox 1444 2427 1563 2483; x_wconf 92' lang='lat' dir='ltr'><strong>Scis</strong></span> <span class='ocrx_word' id='word_1_179' title='bbox 1619 2429 1839 2499; x_wconf 90' lang='lat' dir='ltr'><strong>quippe,</strong></span> <span class='ocrx_word' id='word_1_180' title='bbox 1901 2429 2047 2500; x_wconf 91' lang='lat' dir='ltr'><strong>quod</strong></span> <span class='ocrx_word' id='word_1_181' title='bbox 2091 2431 2146 2484; x_wconf 92' lang='lat' dir='ltr'><strong>in</strong></span> 
     </span>
    </p>
   </div>
   <div class='ocr_carea' id='block_1_27' title="bbox 575 2517 2148 2590">
    <p class='ocr_par' dir='ltr' id='par_1_27' title="bbox 575 2517 2148 2590">
     <span class='ocr_line' id='line_1_27' title="bbox 575 2517 2148 2590; baseline 0.003 -19"><span class='ocrx_word' id='word_1_182' title='bbox 575 2518 789 2585; x_wconf 86' lang='lat' dir='ltr'><strong>multis,</strong></span> <span class='ocrx_word' id='word_1_183' title='bbox 817 2533 943 2573; x_wconf 89' lang='lat' dir='ltr'><strong>vera</strong></span> <span class='ocrx_word' id='word_1_184' title='bbox 977 2517 1331 2574; x_wconf 82' lang='lat' dir='ltr'><strong>conclusione</strong></span> <span class='ocrx_word' id='word_1_185' title='bbox 1389 2519 1708 2581; x_wconf 80' lang='lat' dir='ltr'><strong>exsistente,</strong></span> <span class='ocrx_word' id='word_1_186' title='bbox 1765 2520 1928 2576; x_wconf 89' lang='lat' dir='ltr'><strong>nimis</strong></span> <span class='ocrx_word' id='word_1_187' title='bbox 1983 2536 2148 2590; x_wconf 87' lang='lat' dir='ltr'><strong>prave</strong></span> 
     </span>
    </p>
   </div>
   <div class='ocr_carea' id='block_1_28' title="bbox 574 2608 2147 2681">
    <p class='ocr_par' dir='ltr' id='par_1_28' title="bbox 574 2608 2147 2681">
     <span class='ocr_line' id='line_1_28' title="bbox 574 2608 2147 2681; baseline 0.003 -19"><span class='ocrx_word' id='word_1_188' title='bbox 574 2608 641 2664; x_wconf 89' lang='lat' dir='ltr'><strong>ad</strong></span> <span class='ocrx_word' id='word_1_189' title='bbox 673 2623 791 2662; x_wconf 88' lang='lat' dir='ltr'><strong>eam</strong></span> <span class='ocrx_word' id='word_1_190' title='bbox 823 2623 1107 2665; x_wconf 83' lang='lat' dir='ltr'><strong>sermones</strong></span> <span class='ocrx_word' id='word_1_191' title='bbox 1147 2611 1314 2674; x_wconf 86' lang='lat' dir='ltr'><strong>.tiant,</strong></span> <span class='ocrx_word' id='word_1_192' title='bbox 1337 2624 1446 2663; x_wconf 90' lang='lat' dir='ltr'><strong>non</strong></span> <span class='ocrx_word' id='word_1_193' title='bbox 1501 2624 1721 2678; x_wconf 88' lang='lat' dir='ltr'><strong>semper</strong></span> <span class='ocrx_word' id='word_1_194' title='bbox 1760 2624 1826 2665; x_wconf 84' lang='lat' dir='ltr'><strong>ex</strong></span> <span class='ocrx_word' id='word_1_195' title='bbox 1876 2611 2147 2681; x_wconf 86' lang='lat' dir='ltr'><strong>imperitia</strong></span> 
     </span>
    </p>
   </div>
   <div class='ocr_carea' id='block_1_29' title="bbox 573 2698 2144 2774">
    <p class='ocr_par' dir='ltr' id='par_1_29' title="bbox 573 2698 2144 2774">
     <span class='ocr_line' id='line_1_29' title="bbox 573 2698 2144 2774; baseline 0.006 -24"><span class='ocrx_word' id='word_1_196' title='bbox 573 2698 871 2754; x_wconf 83' lang='lat' dir='ltr'><strong>dicentium</strong></span> <span class='ocrx_word' id='word_1_197' title='bbox 909 2699 1010 2754; x_wconf 87' lang='lat' dir='ltr'><strong>hoc</strong></span> <span class='ocrx_word' id='word_1_198' title='bbox 1028 2699 1414 2770; x_wconf 82' lang='lat' dir='ltr'><strong>contingente,</strong></span> <span class='ocrx_word' id='word_1_199' title='bbox 1445 2700 1538 2756; x_wconf 88' lang='lat' dir='ltr'><strong>sed</strong></span> <span class='ocrx_word' id='word_1_200' title='bbox 1562 2701 1858 2770; x_wconf 83' lang='lat' dir='ltr'><strong>aliquando</strong></span> <span class='ocrx_word' id='word_1_201' title='bbox 1893 2716 1961 2757; x_wconf 87' lang='lat' dir='ltr'><strong>ex</strong></span> <span class='ocrx_word' id='word_1_202' title='bbox 2022 2703 2144 2774; x_wconf 82' lang='lat' dir='ltr'><strong>ipsa</strong></span> 
     </span>
    </p>
   </div>
   <div class='ocr_carea' id='block_1_30' title="bbox 575 2787 2145 2869">
    <p class='ocr_par' dir='ltr' id='par_1_30' title="bbox 575 2787 2145 2869">
     <span class='ocr_line' id='line_1_30' title="bbox 575 2787 2145 2869; baseline 0.006 -30"><span class='ocrx_word' id='word_1_203' title='bbox 575 2789 860 2869; x_wconf 63' lang='lat' dir='ltr'><strong>propositas</strong></span> <span class='ocrx_word' id='word_1_204' title='bbox 891 2787 964 2843; x_wconf 89' lang='lat' dir='ltr'><strong>rei</strong></span> <span class='ocrx_word' id='word_1_205' title='bbox 1001 2799 1220 2855; x_wconf 88' lang='lat' dir='ltr'><strong>natura,</strong></span> <span class='ocrx_word' id='word_1_206' title='bbox 1244 2804 1352 2844; x_wconf 88' lang='lat' dir='ltr'><strong>non</strong></span> <span class='ocrx_word' id='word_1_207' title='bbox 1371 2790 1684 2845; x_wconf 84' lang='lat' dir='ltr'><strong>abundante</strong></span> <span class='ocrx_word' id='word_1_208' title='bbox 1708 2792 2028 2863; x_wconf 67' lang='lat' dir='ltr'><strong>melioribus</strong></span> <span class='ocrx_word' id='word_1_209' title='bbox 2054 2801 2145 2849; x_wconf 77' lang='lat' dir='ltr'><strong>at-</strong></span> 
     </span>
    </p>
   </div>
   <div class='ocr_carea' id='block_1_31' title="bbox 574 2881 2148 2953">
    <p class='ocr_par' dir='ltr' id='par_1_31' title="bbox 574 2881 2148 2953">
     <span class='ocr_line' id='line_1_31' title="bbox 574 2881 2148 2953; baseline 0.004 -19"><span class='ocrx_word' id='word_1_210' title='bbox 574 2898 682 2950; x_wconf 89' lang='lat' dir='ltr'><strong>que</strong></span> <span class='ocrx_word' id='word_1_211' title='bbox 712 2881 1039 2938; x_wconf 79' lang='lat' dir='ltr'><strong>fortioribus</strong></span> <span class='ocrx_word' id='word_1_212' title='bbox 1071 2884 1442 2939; x_wconf 85' lang='lat' dir='ltr'><strong>sermonibus.</strong></span> <span class='ocrx_word' id='word_1_213' title='bbox 1480 2884 1787 2953; x_wconf 81' lang='lat' dir='ltr'><strong>Aliquando</strong></span> <span class='ocrx_word' id='word_1_214' title='bbox 1819 2900 1950 2940; x_wconf 89' lang='lat' dir='ltr'><strong>vero</strong></span> <span class='ocrx_word' id='word_1_215' title='bbox 2000 2888 2148 2943; x_wconf 87' lang='lat' dir='ltr'><strong>arbi-</strong></span> 
     </span>
    </p>
   </div>
   <div class='ocr_carea' id='block_1_32' title="bbox 575 2976 2148 3047">
    <p class='ocr_par' dir='ltr' id='par_1_32' title="bbox 575 2976 2148 3047">
     <span class='ocr_line' id='line_1_32' title="bbox 575 2976 2148 3047; baseline 0.003 -18"><span class='ocrx_word' id='word_1_216' title='bbox 575 2987 753 3030; x_wconf 84' lang='lat' dir='ltr'><strong>trante</strong></span> <span class='ocrx_word' id='word_1_217' title='bbox 783 2976 903 3047; x_wconf 90' lang='lat' dir='ltr'><strong>ipso</strong></span> <span class='ocrx_word' id='word_1_218' title='bbox 927 2978 1160 3043; x_wconf 90' lang='lat' dir='ltr'><strong>dicente,</strong></span> <span class='ocrx_word' id='word_1_219' title='bbox 1195 2991 1292 3046; x_wconf 88' lang='lat' dir='ltr'><strong>per</strong></span> <span class='ocrx_word' id='word_1_220' title='bbox 1349 2976 1662 3046; x_wconf 70' lang='lat' dir='ltr'><strong>huiusmodi</strong></span> <span class='ocrx_word' id='word_1_221' title='bbox 1712 2993 1999 3034; x_wconf 88' lang='lat' dir='ltr'><strong>sermones</strong></span> <span class='ocrx_word' id='word_1_222' title='bbox 2047 2995 2148 3034; x_wconf 82' lang='lat' dir='ltr'><strong>au-</strong></span> 
     </span>
    </p>
   </div>
   <div class='ocr_carea' id='block_1_33' title="bbox 573 3069 2144 3142">
    <p class='ocr_par' dir='ltr' id='par_1_33' title="bbox 573 3069 2144 3142">
     <span class='ocr_line' id='line_1_33' title="bbox 573 3069 2144 3142; baseline 0.004 -20"><span class='ocrx_word' id='word_1_223' title='bbox 573 3070 849 3123; x_wconf 89' lang='lat' dir='ltr'><strong>dientibus</strong></span> <span class='ocrx_word' id='word_1_224' title='bbox 886 3069 1123 3124; x_wconf 78' lang='lat' dir='ltr'><strong>maxime</strong></span> <span class='ocrx_word' id='word_1_225' title='bbox 1185 3069 1503 3138; x_wconf 77' lang='lat' dir='ltr'><strong>persuaderi</strong></span> <span class='ocrx_word' id='word_1_226' title='bbox 1571 3085 1750 3138; x_wconf 87' lang='lat' dir='ltr'><strong>posse.</strong></span> <span class='ocrx_word' id='word_1_227' title='bbox 1795 3073 1949 3142; x_wconf 81' lang='lat' dir='ltr'><strong>Saepe</strong></span> <span class='ocrx_word' id='word_1_228' title='bbox 2001 3074 2144 3128; x_wconf 90' lang='lat' dir='ltr'><strong>enim</strong></span> 
     </span>
    </p>
   </div>
   <div class='ocr_carea' id='block_1_34' title="bbox 574 3162 2146 3235">
    <p class='ocr_par' dir='ltr' id='par_1_34' title="bbox 574 3162 2146 3235">
     <span class='ocr_line' id='line_1_34' title="bbox 574 3162 2146 3235; baseline 0.005 -21"><span class='ocrx_word' id='word_1_229' title='bbox 574 3162 840 3230; x_wconf 76' lang='lat' dir='ltr'><strong>coiitingit</strong></span> <span class='ocrx_word' id='word_1_230' title='bbox 866 3177 928 3216; x_wconf 91' lang='lat' dir='ltr'><strong>ea</strong></span> <span class='ocrx_word' id='word_1_231' title='bbox 961 3177 1057 3230; x_wconf 87' lang='lat' dir='ltr'><strong>per</strong></span> <span class='ocrx_word' id='word_1_232' title='bbox 1085 3177 1207 3232; x_wconf 73' lang='lat' dir='ltr'><strong>quae</strong></span> <span class='ocrx_word' id='word_1_233' title='bbox 1227 3163 1350 3217; x_wconf 88' lang='lat' dir='ltr'><strong>aliis</strong></span> <span class='ocrx_word' id='word_1_234' title='bbox 1379 3165 1761 3231; x_wconf 86' lang='lat' dir='ltr'><strong>persuadetur,</strong></span> <span class='ocrx_word' id='word_1_235' title='bbox 1818 3167 1959 3235; x_wconf 88' lang='lat' dir='ltr'><strong>apud</strong></span> <span class='ocrx_word' id='word_1_236' title='bbox 2004 3166 2146 3222; x_wconf 85' lang='lat' dir='ltr'><strong>alios</strong></span> 
     </span>
    </p>
   </div>
   <div class='ocr_carea' id='block_1_35' title="bbox 577 3253 2152 3328">
    <p class='ocr_par' dir='ltr' id='par_1_35' title="bbox 577 3253 2152 3328">
     <span class='ocr_line' id='line_1_35' title="bbox 577 3253 2152 3328; baseline 0.005 -21"><span class='ocrx_word' id='word_1_237' title='bbox 577 3255 800 3309; x_wconf 87' lang='lat' dir='ltr'><strong>ridicula</strong></span> <span class='ocrx_word' id='word_1_238' title='bbox 838 3255 1037 3324; x_wconf 75' lang='lat' dir='ltr'><strong>putari.</strong></span> <span class='ocrx_word' id='word_1_239' title='bbox 1074 3253 1207 3308; x_wconf 91' lang='lat' dir='ltr'><strong>ltcm</strong></span> <span class='ocrx_word' id='word_1_240' title='bbox 1243 3270 1418 3326; x_wconf 89' lang='lat' dir='ltr'><strong>neque</strong></span> <span class='ocrx_word' id='word_1_241' title='bbox 1455 3271 1553 3326; x_wconf 91' lang='lat' dir='ltr'><strong>per</strong></span> <span class='ocrx_word' id='word_1_242' title='bbox 1575 3272 1696 3325; x_wconf 79' lang='lat' dir='ltr'><strong>quae</strong></span> <span class='ocrx_word' id='word_1_243' title='bbox 1757 3259 2014 3328; x_wconf 87' lang='lat' dir='ltr'><strong>cuiquam</strong></span> <span class='ocrx_word' id='word_1_244' title='bbox 2065 3266 2152 3315; x_wconf 86' lang='lat' dir='ltr'><strong>est</strong></span> 
     </span>
    </p>
   </div>
   <div class='ocr_carea' id='block_1_36' title="bbox 577 3348 2148 3420">
    <p class='ocr_par' dir='ltr' id='par_1_36' title="bbox 577 3348 2148 3420">
     <span class='ocr_line' id='line_1_36' title="bbox 577 3348 2148 3420; baseline 0.007 -24"><span class='ocrx_word' id='word_1_245' title='bbox 577 3364 896 3418; x_wconf 60' lang='lat' dir='ltr'><strong>persuasum</strong></span> <span class='ocrx_word' id='word_1_246' title='bbox 934 3348 1160 3416; x_wconf 86' lang='lat' dir='ltr'><strong>aliquid,</strong></span> <span class='ocrx_word' id='word_1_247' title='bbox 1187 3363 1286 3418; x_wconf 90' lang='lat' dir='ltr'><strong>per</strong></span> <span class='ocrx_word' id='word_1_248' title='bbox 1311 3349 1498 3403; x_wconf 86' lang='lat' dir='ltr'><strong>eadem</strong></span> <span class='ocrx_word' id='word_1_249' title='bbox 1523 3364 1739 3418; x_wconf 89' lang='lat' dir='ltr'><strong>semper</strong></span> <span class='ocrx_word' id='word_1_250' title='bbox 1772 3351 1902 3407; x_wconf 91' lang='lat' dir='ltr'><strong>aliis</strong></span> <span class='ocrx_word' id='word_1_251' title='bbox 1919 3367 2148 3420; x_wconf 85' lang='lat' dir='ltr'><strong>persua-</strong></span> 
     </span>
    </p>
   </div>
   <div class='ocr_carea' id='block_1_37' title="bbox 575 3441 2151 3512">
    <p class='ocr_par' dir='ltr' id='par_1_37' title="bbox 575 3441 2151 3512">
     <span class='ocr_line' id='line_1_37' title="bbox 575 3441 2151 3512; baseline 0.004 -19"><span class='ocrx_word' id='word_1_252' title='bbox 575 3442 688 3495; x_wconf 86' lang='lat' dir='ltr'><strong>deri</strong></span> <span class='ocrx_word' id='word_1_253' title='bbox 720 3442 913 3495; x_wconf 87' lang='lat' dir='ltr'><strong>nititur</strong></span> <span class='ocrx_word' id='word_1_254' title='bbox 943 3456 956 3503; x_wconf 89' lang='lat'><strong>;</strong></span> <span class='ocrx_word' id='word_1_255' title='bbox 987 3441 1079 3496; x_wconf 89' lang='lat' dir='ltr'><strong>sed</strong></span> <span class='ocrx_word' id='word_1_256' title='bbox 1106 3456 1212 3512; x_wconf 90' lang='lat' dir='ltr'><strong>qua</strong></span> <span class='ocrx_word' id='word_1_257' title='bbox 1244 3442 1397 3511; x_wconf 89' lang='lat' dir='ltr'><strong>sequi</strong></span> <span class='ocrx_word' id='word_1_258' title='bbox 1428 3456 1526 3496; x_wconf 89' lang='lat' dir='ltr'><strong>eos</strong></span> <span class='ocrx_word' id='word_1_259' title='bbox 1551 3443 1807 3507; x_wconf 75' lang='lat' dir='ltr'><strong>aestimat,</strong></span> <span class='ocrx_word' id='word_1_260' title='bbox 1855 3443 1958 3498; x_wconf 89' lang='lat' dir='ltr'><strong>hac</strong></span> <span class='ocrx_word' id='word_1_261' title='bbox 1983 3445 2151 3499; x_wconf 89' lang='lat' dir='ltr'><strong>etdu-</strong></span> 
     </span>
    </p>
   </div>
   <div class='ocr_carea' id='block_1_38' title="bbox 573 3533 2148 3605">
    <p class='ocr_par' dir='ltr' id='par_1_38' title="bbox 573 3533 2148 3605">
     <span class='ocr_line' id='line_1_38' title="bbox 573 3533 2148 3605; baseline 0.003 -16"><span class='ocrx_word' id='word_1_262' title='bbox 573 3551 696 3589; x_wconf 66' lang='lat' dir='ltr'><strong>evre</strong></span> <span class='ocrx_word' id='word_1_263' title='bbox 719 3543 907 3589; x_wconf 79' lang='lat' dir='ltr'><strong>tentet.</strong></span> <span class='ocrx_word' id='word_1_264' title='bbox 941 3534 1017 3589; x_wconf 90' lang='lat' dir='ltr'><strong>lta</strong></span> <span class='ocrx_word' id='word_1_265' title='bbox 1045 3533 1210 3604; x_wconf 83' lang='lat' dir='ltr'><strong>igitur</strong></span> <span class='ocrx_word' id='word_1_266' title='bbox 1233 3545 1289 3590; x_wconf 85' lang='lat' dir='ltr'><strong>et</strong></span> <span class='ocrx_word' id='word_1_267' title='bbox 1340 3533 1566 3590; x_wconf 88' lang='lat' dir='ltr'><strong>Latinos</strong></span> <span class='ocrx_word' id='word_1_268' title='bbox 1637 3537 1748 3590; x_wconf 87' lang='lat' dir='ltr'><strong>noli</strong></span> <span class='ocrx_word' id='word_1_269' title='bbox 1812 3546 2009 3605; x_wconf 90' lang='lat' dir='ltr'><strong>putare</strong></span> <span class='ocrx_word' id='word_1_270' title='bbox 2062 3536 2148 3593; x_wconf 89' lang='lat' dir='ltr'><strong>his</strong></span> 
     </span>
    </p>
   </div>
   <div class='ocr_carea' id='block_1_39' title="bbox 578 3628 2144 3700">
    <p class='ocr_par' dir='ltr' id='par_1_39' title="bbox 578 3628 2144 3700">
     <span class='ocr_line' id='line_1_39' title="bbox 578 3628 2144 3700; baseline 0 -18"><span class='ocrx_word' id='word_1_271' title='bbox 578 3628 906 3699; x_wconf 73' lang='lat' dir='ltr'><strong>syllogismis</strong></span> <span class='ocrx_word' id='word_1_272' title='bbox 933 3639 983 3682; x_wconf 89' lang='lat' dir='ltr'><strong>et</strong></span> <span class='ocrx_word' id='word_1_273' title='bbox 1011 3628 1352 3698; x_wconf 82' lang='lat' dir='ltr'><strong>argumentis</strong></span> <span class='ocrx_word' id='word_1_274' title='bbox 1404 3628 1690 3682; x_wconf 85' lang='lat' dir='ltr'><strong>credentes</strong></span> <span class='ocrx_word' id='word_1_275' title='bbox 1747 3639 1956 3695; x_wconf 87' lang='lat' dir='ltr'><strong>tenere,</strong></span> <span class='ocrx_word' id='word_1_276' title='bbox 1999 3629 2144 3700; x_wconf 88' lang='lat' dir='ltr'><strong>quod</strong></span> 
     </span>
    </p>
   </div>
   <div class='ocr_carea' id='block_1_40' title="bbox 578 3721 2149 3792">
    <p class='ocr_par' dir='ltr' id='par_1_40' title="bbox 578 3721 2149 3792">
     <span class='ocr_line' id='line_1_40' title="bbox 578 3721 2149 3792; baseline -0.001 -15"><span class='ocrx_word' id='word_1_277' title='bbox 578 3724 798 3786; x_wconf 89' lang='lat' dir='ltr'><strong>dicunt;</strong></span> <span class='ocrx_word' id='word_1_278' title='bbox 821 3722 922 3792; x_wconf 90' lang='lat' dir='ltr'><strong>ipsi</strong></span> <span class='ocrx_word' id='word_1_279' title='bbox 951 3721 1095 3776; x_wconf 89' lang='lat' dir='ltr'><strong>enim</strong></span> <span class='ocrx_word' id='word_1_280' title='bbox 1134 3721 1238 3775; x_wconf 90' lang='lat' dir='ltr'><strong>hoc</strong></span> <span class='ocrx_word' id='word_1_281' title='bbox 1266 3721 1497 3776; x_wconf 91' lang='lat' dir='ltr'><strong>credunt</strong></span> <span class='ocrx_word' id='word_1_282' title='bbox 1525 3735 1591 3776; x_wconf 83' lang='lat' dir='ltr'><strong>ex</strong></span> <span class='ocrx_word' id='word_1_283' title='bbox 1627 3721 1802 3776; x_wconf 88' lang='lat' dir='ltr'><strong>tribus</strong></span> <span class='ocrx_word' id='word_1_284' title='bbox 1830 3721 1961 3785; x_wconf 87' lang='lat' dir='ltr'><strong>illis,</strong></span> <span class='ocrx_word' id='word_1_285' title='bbox 2022 3722 2149 3792; x_wconf 86' lang='lat' dir='ltr'><strong>qui-</strong></span> 
     </span>
    </p>
   </div>
   <div class='ocr_carea' id='block_1_41' title="bbox 579 3813 2151 3882">
    <p class='ocr_par' dir='ltr' id='par_1_41' title="bbox 579 3813 2151 3882">
     <span class='ocr_line' id='line_1_41' title="bbox 579 3813 2151 3882; baseline 0 -13"><span class='ocrx_word' id='word_1_286' title='bbox 579 3817 678 3869; x_wconf 89' lang='lat' dir='ltr'><strong>bus</strong></span> <span class='ocrx_word' id='word_1_287' title='bbox 709 3815 820 3868; x_wconf 82' lang='lat' dir='ltr'><strong>dixi</strong></span> <span class='ocrx_word' id='word_1_288' title='bbox 875 3824 927 3869; x_wconf 88' lang='lat' dir='ltr'><strong>et</strong></span> <span class='ocrx_word' id='word_1_289' title='bbox 973 3828 1059 3869; x_wconf 73' lang='lat' dir='ltr'><strong>nze</strong></span> <span class='ocrx_word' id='word_1_290' title='bbox 1091 3813 1145 3868; x_wconf 90' lang='lat' dir='ltr'><strong>id</strong></span> <span class='ocrx_word' id='word_1_291' title='bbox 1194 3814 1374 3882; x_wconf 89' lang='lat' dir='ltr'><strong>ipsum</strong></span> <span class='ocrx_word' id='word_1_292' title='bbox 1429 3814 1654 3869; x_wconf 89' lang='lat' dir='ltr'><strong>credere</strong></span> <span class='ocrx_word' id='word_1_293' title='bbox 1687 3830 1701 3868; x_wconf 89' lang='lat'><strong>:</strong></span> <span class='ocrx_word' id='word_1_294' title='bbox 1729 3829 1787 3869; x_wconf 91' lang='lat' dir='ltr'><strong>re</strong></span> <span class='ocrx_word' id='word_1_295' title='bbox 1818 3829 1946 3869; x_wconf 83' lang='lat' dir='ltr'><strong>vero</strong></span> <span class='ocrx_word' id='word_1_296' title='bbox 1999 3815 2151 3871; x_wconf 81' lang='lat' dir='ltr'><strong>exsi-</strong></span> 
     </span>
    </p>
   </div>
   <div class='ocr_carea' id='block_1_42' title="bbox 575 3905 2148 3976">
    <p class='ocr_par' dir='ltr' id='par_1_42' title="bbox 575 3905 2148 3976">
     <span class='ocr_line' id='line_1_42' title="bbox 575 3905 2148 3976; baseline -0.001 -14"><span class='ocrx_word' id='word_1_297' title='bbox 575 3918 752 3963; x_wconf 86' lang='lat' dir='ltr'><strong>stente</strong></span> <span class='ocrx_word' id='word_1_298' title='bbox 781 3921 947 3976; x_wconf 87' lang='lat' dir='ltr'><strong>super</strong></span> <span class='ocrx_word' id='word_1_299' title='bbox 973 3907 1264 3971; x_wconf 82' lang='lat' dir='ltr'><strong>rationem,</strong></span> <span class='ocrx_word' id='word_1_300' title='bbox 1291 3914 1346 3961; x_wconf 91' lang='lat' dir='ltr'><strong>et</strong></span> <span class='ocrx_word' id='word_1_301' title='bbox 1379 3905 1567 3961; x_wconf 87' lang='lat' dir='ltr'><strong>multis</strong></span> <span class='ocrx_word' id='word_1_302' title='bbox 1599 3906 1913 3963; x_wconf 85' lang='lat' dir='ltr'><strong>nolentibus</strong></span> <span class='ocrx_word' id='word_1_303' title='bbox 1941 3924 2006 3962; x_wconf 77' lang='lat' dir='ltr'><strong>ex</strong></span> <span class='ocrx_word' id='word_1_304' title='bbox 2063 3909 2148 3963; x_wconf 85' lang='lat' dir='ltr'><strong>di-</strong></span> 
     </span>
    </p>
   </div>
   <div class='ocr_carea' id='block_1_43' title="bbox 576 4001 2146 4070">
    <p class='ocr_par' dir='ltr' id='par_1_43' title="bbox 576 4001 2146 4070">
     <span class='ocr_line' id='line_1_43' title="bbox 576 4001 2146 4070; baseline 0.001 -17"><span class='ocrx_word' id='word_1_305' title='bbox 576 4002 683 4057; x_wconf 72' lang='lat' dir='ltr'><strong>rtis</strong></span> <span class='ocrx_word' id='word_1_306' title='bbox 718 4002 892 4056; x_wconf 87' lang='lat' dir='ltr'><strong>tribus</strong></span> <span class='ocrx_word' id='word_1_307' title='bbox 922 4001 1177 4056; x_wconf 85' lang='lat' dir='ltr'><strong>similiter</strong></span> <span class='ocrx_word' id='word_1_308' title='bbox 1213 4002 1314 4055; x_wconf 90' lang='lat' dir='ltr'><strong>hoc</strong></span> <span class='ocrx_word' id='word_1_309' title='bbox 1341 4001 1586 4065; x_wconf 86' lang='lat' dir='ltr'><strong>credere,</strong></span> <span class='ocrx_word' id='word_1_310' title='bbox 1626 4003 1720 4055; x_wconf 89' lang='lat' dir='ltr'><strong>sed</strong></span> <span class='ocrx_word' id='word_1_311' title='bbox 1751 4001 1931 4070; x_wconf 85' lang='lat' dir='ltr'><strong>potius</strong></span> <span class='ocrx_word' id='word_1_312' title='bbox 1979 4016 2146 4070; x_wconf 82' lang='lat' dir='ltr'><strong>argu-</strong></span> 
     </span>
    </p>
   </div>
   <div class='ocr_carea' id='block_1_44' title="bbox 578 4093 2148 4164">
    <p class='ocr_par' dir='ltr' id='par_1_44' title="bbox 578 4093 2148 4164">
     <span class='ocr_line' id='line_1_44' title="bbox 578 4093 2148 4164; baseline -0.001 -13"><span class='ocrx_word' id='word_1_313' title='bbox 578 4097 777 4151; x_wconf 87' lang='lat' dir='ltr'><strong>mentis</strong></span> <span class='ocrx_word' id='word_1_314' title='bbox 816 4107 872 4150; x_wconf 92' lang='lat' dir='ltr'><strong>et</strong></span> <span class='ocrx_word' id='word_1_315' title='bbox 918 4093 1250 4164; x_wconf 79' lang='lat' dir='ltr'><strong>syllogismis</strong></span> <span class='ocrx_word' id='word_1_316' title='bbox 1311 4095 1565 4148; x_wconf 88' lang='lat' dir='ltr'><strong>humanis</strong></span> <span class='ocrx_word' id='word_1_317' title='bbox 1601 4106 1654 4148; x_wconf 88' lang='lat' dir='ltr'><strong>et</strong></span> <span class='ocrx_word' id='word_1_318' title='bbox 1688 4095 1796 4148; x_wconf 87' lang='lat' dir='ltr'><strong>Deo</strong></span> <span class='ocrx_word' id='word_1_319' title='bbox 1859 4094 2148 4164; x_wconf 88' lang='lat' dir='ltr'><strong>condignis</strong></span> 
     </span>
    </p>
   </div>
   <div class='ocr_carea' id='block_1_45' title="bbox 577 4187 2143 4261">
    <p class='ocr_par' dir='ltr' id='par_1_45' title="bbox 577 4187 2143 4261">
     <span class='ocr_line' id='line_1_45' title="bbox 577 4187 2143 4261; baseline 0.001 -20"><span class='ocrx_word' id='word_1_320' title='bbox 577 4189 886 4261; x_wconf 85' lang='lat' dir='ltr'><strong>oppositum</strong></span> <span class='ocrx_word' id='word_1_321' title='bbox 907 4187 1194 4243; x_wconf 84' lang='lat' dir='ltr'><strong>ostendere</strong></span> <span class='ocrx_word' id='word_1_322' title='bbox 1219 4187 1548 4242; x_wconf 86' lang='lat' dir='ltr'><strong>conantibus</strong></span> <span class='ocrx_word' id='word_1_323' title='bbox 1585 4205 1596 4241; x_wconf 91' lang='lat'>:</span> <span class='ocrx_word' id='word_1_324' title='bbox 1627 4187 1730 4256; x_wconf 86' lang='lat' dir='ltr'><strong>ipsi</strong></span> <span class='ocrx_word' id='word_1_325' title='bbox 1765 4189 2048 4258; x_wconf 89' lang='lat' dir='ltr'><strong>cupientes</strong></span> <span class='ocrx_word' id='word_1_326' title='bbox 2077 4187 2143 4243; x_wconf 89' lang='lat' dir='ltr'><strong>ad</strong></span> 
     </span>
    </p>
   </div>
   <div class='ocr_carea' id='block_1_46' title="bbox 577 4278 2148 4348">
    <p class='ocr_par' dir='ltr' id='par_1_46' title="bbox 577 4278 2148 4348">
     <span class='ocr_line' id='line_1_46' title="bbox 577 4278 2148 4348; baseline -0.003 -12"><span class='ocrx_word' id='word_1_327' title='bbox 577 4299 636 4336; x_wconf 77' lang='lat' dir='ltr'><strong>se</strong></span> <span class='ocrx_word' id='word_1_328' title='bbox 660 4284 760 4336; x_wconf 88' lang='lat' dir='ltr'><strong>hos</strong></span> <span class='ocrx_word' id='word_1_329' title='bbox 785 4287 1126 4344; x_wconf 85' lang='lat' dir='ltr'><strong>convertere,</strong></span> <span class='ocrx_word' id='word_1_330' title='bbox 1166 4292 1287 4347; x_wconf 73' lang='lat' dir='ltr'><strong>qua:</strong></span> <span class='ocrx_word' id='word_1_331' title='bbox 1336 4278 1523 4348; x_wconf 88' lang='lat' dir='ltr'><strong>utique</strong></span> <span class='ocrx_word' id='word_1_332' title='bbox 1542 4279 1786 4347; x_wconf 85' lang='lat' dir='ltr'><strong>cogitant</strong></span> <span class='ocrx_word' id='word_1_333' title='bbox 1819 4293 2034 4347; x_wconf 88' lang='lat' dir='ltr'><strong>semper</strong></span> <span class='ocrx_word' id='word_1_334' title='bbox 2080 4278 2148 4333; x_wconf 90' lang='lat' dir='ltr'><strong>de</strong></span> 
     </span>
    </p>
   </div>
   <div class='ocr_carea' id='block_1_47' title="bbox 579 4369 2143 4443">
    <p class='ocr_par' dir='ltr' id='par_1_47' title="bbox 579 4369 2143 4443">
     <span class='ocr_line' id='line_1_47' title="bbox 579 4369 2143 4443; baseline -0.004 -12"><span class='ocrx_word' id='word_1_335' title='bbox 579 4374 854 4443; x_wconf 59' lang='lat' dir='ltr'><strong>proposito</strong></span> <span class='ocrx_word' id='word_1_336' title='bbox 884 4369 1295 4427; x_wconf 87' lang='lat' dir='ltr'><strong>accommodata</strong></span> <span class='ocrx_word' id='word_1_337' title='bbox 1328 4385 1469 4432; x_wconf 89' lang='lat' dir='ltr'><strong>esse,</strong></span> <span class='ocrx_word' id='word_1_338' title='bbox 1504 4371 1569 4425; x_wconf 87' lang='lat' dir='ltr'><strong>ad</strong></span> <span class='ocrx_word' id='word_1_339' title='bbox 1602 4370 1928 4426; x_wconf 82' lang='lat' dir='ltr'><strong>refellendos</strong></span> <span class='ocrx_word' id='word_1_340' title='bbox 1957 4385 2143 4426; x_wconf 91' lang='lat' dir='ltr'><strong>eorum</strong></span> 
     </span>
    </p>
   </div>
   <div class='ocr_carea' id='block_1_48' title="bbox 2259 490 3836 560">
    <p class='ocr_par' dir='ltr' id='par_1_48' title="bbox 2259 490 3836 560">
     <span class='ocr_line' id='line_1_48' title="bbox 2259 490 3836 560; baseline 0 -14"><span class='ocrx_word' id='word_1_341' title='bbox 2259 491 2613 556; x_wconf 81' lang='lat' dir='ltr'><strong>inﬁrmiores,</strong></span> <span class='ocrx_word' id='word_1_342' title='bbox 2645 491 2910 546; x_wconf 79' lang='lat' dir='ltr'><strong>auxilium</strong></span> <span class='ocrx_word' id='word_1_343' title='bbox 2935 490 3203 560; x_wconf 89' lang='lat' dir='ltr'><strong>quoddam</strong></span> <span class='ocrx_word' id='word_1_344' title='bbox 3234 497 3540 560; x_wconf 72' lang='lat' dir='ltr'><strong>praestetur,</strong></span> <span class='ocrx_word' id='word_1_345' title='bbox 3590 505 3660 546; x_wconf 86' lang='lat' dir='ltr'><strong>ne</strong></span> <span class='ocrx_word' id='word_1_346' title='bbox 3711 503 3836 546; x_wconf 85' lang='lat' dir='ltr'><strong>mo-</strong></span> 
     </span>
    </p>
   </div>
   <div class='ocr_carea' id='block_1_49' title="bbox 2255 582 3830 655">
    <p class='ocr_par' dir='ltr' id='par_1_49' title="bbox 2255 582 3830 655">
     <span class='ocr_line' id='line_1_49' title="bbox 2255 582 3830 655; baseline -0.002 -14"><span class='ocrx_word' id='word_1_347' title='bbox 2255 596 2484 641; x_wconf 91' lang='lat' dir='ltr'><strong>veantur</strong></span> <span class='ocrx_word' id='word_1_348' title='bbox 2509 600 2604 655; x_wconf 91' lang='lat' dir='ltr'><strong>per</strong></span> <span class='ocrx_word' id='word_1_349' title='bbox 2633 583 2842 640; x_wconf 87' lang='lat' dir='ltr'><strong>similes</strong></span> <span class='ocrx_word' id='word_1_350' title='bbox 2871 584 3236 655; x_wconf 79' lang='lat' dir='ltr'><strong>syllogismos.</strong></span> <span class='ocrx_word' id='word_1_351' title='bbox 3258 582 3528 639; x_wconf 68' lang='lat' dir='ltr'><strong>Caeterum</strong></span> <span class='ocrx_word' id='word_1_352' title='bbox 3562 582 3613 638; x_wconf 88' lang='lat' dir='ltr'><strong>si</strong></span> <span class='ocrx_word' id='word_1_353' title='bbox 3635 598 3830 638; x_wconf 87' lang='lat' dir='ltr'><strong>omnes</strong></span> 
     </span>
    </p>
   </div>
   <div class='ocr_carea' id='block_1_50' title="bbox 2254 673 3830 747">
    <p class='ocr_par' dir='ltr' id='par_1_50' title="bbox 2254 673 3830 747">
     <span class='ocr_line' id='line_1_50' title="bbox 2254 673 3830 747; baseline -0.003 -15"><span class='ocrx_word' id='word_1_354' title='bbox 2254 679 2524 732; x_wconf 83' lang='lat' dir='ltr'><strong>sentirent</strong></span> <span class='ocrx_word' id='word_1_355' title='bbox 2568 677 2642 731; x_wconf 91' lang='lat' dir='ltr'><strong>ita</strong></span> <span class='ocrx_word' id='word_1_356' title='bbox 2701 677 3021 747; x_wconf 89' lang='lat' dir='ltr'><strong>dispositos,</strong></span> <span class='ocrx_word' id='word_1_357' title='bbox 3052 683 3110 729; x_wconf 92' lang='lat' dir='ltr'><strong>ut</strong></span> <span class='ocrx_word' id='word_1_358' title='bbox 3140 690 3240 746; x_wconf 91' lang='lat' dir='ltr'><strong>ego</strong></span> <span class='ocrx_word' id='word_1_359' title='bbox 3267 682 3320 729; x_wconf 90' lang='lat' dir='ltr'><strong>te</strong></span> <span class='ocrx_word' id='word_1_360' title='bbox 3353 690 3416 728; x_wconf 78' lang='lat' dir='ltr'><strong>ex</strong></span> <span class='ocrx_word' id='word_1_361' title='bbox 3446 683 3537 729; x_wconf 86' lang='lat' dir='ltr'><strong>tua</strong></span> <span class='ocrx_word' id='word_1_362' title='bbox 3594 673 3830 745; x_wconf 87' lang='lat' dir='ltr'><strong>epistola</strong></span> 
     </span>
    </p>
   </div>
   <div class='ocr_carea' id='block_1_51' title="bbox 2254 767 3829 841">
    <p class='ocr_par' dir='ltr' id='par_1_51' title="bbox 2254 767 3829 841">
     <span class='ocr_line' id='line_1_51' title="bbox 2254 767 3829 841; baseline -0.003 -16"><span class='ocrx_word' id='word_1_363' title='bbox 2254 771 2433 836; x_wconf 91' lang='lat' dir='ltr'><strong>video,</strong></span> <span class='ocrx_word' id='word_1_364' title='bbox 2473 786 2582 826; x_wconf 91' lang='lat' dir='ltr'><strong>non</strong></span> <span class='ocrx_word' id='word_1_365' title='bbox 2608 771 2796 841; x_wconf 88' lang='lat' dir='ltr'><strong>utique</strong></span> <span class='ocrx_word' id='word_1_366' title='bbox 2854 770 3057 825; x_wconf 88' lang='lat' dir='ltr'><strong>talibus</strong></span> <span class='ocrx_word' id='word_1_367' title='bbox 3118 778 3400 824; x_wconf 89' lang='lat' dir='ltr'><strong>uterentur</strong></span> <span class='ocrx_word' id='word_1_368' title='bbox 3450 767 3829 824; x_wconf 87' lang='lat' dir='ltr'><strong>sermonibus.</strong></span> 
     </span>
    </p>
   </div>
   <div class='ocr_carea' id='block_1_52' title="bbox 2253 864 2906 920">
    <p class='ocr_par' dir='ltr' id='par_1_52' title="bbox 2253 864 2906 920">
     <span class='ocr_line' id='line_1_52' title="bbox 2253 864 2906 920; baseline -0.005 -1"><span class='ocrx_word' id='word_1_369' title='bbox 2253 864 2488 920; x_wconf 83' lang='lat' dir='ltr'><strong>Attende</strong></span> <span class='ocrx_word' id='word_1_370' title='bbox 2513 872 2695 918; x_wconf 89' lang='lat' dir='ltr'><strong>autem</strong></span> <span class='ocrx_word' id='word_1_371' title='bbox 2723 872 2777 918; x_wconf 90' lang='lat' dir='ltr'><strong>et</strong></span> <span class='ocrx_word' id='word_1_372' title='bbox 2806 865 2906 919; x_wconf 90' lang='lat' dir='ltr'><strong>sic.</strong></span> 
     </span>
    </p>
   </div>
   <div class='ocr_carea' id='block_1_53' title="bbox 2325 953 3831 1016">
    <p class='ocr_par' dir='ltr' id='par_1_53' title="bbox 2325 953 3831 1016">
     <span class='ocr_line' id='line_1_53' title="bbox 2325 953 3831 1016; baseline -0.003 -4"><span class='ocrx_word' id='word_1_373' title='bbox 2325 957 2466 1012; x_wconf 86' lang='lat' dir='ltr'><strong>Ecce</strong></span> <span class='ocrx_word' id='word_1_374' title='bbox 2493 958 2730 1012; x_wconf 86' lang='lat' dir='ltr'><strong>humana</strong></span> <span class='ocrx_word' id='word_1_375' title='bbox 2757 965 2940 1012; x_wconf 89' lang='lat' dir='ltr'><strong>mente</strong></span> <span class='ocrx_word' id='word_1_376' title='bbox 2992 954 3308 1012; x_wconf 82' lang='lat' dir='ltr'><strong>ratiocinari</strong></span> <span class='ocrx_word' id='word_1_377' title='bbox 3353 955 3420 1010; x_wconf 89' lang='lat' dir='ltr'><strong>de</strong></span> <span class='ocrx_word' id='word_1_378' title='bbox 3479 953 3566 1008; x_wconf 88' lang='lat' dir='ltr'><strong>illa</strong></span> <span class='ocrx_word' id='word_1_379' title='bbox 3623 969 3703 1016; x_wconf 86' lang='lat' dir='ltr'><strong>re,</strong></span> <span class='ocrx_word' id='word_1_380' title='bbox 3759 953 3831 1008; x_wconf 86' lang='lat' dir='ltr'><strong>de</strong></span> 
     </span>
    </p>
   </div>
   <div class='ocr_carea' id='block_1_54' title="bbox 2250 1046 3828 1119">
    <p class='ocr_par' dir='ltr' id='par_1_54' title="bbox 2250 1046 3828 1119">
     <span class='ocr_line' id='line_1_54' title="bbox 2250 1046 3828 1119; baseline -0.004 -16"><span class='ocrx_word' id='word_1_381' title='bbox 2250 1063 2358 1118; x_wconf 91' lang='lat' dir='ltr'><strong>qua</strong></span> <span class='ocrx_word' id='word_1_382' title='bbox 2386 1049 2463 1103; x_wconf 89' lang='lat' dir='ltr'><strong>ait</strong></span> <span class='ocrx_word' id='word_1_383' title='bbox 2492 1057 2718 1104; x_wconf 87' lang='lat' dir='ltr'><strong>sanctus</strong></span> <span class='ocrx_word' id='word_1_384' title='bbox 2739 1046 3054 1119; x_wconf 85' lang='lat' dir='ltr'><strong>Dionysius,</strong></span> <span class='ocrx_word' id='word_1_385' title='bbox 3088 1047 3260 1117; x_wconf 85' lang='lat' dir='ltr'><strong>magis</strong></span> <span class='ocrx_word' id='word_1_386' title='bbox 3281 1046 3544 1100; x_wconf 83' lang='lat' dir='ltr'><strong>veriﬁcari</strong></span> <span class='ocrx_word' id='word_1_387' title='bbox 3576 1046 3828 1099; x_wconf 89' lang='lat' dir='ltr'><strong>omnium</strong></span> 
     </span>
    </p>
   </div>
   <div class='ocr_carea' id='block_1_55' title="bbox 2249 1135 3825 1210">
    <p class='ocr_par' dir='ltr' id='par_1_55' title="bbox 2249 1135 3825 1210">
     <span class='ocr_line' id='line_1_55' title="bbox 2249 1135 3825 1210; baseline -0.005 -17"><span class='ocrx_word' id='word_1_388' title='bbox 2249 1155 2371 1210; x_wconf 57' lang='lat' dir='ltr'><strong>qua?</strong></span> <span class='ocrx_word' id='word_1_389' title='bbox 2391 1138 2652 1204; x_wconf 88' lang='lat' dir='ltr'><strong>dicimus,</strong></span> <span class='ocrx_word' id='word_1_390' title='bbox 2681 1153 2914 1208; x_wconf 67' lang='lat' dir='ltr'><strong>quaeque</strong></span> <span class='ocrx_word' id='word_1_391' title='bbox 2933 1136 3306 1207; x_wconf 86' lang='lat' dir='ltr'><strong>intelligimus,</strong></span> <span class='ocrx_word' id='word_1_392' title='bbox 3324 1135 3643 1203; x_wconf 82' lang='lat' dir='ltr'><strong>negationes</strong></span> <span class='ocrx_word' id='word_1_393' title='bbox 3658 1147 3825 1201; x_wconf 89' lang='lat' dir='ltr'><strong>quam</strong></span> 
     </span>
    </p>
   </div>
   <div class='ocr_carea' id='block_1_56' title="bbox 2249 1225 3830 1298">
    <p class='ocr_par' dir='ltr' id='par_1_56' title="bbox 2249 1225 3830 1298">
     <span class='ocr_line' id='line_1_56' title="bbox 2249 1225 3830 1298; baseline -0.003 -13"><span class='ocrx_word' id='word_1_394' title='bbox 2249 1228 2636 1285; x_wconf 84' lang='lat' dir='ltr'><strong>aliirmationes</strong></span> <span class='ocrx_word' id='word_1_395' title='bbox 2666 1269 2681 1295; x_wconf 98' lang='lat'><strong>,</strong></span> <span class='ocrx_word' id='word_1_396' title='bbox 2725 1240 3015 1286; x_wconf 85' lang='lat' dir='ltr'><strong>commune</strong></span> <span class='ocrx_word' id='word_1_397' title='bbox 3035 1227 3149 1298; x_wconf 80' lang='lat' dir='ltr'><strong>jam</strong></span> <span class='ocrx_word' id='word_1_398' title='bbox 3185 1237 3344 1282; x_wconf 89' lang='lat' dir='ltr'><strong>estet</strong></span> <span class='ocrx_word' id='word_1_399' title='bbox 3393 1225 3716 1280; x_wconf 87' lang='lat' dir='ltr'><strong>Latinorum</strong></span> <span class='ocrx_word' id='word_1_400' title='bbox 3771 1234 3830 1280; x_wconf 89' lang='lat' dir='ltr'><strong>et</strong></span> 
     </span>
    </p>
   </div>
   <div class='ocr_carea' id='block_1_57' title="bbox 2247 1315 3828 1389">
    <p class='ocr_par' dir='ltr' id='par_1_57' title="bbox 2247 1315 3828 1389">
     <span class='ocr_line' id='line_1_57' title="bbox 2247 1315 3828 1389; baseline -0.004 -15"><span class='ocrx_word' id='word_1_401' title='bbox 2247 1317 2557 1389; x_wconf 84' lang='lat' dir='ltr'><strong>oppositum</strong></span> <span class='ocrx_word' id='word_1_402' title='bbox 2584 1317 2996 1374; x_wconf 82' lang='lat' dir='ltr'><strong>defendentium</strong></span> <span class='ocrx_word' id='word_1_403' title='bbox 3059 1315 3411 1372; x_wconf 67' lang='lat' dir='ltr'><strong>Graecorum.</strong></span> <span class='ocrx_word' id='word_1_404' title='bbox 3466 1315 3627 1371; x_wconf 86' lang='lat' dir='ltr'><strong>Fides</strong></span> <span class='ocrx_word' id='word_1_405' title='bbox 3695 1330 3828 1370; x_wconf 87' lang='lat' dir='ltr'><strong>vero</strong></span> 
     </span>
    </p>
   </div>
   <div class='ocr_carea' id='block_1_58' title="bbox 2248 1407 3830 1484">
    <p class='ocr_par' dir='ltr' id='par_1_58' title="bbox 2248 1407 3830 1484">
     <span class='ocr_line' id='line_1_58' title="bbox 2248 1407 3830 1484; baseline -0.005 -16"><span class='ocrx_word' id='word_1_406' title='bbox 2248 1427 2594 1484; x_wconf 85' lang='lat' dir='ltr'><strong>nequaquam</strong></span> <span class='ocrx_word' id='word_1_407' title='bbox 2624 1412 2937 1468; x_wconf 86' lang='lat' dir='ltr'><strong>communis</strong></span> <span class='ocrx_word' id='word_1_408' title='bbox 2958 1419 3084 1476; x_wconf 88' lang='lat' dir='ltr'><strong>est;</strong></span> <span class='ocrx_word' id='word_1_409' title='bbox 3117 1409 3214 1466; x_wconf 86' lang='lat' dir='ltr'><strong>sed</strong></span> <span class='ocrx_word' id='word_1_410' title='bbox 3262 1407 3445 1464; x_wconf 87' lang='lat' dir='ltr'><strong>Latini</strong></span> <span class='ocrx_word' id='word_1_411' title='bbox 3473 1409 3694 1479; x_wconf 87' lang='lat' dir='ltr'><strong>quidem</strong></span> <span class='ocrx_word' id='word_1_412' title='bbox 3729 1408 3830 1461; x_wconf 83' lang='lat' dir='ltr'><strong>ha-</strong></span> 
     </span>
    </p>
   </div>
   <div class='ocr_carea' id='block_1_59' title="bbox 2249 1500 3829 1574">
    <p class='ocr_par' dir='ltr' id='par_1_59' title="bbox 2249 1500 3829 1574">
     <span class='ocr_line' id='line_1_59' title="bbox 2249 1500 3829 1574; baseline -0.004 -14"><span class='ocrx_word' id='word_1_413' title='bbox 2249 1507 2380 1560; x_wconf 87' lang='lat' dir='ltr'><strong>bent</strong></span> <span class='ocrx_word' id='word_1_414' title='bbox 2412 1505 2698 1574; x_wconf 86' lang='lat' dir='ltr'><strong>assignare</strong></span> <span class='ocrx_word' id='word_1_415' title='bbox 2747 1519 2870 1574; x_wconf 81' lang='lat' dir='ltr'><strong>qure</strong></span> <span class='ocrx_word' id='word_1_416' title='bbox 2901 1503 3010 1559; x_wconf 84' lang='lat' dir='ltr'><strong>dixi</strong></span> <span class='ocrx_word' id='word_1_417' title='bbox 3047 1502 3174 1568; x_wconf 86' lang='lat' dir='ltr'><strong>tria,</strong></span> <span class='ocrx_word' id='word_1_418' title='bbox 3236 1501 3528 1557; x_wconf 83' lang='lat' dir='ltr'><strong>maximam</strong></span> <span class='ocrx_word' id='word_1_419' title='bbox 3572 1500 3829 1556; x_wconf 81' lang='lat' dir='ltr'><strong>habentia</strong></span> 
     </span>
    </p>
   </div>
   <div class='ocr_carea' id='block_1_60' title="bbox 2248 1593 3828 1668">
    <p class='ocr_par' dir='ltr' id='par_1_60' title="bbox 2248 1593 3828 1668">
     <span class='ocr_line' id='line_1_60' title="bbox 2248 1593 3828 1668; baseline -0.003 -16"><span class='ocrx_word' id='word_1_420' title='bbox 2248 1597 2628 1653; x_wconf 84' lang='lat' dir='ltr'><strong>auctoritatem</strong></span> <span class='ocrx_word' id='word_1_421' title='bbox 2658 1606 2711 1653; x_wconf 86' lang='lat' dir='ltr'><strong>et</strong></span> <span class='ocrx_word' id='word_1_422' title='bbox 2741 1597 3058 1668; x_wconf 87' lang='lat' dir='ltr'><strong>dignitatem</strong></span> <span class='ocrx_word' id='word_1_423' title='bbox 3094 1604 3151 1651; x_wconf 91' lang='lat' dir='ltr'><strong>et</strong></span> <span class='ocrx_word' id='word_1_424' title='bbox 3204 1594 3630 1665; x_wconf 85' lang='lat' dir='ltr'><strong>magnitudinem</strong></span> <span class='ocrx_word' id='word_1_425' title='bbox 3656 1598 3722 1648; x_wconf 90' lang='lat' dir='ltr'><strong>ad</strong></span> <span class='ocrx_word' id='word_1_426' title='bbox 3761 1593 3828 1648; x_wconf 81' lang='lat' dir='ltr'><strong>[i-</strong></span> 
     </span>
    </p>
   </div>
   <div class='ocr_carea' id='block_1_61' title="bbox 2247 1686 3834 1762">
    <p class='ocr_par' dir='ltr' id='par_1_61' title="bbox 2247 1686 3834 1762">
     <span class='ocr_line' id='line_1_61' title="bbox 2247 1686 3834 1762; baseline -0.004 -15"><span class='ocrx_word' id='word_1_427' title='bbox 2247 1693 2367 1747; x_wconf 90' lang='lat' dir='ltr'><strong>dem</strong></span> <span class='ocrx_word' id='word_1_428' title='bbox 2402 1691 2640 1762; x_wconf 87' lang='lat' dir='ltr'><strong>:quihus</strong></span> <span class='ocrx_word' id='word_1_429' title='bbox 2671 1692 2856 1761; x_wconf 88' lang='lat' dir='ltr'><strong>utique</strong></span> <span class='ocrx_word' id='word_1_430' title='bbox 2881 1689 3130 1760; x_wconf 80' lang='lat' dir='ltr'><strong>religiose</strong></span> <span class='ocrx_word' id='word_1_431' title='bbox 3157 1688 3444 1745; x_wconf 84' lang='lat' dir='ltr'><strong>credentes</strong></span> <span class='ocrx_word' id='word_1_432' title='bbox 3474 1689 3631 1743; x_wconf 85' lang='lat' dir='ltr'><strong>aiunt</strong></span> <span class='ocrx_word' id='word_1_433' title='bbox 3653 1686 3834 1758; x_wconf 89' lang='lat' dir='ltr'><strong>Spiri-</strong></span> 
     </span>
    </p>
   </div>
   <div class='ocr_carea' id='block_1_62' title="bbox 2251 1778 3834 1853">
    <p class='ocr_par' dir='ltr' id='par_1_62' title="bbox 2251 1778 3834 1853">
     <span class='ocr_line' id='line_1_62' title="bbox 2251 1778 3834 1853; baseline -0.003 -15"><span class='ocrx_word' id='word_1_434' title='bbox 2251 1793 2363 1839; x_wconf 89' lang='lat' dir='ltr'><strong>tum</strong></span> <span class='ocrx_word' id='word_1_435' title='bbox 2395 1792 2646 1839; x_wconf 79' lang='lat' dir='ltr'><strong>sanctum</strong></span> <span class='ocrx_word' id='word_1_436' title='bbox 2668 1791 2720 1839; x_wconf 83' lang='lat' dir='ltr'><strong>et</strong></span> <span class='ocrx_word' id='word_1_437' title='bbox 2737 1798 2804 1838; x_wconf 81' lang='lat' dir='ltr'><strong>ex</strong></span> <span class='ocrx_word' id='word_1_438' title='bbox 2830 1781 2972 1838; x_wconf 78' lang='lat' dir='ltr'><strong>Filio</strong></span> <span class='ocrx_word' id='word_1_439' title='bbox 3000 1782 3316 1853; x_wconf 87' lang='lat' dir='ltr'><strong>procedere.</strong></span> <span class='ocrx_word' id='word_1_440' title='bbox 3341 1780 3418 1836; x_wconf 93' lang='lat' dir='ltr'><strong>llli</strong></span> <span class='ocrx_word' id='word_1_441' title='bbox 3444 1795 3572 1834; x_wconf 88' lang='lat' dir='ltr'><strong>vero</strong></span> <span class='ocrx_word' id='word_1_442' title='bbox 3595 1779 3690 1850; x_wconf 91' lang='lat' dir='ltr'><strong>qui</strong></span> <span class='ocrx_word' id='word_1_443' title='bbox 3748 1778 3834 1833; x_wconf 84' lang='lat' dir='ltr'><strong>di-</strong></span> 
     </span>
    </p>
   </div>
   <div class='ocr_carea' id='block_1_63' title="bbox 2252 1872 3829 1945">
    <p class='ocr_par' dir='ltr' id='par_1_63' title="bbox 2252 1872 3829 1945">
     <span class='ocr_line' id='line_1_63' title="bbox 2252 1872 3829 1945; baseline -0.004 -12"><span class='ocrx_word' id='word_1_444' title='bbox 2252 1887 2383 1933; x_wconf 90' lang='lat' dir='ltr'><strong>cunt</strong></span> <span class='ocrx_word' id='word_1_445' title='bbox 2413 1892 2478 1932; x_wconf 90' lang='lat' dir='ltr'><strong>ex</strong></span> <span class='ocrx_word' id='word_1_446' title='bbox 2510 1876 2672 1932; x_wconf 88' lang='lat' dir='ltr'><strong>Patre</strong></span> <span class='ocrx_word' id='word_1_447' title='bbox 2701 1886 2912 1931; x_wconf 73' lang='lat' dir='ltr'><strong>tantum</strong></span> <span class='ocrx_word' id='word_1_448' title='bbox 2946 1876 3240 1945; x_wconf 86' lang='lat' dir='ltr'><strong>procedere</strong></span> <span class='ocrx_word' id='word_1_449' title='bbox 3266 1872 3534 1943; x_wconf 89' lang='lat' dir='ltr'><strong>Spiritum</strong></span> <span class='ocrx_word' id='word_1_450' title='bbox 3565 1879 3829 1927; x_wconf 84' lang='lat' dir='ltr'><strong>sanctum</strong></span> 
     </span>
    </p>
   </div>
   <div class='ocr_carea' id='block_1_64' title="bbox 2252 1967 3830 2040">
    <p class='ocr_par' dir='ltr' id='par_1_64' title="bbox 2252 1967 3830 2040">
     <span class='ocr_line' id='line_1_64' title="bbox 2252 1967 3830 2040; baseline -0.003 -13"><span class='ocrx_word' id='word_1_451' title='bbox 2252 1974 2318 2029; x_wconf 89' lang='lat' dir='ltr'><strong>ad</strong></span> <span class='ocrx_word' id='word_1_452' title='bbox 2352 1973 2488 2028; x_wconf 90' lang='lat' dir='ltr'><strong>nihil</strong></span> <span class='ocrx_word' id='word_1_453' title='bbox 2528 1972 2632 2028; x_wconf 91' lang='lat' dir='ltr'><strong>tale</strong></span> <span class='ocrx_word' id='word_1_454' title='bbox 2667 1988 2727 2029; x_wconf 87' lang='lat' dir='ltr'><strong>se</strong></span> <span class='ocrx_word' id='word_1_455' title='bbox 2750 1970 3011 2028; x_wconf 81' lang='lat' dir='ltr'><strong>reducere</strong></span> <span class='ocrx_word' id='word_1_456' title='bbox 3042 1973 3241 2025; x_wconf 89' lang='lat' dir='ltr'><strong>valent.</strong></span> <span class='ocrx_word' id='word_1_457' title='bbox 3269 1969 3450 2037; x_wconf 87' lang='lat' dir='ltr'><strong>Quare</strong></span> <span class='ocrx_word' id='word_1_458' title='bbox 3482 1967 3830 2040; x_wconf 82' lang='lat' dir='ltr'><strong>syllogismis</strong></span> 
     </span>
    </p>
   </div>
   <div class='ocr_carea' id='block_1_65' title="bbox 2251 2062 3830 2134">
    <p class='ocr_par' dir='ltr' id='par_1_65' title="bbox 2251 2062 3830 2134">
     <span class='ocr_line' id='line_1_65' title="bbox 2251 2062 3830 2134; baseline -0.004 -14"><span class='ocrx_word' id='word_1_459' title='bbox 2251 2066 2511 2121; x_wconf 88' lang='lat' dir='ltr'><strong>omnibus</strong></span> <span class='ocrx_word' id='word_1_460' title='bbox 2534 2064 2986 2134; x_wconf 87' lang='lat' dir='ltr'><strong>circumscriptis,</strong></span> <span class='ocrx_word' id='word_1_461' title='bbox 3020 2062 3235 2119; x_wconf 85' lang='lat' dir='ltr'><strong>Latinis</strong></span> <span class='ocrx_word' id='word_1_462' title='bbox 3289 2062 3511 2133; x_wconf 87' lang='lat' dir='ltr'><strong>quidem</strong></span> <span class='ocrx_word' id='word_1_463' title='bbox 3575 2068 3830 2116; x_wconf 84' lang='lat' dir='ltr'><strong>remanet</strong></span> 
     </span>
    </p>
   </div>
   <div class='ocr_carea' id='block_1_66' title="bbox 2253 2151 3829 2226">
    <p class='ocr_par' dir='ltr' id='par_1_66' title="bbox 2253 2151 3829 2226">
     <span class='ocr_line' id='line_1_66' title="bbox 2253 2151 3829 2226; baseline -0.004 -13"><span class='ocrx_word' id='word_1_464' title='bbox 2253 2158 2387 2214; x_wconf 75' lang='lat' dir='ltr'><strong>ﬁdes</strong></span> <span class='ocrx_word' id='word_1_465' title='bbox 2418 2175 2433 2212; x_wconf 90' lang='lat'><strong>:</strong></span> <span class='ocrx_word' id='word_1_466' title='bbox 2461 2159 2546 2214; x_wconf 88' lang='lat' dir='ltr'><strong>his</strong></span> <span class='ocrx_word' id='word_1_467' title='bbox 2580 2172 2710 2213; x_wconf 86' lang='lat' dir='ltr'><strong>vero</strong></span> <span class='ocrx_word' id='word_1_468' title='bbox 2733 2166 2788 2213; x_wconf 86' lang='lat' dir='ltr'><strong>et</strong></span> <span class='ocrx_word' id='word_1_469' title='bbox 2813 2157 2944 2213; x_wconf 79' lang='lat' dir='ltr'><strong>ﬁdes</strong></span> <span class='ocrx_word' id='word_1_470' title='bbox 2969 2163 3025 2212; x_wconf 89' lang='lat' dir='ltr'><strong>et</strong></span> <span class='ocrx_word' id='word_1_471' title='bbox 3046 2155 3311 2226; x_wconf 86' lang='lat' dir='ltr'><strong>obligatio</strong></span> <span class='ocrx_word' id='word_1_472' title='bbox 3358 2154 3538 2210; x_wconf 89' lang='lat' dir='ltr'><strong>ablata</strong></span> <span class='ocrx_word' id='word_1_473' title='bbox 3567 2163 3676 2211; x_wconf 89' lang='lat' dir='ltr'><strong>est.</strong></span> <span class='ocrx_word' id='word_1_474' title='bbox 3721 2151 3829 2207; x_wconf 73' lang='lat' dir='ltr'><strong>Ne-</strong></span> 
     </span>
    </p>
   </div>
   <div class='ocr_carea' id='block_1_67' title="bbox 2252 2245 3830 2323">
    <p class='ocr_par' dir='ltr' id='par_1_67' title="bbox 2252 2245 3830 2323">
     <span class='ocr_line' id='line_1_67' title="bbox 2252 2245 3830 2323; baseline -0.002 -18"><span class='ocrx_word' id='word_1_475' title='bbox 2252 2266 2359 2323; x_wconf 90' lang='lat' dir='ltr'><strong>que</strong></span> <span class='ocrx_word' id='word_1_476' title='bbox 2393 2261 2552 2322; x_wconf 86' lang='lat' dir='ltr'><strong>putes</strong></span> <span class='ocrx_word' id='word_1_477' title='bbox 2577 2249 2802 2306; x_wconf 83' lang='lat' dir='ltr'><strong>Latinos</strong></span> <span class='ocrx_word' id='word_1_478' title='bbox 2838 2251 3124 2305; x_wconf 84' lang='lat' dir='ltr'><strong>credentes</strong></span> <span class='ocrx_word' id='word_1_479' title='bbox 3147 2248 3409 2319; x_wconf 88' lang='lat' dir='ltr'><strong>Spiritum</strong></span> <span class='ocrx_word' id='word_1_480' title='bbox 3438 2264 3502 2303; x_wconf 88' lang='lat' dir='ltr'><strong>ex</strong></span> <span class='ocrx_word' id='word_1_481' title='bbox 3539 2245 3685 2302; x_wconf 85' lang='lat' dir='ltr'><strong>Filio</strong></span> <span class='ocrx_word' id='word_1_482' title='bbox 3704 2262 3830 2316; x_wconf 90' lang='lat' dir='ltr'><strong>pro-</strong></span> 
     </span>
    </p>
   </div>
   <div class='ocr_carea' id='block_1_68' title="bbox 2253 2338 3824 2413">
    <p class='ocr_par' dir='ltr' id='par_1_68' title="bbox 2253 2338 3824 2413">
     <span class='ocr_line' id='line_1_68' title="bbox 2253 2338 3824 2413; baseline -0.004 -14"><span class='ocrx_word' id='word_1_483' title='bbox 2253 2344 2469 2407; x_wconf 88' lang='lat' dir='ltr'><strong>cedere,</strong></span> <span class='ocrx_word' id='word_1_484' title='bbox 2501 2343 2747 2412; x_wconf 87' lang='lat' dir='ltr'><strong>ejusdem</strong></span> <span class='ocrx_word' id='word_1_485' title='bbox 2776 2340 3011 2413; x_wconf 89' lang='lat' dir='ltr'><strong>Spiritns</strong></span> <span class='ocrx_word' id='word_1_486' title='bbox 3037 2340 3444 2411; x_wconf 88' lang='lat' dir='ltr'><strong>processionem</strong></span> <span class='ocrx_word' id='word_1_487' title='bbox 3469 2339 3552 2394; x_wconf 85' lang='lat' dir='ltr'><strong>vel</strong></span> <span class='ocrx_word' id='word_1_488' title='bbox 3586 2338 3824 2395; x_wconf 87' lang='lat' dir='ltr'><strong>similem</strong></span> 
     </span>
    </p>
   </div>
   <div class='ocr_carea' id='block_1_69' title="bbox 2253 2428 3825 2504">
    <p class='ocr_par' dir='ltr' id='par_1_69' title="bbox 2253 2428 3825 2504">
     <span class='ocr_line' id='line_1_69' title="bbox 2253 2428 3825 2504; baseline -0.004 -16"><span class='ocrx_word' id='word_1_489' title='bbox 2253 2445 2448 2504; x_wconf 91' lang='lat' dir='ltr'><strong>putare</strong></span> <span class='ocrx_word' id='word_1_490' title='bbox 2470 2433 2589 2488; x_wconf 88' lang='lat' dir='ltr'><strong>Filii</strong></span> <span class='ocrx_word' id='word_1_491' title='bbox 2631 2433 3005 2502; x_wconf 88' lang='lat' dir='ltr'><strong>generationi,</strong></span> <span class='ocrx_word' id='word_1_492' title='bbox 3060 2430 3145 2486; x_wconf 78' lang='lat' dir='ltr'><strong>vel</strong></span> <span class='ocrx_word' id='word_1_493' title='bbox 3197 2429 3536 2485; x_wconf 68' lang='lat' dir='ltr'><strong>diderentem</strong></span> <span class='ocrx_word' id='word_1_494' title='bbox 3573 2428 3825 2499; x_wconf 87' lang='lat' dir='ltr'><strong>quidem,</strong></span> 
     </span>
    </p>
   </div>
   <div class='ocr_carea' id='block_1_70' title="bbox 2254 2512 3828 2594">
    <p class='ocr_par' dir='ltr' id='par_1_70' title="bbox 2254 2512 3828 2594">
     <span class='ocr_line' id='line_1_70' title="bbox 2254 2512 3828 2594; baseline -0.005 -14"><span class='ocrx_word' id='word_1_495' title='bbox 2254 2525 2434 2594; x_wconf 90' lang='lat' dir='ltr'><strong>aliqua</strong></span> <span class='ocrx_word' id='word_1_496' title='bbox 2461 2538 2589 2578; x_wconf 90' lang='lat' dir='ltr'><strong>vero</strong></span> <span class='ocrx_word' id='word_1_497' title='bbox 2617 2523 2834 2593; x_wconf 88' lang='lat' dir='ltr'><strong>penitus</strong></span> <span class='ocrx_word' id='word_1_498' title='bbox 2866 2531 2992 2576; x_wconf 88' lang='lat' dir='ltr'><strong>nota</strong></span> <span class='ocrx_word' id='word_1_499' title='bbox 3025 2520 3363 2582; x_wconf 81' lang='lat' dir='ltr'><strong>differentia,</strong></span> <span class='ocrx_word' id='word_1_500' title='bbox 3403 2512 3625 2574; x_wconf 72' lang='lat' dir='ltr'><strong>differre</strong></span> <span class='ocrx_word' id='word_1_501' title='bbox 3655 2534 3686 2573; x_wconf 87' lang='lat' dir='ltr'><strong>a</strong></span> <span class='ocrx_word' id='word_1_502' title='bbox 3737 2533 3828 2586; x_wconf 83' lang='lat' dir='ltr'><strong>ge-</strong></span> 
     </span>
    </p>
   </div>
   <div class='ocr_carea' id='block_1_71' title="bbox 2253 2612 3828 2683">
    <p class='ocr_par' dir='ltr' id='par_1_71' title="bbox 2253 2612 3828 2683">
     <span class='ocr_line' id='line_1_71' title="bbox 2253 2612 3828 2683; baseline -0.006 -11"><span class='ocrx_word' id='word_1_503' title='bbox 2253 2617 2538 2672; x_wconf 88' lang='lat' dir='ltr'><strong>neratione</strong></span> <span class='ocrx_word' id='word_1_504' title='bbox 2578 2614 2722 2670; x_wconf 89' lang='lat' dir='ltr'><strong>Filii.</strong></span> <span class='ocrx_word' id='word_1_505' title='bbox 2755 2613 2821 2669; x_wconf 88' lang='lat' dir='ltr'><strong>Et</strong></span> <span class='ocrx_word' id='word_1_506' title='bbox 2855 2614 2907 2668; x_wconf 89' lang='lat' dir='ltr'><strong>in</strong></span> <span class='ocrx_word' id='word_1_507' title='bbox 2945 2617 3050 2669; x_wconf 88' lang='lat' dir='ltr'><strong>hoc</strong></span> <span class='ocrx_word' id='word_1_508' title='bbox 3071 2612 3217 2667; x_wconf 88' lang='lat' dir='ltr'><strong>enim</strong></span> <span class='ocrx_word' id='word_1_509' title='bbox 3261 2612 3496 2683; x_wconf 88' lang='lat' dir='ltr'><strong>idipsum</strong></span> <span class='ocrx_word' id='word_1_510' title='bbox 3530 2626 3657 2666; x_wconf 89' lang='lat' dir='ltr'><strong>cum</strong></span> <span class='ocrx_word' id='word_1_511' title='bbox 3697 2624 3828 2665; x_wconf 81' lang='lat' dir='ltr'><strong>san-</strong></span> 
     </span>
    </p>
   </div>
   <div class='ocr_carea' id='block_1_72' title="bbox 2253 2699 3829 2775">
    <p class='ocr_par' dir='ltr' id='par_1_72' title="bbox 2253 2699 3829 2775">
     <span class='ocr_line' id='line_1_72' title="bbox 2253 2699 3829 2775; baseline -0.008 -9"><span class='ocrx_word' id='word_1_512' title='bbox 2253 2711 2356 2766; x_wconf 88' lang='lat' dir='ltr'><strong>ctis</strong></span> <span class='ocrx_word' id='word_1_513' title='bbox 2390 2708 2593 2765; x_wconf 88' lang='lat' dir='ltr'><strong>nostris</strong></span> <span class='ocrx_word' id='word_1_514' title='bbox 2637 2707 2896 2764; x_wconf 89' lang='lat' dir='ltr'><strong>Patribus</strong></span> <span class='ocrx_word' id='word_1_515' title='bbox 2927 2713 2982 2761; x_wconf 91' lang='lat' dir='ltr'><strong>et</strong></span> <span class='ocrx_word' id='word_1_516' title='bbox 3011 2704 3114 2775; x_wconf 90' lang='lat' dir='ltr'><strong>ipsi</strong></span> <span class='ocrx_word' id='word_1_517' title='bbox 3139 2703 3370 2758; x_wconf 90' lang='lat' dir='ltr'><strong>credunt</strong></span> <span class='ocrx_word' id='word_1_518' title='bbox 3399 2718 3414 2758; x_wconf 92' lang='lat'><strong>:</strong></span> <span class='ocrx_word' id='word_1_519' title='bbox 3462 2711 3521 2756; x_wconf 91' lang='lat' dir='ltr'><strong>ut</strong></span> <span class='ocrx_word' id='word_1_520' title='bbox 3546 2716 3660 2772; x_wconf 89' lang='lat' dir='ltr'><strong>quo</strong></span> <span class='ocrx_word' id='word_1_521' title='bbox 3718 2699 3829 2756; x_wconf 79' lang='lat' dir='ltr'><strong>dif-</strong></span> 
     </span>
    </p>
   </div>
   <div class='ocr_carea' id='block_1_73' title="bbox 2252 2790 3828 2870">
    <p class='ocr_par' dir='ltr' id='par_1_73' title="bbox 2252 2790 3828 2870">
     <span class='ocr_line' id='line_1_73' title="bbox 2252 2790 3828 2870; baseline -0.007 -13"><span class='ocrx_word' id='word_1_522' title='bbox 2252 2803 2435 2859; x_wconf 79' lang='lat' dir='ltr'><strong>ierunt</strong></span> <span class='ocrx_word' id='word_1_523' title='bbox 2466 2799 2537 2854; x_wconf 91' lang='lat' dir='ltr'><strong>ibi</strong></span> <span class='ocrx_word' id='word_1_524' title='bbox 2570 2798 2850 2870; x_wconf 90' lang='lat' dir='ltr'><strong>generatio</strong></span> <span class='ocrx_word' id='word_1_525' title='bbox 2889 2807 2940 2853; x_wconf 89' lang='lat' dir='ltr'><strong>et</strong></span> <span class='ocrx_word' id='word_1_526' title='bbox 2969 2794 3278 2866; x_wconf 89' lang='lat' dir='ltr'><strong>processio,</strong></span> <span class='ocrx_word' id='word_1_527' title='bbox 3346 2809 3453 2848; x_wconf 92' lang='lat' dir='ltr'><strong>non</strong></span> <span class='ocrx_word' id='word_1_528' title='bbox 3505 2790 3828 2848; x_wconf 86' lang='lat' dir='ltr'><strong>omnimodo</strong></span> 
     </span>
    </p>
   </div>
   <div class='ocr_carea' id='block_1_74' title="bbox 2252 2884 3827 2955">
    <p class='ocr_par' dir='ltr' id='par_1_74' title="bbox 2252 2884 3827 2955">
     <span class='ocr_line' id='line_1_74' title="bbox 2252 2884 3827 2955; baseline -0.007 -5"><span class='ocrx_word' id='word_1_529' title='bbox 2252 2904 2439 2950; x_wconf 85' lang='lat' dir='ltr'><strong>notum</strong></span> <span class='ocrx_word' id='word_1_530' title='bbox 2477 2907 2600 2948; x_wconf 89' lang='lat' dir='ltr'><strong>esse</strong></span> <span class='ocrx_word' id='word_1_531' title='bbox 2632 2890 2968 2945; x_wconf 90' lang='lat' dir='ltr'><strong>hominibus.</strong></span> <span class='ocrx_word' id='word_1_532' title='bbox 3002 2887 3060 2943; x_wconf 92' lang='lat' dir='ltr'><strong>Si</strong></span> <span class='ocrx_word' id='word_1_533' title='bbox 3094 2903 3226 2942; x_wconf 86' lang='lat' dir='ltr'><strong>vero</strong></span> <span class='ocrx_word' id='word_1_534' title='bbox 3266 2888 3320 2941; x_wconf 89' lang='lat' dir='ltr'><strong>in</strong></span> <span class='ocrx_word' id='word_1_535' title='bbox 3353 2884 3827 2955; x_wconf 86' lang='lat' dir='ltr'><strong>disputationibus</strong></span> 
     </span>
    </p>
   </div>
   <div class='ocr_carea' id='block_1_75' title="bbox 2251 2977 3828 3052">
    <p class='ocr_par' dir='ltr' id='par_1_75' title="bbox 2251 2977 3828 3052">
     <span class='ocr_line' id='line_1_75' title="bbox 2251 2977 3828 3052; baseline -0.008 -10"><span class='ocrx_word' id='word_1_536' title='bbox 2251 2986 2319 3042; x_wconf 91' lang='lat' dir='ltr'><strong>ad</strong></span> <span class='ocrx_word' id='word_1_537' title='bbox 2347 2986 2588 3048; x_wconf 63' lang='lat' dir='ltr'><strong>Graecos,</strong></span> <span class='ocrx_word' id='word_1_538' title='bbox 2621 2994 2683 3039; x_wconf 91' lang='lat' dir='ltr'><strong>ut</strong></span> <span class='ocrx_word' id='word_1_539' title='bbox 2721 2991 2779 3040; x_wconf 90' lang='lat' dir='ltr'><strong>tu</strong></span> <span class='ocrx_word' id='word_1_540' title='bbox 2804 2984 2885 3038; x_wconf 89' lang='lat' dir='ltr'><strong>ais</strong></span> <span class='ocrx_word' id='word_1_541' title='bbox 2918 2985 2970 3038; x_wconf 90' lang='lat' dir='ltr'><strong>in</strong></span> <span class='ocrx_word' id='word_1_542' title='bbox 2998 2983 3246 3052; x_wconf 88' lang='lat' dir='ltr'><strong>epistola,</strong></span> <span class='ocrx_word' id='word_1_543' title='bbox 3279 2996 3387 3036; x_wconf 91' lang='lat' dir='ltr'><strong>non</strong></span> <span class='ocrx_word' id='word_1_544' title='bbox 3435 2978 3700 3033; x_wconf 85' lang='lat' dir='ltr'><strong>videntur</strong></span> <span class='ocrx_word' id='word_1_545' title='bbox 3722 2977 3828 3031; x_wconf 86' lang='lat' dir='ltr'><strong>hoc</strong></span> 
     </span>
    </p>
   </div>
   <div class='ocr_carea' id='block_1_76' title="bbox 2176 3068 3828 3164">
    <p class='ocr_par' dir='ltr' id='par_1_76' title="bbox 2176 3068 3828 3164">
     <span class='ocr_line' id='line_1_76' title="bbox 2176 3068 3828 3164; baseline -0.007 -29"><span class='ocrx_word' id='word_1_546' title='bbox 2176 3105 2219 3164; x_wconf 71' lang='grc' dir='ltr'>ρ</span> <span class='ocrx_word' id='word_1_547' title='bbox 2253 3093 2491 3141; x_wconf 86' lang='lat' dir='ltr'><strong>servare,</strong></span> <span class='ocrx_word' id='word_1_548' title='bbox 2529 3077 2668 3132; x_wconf 89' lang='lat' dir='ltr'><strong>scito</strong></span> <span class='ocrx_word' id='word_1_549' title='bbox 2692 3077 2798 3132; x_wconf 92' lang='lat' dir='ltr'><strong>hoc</strong></span> <span class='ocrx_word' id='word_1_550' title='bbox 2820 3090 2917 3131; x_wconf 90' lang='lat' dir='ltr'><strong>eos</strong></span> <span class='ocrx_word' id='word_1_551' title='bbox 2951 3075 3152 3139; x_wconf 80' lang='lat' dir='ltr'><strong>facere,</strong></span> <span class='ocrx_word' id='word_1_552' title='bbox 3215 3076 3359 3130; x_wconf 85' lang='lat' dir='ltr'><strong>sicut</strong></span> <span class='ocrx_word' id='word_1_553' title='bbox 3386 3082 3440 3128; x_wconf 89' lang='lat' dir='ltr'><strong>et</strong></span> <span class='ocrx_word' id='word_1_554' title='bbox 3471 3071 3573 3141; x_wconf 90' lang='lat' dir='ltr'><strong>ipsi</strong></span> <span class='ocrx_word' id='word_1_555' title='bbox 3631 3068 3828 3124; x_wconf 78' lang='lat' dir='ltr'><strong>Patres</strong></span> 
     </span>
    </p>
   </div>
   <div class='ocr_carea' id='block_1_77' title="bbox 2253 3160 3824 3238">
    <p class='ocr_par' dir='ltr' id='par_1_77' title="bbox 2253 3160 3824 3238">
     <span class='ocr_line' id='line_1_77' title="bbox 2253 3160 3824 3238; baseline -0.008 -15"><span class='ocrx_word' id='word_1_556' title='bbox 2253 3169 2414 3224; x_wconf 86' lang='lat' dir='ltr'><strong>vestri</strong></span> <span class='ocrx_word' id='word_1_557' title='bbox 2445 3167 2816 3238; x_wconf 84' lang='lat' dir='ltr'><strong>iaciunt:qui</strong></span> <span class='ocrx_word' id='word_1_558' title='bbox 2856 3167 3104 3222; x_wconf 89' lang='lat' dir='ltr'><strong>dicentes</strong></span> <span class='ocrx_word' id='word_1_559' title='bbox 3161 3165 3348 3219; x_wconf 90' lang='lat' dir='ltr'><strong>multis</strong></span> <span class='ocrx_word' id='word_1_560' title='bbox 3391 3163 3546 3226; x_wconf 89' lang='lat' dir='ltr'><strong>locis,</strong></span> <span class='ocrx_word' id='word_1_561' title='bbox 3611 3160 3824 3214; x_wconf 87' lang='lat' dir='ltr'><strong>nullum</strong></span> 
     </span>
    </p>
   </div>
   <div class='ocr_carea' id='block_1_78' title="bbox 2251 3252 3826 3332">
    <p class='ocr_par' dir='ltr' id='par_1_78' title="bbox 2251 3252 3826 3332">
     <span class='ocr_line' id='line_1_78' title="bbox 2251 3252 3826 3332; baseline -0.006 -15"><span class='ocrx_word' id='word_1_562' title='bbox 2251 3277 2375 3318; x_wconf 90' lang='lat' dir='ltr'><strong>esse</strong></span> <span class='ocrx_word' id='word_1_563' title='bbox 2395 3257 2728 3332; x_wconf 90' lang='lat' dir='ltr'><strong>exemplum,</strong></span> <span class='ocrx_word' id='word_1_564' title='bbox 2765 3260 2848 3315; x_wconf 89' lang='lat' dir='ltr'><strong>vel</strong></span> <span class='ocrx_word' id='word_1_565' title='bbox 2888 3258 2942 3314; x_wconf 88' lang='lat' dir='ltr'><strong>in</strong></span> <span class='ocrx_word' id='word_1_566' title='bbox 2985 3257 3355 3321; x_wconf 88' lang='lat' dir='ltr'><strong>sensibilibus,</strong></span> <span class='ocrx_word' id='word_1_567' title='bbox 3393 3257 3474 3310; x_wconf 85' lang='lat' dir='ltr'><strong>vel</strong></span> <span class='ocrx_word' id='word_1_568' title='bbox 3499 3255 3555 3309; x_wconf 89' lang='lat' dir='ltr'><strong>in</strong></span> <span class='ocrx_word' id='word_1_569' title='bbox 3619 3252 3826 3309; x_wconf 87' lang='lat' dir='ltr'><strong>intelli-</strong></span> 
     </span>
    </p>
   </div>
   <div class='ocr_carea' id='block_1_79' title="bbox 2251 3345 3826 3426">
    <p class='ocr_par' dir='ltr' id='par_1_79' title="bbox 2251 3345 3826 3426">
     <span class='ocr_line' id='line_1_79' title="bbox 2251 3345 3826 3426; baseline -0.007 -17"><span class='ocrx_word' id='word_1_570' title='bbox 2251 3354 2508 3426; x_wconf 87' lang='lat' dir='ltr'><strong>gibilihus</strong></span> <span class='ocrx_word' id='word_1_571' title='bbox 2547 3368 2774 3409; x_wconf 62' lang='lat' dir='ltr'><strong>summa</strong></span> <span class='ocrx_word' id='word_1_572' title='bbox 2807 3349 3094 3408; x_wconf 86' lang='lat' dir='ltr'><strong>Trinitatis</strong></span> <span class='ocrx_word' id='word_1_573' title='bbox 3111 3357 3538 3411; x_wconf 87' lang='lat' dir='ltr'><strong>sacramentum,</strong></span> <span class='ocrx_word' id='word_1_574' title='bbox 3575 3347 3643 3401; x_wconf 91' lang='lat' dir='ltr'><strong>ad</strong></span> <span class='ocrx_word' id='word_1_575' title='bbox 3677 3345 3826 3399; x_wconf 84' lang='lat' dir='ltr'><strong>mul-</strong></span> 
     </span>
    </p>
   </div>
   <div class='ocr_carea' id='block_1_80' title="bbox 2249 3439 3827 3513">
    <p class='ocr_par' dir='ltr' id='par_1_80' title="bbox 2249 3439 3827 3513">
     <span class='ocr_line' id='line_1_80' title="bbox 2249 3439 3827 3513; baseline -0.007 -11"><span class='ocrx_word' id='word_1_576' title='bbox 2249 3459 2301 3502; x_wconf 91' lang='lat' dir='ltr'><strong>ta</strong></span> <span class='ocrx_word' id='word_1_577' title='bbox 2336 3446 2786 3503; x_wconf 83' lang='lat' dir='ltr'><strong>condescendunt</strong></span> <span class='ocrx_word' id='word_1_578' title='bbox 2813 3446 3086 3513; x_wconf 83' lang='lat' dir='ltr'><strong>exempla.</strong></span> <span class='ocrx_word' id='word_1_579' title='bbox 3115 3443 3192 3500; x_wconf 83' lang='lat' dir='ltr'><strong>Ita</strong></span> <span class='ocrx_word' id='word_1_580' title='bbox 3223 3454 3278 3498; x_wconf 86' lang='lat' dir='ltr'><strong>et</strong></span> <span class='ocrx_word' id='word_1_581' title='bbox 3308 3444 3407 3497; x_wconf 90' lang='lat' dir='ltr'><strong>hos</strong></span> <span class='ocrx_word' id='word_1_582' title='bbox 3464 3441 3704 3495; x_wconf 87' lang='lat' dir='ltr'><strong>aliorum</strong></span> <span class='ocrx_word' id='word_1_583' title='bbox 3738 3439 3827 3492; x_wconf 83' lang='lat' dir='ltr'><strong>in-</strong></span> 
     </span>
    </p>
   </div>
   <div class='ocr_carea' id='block_1_81' title="bbox 2249 3531 3823 3599">
    <p class='ocr_par' dir='ltr' id='par_1_81' title="bbox 2249 3531 3823 3599">
     <span class='ocr_line' id='line_1_81' title="bbox 2249 3531 3823 3599; baseline -0.006 -6"><span class='ocrx_word' id='word_1_584' title='bbox 2249 3538 2544 3594; x_wconf 85' lang='lat' dir='ltr'><strong>credulitas</strong></span> <span class='ocrx_word' id='word_1_585' title='bbox 2575 3544 2629 3592; x_wconf 92' lang='lat' dir='ltr'><strong>et</strong></span> <span class='ocrx_word' id='word_1_586' title='bbox 2664 3537 2954 3592; x_wconf 80' lang='lat' dir='ltr'><strong>inﬁrmitas</strong></span> <span class='ocrx_word' id='word_1_587' title='bbox 2979 3544 3195 3599; x_wconf 87' lang='lat' dir='ltr'><strong>evocat,</strong></span> <span class='ocrx_word' id='word_1_588' title='bbox 3248 3535 3315 3588; x_wconf 87' lang='lat' dir='ltr'><strong>ad</strong></span> <span class='ocrx_word' id='word_1_589' title='bbox 3369 3531 3823 3588; x_wconf 84' lang='lat' dir='ltr'><strong>condescenden-</strong></span> 
     </span>
    </p>
   </div>
   <div class='ocr_carea' id='block_1_82' title="bbox 2249 3625 3824 3699">
    <p class='ocr_par' dir='ltr' id='par_1_82' title="bbox 2249 3625 3824 3699">
     <span class='ocr_line' id='line_1_82' title="bbox 2249 3625 3824 3699; baseline -0.004 -14"><span class='ocrx_word' id='word_1_590' title='bbox 2249 3633 2376 3685; x_wconf 89' lang='lat' dir='ltr'><strong>dum</strong></span> <span class='ocrx_word' id='word_1_591' title='bbox 2410 3629 2474 3684; x_wconf 91' lang='lat' dir='ltr'><strong>ad</strong></span> <span class='ocrx_word' id='word_1_592' title='bbox 2507 3629 2720 3699; x_wconf 90' lang='lat' dir='ltr'><strong>aliquas</strong></span> <span class='ocrx_word' id='word_1_593' title='bbox 2751 3637 2908 3683; x_wconf 90' lang='lat' dir='ltr'><strong>notas</strong></span> <span class='ocrx_word' id='word_1_594' title='bbox 2947 3625 3362 3691; x_wconf 86' lang='lat' dir='ltr'><strong>similitudines,</strong></span> <span class='ocrx_word' id='word_1_595' title='bbox 3402 3633 3633 3694; x_wconf 89' lang='lat' dir='ltr'><strong>propter</strong></span> <span class='ocrx_word' id='word_1_596' title='bbox 3680 3636 3824 3689; x_wconf 82' lang='lat' dir='ltr'><strong>quas</strong></span> 
     </span>
    </p>
   </div>
   <div class='ocr_carea' id='block_1_83' title="bbox 2249 3715 3820 3788">
    <p class='ocr_par' dir='ltr' id='par_1_83' title="bbox 2249 3715 3820 3788">
     <span class='ocr_line' id='line_1_83' title="bbox 2249 3715 3820 3788; baseline -0.005 -12"><span class='ocrx_word' id='word_1_597' title='bbox 2249 3722 2502 3777; x_wconf 85' lang='lat' dir='ltr'><strong>videntur</strong></span> <span class='ocrx_word' id='word_1_598' title='bbox 2525 3720 2839 3775; x_wconf 89' lang='lat' dir='ltr'><strong>discernere</strong></span> <span class='ocrx_word' id='word_1_599' title='bbox 2865 3717 3292 3788; x_wconf 61' lang='lat' dir='ltr'><strong>processionem‘</strong></span> <span class='ocrx_word' id='word_1_600' title='bbox 3329 3731 3360 3769; x_wconf 86' lang='lat' dir='ltr'><strong>a</strong></span> <span class='ocrx_word' id='word_1_601' title='bbox 3418 3715 3775 3783; x_wconf 85' lang='lat' dir='ltr'><strong>generatione</strong></span> <span class='ocrx_word' id='word_1_602' title='bbox 3803 3728 3820 3768; x_wconf 90' lang='lat'>:</span> 
     </span>
    </p>
   </div>
   <div class='ocr_carea' id='block_1_84' title="bbox 2251 3807 3828 3880">
    <p class='ocr_par' dir='ltr' id='par_1_84' title="bbox 2251 3807 3828 3880">
     <span class='ocr_line' id='line_1_84' title="bbox 2251 3807 3828 3880; baseline -0.005 -12"><span class='ocrx_word' id='word_1_603' title='bbox 2251 3823 2306 3870; x_wconf 90' lang='lat' dir='ltr'><strong>ut</strong></span> <span class='ocrx_word' id='word_1_604' title='bbox 2342 3829 2408 3868; x_wconf 90' lang='lat' dir='ltr'><strong>ex</strong></span> <span class='ocrx_word' id='word_1_605' title='bbox 2430 3813 2514 3867; x_wconf 87' lang='lat' dir='ltr'><strong>his</strong></span> <span class='ocrx_word' id='word_1_606' title='bbox 2537 3812 2604 3868; x_wconf 90' lang='lat' dir='ltr'><strong>ad</strong></span> <span class='ocrx_word' id='word_1_607' title='bbox 2638 3812 3073 3874; x_wconf 89' lang='lat' dir='ltr'><strong>conclusionem,</strong></span> <span class='ocrx_word' id='word_1_608' title='bbox 3106 3824 3269 3880; x_wconf 91' lang='lat' dir='ltr'><strong>quam</strong></span> <span class='ocrx_word' id='word_1_609' title='bbox 3301 3807 3404 3861; x_wconf 82' lang='lat' dir='ltr'><strong>ﬁde</strong></span> <span class='ocrx_word' id='word_1_610' title='bbox 3435 3815 3715 3877; x_wconf 85' lang='lat' dir='ltr'><strong>oporteret</strong></span> <span class='ocrx_word' id='word_1_611' title='bbox 3747 3815 3828 3860; x_wconf 85' lang='lat' dir='ltr'><strong>te-</strong></span> 
     </span>
    </p>
   </div>
   <div class='ocr_carea' id='block_1_85' title="bbox 2249 3897 3824 3975">
    <p class='ocr_par' dir='ltr' id='par_1_85' title="bbox 2249 3897 3824 3975">
     <span class='ocr_line' id='line_1_85' title="bbox 2249 3897 3824 3975; baseline -0.004 -15"><span class='ocrx_word' id='word_1_612' title='bbox 2249 3906 2390 3969; x_wconf 90' lang='lat' dir='ltr'><strong>neri,</strong></span> <span class='ocrx_word' id='word_1_613' title='bbox 2429 3904 2782 3975; x_wconf 90' lang='lat' dir='ltr'><strong>perveniatur</strong></span> <span class='ocrx_word' id='word_1_614' title='bbox 2816 3922 2831 3959; x_wconf 88' lang='lat'><strong>:</strong></span> <span class='ocrx_word' id='word_1_615' title='bbox 2871 3917 2979 3957; x_wconf 90' lang='lat' dir='ltr'><strong>non</strong></span> <span class='ocrx_word' id='word_1_616' title='bbox 3011 3909 3271 3972; x_wconf 83' lang='lat' dir='ltr'><strong>putantes</strong></span> <span class='ocrx_word' id='word_1_617' title='bbox 3295 3899 3622 3964; x_wconf 90' lang='lat' dir='ltr'><strong>absurdum,</strong></span> <span class='ocrx_word' id='word_1_618' title='bbox 3649 3897 3698 3952; x_wconf 87' lang='lat' dir='ltr'><strong>si</strong></span> <span class='ocrx_word' id='word_1_619' title='bbox 3726 3913 3824 3953; x_wconf 86' lang='lat' dir='ltr'><strong>eos</strong></span> 
     </span>
    </p>
   </div>
   <div class='ocr_carea' id='block_1_86' title="bbox 2249 3991 3823 4066">
    <p class='ocr_par' dir='ltr' id='par_1_86' title="bbox 2249 3991 3823 4066">
     <span class='ocr_line' id='line_1_86' title="bbox 2249 3991 3823 4066; baseline -0.005 -13"><span class='ocrx_word' id='word_1_620' title='bbox 2249 3999 2341 4066; x_wconf 83' lang='lat' dir='ltr'><strong>qui</strong></span> <span class='ocrx_word' id='word_1_621' title='bbox 2375 4013 2468 4065; x_wconf 88' lang='lat' dir='ltr'><strong>per</strong></span> <span class='ocrx_word' id='word_1_622' title='bbox 2507 3996 2830 4066; x_wconf 88' lang='lat' dir='ltr'><strong>simpliciter</strong></span> <span class='ocrx_word' id='word_1_623' title='bbox 2859 3997 3107 4050; x_wconf 87' lang='lat' dir='ltr'><strong>sanativa</strong></span> <span class='ocrx_word' id='word_1_624' title='bbox 3145 3993 3330 4049; x_wconf 90' lang='lat' dir='ltr'><strong>curari</strong></span> <span class='ocrx_word' id='word_1_625' title='bbox 3353 4007 3460 4045; x_wconf 91' lang='lat' dir='ltr'><strong>non</strong></span> <span class='ocrx_word' id='word_1_626' title='bbox 3498 3991 3708 4049; x_wconf 88' lang='lat' dir='ltr'><strong>valent.</strong></span> <span class='ocrx_word' id='word_1_627' title='bbox 3726 4005 3823 4060; x_wconf 89' lang='lat' dir='ltr'><strong>per</strong></span> 
     </span>
    </p>
   </div>
   <div class='ocr_carea' id='block_1_87' title="bbox 2247 4085 3820 4160">
    <p class='ocr_par' dir='ltr' id='par_1_87' title="bbox 2247 4085 3820 4160">
     <span class='ocr_line' id='line_1_87' title="bbox 2247 4085 3820 4160; baseline -0.003 -18"><span class='ocrx_word' id='word_1_628' title='bbox 2247 4089 2372 4144; x_wconf 87' lang='lat' dir='ltr'><strong>aliis</strong></span> <span class='ocrx_word' id='word_1_629' title='bbox 2395 4090 2587 4145; x_wconf 89' lang='lat' dir='ltr'><strong>nociva</strong></span> <span class='ocrx_word' id='word_1_630' title='bbox 2613 4089 2764 4160; x_wconf 88' lang='lat' dir='ltr'><strong>ipsos</strong></span> <span class='ocrx_word' id='word_1_631' title='bbox 2817 4086 2885 4141; x_wconf 87' lang='lat' dir='ltr'><strong>ad</strong></span> <span class='ocrx_word' id='word_1_632' title='bbox 2937 4086 3226 4141; x_wconf 86' lang='lat' dir='ltr'><strong>sanitatem</strong></span> <span class='ocrx_word' id='word_1_633' title='bbox 3281 4085 3492 4154; x_wconf 88' lang='lat' dir='ltr'><strong>possint</strong></span> <span class='ocrx_word' id='word_1_634' title='bbox 3533 4097 3820 4140; x_wconf 84' lang='lat' dir='ltr'><strong>revocare.</strong></span> 
     </span>
    </p>
   </div>
   <div class='ocr_carea' id='block_1_88' title="bbox 2250 4181 2996 4252">
    <p class='ocr_par' dir='ltr' id='par_1_88' title="bbox 2250 4181 2996 4252">
     <span class='ocr_line' id='line_1_88' title="bbox 2250 4181 2996 4252; baseline -0.003 -16"><span class='ocrx_word' id='word_1_635' title='bbox 2250 4182 2354 4236; x_wconf 87' lang='lat' dir='ltr'><strong>Sed</strong></span> <span class='ocrx_word' id='word_1_636' title='bbox 2380 4183 2447 4237; x_wconf 90' lang='lat' dir='ltr'><strong>de</strong></span> <span class='ocrx_word' id='word_1_637' title='bbox 2473 4183 2557 4237; x_wconf 90' lang='lat' dir='ltr'><strong>his</strong></span> <span class='ocrx_word' id='word_1_638' title='bbox 2588 4182 2808 4252; x_wconf 88' lang='lat' dir='ltr'><strong>quidem</strong></span> <span class='ocrx_word' id='word_1_639' title='bbox 2840 4181 2996 4235; x_wconf 80' lang='lat' dir='ltr'><strong>satis.</strong></span> 
     </span>
    </p>
   </div>
   <div class='ocr_carea' id='block_1_89' title="bbox 2318 4266 3824 4334">
    <p class='ocr_par' dir='ltr' id='par_1_89' title="bbox 2318 4266 3824 4334">
     <span class='ocr_line' id='line_1_89' title="bbox 2318 4266 3824 4334; baseline -0.009 -1"><span class='ocrx_word' id='word_1_640' title='bbox 2318 4277 2700 4334; x_wconf 84' lang='lat' dir='ltr'><strong>Necessarium</strong></span> <span class='ocrx_word' id='word_1_641' title='bbox 2727 4285 2909 4329; x_wconf 87' lang='lat' dir='ltr'><strong>autem</strong></span> <span class='ocrx_word' id='word_1_642' title='bbox 2970 4271 3213 4329; x_wconf 89' lang='lat' dir='ltr'><strong>arbitror</strong></span> <span class='ocrx_word' id='word_1_643' title='bbox 3232 4270 3412 4324; x_wconf 86' lang='lat' dir='ltr'><strong>adhuc</strong></span> <span class='ocrx_word' id='word_1_644' title='bbox 3471 4279 3525 4323; x_wconf 85' lang='lat' dir='ltr'><strong>et</strong></span> <span class='ocrx_word' id='word_1_645' title='bbox 3555 4267 3688 4323; x_wconf 90' lang='lat' dir='ltr'><strong>illud</strong></span> <span class='ocrx_word' id='word_1_646' title='bbox 3730 4266 3824 4321; x_wconf 89' lang='lat' dir='ltr'><strong>tibi</strong></span> 
     </span>
    </p>
   </div>
   <div class='ocr_carea' id='block_1_90' title="bbox 2219 4365 3824 4444">
    <p class='ocr_par' dir='ltr' id='par_1_90' title="bbox 2219 4365 3824 4444">
     <span class='ocr_line' id='line_1_90' title="bbox 2219 4365 3824 4444; baseline -0.008 -17"><span class='ocrx_word' id='word_1_647' title='bbox 2219 4371 2552 4444; x_wconf 87' lang='lat' dir='ltr'><strong>ostendere,</strong></span> <span class='ocrx_word' id='word_1_648' title='bbox 2584 4370 2732 4438; x_wconf 88' lang='lat' dir='ltr'><strong>quod</strong></span> <span class='ocrx_word' id='word_1_649' title='bbox 2762 4369 2890 4423; x_wconf 84' lang='lat' dir='ltr'><strong>licet</strong></span> <span class='ocrx_word' id='word_1_650' title='bbox 2925 4367 3025 4421; x_wconf 90' lang='lat' dir='ltr'><strong>tria</strong></span> <span class='ocrx_word' id='word_1_651' title='bbox 3061 4365 3168 4419; x_wconf 85' lang='lat' dir='ltr'><strong>dixi</strong></span> <span class='ocrx_word' id='word_1_652' title='bbox 3189 4365 3445 4430; x_wconf 85' lang='lat' dir='ltr'><strong>superius</strong></span> <span class='ocrx_word' id='word_1_653' title='bbox 3502 4376 3644 4423; x_wconf 89' lang='lat' dir='ltr'><strong>esse.</strong></span> <span class='ocrx_word' id='word_1_654' title='bbox 3701 4375 3824 4430; x_wconf 62' lang='lat' dir='ltr'><strong>qua</strong></span> 
     </span>
    </p>
   </div>
   <div class='ocr_carea' id='block_1_91' title="bbox 575 4454 3828 4539">
    <p class='ocr_par' dir='ltr' id='par_1_91' title="bbox 575 4454 3828 4539">
     <span class='ocr_line' id='line_1_91' title="bbox 575 4454 3828 4539; baseline -0.004 -19"><span class='ocrx_word' id='word_1_655' title='bbox 575 4469 940 4539; x_wconf 70' lang='lat' dir='ltr'><strong>syllogismos,</strong></span> <span class='ocrx_word' id='word_1_656' title='bbox 973 4475 1024 4520; x_wconf 89' lang='lat' dir='ltr'><strong>et</strong></span> <span class='ocrx_word' id='word_1_657' title='bbox 1052 4465 1184 4534; x_wconf 90' lang='lat' dir='ltr'><strong>ipsis</strong></span> <span class='ocrx_word' id='word_1_658' title='bbox 1212 4463 1449 4518; x_wconf 83' lang='lat' dir='ltr'><strong>fortasse</strong></span> <span class='ocrx_word' id='word_1_659' title='bbox 1509 4464 1952 4532; x_wconf 80' lang='lat' dir='ltr'><strong>persuadendum</strong></span> <span class='ocrx_word' id='word_1_660' title='bbox 2009 4464 2147 4519; x_wconf 90' lang='lat' dir='ltr'><strong>reci-</strong></span> <span class='ocrx_word' id='word_1_661' title='bbox 2181 4454 2222 4508; x_wconf 78' lang='grc' dir='ltr'><strong>ί)</strong></span> <span class='ocrx_word' id='word_1_662' title='bbox 2251 4473 2545 4536; x_wconf 89' lang='lat' dir='ltr'><strong>coegerunt</strong></span> <span class='ocrx_word' id='word_1_663' title='bbox 2577 4478 2663 4516; x_wconf 90' lang='lat' dir='ltr'><strong>me</strong></span> <span class='ocrx_word' id='word_1_664' title='bbox 2680 4463 2904 4517; x_wconf 85' lang='lat' dir='ltr'><strong>credere</strong></span> <span class='ocrx_word' id='word_1_665' title='bbox 2934 4468 2989 4514; x_wconf 90' lang='lat' dir='ltr'><strong>et</strong></span> <span class='ocrx_word' id='word_1_666' title='bbox 3017 4473 3086 4514; x_wconf 83' lang='lat' dir='ltr'><strong>ex</strong></span> <span class='ocrx_word' id='word_1_667' title='bbox 3120 4457 3257 4512; x_wconf 80' lang='lat' dir='ltr'><strong>Filio</strong></span> <span class='ocrx_word' id='word_1_668' title='bbox 3279 4455 3544 4521; x_wconf 79' lang='lat' dir='ltr'><strong>Spiritum</strong></span> <span class='ocrx_word' id='word_1_669' title='bbox 3571 4464 3828 4509; x_wconf 87' lang='lat' dir='ltr'><strong>sanctum</strong></span> 
     </span>
    </p>
   </div>
   <div class='ocr_carea' id='block_1_92' title="bbox 579 4554 2149 4627">
    <p class='ocr_par' dir='ltr' id='par_1_92' title="bbox 579 4554 2149 4627">
     <span class='ocr_line' id='line_1_92' title="bbox 579 4554 2149 4627; baseline -0.003 -16"><span class='ocrx_word' id='word_1_670' title='bbox 579 4574 727 4627; x_wconf 70' lang='lat' dir='ltr'><strong>pere,</strong></span> <span class='ocrx_word' id='word_1_671' title='bbox 746 4557 888 4625; x_wconf 87' lang='lat' dir='ltr'><strong>quod</strong></span> <span class='ocrx_word' id='word_1_672' title='bbox 913 4556 1194 4625; x_wconf 64' lang='lat' dir='ltr'><strong>quaeritur,</strong></span> <span class='ocrx_word' id='word_1_673' title='bbox 1223 4554 1337 4608; x_wconf 67' lang='lat' dir='ltr'><strong>haec</strong></span> <span class='ocrx_word' id='word_1_674' title='bbox 1363 4565 1414 4606; x_wconf 90' lang='lat' dir='ltr'><strong>et</strong></span> <span class='ocrx_word' id='word_1_675' title='bbox 1434 4554 1624 4608; x_wconf 91' lang='lat' dir='ltr'><strong>dicunt</strong></span> <span class='ocrx_word' id='word_1_676' title='bbox 1658 4571 1671 4608; x_wconf 89' lang='lat'><strong>:</strong></span> <span class='ocrx_word' id='word_1_677' title='bbox 1711 4554 1955 4617; x_wconf 87' lang='lat' dir='ltr'><strong>minime,</strong></span> <span class='ocrx_word' id='word_1_678' title='bbox 1979 4564 2036 4608; x_wconf 87' lang='lat' dir='ltr'><strong>ut</strong></span> <span class='ocrx_word' id='word_1_679' title='bbox 2066 4555 2149 4607; x_wconf 87' lang='lat' dir='ltr'><strong>di-</strong></span> 
     </span>
    </p>
   </div>
   <div class='ocr_carea' id='block_1_93' title="bbox 579 4644 2146 4716">
    <p class='ocr_par' dir='ltr' id='par_1_93' title="bbox 579 4644 2146 4716">
     <span class='ocr_line' id='line_1_93' title="bbox 579 4644 2146 4716; baseline 0 -16"><span class='ocrx_word' id='word_1_680' title='bbox 579 4650 652 4711; x_wconf 68' lang='lat' dir='ltr'><strong>xi,</strong></span> <span class='ocrx_word' id='word_1_681' title='bbox 685 4662 777 4716; x_wconf 91' lang='lat' dir='ltr'><strong>per</strong></span> <span class='ocrx_word' id='word_1_682' title='bbox 809 4647 994 4701; x_wconf 87' lang='lat' dir='ltr'><strong>eadem</strong></span> <span class='ocrx_word' id='word_1_683' title='bbox 1044 4645 1142 4714; x_wconf 84' lang='lat' dir='ltr'><strong>ipsi</strong></span> <span class='ocrx_word' id='word_1_684' title='bbox 1201 4645 1343 4699; x_wconf 88' lang='lat' dir='ltr'><strong>idem</strong></span> <span class='ocrx_word' id='word_1_685' title='bbox 1407 4644 1732 4711; x_wconf 82' lang='lat' dir='ltr'><strong>credentes,</strong></span> <span class='ocrx_word' id='word_1_686' title='bbox 1782 4646 1875 4699; x_wconf 87' lang='lat' dir='ltr'><strong>sed</strong></span> <span class='ocrx_word' id='word_1_687' title='bbox 1921 4654 2146 4715; x_wconf 86' lang='lat' dir='ltr'><strong>propter</strong></span> 
     </span>
    </p>
   </div>
   <div class='ocr_carea' id='block_1_94' title="bbox 576 4737 2145 4809">
    <p class='ocr_par' dir='ltr' id='par_1_94' title="bbox 576 4737 2145 4809">
     <span class='ocr_line' id='line_1_94' title="bbox 576 4737 2145 4809; baseline -0.001 -15"><span class='ocrx_word' id='word_1_688' title='bbox 576 4742 808 4795; x_wconf 75' lang='lat' dir='ltr'><strong>aliorum</strong></span> <span class='ocrx_word' id='word_1_689' title='bbox 843 4738 1292 4800; x_wconf 82' lang='lat' dir='ltr'><strong>incredulitatem,</strong></span> <span class='ocrx_word' id='word_1_690' title='bbox 1327 4752 1391 4792; x_wconf 90' lang='lat' dir='ltr'><strong>ac</strong></span> <span class='ocrx_word' id='word_1_691' title='bbox 1424 4751 1519 4806; x_wconf 91' lang='lat' dir='ltr'><strong>per</strong></span> <span class='ocrx_word' id='word_1_692' title='bbox 1539 4737 1746 4792; x_wconf 87' lang='lat' dir='ltr'><strong>similes</strong></span> <span class='ocrx_word' id='word_1_693' title='bbox 1797 4737 2145 4809; x_wconf 80' lang='lat' dir='ltr'><strong>syllogismos</strong></span> 
     </span>
    </p>
   </div>
   <div class='ocr_carea' id='block_1_95' title="bbox 577 4829 2145 4900">
    <p class='ocr_par' dir='ltr' id='par_1_95' title="bbox 577 4829 2145 4900">
     <span class='ocr_line' id='line_1_95' title="bbox 577 4829 2145 4900; baseline -0.003 -13"><span class='ocrx_word' id='word_1_694' title='bbox 577 4833 1084 4894; x_wconf 68' lang='lat' dir='ltr'><strong>contradictionem,</strong></span> <span class='ocrx_word' id='word_1_695' title='bbox 1121 4829 1431 4892; x_wconf 71' lang='lat' dir='ltr'><strong>huiusmodi</strong></span> <span class='ocrx_word' id='word_1_696' title='bbox 1486 4837 1757 4898; x_wconf 83' lang='lat' dir='ltr'><strong>coguntur</strong></span> <span class='ocrx_word' id='word_1_697' title='bbox 1809 4831 1884 4882; x_wconf 89' lang='lat' dir='ltr'><strong>uti</strong></span> <span class='ocrx_word' id='word_1_698' title='bbox 1933 4845 2145 4900; x_wconf 82' lang='lat' dir='ltr'><strong>sermo-</strong></span> 
     </span>
    </p>
   </div>
   <div class='ocr_carea' id='block_1_96' title="bbox 579 4919 2143 4993">
    <p class='ocr_par' dir='ltr' id='par_1_96' title="bbox 579 4919 2143 4993">
     <span class='ocr_line' id='line_1_96' title="bbox 579 4919 2143 4993; baseline -0.001 -16"><span class='ocrx_word' id='word_1_699' title='bbox 579 4927 766 4987; x_wconf 80' lang='lat' dir='ltr'><strong>nibus,</strong></span> <span class='ocrx_word' id='word_1_700' title='bbox 791 4939 886 4992; x_wconf 87' lang='lat' dir='ltr'><strong>per</strong></span> <span class='ocrx_word' id='word_1_701' title='bbox 923 4938 1062 4993; x_wconf 80' lang='lat' dir='ltr'><strong>quOs</strong></span> <span class='ocrx_word' id='word_1_702' title='bbox 1087 4938 1190 4976; x_wconf 88' lang='lat' dir='ltr'><strong>non</strong></span> <span class='ocrx_word' id='word_1_703' title='bbox 1215 4931 1297 4976; x_wconf 87' lang='lat' dir='ltr'><strong>est</strong></span> <span class='ocrx_word' id='word_1_704' title='bbox 1331 4919 1652 4976; x_wconf 86' lang='lat' dir='ltr'><strong>incredibile</strong></span> <span class='ocrx_word' id='word_1_705' title='bbox 1676 4929 1731 4975; x_wconf 89' lang='lat' dir='ltr'><strong>et</strong></span> <span class='ocrx_word' id='word_1_706' title='bbox 1778 4921 1965 4975; x_wconf 84' lang='lat' dir='ltr'><strong>multis</strong></span> <span class='ocrx_word' id='word_1_707' title='bbox 2021 4937 2143 4990; x_wconf 87' lang='lat' dir='ltr'><strong>per-</strong></span> 
     </span>
    </p>
   </div>
   <div class='ocr_carea' id='block_1_97' title="bbox 578 5019 815 5072">
    <p class='ocr_par' dir='ltr' id='par_1_97' title="bbox 578 5019 815 5072">
     <span class='ocr_line' id='line_1_97' title="bbox 578 5019 815 5072; baseline -0.021 0"><span class='ocrx_word' id='word_1_708' title='bbox 578 5019 815 5072; x_wconf 74' lang='lat' dir='ltr'><strong>suaderL</strong></span> 
     </span>
    </p>
   </div>
   <div class='ocr_carea' id='block_1_98' title="bbox 646 5104 2145 5176">
    <p class='ocr_par' dir='ltr' id='par_1_98' title="bbox 646 5104 2145 5176">
     <span class='ocr_line' id='line_1_98' title="bbox 646 5104 2145 5176; baseline -0.005 -10"><span class='ocrx_word' id='word_1_709' title='bbox 646 5110 825 5166; x_wconf 83' lang='lat' dir='ltr'><strong>Causa</strong></span> <span class='ocrx_word' id='word_1_710' title='bbox 859 5117 940 5162; x_wconf 86' lang='lat' dir='ltr'><strong>est</strong></span> <span class='ocrx_word' id='word_1_711' title='bbox 972 5108 1131 5176; x_wconf 85' lang='lat' dir='ltr'><strong>igitur</strong></span> <span class='ocrx_word' id='word_1_712' title='bbox 1166 5107 1305 5173; x_wconf 86' lang='lat' dir='ltr'><strong>ejus,</strong></span> <span class='ocrx_word' id='word_1_713' title='bbox 1361 5104 1504 5174; x_wconf 89' lang='lat' dir='ltr'><strong>quod</strong></span> <span class='ocrx_word' id='word_1_714' title='bbox 1529 5108 1596 5158; x_wconf 89' lang='lat' dir='ltr'><strong>ad</strong></span> <span class='ocrx_word' id='word_1_715' title='bbox 1633 5113 1850 5158; x_wconf 69' lang='lat' dir='ltr'><strong>actutum</strong></span> <span class='ocrx_word' id='word_1_716' title='bbox 1875 5111 1930 5157; x_wconf 88' lang='lat' dir='ltr'><strong>et</strong></span> <span class='ocrx_word' id='word_1_717' title='bbox 1995 5104 2145 5160; x_wconf 89' lang='lat' dir='ltr'><strong>inve-</strong></span> 
     </span>
    </p>
   </div>
   <div class='ocr_carea' id='block_1_99' title="bbox 579 5196 2150 5274">
    <p class='ocr_par' dir='ltr' id='par_1_99' title="bbox 579 5196 2150 5274">
     <span class='ocr_line' id='line_1_99' title="bbox 579 5196 2150 5274; baseline -0.004 -15"><span class='ocrx_word' id='word_1_718' title='bbox 579 5205 891 5274; x_wconf 72' lang='lat' dir='ltr'><strong>stigativum</strong></span> <span class='ocrx_word' id='word_1_719' title='bbox 927 5214 1030 5255; x_wconf 70' lang='lat' dir='ltr'><strong>tum</strong></span> <span class='ocrx_word' id='word_1_720' title='bbox 1062 5199 1354 5254; x_wconf 84' lang='lat' dir='ltr'><strong>Deiiortnis</strong></span> <span class='ocrx_word' id='word_1_721' title='bbox 1389 5200 1581 5263; x_wconf 66' lang='lat' dir='ltr'><strong>animm</strong></span> <span class='ocrx_word' id='word_1_722' title='bbox 1626 5196 1928 5252; x_wconf 79' lang='lat' dir='ltr'><strong>deiectuosi</strong></span> <span class='ocrx_word' id='word_1_723' title='bbox 1962 5197 2150 5252; x_wconf 88' lang='lat' dir='ltr'><strong>viden-</strong></span> 
     </span>
    </p>
   </div>
   <div class='ocr_carea' id='block_1_100' title="bbox 581 5291 2146 5365">
    <p class='ocr_par' dir='ltr' id='par_1_100' title="bbox 581 5291 2146 5365">
     <span class='ocr_line' id='line_1_100' title="bbox 581 5291 2146 5365; baseline -0.006 -12"><span class='ocrx_word' id='word_1_724' title='bbox 581 5313 880 5354; x_wconf 85' lang='lat' dir='ltr'><strong>tureorum</strong></span> <span class='ocrx_word' id='word_1_725' title='bbox 938 5294 1261 5365; x_wconf 84' lang='lat' dir='ltr'><strong>syllogismi,</strong></span> <span class='ocrx_word' id='word_1_726' title='bbox 1318 5291 1624 5346; x_wconf 88' lang='lat' dir='ltr'><strong>sublimitas</strong></span> <span class='ocrx_word' id='word_1_727' title='bbox 1665 5291 1954 5361; x_wconf 71' lang='lat' dir='ltr'><strong>proposita?</strong></span> <span class='ocrx_word' id='word_1_728' title='bbox 1997 5305 2146 5359; x_wconf 68' lang='lat' dir='ltr'><strong>quae-</strong></span> 
     </span>
    </p>
   </div>
   <div class='ocr_carea' id='block_1_101' title="bbox 578 5384 2148 5454">
    <p class='ocr_par' dir='ltr' id='par_1_101' title="bbox 578 5384 2148 5454">
     <span class='ocr_line' id='line_1_101' title="bbox 578 5384 2148 5454; baseline -0.007 -6"><span class='ocrx_word' id='word_1_729' title='bbox 578 5387 1155 5452; x_wconf 67' lang='lat' dir='ltr'><strong>stionis.ellicaciores</strong></span> <span class='ocrx_word' id='word_1_730' title='bbox 1175 5399 1281 5438; x_wconf 94' lang='lat' dir='ltr'><strong>non</strong></span> <span class='ocrx_word' id='word_1_731' title='bbox 1329 5385 1636 5454; x_wconf 81' lang='lat' dir='ltr'><strong>suscipiens</strong></span> <span class='ocrx_word' id='word_1_732' title='bbox 1679 5384 2049 5453; x_wconf 79' lang='lat' dir='ltr'><strong>syllogismos:</strong></span> <span class='ocrx_word' id='word_1_733' title='bbox 2094 5396 2148 5437; x_wconf 88' lang='lat' dir='ltr'><strong>et</strong></span> 
     </span>
    </p>
   </div>
   <div class='ocr_carea' id='block_1_102' title="bbox 579 5477 2145 5554">
    <p class='ocr_par' dir='ltr' id='par_1_102' title="bbox 579 5477 2145 5554">
     <span class='ocr_line' id='line_1_102' title="bbox 579 5477 2145 5554; baseline -0.006 -15"><span class='ocrx_word' id='word_1_734' title='bbox 579 5485 721 5554; x_wconf 78' lang='lat' dir='ltr'><strong>quod</strong></span> <span class='ocrx_word' id='word_1_735' title='bbox 759 5499 852 5537; x_wconf 87' lang='lat' dir='ltr'><strong>eos</strong></span> <span class='ocrx_word' id='word_1_736' title='bbox 882 5480 1094 5535; x_wconf 73' lang='lat' dir='ltr'><strong>iaciunt</strong></span> <span class='ocrx_word' id='word_1_737' title='bbox 1119 5478 1184 5532; x_wconf 86' lang='lat' dir='ltr'><strong>ad</strong></span> <span class='ocrx_word' id='word_1_738' title='bbox 1220 5479 1498 5537; x_wconf 77' lang='lat' dir='ltr'><strong>habitum,</strong></span> <span class='ocrx_word' id='word_1_739' title='bbox 1535 5479 1608 5530; x_wconf 86' lang='lat' dir='ltr'><strong>uti</strong></span> <span class='ocrx_word' id='word_1_740' title='bbox 1648 5477 1983 5546; x_wconf 68' lang='lat' dir='ltr'><strong>coniectant,</strong></span> <span class='ocrx_word' id='word_1_741' title='bbox 2036 5491 2145 5529; x_wconf 89' lang='lat' dir='ltr'><strong>non</strong></span> 
     </span>
    </p>
   </div>
   <div class='ocr_carea' id='block_1_103' title="bbox 578 5570 2143 5643">
    <p class='ocr_par' dir='ltr' id='par_1_103' title="bbox 578 5570 2143 5643">
     <span class='ocr_line' id='line_1_103' title="bbox 578 5570 2143 5643; baseline -0.008 -9"><span class='ocrx_word' id='word_1_742' title='bbox 578 5578 942 5637; x_wconf 84' lang='lat' dir='ltr'><strong>credentium,</strong></span> <span class='ocrx_word' id='word_1_743' title='bbox 980 5581 1032 5628; x_wconf 90' lang='lat' dir='ltr'><strong>et</strong></span> <span class='ocrx_word' id='word_1_744' title='bbox 1057 5588 1150 5643; x_wconf 89' lang='lat' dir='ltr'><strong>per</strong></span> <span class='ocrx_word' id='word_1_745' title='bbox 1178 5570 1386 5626; x_wconf 86' lang='lat' dir='ltr'><strong>similes</strong></span> <span class='ocrx_word' id='word_1_746' title='bbox 1420 5571 1761 5642; x_wconf 82' lang='lat' dir='ltr'><strong>syll0gisnms</strong></span> <span class='ocrx_word' id='word_1_747' title='bbox 1831 5570 2143 5637; x_wconf 89' lang='lat' dir='ltr'><strong>oppositum</strong></span> 
     </span>
    </p>
   </div>
   <div class='ocr_carea' id='block_1_104' title="bbox 579 5663 2148 5731">
    <p class='ocr_par' dir='ltr' id='par_1_104' title="bbox 579 5663 2148 5731">
     <span class='ocr_line' id='line_1_104' title="bbox 579 5663 2148 5731; baseline -0.008 -4"><span class='ocrx_word' id='word_1_748' title='bbox 579 5670 997 5728; x_wconf 78' lang='lat' dir='ltr'><strong>defendentium</strong></span> <span class='ocrx_word' id='word_1_749' title='bbox 1032 5664 1368 5722; x_wconf 85' lang='lat' dir='ltr'><strong>:utetiatnsi</strong></span> <span class='ocrx_word' id='word_1_750' title='bbox 1397 5679 1504 5716; x_wconf 88' lang='lat' dir='ltr'><strong>non</strong></span> <span class='ocrx_word' id='word_1_751' title='bbox 1544 5663 1606 5715; x_wconf 86' lang='lat' dir='ltr'><strong>ad</strong></span> <span class='ocrx_word' id='word_1_752' title='bbox 1640 5663 1857 5731; x_wconf 79' lang='lat' dir='ltr'><strong>plenum</strong></span> <span class='ocrx_word' id='word_1_753' title='bbox 1893 5663 1970 5714; x_wconf 72' lang='lat' dir='ltr'><strong>eis</strong></span> <span class='ocrx_word' id='word_1_754' title='bbox 2028 5678 2148 5729; x_wconf 86' lang='lat' dir='ltr'><strong>per-</strong></span> 
     </span>
    </p>
   </div>
   <div class='ocr_carea' id='block_1_105' title="bbox 580 5751 2143 5826">
    <p class='ocr_par' dir='ltr' id='par_1_105' title="bbox 580 5751 2143 5826">
     <span class='ocr_line' id='line_1_105' title="bbox 580 5751 2143 5826; baseline -0.009 -5"><span class='ocrx_word' id='word_1_755' title='bbox 580 5764 865 5826; x_wconf 70' lang='lat' dir='ltr'><strong>Suadetur,</strong></span> <span class='ocrx_word' id='word_1_756' title='bbox 889 5773 1126 5815; x_wconf 75' lang='lat' dir='ltr'><strong>attamen</strong></span> <span class='ocrx_word' id='word_1_757' title='bbox 1164 5758 1395 5812; x_wconf 87' lang='lat' dir='ltr'><strong>multum</strong></span> <span class='ocrx_word' id='word_1_758' title='bbox 1425 5753 1695 5810; x_wconf 66' lang='lat' dir='ltr'><strong>conﬁdere</strong></span> <span class='ocrx_word' id='word_1_759' title='bbox 1734 5751 1847 5808; x_wconf 89' lang='lat' dir='ltr'><strong>suis</strong></span> <span class='ocrx_word' id='word_1_760' title='bbox 1889 5753 2143 5823; x_wconf 78' lang='lat' dir='ltr'><strong>syllogis-</strong></span> 
     </span>
    </p>
   </div>
   <div class='ocr_carea' id='block_1_106' title="bbox 2255 4551 3826 4629">
    <p class='ocr_par' dir='ltr' id='par_1_106' title="bbox 2255 4551 3826 4629">
     <span class='ocr_line' id='line_1_106' title="bbox 2255 4551 3826 4629; baseline -0.009 -15"><span class='ocrx_word' id='word_1_761' title='bbox 2255 4559 2572 4629; x_wconf 82' lang='lat' dir='ltr'><strong>procedere,</strong></span> <span class='ocrx_word' id='word_1_762' title='bbox 2607 4557 2712 4609; x_wconf 91' lang='lat' dir='ltr'><strong>hoc</strong></span> <span class='ocrx_word' id='word_1_763' title='bbox 2736 4563 2842 4620; x_wconf 88' lang='lat' dir='ltr'><strong>est,</strong></span> <span class='ocrx_word' id='word_1_764' title='bbox 2877 4551 3079 4607; x_wconf 88' lang='lat' dir='ltr'><strong>multos</strong></span> <span class='ocrx_word' id='word_1_765' title='bbox 3129 4562 3450 4619; x_wconf 88' lang='lat' dir='ltr'><strong>magnorum</strong></span> <span class='ocrx_word' id='word_1_766' title='bbox 3505 4559 3826 4602; x_wconf 82' lang='lat' dir='ltr'><strong>sanctorum</strong></span> 
     </span>
    </p>
   </div>
   <div class='ocr_carea' id='block_1_107' title="bbox 2257 4639 3832 4719">
    <p class='ocr_par' dir='ltr' id='par_1_107' title="bbox 2257 4639 3832 4719">
     <span class='ocr_line' id='line_1_107' title="bbox 2257 4639 3832 4719; baseline -0.008 -13"><span class='ocrx_word' id='word_1_767' title='bbox 2257 4653 2363 4706; x_wconf 92' lang='lat' dir='ltr'><strong>hoc</strong></span> <span class='ocrx_word' id='word_1_768' title='bbox 2384 4649 2726 4719; x_wconf 89' lang='lat' dir='ltr'><strong>apertissime</strong></span> <span class='ocrx_word' id='word_1_769' title='bbox 2772 4645 3007 4708; x_wconf 88' lang='lat' dir='ltr'><strong>tradere,</strong></span> <span class='ocrx_word' id='word_1_770' title='bbox 3036 4652 3264 4698; x_wconf 88' lang='lat' dir='ltr'><strong>matrem</strong></span> <span class='ocrx_word' id='word_1_771' title='bbox 3303 4639 3672 4695; x_wconf 86' lang='lat' dir='ltr'><strong>Ecclesiarum</strong></span> <span class='ocrx_word' id='word_1_772' title='bbox 3727 4640 3832 4693; x_wconf 83' lang='lat' dir='ltr'><strong>hoc</strong></span> 
     </span>
    </p>
   </div>
   <div class='ocr_carea' id='block_1_108' title="bbox 2255 4732 3830 4810">
    <p class='ocr_par' dir='ltr' id='par_1_108' title="bbox 2255 4732 3830 4810">
     <span class='ocr_line' id='line_1_108' title="bbox 2255 4732 3830 4810; baseline -0.008 -13"><span class='ocrx_word' id='word_1_773' title='bbox 2255 4757 2470 4810; x_wconf 88' lang='lat' dir='ltr'><strong>semper</strong></span> <span class='ocrx_word' id='word_1_774' title='bbox 2499 4741 2702 4803; x_wconf 90' lang='lat' dir='ltr'><strong>dicere,</strong></span> <span class='ocrx_word' id='word_1_775' title='bbox 2727 4754 2823 4808; x_wconf 86' lang='lat' dir='ltr'><strong>per</strong></span> <span class='ocrx_word' id='word_1_776' title='bbox 2868 4735 3122 4806; x_wconf 87' lang='lat' dir='ltr'><strong>generale</strong></span> <span class='ocrx_word' id='word_1_777' title='bbox 3149 4734 3314 4789; x_wconf 90' lang='lat' dir='ltr'><strong>etiam</strong></span> <span class='ocrx_word' id='word_1_778' title='bbox 3368 4732 3666 4787; x_wconf 89' lang='lat' dir='ltr'><strong>concilium</strong></span> <span class='ocrx_word' id='word_1_779' title='bbox 3727 4732 3830 4785; x_wconf 87' lang='lat' dir='ltr'><strong>hoc</strong></span> 
     </span>
    </p>
   </div>
   <div class='ocr_carea' id='block_1_109' title="bbox 2257 4823 3832 4897">
    <p class='ocr_par' dir='ltr' id='par_1_109' title="bbox 2257 4823 3832 4897">
     <span class='ocr_line' id='line_1_109' title="bbox 2257 4823 3832 4897; baseline -0.006 -10"><span class='ocrx_word' id='word_1_780' title='bbox 2257 4832 2788 4893; x_wconf 75' lang='lat' dir='ltr'><strong>l&#39;uissealiirmatum,</strong></span> <span class='ocrx_word' id='word_1_781' title='bbox 2841 4838 3024 4883; x_wconf 87' lang='lat' dir='ltr'><strong>tamen</strong></span> <span class='ocrx_word' id='word_1_782' title='bbox 3087 4825 3365 4897; x_wconf 80' lang='lat' dir='ltr'><strong>quodlibet</strong></span> <span class='ocrx_word' id='word_1_783' title='bbox 3414 4824 3634 4887; x_wconf 88' lang='lat' dir='ltr'><strong>horum,</strong></span> <span class='ocrx_word' id='word_1_784' title='bbox 3713 4823 3832 4877; x_wconf 87' lang='lat' dir='ltr'><strong>sine</strong></span> 
     </span>
    </p>
   </div>
   <div class='ocr_carea' id='block_1_110' title="bbox 2253 4917 3832 4997">
    <p class='ocr_par' dir='ltr' id='par_1_110' title="bbox 2253 4917 3832 4997">
     <span class='ocr_line' id='line_1_110' title="bbox 2253 4917 3832 4997; baseline -0.008 -16"><span class='ocrx_word' id='word_1_785' title='bbox 2253 4928 2374 4983; x_wconf 84' lang='lat' dir='ltr'><strong>aliis</strong></span> <span class='ocrx_word' id='word_1_786' title='bbox 2409 4941 2502 4997; x_wconf 88' lang='lat' dir='ltr'><strong>per</strong></span> <span class='ocrx_word' id='word_1_787' title='bbox 2531 4940 2589 4980; x_wconf 91' lang='lat' dir='ltr'><strong>se</strong></span> <span class='ocrx_word' id='word_1_788' title='bbox 2619 4924 2726 4977; x_wconf 85' lang='lat' dir='ltr'><strong>vim</strong></span> <span class='ocrx_word' id='word_1_789' title='bbox 2760 4939 2868 4978; x_wconf 92' lang='lat' dir='ltr'><strong>non</strong></span> <span class='ocrx_word' id='word_1_790' title='bbox 2912 4921 3139 4986; x_wconf 83' lang='lat' dir='ltr'><strong>habens,</strong></span> <span class='ocrx_word' id='word_1_791' title='bbox 3175 4918 3379 4987; x_wconf 88' lang='lat' dir='ltr'><strong>reliqua</strong></span> <span class='ocrx_word' id='word_1_792' title='bbox 3413 4917 3523 4971; x_wconf 90' lang='lat' dir='ltr'><strong>duo</strong></span> <span class='ocrx_word' id='word_1_793' title='bbox 3576 4918 3832 4984; x_wconf 83' lang='lat' dir='ltr'><strong>opposita</strong></span> 
     </span>
    </p>
   </div>
   <div class='ocr_carea' id='block_1_111' title="bbox 2259 5010 3830 5078">
    <p class='ocr_par' dir='ltr' id='par_1_111' title="bbox 2259 5010 3830 5078">
     <span class='ocr_line' id='line_1_111' title="bbox 2259 5010 3830 5078; baseline -0.007 -5"><span class='ocrx_word' id='word_1_794' title='bbox 2259 5019 2394 5073; x_wconf 88' lang='lat' dir='ltr'><strong>satis</strong></span> <span class='ocrx_word' id='word_1_795' title='bbox 2419 5033 2479 5073; x_wconf 87' lang='lat' dir='ltr'><strong>se</strong></span> <span class='ocrx_word' id='word_1_796' title='bbox 2509 5017 2705 5071; x_wconf 85' lang='lat' dir='ltr'><strong>habere</strong></span> <span class='ocrx_word' id='word_1_797' title='bbox 2770 5014 3082 5076; x_wconf 86' lang='lat' dir='ltr'><strong>considero,</strong></span> <span class='ocrx_word' id='word_1_798' title='bbox 3139 5019 3197 5064; x_wconf 90' lang='lat' dir='ltr'><strong>ut</strong></span> <span class='ocrx_word' id='word_1_799' title='bbox 3249 5010 3489 5078; x_wconf 87' lang='lat' dir='ltr'><strong>idipsum</strong></span> <span class='ocrx_word' id='word_1_800' title='bbox 3545 5011 3830 5062; x_wconf 85' lang='lat' dir='ltr'><strong>credatur.</strong></span> 
     </span>
    </p>
   </div>
   <div class='ocr_carea' id='block_1_112' title="bbox 2255 5097 3834 5177">
    <p class='ocr_par' dir='ltr' id='par_1_112' title="bbox 2255 5097 3834 5177">
     <span class='ocr_line' id='line_1_112' title="bbox 2255 5097 3834 5177; baseline -0.006 -15"><span class='ocrx_word' id='word_1_801' title='bbox 2255 5109 2321 5162; x_wconf 90' lang='lat' dir='ltr'><strong>Et</strong></span> <span class='ocrx_word' id='word_1_802' title='bbox 2345 5118 2399 5162; x_wconf 92' lang='lat' dir='ltr'><strong>tu</strong></span> <span class='ocrx_word' id='word_1_803' title='bbox 2421 5107 2511 5177; x_wconf 86' lang='lat' dir='ltr'><strong>qui</strong></span> <span class='ocrx_word' id='word_1_804' title='bbox 2537 5107 2716 5161; x_wconf 87' lang='lat' dir='ltr'><strong>adhuc</strong></span> <span class='ocrx_word' id='word_1_805' title='bbox 2745 5104 2944 5159; x_wconf 90' lang='lat' dir='ltr'><strong>videris</strong></span> <span class='ocrx_word' id='word_1_806' title='bbox 2971 5103 3243 5172; x_wconf 86' lang='lat' dir='ltr'><strong>ignorare,</strong></span> <span class='ocrx_word' id='word_1_807' title='bbox 3283 5110 3465 5153; x_wconf 88' lang='lat' dir='ltr'><strong>utrum</strong></span> <span class='ocrx_word' id='word_1_808' title='bbox 3507 5097 3574 5152; x_wconf 86' lang='lat' dir='ltr'><strong>de</strong></span> <span class='ocrx_word' id='word_1_809' title='bbox 3603 5100 3706 5154; x_wconf 88' lang='lat' dir='ltr'><strong>hoc</strong></span> <span class='ocrx_word' id='word_1_810' title='bbox 3754 5099 3834 5152; x_wconf 59' lang='lat' dir='ltr'><strong>ia-</strong></span> 
     </span>
    </p>
   </div>
   <div class='ocr_carea' id='block_1_113' title="bbox 2258 5191 3831 5268">
    <p class='ocr_par' dir='ltr' id='par_1_113' title="bbox 2258 5191 3831 5268">
     <span class='ocr_line' id='line_1_113' title="bbox 2258 5191 3831 5268; baseline -0.009 -11"><span class='ocrx_word' id='word_1_811' title='bbox 2258 5215 2405 5257; x_wconf 86' lang='lat' dir='ltr'><strong>ctum</strong></span> <span class='ocrx_word' id='word_1_812' title='bbox 2431 5200 2626 5254; x_wconf 80' lang='lat' dir='ltr'><strong>fuisset</strong></span> <span class='ocrx_word' id='word_1_813' title='bbox 2649 5198 2902 5268; x_wconf 86' lang='lat' dir='ltr'><strong>generale</strong></span> <span class='ocrx_word' id='word_1_814' title='bbox 2932 5193 3245 5253; x_wconf 85' lang='lat' dir='ltr'><strong>concilium.</strong></span> <span class='ocrx_word' id='word_1_815' title='bbox 3305 5193 3350 5246; x_wconf 89' lang='lat' dir='ltr'><strong>si</strong></span> <span class='ocrx_word' id='word_1_816' title='bbox 3406 5191 3646 5245; x_wconf 86' lang='lat' dir='ltr'><strong>volueris</strong></span> <span class='ocrx_word' id='word_1_817' title='bbox 3709 5201 3831 5245; x_wconf 85' lang='lat' dir='ltr'><strong>tuas</strong></span> 
     </span>
    </p>
   </div>
   <div class='ocr_carea' id='block_1_114' title="bbox 2260 5284 3836 5363">
    <p class='ocr_par' dir='ltr' id='par_1_114' title="bbox 2260 5284 3836 5363">
     <span class='ocr_line' id='line_1_114' title="bbox 2260 5284 3836 5363; baseline -0.009 -14"><span class='ocrx_word' id='word_1_818' title='bbox 2260 5300 2312 5348; x_wconf 88' lang='lat' dir='ltr'><strong>in</strong></span> <span class='ocrx_word' id='word_1_819' title='bbox 2342 5293 2566 5363; x_wconf 87' lang='lat' dir='ltr'><strong>epistola</strong></span> <span class='ocrx_word' id='word_1_820' title='bbox 2619 5291 2974 5361; x_wconf 86' lang='lat' dir='ltr'><strong>cogitationes</strong></span> <span class='ocrx_word' id='word_1_821' title='bbox 3008 5289 3149 5342; x_wconf 88' lang='lat' dir='ltr'><strong>inter</strong></span> <span class='ocrx_word' id='word_1_822' title='bbox 3170 5301 3228 5340; x_wconf 89' lang='lat' dir='ltr'><strong>se</strong></span> <span class='ocrx_word' id='word_1_823' title='bbox 3271 5284 3611 5352; x_wconf 84' lang='lat' dir='ltr'><strong>conjungens</strong></span> <span class='ocrx_word' id='word_1_824' title='bbox 3643 5285 3836 5337; x_wconf 82' lang='lat' dir='ltr'><strong>adver-</strong></span> 
     </span>
    </p>
   </div>
   <div class='ocr_carea' id='block_1_115' title="bbox 2263 5374 3836 5451">
    <p class='ocr_par' dir='ltr' id='par_1_115' title="bbox 2263 5374 3836 5451">
     <span class='ocr_line' id='line_1_115' title="bbox 2263 5374 3836 5451; baseline -0.005 -15"><span class='ocrx_word' id='word_1_825' title='bbox 2263 5394 2398 5443; x_wconf 88' lang='lat' dir='ltr'><strong>tere,</strong></span> <span class='ocrx_word' id='word_1_826' title='bbox 2424 5381 2550 5451; x_wconf 89' lang='lat' dir='ltr'><strong>quid</strong></span> <span class='ocrx_word' id='word_1_827' title='bbox 2585 5397 2648 5434; x_wconf 77' lang='lat' dir='ltr'><strong>ex</strong></span> <span class='ocrx_word' id='word_1_828' title='bbox 2674 5379 2807 5448; x_wconf 83' lang='lat' dir='ltr'><strong>ipsis</strong></span> <span class='ocrx_word' id='word_1_829' title='bbox 2875 5376 3187 5432; x_wconf 72' lang='lat' dir='ltr'><strong>necessario</strong></span> <span class='ocrx_word' id='word_1_830' title='bbox 3241 5374 3526 5439; x_wconf 86' lang='lat' dir='ltr'><strong>contingit,</strong></span> <span class='ocrx_word' id='word_1_831' title='bbox 3587 5374 3836 5428; x_wconf 85' lang='lat' dir='ltr'><strong>invenies</strong></span> 
     </span>
    </p>
   </div>
   <div class='ocr_carea' id='block_1_116' title="bbox 2265 5469 3837 5535">
    <p class='ocr_par' dir='ltr' id='par_1_116' title="bbox 2265 5469 3837 5535">
     <span class='ocr_line' id='line_1_116' title="bbox 2265 5469 3837 5535; baseline -0.004 -9"><span class='ocrx_word' id='word_1_832' title='bbox 2265 5474 2418 5529; x_wconf 73' lang='lat' dir='ltr'><strong>\‘alde</strong></span> <span class='ocrx_word' id='word_1_833' title='bbox 2445 5472 2837 5535; x_wconf 77' lang='lat' dir='ltr'><strong>necessarium,</strong></span> <span class='ocrx_word' id='word_1_834' title='bbox 2869 5481 2922 5523; x_wconf 90' lang='lat' dir='ltr'><strong>et</strong></span> <span class='ocrx_word' id='word_1_835' title='bbox 2960 5485 3022 5522; x_wconf 83' lang='lat' dir='ltr'><strong>ex</strong></span> <span class='ocrx_word' id='word_1_836' title='bbox 3049 5469 3163 5523; x_wconf 89' lang='lat' dir='ltr'><strong>sola</strong></span> <span class='ocrx_word' id='word_1_837' title='bbox 3216 5469 3544 5521; x_wconf 87' lang='lat' dir='ltr'><strong>auctoritate</strong></span> <span class='ocrx_word' id='word_1_838' title='bbox 3608 5477 3837 5519; x_wconf 80' lang='lat' dir='ltr'><strong>sancto-</strong></span> 
     </span>
    </p>
   </div>
   <div class='ocr_carea' id='block_1_117' title="bbox 2263 5555 3834 5636">
    <p class='ocr_par' dir='ltr' id='par_1_117' title="bbox 2263 5555 3834 5636">
     <span class='ocr_line' id='line_1_117' title="bbox 2263 5555 3834 5636; baseline -0.005 -17"><span class='ocrx_word' id='word_1_839' title='bbox 2263 5581 2567 5636; x_wconf 90' lang='lat' dir='ltr'><strong>rum,quos</strong></span> <span class='ocrx_word' id='word_1_840' title='bbox 2625 5564 2835 5628; x_wconf 83' lang='lat' dir='ltr'><strong>dixisti,</strong></span> <span class='ocrx_word' id='word_1_841' title='bbox 2877 5563 2953 5616; x_wconf 86' lang='lat' dir='ltr'><strong>vel</strong></span> <span class='ocrx_word' id='word_1_842' title='bbox 2985 5578 3047 5615; x_wconf 83' lang='lat' dir='ltr'><strong>ex</strong></span> <span class='ocrx_word' id='word_1_843' title='bbox 3081 5560 3193 5615; x_wconf 77' lang='lat' dir='ltr'><strong>sola</strong></span> <span class='ocrx_word' id='word_1_844' title='bbox 3261 5557 3515 5613; x_wconf 81' lang='lat' dir='ltr'><strong>Ecclesia:</strong></span> <span class='ocrx_word' id='word_1_845' title='bbox 3572 5555 3834 5612; x_wconf 74' lang='lat' dir='ltr'><strong>Romana:</strong></span> 
     </span>
    </p>
   </div>
   <div class='ocr_carea' id='block_1_118' title="bbox 2263 5643 3831 5724">
    <p class='ocr_par' dir='ltr' id='par_1_118' title="bbox 2263 5643 3831 5724">
     <span class='ocr_line' id='line_1_118' title="bbox 2263 5643 3831 5724; baseline -0.005 -14"><span class='ocrx_word' id='word_1_846' title='bbox 2263 5667 2314 5710; x_wconf 87' lang='lat' dir='ltr'><strong>te</strong></span> <span class='ocrx_word' id='word_1_847' title='bbox 2347 5658 2586 5722; x_wconf 87' lang='lat' dir='ltr'><strong>credere,</strong></span> <span class='ocrx_word' id='word_1_848' title='bbox 2619 5655 2764 5724; x_wconf 85' lang='lat' dir='ltr'><strong>quod</strong></span> <span class='ocrx_word' id='word_1_849' title='bbox 2803 5654 2968 5707; x_wconf 88' lang='lat' dir='ltr'><strong>etiam</strong></span> <span class='ocrx_word' id='word_1_850' title='bbox 3013 5668 3076 5705; x_wconf 86' lang='lat' dir='ltr'><strong>ex</strong></span> <span class='ocrx_word' id='word_1_851' title='bbox 3104 5649 3242 5705; x_wconf 83' lang='lat' dir='ltr'><strong>Filio</strong></span> <span class='ocrx_word' id='word_1_852' title='bbox 3309 5648 3555 5720; x_wconf 83' lang='lat' dir='ltr'><strong>Spiritus</strong></span> <span class='ocrx_word' id='word_1_853' title='bbox 3601 5643 3831 5714; x_wconf 71' lang='lat' dir='ltr'><strong>sanctus</strong></span> 
     </span>
    </p>
   </div>
   <div class='ocr_carea' id='block_1_119' title="bbox 2261 5745 3126 5820">
    <p class='ocr_par' dir='ltr' id='par_1_119' title="bbox 2261 5745 3126 5820">
     <span class='ocr_line' id='line_1_119' title="bbox 2261 5745 3126 5820; baseline -0.002 -18"><span class='ocrx_word' id='word_1_854' title='bbox 2261 5750 2522 5820; x_wconf 83' lang='lat' dir='ltr'><strong>procedit.</strong></span> <span class='ocrx_word' id='word_1_855' title='bbox 2557 5748 2789 5804; x_wconf 80' lang='lat' dir='ltr'><strong>Advorte</strong></span> <span class='ocrx_word' id='word_1_856' title='bbox 2820 5758 2997 5801; x_wconf 87' lang='lat' dir='ltr'><strong>autem</strong></span> <span class='ocrx_word' id='word_1_857' title='bbox 3026 5745 3126 5801; x_wconf 90' lang='lat' dir='ltr'><strong>sic.</strong></span> 
     </span>
    </p>
   </div>
  </div>
