4086 6228
420 271 565 336 1305

1779 290 1939 355 PRO
1967 293 2302 361 LATINIS.

3551 310 3690 376 1306

482 386 674 494 Dixisti
777 405 926 494 sclre
950 393 1160 494 multos
1193 414 1521 472 magnorum
1543 416 1861 461 sanctorum
1893 423 1993 462 ει-
2025 415 2070 468 Α
2103 413 2386 486 Scriptura
2416 428 2604 488 aperte
2635 419 2922 485 dicuntur,
2954 420 3037 476 vel
3073 421 3130 478 in
3167 422 3524 494 generalibus
3548 440 3690 481 con-

405 482 663 549 ponendo
681 481 921 539 divinam
946 486 1282 559 Scripturam
1346 495 1635 553 tradidisse
1666 514 1760 567 per
1796 500 1992 567 multa,

407 572 736 641 quodetiam
773 592 837 632 ex
868 579 1027 634 Filio.
1051 581 1184 637 Item
1235 584 1446 651 dixlsti,
1479 590 1626 660 quod
1684 592 1851 661 hujus
1893 609 1995 663 op-

409 666 674 734 positum,
715 670 924 726 scilicet
963 689 1027 728 ex
1053 676 1171 730 solo
1208 675 1390 746 Patre,
1423 698 1600 752 neque
1627 684 1840 740 ratione
1894 702 1992 754 po-

410 770 489 812 tes
515 760 844 830 intelligere,
871 781 1050 836 neque
1111 768 1179 823 de
1204 787 1362 827 sacra
1421 773 1707 845 Scriptura
1763 781 1995 833 conclu-

408 850 537 948 dere
572 863 664 908 :et
691 856 838 924 quod
865 861 1046 915 nescis
1077 862 1217 918 ullos
1265 877 1490 922 sanctos
1524 869 1627 924 hoc
1649 881 1837 940 aperte
1883 880 1996 948 trp-

405 943 632 1011 didisse,
668 948 746 1002 vel
778 953 1029 1018 generale
1056 956 1347 1012 concilium
1378 961 1480 1015 Ito‘c
1501 943 1996 1030 determinasse,et

404 1039 551 1110 quod
584 1041 693 1095 scis
731 1053 960 1098 matrem
989 1046 1361 1106 Ecclesiarum
1396 1053 1620 1110 minime
1652 1055 1759 1112 hoc
1782 1057 1990 1114 dicere.

475 1137 541 1188 At
576 1151 703 1191 vero
739 1139 782 1193 si
820 1140 951 1210 quid
989 1142 1055 1196 de
1084 1143 1192 1199 Deo
1250 1147 1408 1202 multi
1445 1158 1497 1204 et
1542 1151 1722 1220 magni
1790 1153 1991 1220 sancti,

401 1239 727 1297 exponendo
762 1231 1001 1287 divinam
1028 1235 1369 1305 Scripturam
1399 1240 1617 1305 dicunt,
1680 1245 1842 1316 cujus
1889 1262 1992 1316 op-

405 1326 642 1394 positum
700 1342 770 1381 ex
821 1327 940 1397 ipsa
991 1327 1275 1400 Scriptura
1323 1333 1656 1401 ostenditur,
1685 1352 1864 1410 neque
1900 1357 1995 1410 per

402 1418 673 1475 rationem
738 1421 1172 1490 demonstratur,
1201 1442 1374 1497 neque
1437 1444 1532 1498 per
1564 1441 1785 1487 sanctos
1808 1444 1996 1505 aperte

407 1512 675 1576 ll'ndilttt‘,
725 1527 904 1584 neque
954 1530 1053 1584 per
1103 1519 1358 1587 generale
1427 1523 1721 1578 concilium
1811 1526 1995 1582 deter-

402 1605 897 1678 minatur,neque
971 1625 1068 1678 per
1141 1621 1372 1668 matrem
1448 1612 1820 1673 Ecclesiarum
1891 1620 1993 1677 do-

400 1708 552 1752 cetur
589 1717 603 1753 :
643 1699 746 1754 hoc
803 1699 952 1756 credi
1006 1702 1172 1760 nimis
1207 1709 1583 1765 necessarium
1638 1723 1742 1768 est.
1769 1713 1826 1768 Si
1864 1731 1994 1771 vero

402 1791 504 1847 hoc
563 1793 799 1865 ambigis
830 1805 885 1850 et
924 1794 1167 1862 dubitas,
1200 1808 1383 1856 utrum
1430 1803 1504 1859 sit
1553 1807 1931 1863 necessarium
1964 1825 1982 1867 :

400 1886 492 1940 sed
547 1886 679 1941 illud
727 1887 955 1943 minime
1007 1890 1311 1958 dubitabis,
1350 1895 1470 1951 sine
1527 1899 1773 1966 periculo
1831 1902 1984 1971 peni-

401 1983 488 2029 tus
537 1980 682 2046 quod
733 1979 842 2035 tale
881 1991 1192 2052 est,posse
1249 1987 1418 2050 credi,
1478 1989 1525 2044 si
1591 1991 1812 2061 quidem
1873 2010 1984 2050 non

399 2071 618 2126 dullin
649 2070 702 2126 in
734 2074 943 2131 sanetis
972 2091 1098 2132 esse
1126 2092 1221 2135 eos
1250 2080 1342 2148 qui
1366 2081 1468 2138 hoc
1492 2084 1868 2153 crediderunt,
1887 2090 1988 2144 do-

399 2175 648 2231 cuerunt,
678 2175 730 2221 et
766 2170 1037 2239 scriptura
1077 2174 1438 2231 tradiderunt.
1499 2177 1640 2250 Ergo
1700 2197 1822 2238 cum
1879 2183 1986 2239 hoc

399 2258 613 2314 sitsine
644 2264 916 2331 periculo,
950 2266 1075 2321 vide
1101 2269 1262 2336 quale
1297 2270 1371 2324 sit
1428 2272 1636 2340 dicere,
1705 2277 1854 2346 quod
1918 2293 1982 2331 ex

398 2352 516 2405 solo
550 2352 708 2408 Patre
757 2357 1023 2424 procedit.
1055 2358 1150 2415 Ais
1210 2362 1381 2430 enim,
1442 2366 1588 2435 quod
1654 2368 1758 2423 hoc
1807 2383 1987 2438 neque

399 2446 723 2512 auctoritas,
753 2463 931 2519 neque
962 2451 1356 2512 demonstratio
1411 2461 1690 2530 compellit
1723 2474 1774 2519 te
1844 2465 1984 2521 recic

398 2552 556 2607 pere,
585 2550 639 2594 et
668 2542 822 2595 multi
864 2559 1190 2613 magnorum
1236 2561 1560 2607 sanctorum
1619 2569 1745 2610 cum
1809 2563 1983 2611 matre

399 2632 767 2689 Ecclesiarum
812 2647 1002 2706 aperte
1063 2643 1376 2711 oppositum
1441 2647 1660 2703 docent.
1725 2648 1862 2719 Ergo
1919 2666 1984 2706 ex

397 2724 634 2780 volendo
665 2728 764 2781 hoc
796 2738 1005 2796 tenere,
1041 2736 1287 2804 suspicio
1326 2753 1452 2792 mox
1485 2739 1666 2810 aliqua
1750 2744 1981 2811 periculi

398 2819 686 2876 conﬂatur.
713 2821 855 2892 Ergo
875 2839 998 2878 cum
1039 2827 1142 2882 hoc
1173 2831 1242 2883 sit
1265 2845 1366 2899 pro
1396 2843 1548 2888 certo
1583 2836 1980 2903 periculosum,

398 2914 530 2969 illud
570 2931 701 2971 vero
732 2918 956 2973 omnino
981 2919 1102 2976 sine
1137 2923 1420 2991 periculo,
1464 2925 1696 2994 duaeque
1746 2929 1858 2983 sint
1888 2944 1983 2984 50--

398 3006 462 3060 las
493 3018 675 3076 partes
699 3009 960 3066 Ecclesiae
1000 3031 1012 3066 :
1047 3028 1152 3066 una
1187 3031 1309 3084 qua:
1347 3024 1523 3081 tenet,
1552 3018 1699 3086 quod
1757 3023 1979 3090 penitus

2097 508 2241 564 ciliis
2274 524 2538 581 expresse
2560 511 2926 568 determinata
2953 524 3104 579 sunt,
3131 526 3190 570 ut
3255 531 3382 572 cum
3428 517 3535 575 hoc
3587 519 3686 585 sit,

2099 602 2253 657 nullo
2286 605 2451 659 modo
2481 606 2654 675 possit
2683 606 2815 660 illud
2845 620 2969 663 esse
3005 617 3099 663 :et
3129 623 3255 663 cum
3281 608 3416 665 illud
3448 611 3543 677 sit,
3578 611 3687 667 mi-

2098 696 2246 750 nime
2288 697 2392 752 hoc
2431 698 2610 752 locum
2632 699 2853 754 habeat.
2908 699 3479 756 ltationabilissimum
3532 703 3682 759 enim

2095 797 2242 844 esset
2272 807 2300 842 a
2331 791 2456 844 talia
2491 791 2988 861 dogmatisantihus
3018 792 3208 848 dividi.
3266 791 3470 848 Neutra
3537 794 3684 850 enim

2097 881 2294 935 borum
2326 884 2698 954 contingente,
2741 884 3125 940 irrationabile
3161 884 3298 939 velle
3331 884 3558 938 omnino
3599 884 3687 939 di-

2096 974 2208 1029 vidi
2235 976 2583 1045 relinquitur.
2618 977 2686 1032 M
2709 992 2838 1032 vero
2863 988 3123 1032 neutrum
3143 981 3337 1032 horum
3368 977 3422 1031 in
3448 976 3681 1031 exordio

2096 1066 2416 1123 schismatis
2448 1068 2702 1122 Ecclesiae
2735 1070 2996 1125 [laniante
3023 1070 3272 1140 contigit.
3293 1066 3428 1122 Nam
3456 1067 3525 1123 de
3558 1082 3686 1136 pro-

2095 1157 2347 1213 eessione
2369 1167 2421 1212 et
2454 1175 2519 1213 ex
2557 1156 2696 1213 Filio
2733 1161 2973 1230 Spiritus
3000 1161 3203 1222 sancti,
3223 1159 3401 1215 sancti
3434 1157 3536 1225 illi,
3563 1157 3687 1225 qui-

2099 1250 2200 1305 bus
2231 1250 2477 1308 Eeclesia
2509 1250 2758 1307 Romana
2797 1268 2926 1310 mox
2956 1255 3210 1320 credens,
3245 1253 3347 1310 hoc
3404 1261 3573 1317 tenet,
3601 1251 3688 1306 la-

2095 1343 2170 1400 cti
2201 1355 2330 1399 sunt
2351 1354 2477 1400 ante
2509 1346 2827 1401 inchoatum
2867 1347 3132 1413 schisma,
3160 1346 3251 1401 alii
3290 1345 3685 1414 trecentis,alii

2095 1436 2538 1508 quadringentis,
2563 1439 2656 1494 alii
2689 1455 2821 1494 vero
2845 1449 2903 1495 et
2934 1441 3248 1511 quingentis
3281 1441 3465 1496 annis.
3496 1439 3559 1495 Et
3626 1448 3687 1493 ut

2096 1546 2264 1585 unum
2301 1547 2414 1602 prie
2439 1534 2697 1589 omnibus
2724 1535 2930 1598 dicam,
2969 1535 3064 1606 qui
3095 1551 3202 1589 non
3226 1533 3565 1597 transitorie,
3589 1532 3684 1589 sed

2095 1623 2164 1679 de
2183 1625 2376 1680 eodem
2410 1626 2530 1695 ipso
2557 1626 2937 1697 principaliter
2964 1628 3222 1700 loquens,
3253 1627 3605 1697 apertissime
3632 1627 3684 1681 id

2095 1718 2278 1784 docet,
2330 1735 2615 1792 magnum,
2649 1721 2898 1792 inquam,
2925 1723 3289 1795 Augustinum
3319 1764 3333 1790 ,
3367 1723 3478 1778 .bic
3537 1720 3686 1775 circa

2097 1821 2341 1884 tempora
2373 1813 2674 1869 Theodosii
2710 1815 2888 1886 Magni
2936 1816 3160 1883 claruit,
3202 1831 3380 1871 annos
3421 1815 3687 1870 videlicet

2089 1919 2220 1963 ante
2249 1911 2494 1966 schistua
2530 1922 2583 1965 et
2609 1911 2754 1965 ultra
2798 1910 3135 1981 quingentos
3163 1929 3177 1965 :
3205 1911 3364 1980 cujus
3426 1924 3493 1964 ex
3555 1919 3688 1966 tunc

2087 2001 2333 2058 Ecclesia
2367 2004 2555 2072 utique
2580 2003 2828 2058 Romana
2874 2005 3077 2074 scripta
3114 2003 3333 2069 habuit,
3383 2018 3508 2059 cum
3535 2011 3686 2058 esset

2087 2097 2336 2163 ejusdem
2362 2097 2583 2168 linguae,
2604 2106 2657 2152 et
2679 2098 2934 2166 dogmata
2966 2105 3289 2154 veneratur.

2156 2189 2228 2243 At
2246 2203 2371 2244 vero
2398 2189 2582 2244 dicere
2597 2200 2648 2244 et
2665 2205 2727 2244 ex
2750 2189 2906 2254 Filio,
2931 2189 3394 2259 nihiloppositum
3419 2195 3498 2242 est
3525 2184 3691 2240 addi-

2088 2281 2320 2334 cendum
2344 2297 2408 2335 ex
2430 2283 2610 2337 Patre.
2632 2278 2751 2334 Non
2771 2282 2916 2336 enim
2934 2282 2980 2337 si
3001 2281 3244 2352 procedit
3262 2291 3313 2336 et
3331 2278 3566 2342 exFilio,
3587 2276 3693 2332 tol-

2089 2374 2220 2430 litur
2239 2374 2534 2445 procedere
2558 2383 2607 2429 et
2626 2390 2692 2429 ex
2716 2373 2913 2441 Patre;
2939 2374 3032 2430 sed
3052 2375 3233 2445 potius
3262 2374 3354 2428 illo
3379 2374 3530 2443 prius
3554 2387 3692 2426 eon-

2087 2482 2268 2530 cesso,
2286 2477 2339 2522 et
2360 2483 2422 2521 ex
2450 2466 2609 2522 Patre
2623 2467 2919 2537 procedere
2941 2467 3249 2523 necessario
3270 2463 3689 2537 sequitur.Qu:e

2087 2576 2221 2615 vero
2247 2562 2320 2614 ita
2341 2577 2395 2615 se
2420 2561 2622 2616 habent
2653 2564 2793 2614 inter
2816 2576 2896 2624 se,
2920 2560 3276 2629 repugnantia
3292 2575 3397 2613 non
3419 2571 3568 2614 sunt.
3589 2555 3686 2611 Er.

2087 2668 2155 2723 go
2172 2662 2223 2704 et
2242 2653 2425 2707 divina
2457 2650 2741 2721 Scriptura
2775 2665 2928 2721 prius
2955 2650 3200 2714 dicente,
3230 2666 3293 2704 ex
3315 2648 3474 2705 Patre
3496 2663 3690 2718 proce-

2087 2746 2217 2800 dere
2236 2744 2498 2813 Spiritum
2525 2753 2776 2798 sanctum
2807 2764 2823 2812 ;
2863 2755 2917 2798 et
2948 2746 3297 2815 postmodum
3322 2742 3570 2798 conciliis
3585 2742 3692 2797 idi-

2087 2853 2246 2909 psum
2266 2838 2602 2904 dicentibus,
2623 2837 2866 2892 Ecclesia
2892 2837 3134 2892 Romana
3155 2837 3344 2892 dicens
3362 2846 3415 2890 et
3437 2851 3498 2889 ex
3522 2833 3686 2902 Filio,

2089 2945 2195 2984 non
2227 2927 2564 2999 dogmatizat
2594 2930 2800 2999 aliquid
2838 2929 2947 2983 illis
2971 2944 3315 3000 repugnans,
3351 2938 3405 2983 et
3447 2927 3591 2982 diota
3618 2928 3690 2980 il-

2089 3024 2267 3077 lorum
2311 3023 2656 3088 interimcns,
2711 3024 2804 3077 sed
2845 3023 3028 3091 potius
3062 3022 3198 3088 tale,
3251 3039 3360 3091 quo
3393 3035 3684 3088 concesso,

396 3108 480 3157 est
511 3100 631 3157 sine
661 3103 944 3170 periculo:
977 3105 1084 3160 alia
1109 3121 1238 3160 vero
1277 3109 1424 3178 quod
1469 3114 1766 3168 manifeste
1833 3117 1982 3183 peri-
2011 3118 2055 3177 C
2102 3115 2234 3169 illud
2267 3115 2582 3170 necessario
2615 3113 2920 3168 confertur.
2956 3112 3090 3167 Nam
3126 3114 3301 3169 sicubi
3358 3115 3535 3168 adhuc
3597 3113 3686 3168 di-

397 3198 647 3253 culosum
681 3207 798 3263 est;
826 3211 989 3270 atque
1015 3201 1122 3258 alia
1150 3203 1419 3260 .Ecclesia
1483 3222 1590 3261 non
1627 3208 1700 3265 sit
1757 3211 1987 3267 collecta

398 3304 468 3345 ειη
526 3290 727 3345 talibus
783 3290 1146 3359 hominibus,
1180 3296 1399 3366 qualem
1472 3309 1529 3354 tu
1587 3301 1768 3358 adhuc
1825 3305 1908 3359 ais
1943 3314 1992 3359 te

397 3394 543 3452 esse,
569 3393 822 3439 neutrum
893 3396 1266 3443 extremorum
1335 3396 1645 3459 tenens;in
1707 3398 1990 3452 omnibus-

399 3491 526 3544 que,
569 3479 781 3532 caeteris
815 3478 1063 3547 paribus,
1096 3481 1406 3550 eligendum
1431 3486 1505 3540 sit
1557 3488 1758 3559 magis,
1841 3492 1988 3558 quod

400 3566 519 3623 sine
550 3572 793 3638 periculo
815 3583 918 3635 est,
954 3589 1119 3644 quam
1153 3578 1300 3642 quod
1333 3579 1706 3644 periculosum
1746 3599 1762 3638 :
1800 3597 1987 3637 nonne

394 3662 507 3731 jam
543 3676 606 3717 ex
633 3663 743 3718 tuis
790 3666 1222 3736 cogitationibus
1277 3671 1431 3725 vides
1486 3673 1769 3739 concludi,
1827 3673 1990 3730 nimis

402 3755 775 3811 necessarium
810 3771 958 3819 esse.
983 3758 1193 3816 Latinis
1212 3764 1406 3817 eadem
1436 3765 1573 3820 velle
1609 3767 1673 3819 de
1707 3766 1991 3836 proposito

403 3863 619 3919 sapere,
652 3851 845 3906 eodem
885 3867 1015 3908 vero
1041 3857 1234 3920 modo;
1261 3856 1375 3911 visa
1401 3856 1659 3914 similiter
1726 3861 1991 3917 Romanae

407 3941 665 3997 Ecclesia:
686 3944 1019 3999 auctoritate
1062 3961 1159 4016 per
1192 3949 1392 4002 similia
1460 3952 1636 4007 media
1683 3956 1986 4017 transiens,

401 4036 691 4104 pervenias
736 4037 1051 4092 necessario
1097 4039 1162 4093 ad
1218 4041 1472 4096 eamdem
1521 4044 1991 4099 conclusionem?

401 4127 583 4193 Quare
611 4129 830 4184 etiamsi
866 4131 1109 4185 nondum
1139 4132 1333 4188 fuisset
1366 4131 1571 4190 factum
1639 4136 1705 4190 de
1754 4137 1858 4192 hoc
1898 4121 2021 4209 ge—h

402 4221 588 4274 nerale
617 4221 937 4286 concilium,
970 4231 1152 4278 tamen
1187 4227 1565 4280 necessarium
1591 4239 1677 4283 est
1739 4228 1988 4300 recipere

400 4312 548 4383 quod
586 4311 826 4383 Spiritus
856 4325 1083 4369 sanctus
1109 4329 1174 4370 ex
1215 4315 1375 4371 Patre
1405 4317 1658 4389 Filioque
1691 4321 1939 4389 procedit
1967 4335 1982 4374 :

400 4414 456 4458 et
487 4406 592 4459 hoc
624 4416 908 4471 negantes,
945 4422 1294 4478 nequaquam
1351 4418 1608 4479 tanquam
1635 4425 1845 4482 partem
1882 4412 1985 4469 Ec-

2096 3218 2246 3263 ctum
2299 3223 2408 3262 non
2463 3207 2679 3273 fuisset,
2728 3207 2875 3278 quod
2913 3207 3154 3278 Spiritus
3177 3209 3425 3277 procedit
3463 3223 3528 3263 ex
3585 3209 3689 3263 Pa-

2097 3310 2200 3367 tre,
2260 3311 2315 3358 et
2370 3303 2688 3357 crederetur
2735 3302 2996 3358 Ecclesia:
3053 3300 3340 3364 Romanae,
3397 3301 3545 3372 quod
3619 3318 3684 3357 ex

2096 3391 2236 3445 Filio
2307 3393 2550 3460 procedit
2607 3409 2622 3446 :
2673 3407 2737 3446 ex
2799 3393 2900 3447 hoc
2981 3394 3171 3462 utique
3253 3392 3690 3447 concluderetur

2094 3485 2410 3539 necessario
2465 3485 2620 3537 illud.
2657 3481 2791 3537 Nam
2856 3484 2900 3539 si
2954 3484 3201 3553 procedit
3240 3499 3308 3538 ex
3365 3482 3528 3547 Filio,
3593 3484 3687 3554 qui

2093 3577 2276 3630 omnia
2332 3591 2454 3646 quae
2508 3576 2670 3630 habet
2703 3592 2768 3630 ex
2821 3577 2984 3630 Patre
3047 3576 3238 3640 habet,
3278 3577 3526 3645 procedit
3554 3590 3688 3642 ergo

2108 3678 2164 3724 et
2221 3683 2288 3723 ex
2355 3668 2533 3722 Patre.
2585 3667 2769 3734 Quare
2827 3682 2936 3721 non
3000 3667 3267 3721 tolluntur
3315 3667 3688 3736 exhoc,quae

2091 3765 2248 3834 prius
2312 3763 2699 3828 credebantur,
2786 3762 2880 3816 sed
2933 3761 3116 3816 adhuc
3196 3760 3371 3829 magis
3420 3759 3689 3814 roboran-

2094 3866 2204 3911 tur.
2249 3855 2391 3926 Ergo
2455 3858 2502 3909 si
2547 3855 2600 3908 iit
2657 3853 2934 3924 principio
2992 3853 3338 3920 scltismatis,
3395 3851 3530 3906 nihil
3582 3868 3688 3906 no-

2091 3967 2218 4005 vum
2267 3953 2348 4005 vel
2390 3963 2706 4021 repugnans
2756 3947 2922 4003 alicui
2967 3963 3161 4003 eorum
3187 3987 3201 4011 ,
3236 3962 3358 4017 quae
3391 3963 3419 4001 a
3451 3955 3559 4001 tota
3587 3945 3689 4000 Ec-

2091 4045 2259 4100 clesia
2289 4044 2673 4108 credebantur,
2694 4043 3066 4110 dogmatizare
3103 4041 3267 4110 coepit
3302 4040 3545 4095 Ecclesia
3573 4038 3685 4092 Ro-

2091 4153 2253 4193 mana
2282 4179 2296 4204 ,
2343 4137 2621 4204 quomodo
2649 4151 2758 4190 non
2785 4135 3013 4190 omnino
3042 4142 3198 4188 extra
3225 4133 3502 4188 rationem
3560 4133 3683 4200 ejus

2092 4231 2170 4285 illi
2195 4232 2506 4286 refutarunt
2537 4231 3014 4292 communionem,
3043 4227 3130 4282 vel
3161 4227 3441 4297 quomodo
3478 4241 3586 4280 non
3614 4240 3685 4280 ex

2092 4325 2273 4394 aliqua
2307 4324 2545 4379 elatione
2572 4332 2626 4377 et
2651 4322 2932 4392 superbia,
2959 4321 3042 4376 vel
3073 4320 3373 4376 ambitione
3408 4327 3462 4374 et
3494 4321 3680 4374 avari-

2094 4420 2188 4480 tia,
2217 4418 2303 4471 vel
2329 4417 2419 4471 tali
2457 4417 2643 4486 aliqua
2678 4416 2934 4485 passione
2965 4413 3068 4482 ipsi
3093 4414 3193 4467 hoc
3216 4413 3361 4481 passi
3393 4422 3521 4466 sunt
3544 4411 3566 4464 ?
3589 4426 3684 4467 ne-

401 4497 604 4560 clesiae,
640 4499 733 4552 sed
771 4506 1035 4569 tanquam
1061 4502 1286 4556 omnino
1329 4501 1610 4559 abscissos
1638 4505 1707 4560 ab
1739 4505 1986 4561 Ecclesia
2021 4482 2064 4536 ί)
2099 4530 2210 4586 que
2253 4514 2412 4569 enim
2483 4482 2641 4576 illud,
2668 4482 2818 4580 quod
2857 4509 3154 4564 multorum
3188 4517 3296 4571 est,
3323 4509 3425 4562 dici
3474 4516 3676 4576 potest,

402 4601 456 4644 et
487 4593 552 4646 ad
578 4591 843 4645 rationem
874 4590 1213 4648 Schismatici
1264 4594 1528 4649 cadentes
1563 4608 1774 4664 putare.
1848 4597 1992 4665 Quid

403 4694 620 4750 autem,
657 4686 701 4740 si
734 4685 1078 4750 ostendatur,
1110 4687 1258 4755 quod
1297 4687 1458 4757 primi
1485 4687 1706 4744 illorum
1759 4689 1983 4746 Graeco-

403 4794 549 4844 rum,
582 4777 675 4848 qui
715 4793 775 4834 se
805 4770 1256 4849 separaverunt’a
1284 4779 1605 4835 Latinorum
1641 4785 1990 4839 communio-

405 4886 494 4936 ne,
530 4886 636 4925 non
667 4873 1021 4932 ratione,‘sed
1055 4873 1293 4939 quadam
1323 4874 1690 4929 irrationabili
1731 4878 1988 4946 passione

405 4964 508 5016 hoc
539 4962 684 5033 passi
717 4963 891 5018 sunt?
918 4980 1096 5019 uonne
1128 4974 1180 5020 et
1214 4966 1288 5019 ita
1334 4969 1672 5035 patefactum
1723 4974 1850 5035 erit,
1887 4974 1987 5029 hos

403 5071 527 5112 esse
559 5056 984 5112 schismaticos?
1014 5069 1069 5113 at
1103 5075 1233 5113 vero
1267 5061 1401 5115 nihil
1439 5062 1508 5116 ita
1559 5074 1811 5134 apertum
1873 5070 1989 5122 lieri

406 5161 606 5217 potest.
649 5150 1014 5208 Considi-rare
1040 5153 1184 5206 enim
1213 5153 1284 5207 ita
1311 5165 1548 5225 oportet,
1583 5159 1648 5210 ad
1669 5159 1985 5215 evitandum

409 5242 814 5297 rationabiliter
844 5246 1035 5299 matris
1073 5244 1451 5302 Ecclesiarum
1517 5253 1991 5318 communionem,

408 5341 516 5389 duo
548 5337 830 5405 oportebrt
869 5342 1182 5392 necessario
1206 5356 1499 5396 occurrere
1541 5362 1553 5396 :
1601 5360 1794 5410 unum,
1860 5355 1991 5400 tunc

410 5430 662 5498 primitus
693 5432 966 5500 incepisse
999 5433 1303 5488 Romanam
1335 5435 1639 5490 Ecclesiam
1693 5440 1898 5509 aliquid
1927 5442 1993 5494 de

410 5523 758 5591 dogmatibus
782 5527 904 5578 tidei
933 5542 1123 5596 sapere
1152 5539 1203 5579 et
1229 5526 1628 5595 dogmatizare,
1667 5530 1812 5600 quod
1839 5535 1993 5601 prius

413 5629 590 5682 neque
624 5617 879 5681 docebat,
917 5635 1091 5688 neque
1119 5621 1407 5675 sentiebat.
1470 5622 1780 5677 Secundum
1817 5638 1899 5680 est
1927 5627 1992 5681 il-

415 5707 528 5771 lud,
557 5707 772 5762 noviter
801 5709 1234 5779 dogmatizatnm
1292 5712 1360 5762 ita
1393 5725 1450 5764 se
1484 5713 1682 5767 habere
1742 5721 1993 5785 opposite

411 5812 464 5852 et
496 5811 859 5874 repugnanter
902 5805 1106 5875 aliquid
1147 5820 1336 5858 eorum
1400 5820 1523 5875 qua:
1574 5808 1656 5863 vel
1700 5811 1749 5864 in
1819 5828 1976 5870 sacra

2096 4610 2246 4678 quod
2275 4606 2543 4679 synodico
2579 4621 2799 4659 canone
2836 4603 3184 4674 prohibente,
3212 4602 3455 4656 adimere
3474 4591 3681 4671 aliquid

2095 4701 2179 4753 vel
2211 4699 2413 4754 addere
2446 4698 2568 4753 ﬁdei
2607 4696 2887 4768 Symbolo,
2920 4695 2999 4749 illi
3035 4696 3104 4749 ab
3137 4709 3270 4750 ausa
3329 4694 3533 4763 aliquid
3585 4695 3684 4751 ad-

2088 4792 2219 4846 dere
2279 4793 2476 4845 merito
2516 4790 2916 4845 discesserunt.

2164 4885 2406 4940 Primum
2433 4883 2578 4939 enim
2602 4883 2787 4937 nullus
2817 4881 2942 4936 talis
2963 4895 3139 4934 canon
3172 4880 3225 4933 in
3285 4878 3556 4960 conciliis.
3598 4879 3684 4933 in-

2093 4979 2332 5033 venitur.
2361 4977 2565 5032 Deinde
2604 4990 2714 5029 non
2749 4986 2876 5030 aute
2928 4974 3196 5039 schisma,
3229 4990 3336 5027 non
3403 4974 3456 5028 in
3516 4972 3680 5041 hujus

2096 5072 2386 5139 principio,
2420 5086 2524 5122 non
2556 5069 2720 5138 paulo
2754 5078 2899 5135 post,
2930 5067 3024 5122 sed
3053 5067 3245 5121 multis
3267 5079 3390 5136 post
3422 5066 3526 5120 hoc
3576 5082 3680 5120 an-

2097 5165 2202 5231 nis,
2240 5163 2481 5218 Ecclesia
2515 5161 2786 5228 Romana,
2818 5178 2941 5216 cum
2975 5177 3070 5231 per
3120 5160 3320 5215 multas
3348 5165 3498 5230 prius
3535 5160 3683 5226 lega-

2095 5259 2268 5313 tiones
2299 5260 2363 5312 de
2421 5259 2608 5312 eodem
2671 5257 2890 5312 Graecos
2941 5258 3325 5311 admonuisset
3368 5266 3423 5310 et
3462 5257 3678 5309 hortata

2092 5352 2288 5406 fuisset
2315 5369 2342 5404 a
2381 5342 2682 5406 deterrimo
2714 5353 3010 5406 schismate
3033 5350 3338 5414 discedere,
3369 5360 3425 5402 ut
3449 5365 3552 5401 non
3583 5349 3680 5401 ba-

2094 5446 2212 5498 buit
2243 5445 2584 5506 obcdientes,
2617 5445 2854 5513 denique
2875 5443 3171 5497 concilium
3204 5456 3371 5510 super
3422 5440 3523 5493 hoc
3570 5439 3677 5493 sibi

2092 5537 2473 5593 obedientibus
2534 5538 2800 5591 celebrari
2868 5534 3097 5600 iaciens,
3154 5534 3261 5588 hoc
3311 5535 3363 5586 iu
3416 5531 3678 5602 Symbolo

2094 5647 2200 5685 non
2241 5630 2519 5684 immerito
2561 5630 2791 5684 addidit.
2823 5627 3093 5695 Quoniam
3132 5625 3178 5680 si
3208 5623 3468 5679 similiter
3521 5633 3674 5679 tanta

2091 5725 2530 5779 Christianorum
2559 5738 2692 5793 gens
2715 5731 2966 5791 negasset
3017 5735 3123 5773 non
3158 5735 3278 5773 esse
3308 5715 3503 5771 Filium
3553 5733 3674 5770 om-

2091 5817 2451 5888 nipotentem,
2476 5819 2555 5871 vel
2587 5817 2977 5880 viviﬁcantem,
3017 5824 3071 5868 et
3101 5811 3284 5867 multa:
3342 5812 3680 5870 adderentur
