4086 6228
446 310 588 378 ιτςοτ

1552 306 1961 371 BARLAAMI
1999 303 2099 367 DF.
2134 300 2570 368 SEMINARIA

3592 293 3738 359 1308

447 427 693 498 quotidie
711 425 844 483 huic
871 424 1106 495 haresi;
1135 432 1285 482 certe
1333 441 1440 481 non
1466 436 1681 483 careret
1702 428 1938 492 ratione,
1993 426 2038 481 si
2078 430 2120 487 Α
2151 425 2383 489 tollitur,
2417 420 2503 479 νυι
2538 434 2731 477 eorum
2755 432 2878 490 qua
2911 415 2973 473 in
2998 411 3297 485 Evangelia
3351 410 3737 469 cotitinentur.

452 525 519 578 de
545 523 649 577 hoc
674 521 796 578 sani
831 518 1133 575 Christiani
1161 521 1228 577 ad
1262 520 1622 577 refellendam
1691 522 1948 579 haeresim
1982 520 2036 577 in
2087 545 2089 547 ί

449 613 717 685 Symbolo
740 612 792 668 id
821 623 1109 683 ponerent.
1137 611 1292 668 Nulla
1321 614 1507 685 itaque
1554 619 1898 686 praecedente
1954 631 2039 671 ra-

450 706 651 761 tionali
676 720 867 771 causa,
903 706 976 762 ob
1003 722 1171 777 quam
1202 707 1370 778 primi
1393 708 1473 764 illi
1499 724 1530 763 a
1557 719 1736 764 matre
1761 709 2042 766 Ecclesia-

450 814 575 853 rum
604 814 664 854 se
700 809 1133 871 segregaverunt
1164 841 1179 867 ,
1218 810 1430 857 certum
1449 811 1553 867 est,
1614 802 1762 873 quod
1796 811 1849 858 et
1884 804 1959 859 illi
1989 815 2045 859 et

448 906 651 948 omnes
688 892 788 962 qui
816 893 943 949 illos
965 894 1141 949 secuti
1184 904 1335 961 sunt,
1357 896 1551 966 procul
1575 897 1743 951 dubio
1776 896 2047 953 schisma-

459 984 549 1041 tici
578 994 730 1041 sunt.
765 985 957 1043 Nullos
980 990 1124 1043 enim
1160 990 1299 1044 alios
1348 991 1687 1060 appellamus
1739 990 2049 1046 Schismati-

458 1095 573 1145 cos,
596 1079 706 1137 nisi
726 1080 850 1137 illos
873 1082 967 1152 qui
1001 1082 1486 1153 principalioribus
1520 1093 1575 1139 et
1605 1084 1961 1152 dignioribus
1986 1086 2045 1139 in

454 1168 703 1228 Ecclesia
732 1172 1238 1244 dogmatizantibus
1263 1176 1517 1246 opposite
1544 1191 1602 1230 se
1638 1176 1927 1243 habentes,
1982 1174 2051 1231 ad

456 1263 673 1336 aliquid
716 1281 908 1321 eorum
944 1284 1067 1337 quae
1091 1268 1175 1323 vel
1202 1270 1253 1323 in
1315 1286 1471 1326 sacra
1530 1268 1816 1340 Scriptura
1864 1277 2055 1338 aperte

457 1354 748 1422 dicuntur,
788 1358 873 1413 vel
903 1359 956 1412 in
999 1360 1349 1429 generalibus
1381 1361 1633 1416 conciliis
1668 1375 1930 1429 expresse
1961 1361 2058 1414 de-

462 1449 759 1506 terminata
786 1462 935 1516 sunt,
959 1452 1041 1508 vel
1078 1469 1107 1508 a
1138 1464 1248 1509 tota
1279 1455 1521 1511 Ecclesia
1546 1456 1915 1510 communiter
1938 1471 2060 1511 cre-

464 1542 697 1609 duntur,
731 1560 759 1597 a
822 1545 1001 1600 debita
1048 1547 1157 1600 illis
1202 1550 1481 1604 credentia
1530 1560 1582 1604 et
1638 1550 2056 1614 communione,

470 1646 695 1706 propter
716 1640 1012 1707 quamdam
1049 1640 1210 1695 aliam
1245 1643 1557 1712 passionem
1591 1644 1909 1711 discedunt,
1943 1645 2062 1700 sive

2143 519 2227 575 vel
2263 522 2452 574 eorum
2489 533 2612 588 qure
2639 516 2695 570 in
2724 519 2837 569 toto
2866 511 3119 585 symbolo
3174 509 3459 569 dicuntur,
3495 504 3578 557 vel
3637 517 3739 557 eo-

2144 629 2289 679 rum,
2323 627 2443 682 quae
2476 625 2571 680 per
2606 608 2825 678 aliquod
2854 588 3060 674 septem
3085 602 3451 659 conciliorum
3481 613 3739 667 expresse

2144 708 2509 766 determinata
2537 715 2687 761 sunt.
2728 702 2908 770 Quare
2934 707 2989 754 et
3026 696 3305 770 quomodo
3332 694 3569 764 idipsum
3628 708 3737 747 non

2147 800 2572 857 concluderetur
2611 812 2706 866 per
2741 795 2926 863 aliqua
2985 806 3157 847 sacra:
3211 787 3512 857 Scriptura:
3567 785 3736 847 dicta,

2149 910 2328 965 neque
2370 909 2465 963 per
2494 902 2714 947 sanctos
2734 888 2949 958 aliquos
2975 885 3285 941 traderetur
3319 900 3332 937 :
3363 879 3739 949 sedquoniam

2151 1004 2345 1045 eorum
2380 1002 2501 1056 quas
2542 986 2595 1040 in
2628 981 2929 1051 Evangelio
2957 980 3040 1033 vel
3068 981 3123 1032 in
3159 974 3413 1031 conciliis
3438 982 3591 1032 sunt.
3629 986 3737 1025 non

2152 1080 2387 1137 destruit
2412 1076 2709 1149 quidquam
2741 1074 2846 1128 hoc
2864 1072 3059 1143 dOgma
3102 1085 3116 1123 :
3182 1078 3332 1124 certe
3361 1062 3611 1119 Romana
3638 1062 3744 1115 Ec-

2155 1174 2324 1233 clesia
2362 1174 2466 1228 hoc
2495 1170 2714 1236 dicens,
2736 1182 2914 1237 neque
2941 1168 2995 1221 in
3024 1160 3403 1235 Evangelium,
3461 1173 3637 1228 neque
3687 1157 3753 1211 in

2157 1267 2392 1324 concilia
2424 1273 2638 1336 peccat.
2672 1261 2771 1318 His
2805 1277 2937 1331 ergo
2983 1259 3076 1330 qui
3104 1273 3132 1311 a
3163 1253 3556 1311 communione
3623 1249 3745 1319 ejus

2161 1359 2353 1416 matris
2382 1356 2697 1414 exsistentis
2727 1354 3039 1414 discedunt,
3072 1348 3219 1403 nulla
3272 1346 3360 1401 vel
3398 1361 3461 1397 ex
3494 1342 3748 1407 Evangeo

2159 1451 2260 1516 lio,
2289 1450 2369 1505 vel
2404 1464 2471 1503 ex
2495 1445 2745 1503 conciliis
2780 1441 3063 1499 excusatio
3086 1438 3250 1508 hujus
3274 1435 3601 1506 acquiritur.
3640 1429 3751 1486 Ne-

2164 1558 2270 1609 que
2291 1555 2422 1611 ergo
2453 1537 2672 1592 aliunde
2714 1535 3072 1605 proveniente
3100 1532 3182 1586 eis
3228 1530 3335 1583 alia
3388 1527 3750 1582 excusatione

2165 1633 2540 1692 necessarium
2604 1640 2709 1695 est,
2770 1624 3158 1684 schismaticos
3210 1624 3361 1691 ipsos
3394 1634 3541 1679 esse,
3602 1628 3657 1671 et
3724 1632 3750 1669 a

473 1731 763 1787 multisive
797 1735 956 1803 pauci
990 1735 1138 1800 sint;
1167 1736 1305 1790 nihil
1348 1736 1493 1791 enim
1520 1737 2053 1807 interest.quoniam
2088 1751 2135 1812 Β
2164 1729 2431 1788 catholica
2461 1726 2728 1783 cecidisse
2763 1722 3030 1778 Ecclesia.
3069 1718 3176 1774 Sed
3232 1726 3293 1771 ut
3344 1714 3751 1786 apertissimum

474 1840 583 1879 non
611 1826 961 1881 multitudine
986 1838 1040 1883 et
1064 1830 1363 1898 paucitate,
1400 1830 1493 1885 sed
1524 1832 1786 1901 praedicta
1849 1832 2064 1889 ratione

472 1919 1164 1988 schismaticus'notatur,
1192 1924 1455 1993 quoniam
1529 1934 1582 1979 et
1613 1925 1667 1980 hi
1722 1927 2067 1996 complentes

472 2010 619 2080 iure,
660 2021 713 2068 et
748 2013 851 2069 hoc
876 2014 1099 2069 nomine
1134 2015 1285 2086 digni
1325 2016 1497 2071 habiti
1537 2027 1721 2073 erunt.
1757 2019 1865 2072 Aut
1901 2019 2070 2091 igitur

478 2106 792 2184 ostendant,
829 2108 961 2178 quid
998 2107 1213 2165 Latinis
1275 2110 1593 2166 dicentibus
1659 2112 1940 2179 contingit
2002 2127 2069 2169 ex

481 2212 736 2254 sermone
779 2199 1044 2269 ipsorum,
1116 2204 1437 2260 necessario
1489 2203 1758 2275 Spiritum
1811 2215 2068 2261 sanctum

482 2305 588 2345 non
623 2295 919 2362 procedere
951 2310 1017 2351 ex
1050 2295 1237 2362 Patre,
1264 2306 1322 2353 ut
1356 2299 1427 2353 ita
1456 2298 1705 2364 tollatur,
1745 2308 1801 2355 et
1827 2300 1976 2369 quod
2009 2301 2065 2355 in

484 2386 767 2458 Symbolo,
791 2398 843 2444 et
875 2390 1022 2460 quod
1058 2390 1114 2445 in
1162 2391 1460 2463 Evangelia
1486 2392 1719 2458 dicitur,
1778 2402 1834 2448 et
1868 2410 1898 2449 a
1958 2402 2074 2449 tota

486 2479 732 2537 Ecclesia
795 2484 1079 2550 creditur;
1147 2497 1241 2539 aut
1272 2485 1319 2540 si
1390 2486 1497 2542 hoc
1552 2486 1898 2557 impossibile
1966 2499 2073 2557 eSt,

487 2574 665 2631 sciant
694 2592 755 2633 se
789 2586 945 2635 extra
978 2578 1312 2635 catholicam
1331 2579 1636 2637 Ecclesiam
1662 2596 1808 2646 esse,
1834 2590 1890 2636 et
1919 2581 2076 2637 nullo

488 2684 519 2724 a
545 2669 916 2727 schismaticis
943 2670 1184 2726 diﬂ'erre.

558 2762 828 2830 Quoniam
862 2779 990 2820 vero
1042 2765 1146 2835 ipsi
1175 2766 1419 2838 undique
1448 2768 1743 2839 coarctati,
1791 2776 2081 2839 postremo

492 2863 560 2919 ad
590 2864 947 2935 Evangelium
970 2874 1025 2921 et
1046 2864 1115 2921 ad
1158 2876 1368 2933 septem
1406 2850 1682 2937 generalia
1709 2866 1946 2928 concilia
2001 2881 2082 2921 re-

490 2957 790 3027 fugientes,
822 2968 1022 3029 putant
1055 2976 1120 3015 ex
1156 2960 1264 3016 illis
1306 2961 1725 3017 excusationem
1759 2961 2085 3017 schismatis

491 3050 594 3105 sibi
624 3052 911 3106 invenire:
964 3052 1258 3109 dicendum
1313 3061 1399 3109 est
1440 3054 1508 3109 ad
1553 3069 1689 3110 eos:
1740 3052 1796 3108 Si
1832 3053 2085 3123 quidem,

2166 1826 2220 1881 id
2257 1826 2371 1890 fiat,
2406 1820 2671 1893 ponenda:
2696 1825 2825 1873 sunt
2853 1816 3008 1886 juxta
3044 1828 3103 1869 se
3131 1810 3515 1881 cogitationes,
3539 1818 3593 1861 et
3644 1821 3757 1859 sero

2172 1933 2259 1974 mo
2282 1920 2355 1973 ita
2380 1917 2449 1973 sit
2475 1912 2891 1972 concludendus
2922 1927 2938 1966 :

2244 2007 2486 2063 Peccans
2521 2015 2610 2062 est
2641 2005 2788 2060 circa
2824 2002 3041 2075 pietatis
3077 2002 3357 2072 dogmata,
3397 2011 3563 2067 quem
3588 2004 3643 2048 et
3666 2008 3762 2063 pa-

2171 2102 2625 2175 radogmatistam
2651 2108 2705 2154 et
2735 2097 3055 2153 haereticum
3096 2109 3394 2159 vocamus;
3452 2090 3547 2161 qui
3618 2087 3760 2157 sapit

2175 2210 2231 2256 et
2285 2201 2447 2254 docet
2502 2194 2711 2267 aliquid
2738 2193 2813 2249 ita
2838 2190 3088 2262 opposite
3124 2206 3183 2246 se
3216 2188 3421 2244 habens
3459 2185 3525 2241 ad
3557 2182 3765 2255 aliquid

2175 2309 2364 2352 eorum
2428 2305 2552 2360 quas
2607 2288 2691 2345 vel
2749 2289 2804 2341 in
2858 2300 3016 2342 sacra
3085 2283 3370 2354 Scriptura
3424 2288 3613 2351 aperte
3681 2276 3766 2332 di-

2177 2398 2399 2451 cuntur,
2435 2383 2519 2440 vel
2583 2398 2679 2453 per
2719 2380 2944 2452 aliquod
3002 2377 3340 2451 generalium
3400 2373 3763 2430 conciliorum

2181 2475 2820 2550 expressedeterminata
2854 2484 3005 2537 sunt,
3063 2480 3270 2527 utcum
3321 2469 3427 2523 hoc
3481 2467 3576 2532 sit,
3633 2463 3770 2519 illud

2181 2572 2428 2638 tollatur,
2456 2580 2511 2626 et
2570 2570 2700 2625 illud
2737 2584 2861 2624 cum
2886 2568 2981 2634 sit,
3009 2567 3111 2621 hoc
3139 2579 3249 2619 non
3283 2563 3461 2634 possit
3488 2576 3635 2617 esse.
3703 2562 3774 2614 At

2182 2682 2313 2723 vero
2352 2664 2600 2723 Ecclesia
2652 2663 2904 2718 Romana
2940 2659 3078 2715 nihil
3112 2656 3426 2729 huiusmodi
3486 2653 3629 2725 sapit
3684 2651 3771 2707 vel

2184 2759 2366 2815 docet.
2406 2756 2526 2812 Non
2557 2772 2689 2827 ergo
2748 2755 2896 2810 circa
2948 2749 3173 2822 pietatis
3231 2749 3487 2818 dogmata
3558 2752 3769 2814 peccat.

2186 2854 2369 2922 Quare
2393 2867 2565 2923 neque
2590 2847 3087 2920 paradogmatizat,
3123 2858 3305 2915 neque
3362 2841 3605 2911 aliquam
3661 2838 3772 2893 ha:-

2188 2951 2358 3005 resim
2392 2945 2646 3009 incurrit,
2678 2949 2732 2998 et
2797 2940 3184 3010 dignissimum
3244 2944 3301 2991 et
3354 2930 3778 2989 dominantissi-

2193 3056 2343 3098 mum
2382 3048 2437 3095 et
2464 3033 2988 3109 principalissimum
3012 3040 3068 3087 et
3129 3045 3405 3089 summum
3432 3036 3488 3084 et
3536 3025 3777 3096 primum

493 3160 527 3197 o
547 3145 732 3218 amici,
753 3155 928 3201 matre
946 3144 1318 3202 Ecelesiarum
1343 3157 1605 3218 peccante
1622 3148 1707 3203 vel
1727 3148 1782 3202 in
1837 3117 2087 3218 Evange;

2191 3136 2370 3192 locum
2406 3133 2457 3187 in
2498 3128 2872 3187 totaEcclcsia
2923 3127 3199 3191 habente,
3267 3136 3417 3178 nunc
3468 3117 3781 3176 Orientales

494 3238 656 3302 lium,
673 3238 755 3292 vel
773 3238 825 3292 in
848 3239 1097 3307 concilia,
1113 3240 1216 3310 ipsi
1239 3241 1306 3297 ab
1328 3258 1389 3296 ea
1410 3241 1684 3308 receditis,
1709 3251 1857 3298 recte
1876 3240 2088 3297 facitis:

500 3336 544 3387 si
569 3350 699 3389 vero
726 3334 816 3389 illa
845 3334 977 3389 nihil
1006 3344 1290 3405 peccante,
1318 3334 1400 3390 vel
1420 3336 1473 3389 in
1517 3332 1898 3405 Evangelium,
1931 3334 2014 3391 vel
2036 3334 2091 3389 in

497 3426 731 3482 concilia
753 3465 770 3491 ,
798 3427 900 3498 ipsi
945 3427 1307 3485 nihilominus
1328 3428 1450 3498 ejus
1468 3429 1737 3485 recusatis
1754 3429 2097 3484 communio-

505 3537 652 3583 nem.
685 3522 895 3575 nullum
940 3532 1089 3577 certe
1119 3522 1279 3578 vobis
1305 3523 1391 3577 vel
1427 3538 1491 3577 ex
1548 3522 1847 3591 Evangelio
1910 3522 1992 3576 vel
2028 3537 2098 3577 ex

497 3617 755 3673 conciliis
784 3616 1109 3688 suffragium
1152 3619 1373 3688 penitus
1399 3625 1505 3672 est.
1561 3616 1704 3688 Ergo
1765 3618 2097 3688 perquireno

503 3714 635 3767 dum
660 3721 746 3768 est
780 3710 1091 3781 diligenter,
1131 3710 1266 3780 quid
1295 3721 1379 3765 est
1411 3710 1464 3765 in
1500 3707 1884 3782 Evangelium,
1922 3708 2006 3763 vel
2036 3707 2095 3763 in

499 3805 739 3864 concilia
761 3820 995 3877 peccare
1021 3805 1045 3859 ’ἰ
1072 3802 1220 3875 quod
1254 3803 1299 3860 si
1328 3803 1617 3874 putabitis,
1643 3816 1872 3872 peccare
1899 3800 1955 3855 in
1984 3801 2100 3857 ιηεο

504 3916 648 3965 esse,
682 3899 1010 3975 simpliciter
1033 3900 1221 3954 dicere
1252 3896 1464 3968 aliquid
1494 3904 1552 3952 et
1619 3894 1997 3967 dogmatizare
2031 3894 2099 3949 de

510 3992 646 4057 Deo,
679 3992 822 4062 quod
862 4002 1157 4060 utrumque
1187 4005 1296 4045 non
1358 3988 1638 4045 invenitur
1695 3989 1779 4043 vel
1808 3988 1863 4044 in
1916 3988 2101 4043 Evan-

504 4085 674 4157 gelio,
703 4086 789 4141 vel
822 4085 878 4140 in
912 4083 1184 4151 conciliis,
1213 4083 1331 4141 sive
1350 4082 1691 4139 contrarium
1715 4081 1986 4138 estalicui
2010 4096 2105 4135 eo-

516 4194 636 4233 rum
663 4194 785 4251 qua:
812 4178 886 4233 ibi
921 4177 1214 4233 manifeste
1235 4176 1513 4243 feruntur,
1545 4175 1662 4231 sive
1699 4175 1967 4241 non;hoc
1988 4188 2105 4229 mo-

514 4274 586 4328 tio
612 4274 776 4329 etiam
814 4288 1009 4349 omnes
1035 4272 1128 4344 qui
1161 4272 1227 4326 de
1257 4270 1367 4327 Deo
1393 4270 1647 4327 scribunt
1674 4268 1852 4325 sancti
1904 4267 1961 4322 in
2012 4282 2103 4321 ea-

508 4366 640 4421 dem
687 4373 939 4436 peccant.
971 4364 1090 4419 Non
1123 4363 1303 4419 solum
1345 4363 1491 4419 enim
1553 4359 2009 4425 innumerabilia]
2038 4359 2106 4414 de

517 4457 633 4513 Deo
662 4456 851 4511 dicunt
883 4464 939 4511 et
974 4454 1351 4526 dogmatizant
1372 4493 1388 4516 .
1412 4468 1537 4525 qua:
1562 4453 1732 4509 verbo
1770 4453 1825 4506 in
1860 4451 2107 4521 Evange-

2198 3228 2435 3284 sninoris
2462 3236 2517 3282 et
2540 3222 2853 3280 humilioris
2888 3220 3216 3276 exsistentes
3247 3217 3303 3271 in
3357 3224 3469 3271 tota
3530 3212 3781 3270 Ecclesia

2212 3333 2266 3381 et
2295 3320 2583 3395 dignitatis
2616 3326 2669 3374 et
2705 3317 2908 3388 gradus
2937 3324 2992 3370 et
3018 3314 3257 3380 ordinis,
3294 3327 3323 3365 a
3358 3307 3641 3366 debitoilli
3680 3306 3787 3362 bo-

2201 3433 2337 3473 nore
2372 3424 2428 3472 et
2452 3411 2784 3477 obedientia,
2812 3417 2868 3465 et
2893 3408 3289 3463 communione
3336 3400 3651 3459 discedunt.
3716 3399 3787 3453 At

2203 3527 2338 3567 vero
2368 3522 2565 3565 omnes
2604 3507 2922 3577 quicunque
2950 3502 3005 3555 in
3034 3498 3279 3555 Ecclesia
3336 3495 3569 3551 minoris
3600 3503 3655 3548 et
3682 3493 3786 3547 hu-

2212 3600 2451 3660 milioris
2472 3598 2803 3657 exsistentes
2832 3593 3139 3666 dignitatis,
3156 3590 3356 3663 gradus
3379 3598 3430 3643 et
3452 3587 3687 3648 ordinis,
3708 3583 3791 3639 di-

2205 3688 3067 3768 gnioribus,dominantiorihus,
3100 3681 3610 3756 principalioribus,
3644 3679 3793 3747 prio-

2204 3791 2379 3856 ribus,
2411 3786 2794 3858 superioribus
2849 3784 2904 3837 in
2970 3780 3237 3843 Ecclesia,
3278 3776 3417 3831 nihil
3464 3777 3517 3831 in
3569 3773 3791 3845 pictatis

2204 3884 2557 3957 dogmatibus
2582 3879 2962 3953 peccantibus,
3020 3874 3233 3929 nullam
3308 3871 3563 3927 haeresim
3606 3869 3791 3924 incur-

2204 3980 2472 4045 rentibus,
2514 3992 2543 4031 a
2575 3975 2760 4032 debita
2798 3972 2910 4028 illis
2970 3966 3301 4030 reverentia,
3344 3963 3691 4027 obedientia,
3742 3969 3796 4015 et

2206 4070 2595 4130 communione
2615 4061 2909 4122 discedunt
2940 4104 2956 4128 ,
3006 4059 3395 4134 proculdubio
3454 4053 3796 4137 schismatici

2208 4158 2663 4230 sunt.Contingit
2712 4171 2843 4227 ergo
2871 4156 2971 4210 bos
3023 4151 3344 4209 necessario
3405 4147 3799 4204 schismaticos

2209 4270 2522 4323 nuncesse,
2545 4252 2692 4326 quod
2718 4258 2824 4315 est,
2881 4254 3168 4318 separatos
3232 4257 3354 4300 esse
3415 4256 3446 4295 a
3522 4240 3800 4296 catholica

2211 4350 2480 4409 Ecclesia.

2290 4445 2399 4501 Sed
2442 4443 2683 4498 fortasse
2736 4439 2871 4496 dicit
2897 4436 3103 4508 aliquis
3146 4432 3466 4504 ambigens:
3500 4429 3563 4485 Si
3606 4426 3805 4485 amisit

516 4551 621 4613 lio,
662 4549 746 4603 vel
785 4549 840 4603 in
869 4548 1123 4604 conciliis
1147 4546 1671 4603 noninveniuntur:
1699 4560 1889 4600 verum
1938 4544 2106 4599 etiam
2144 4530 2188 4587 ο
2217 4553 2375 4596 suam
2411 4536 2782 4606 integritatem
2816 4539 2871 4588 et
2900 4529 3291 4601 perfectionem
3325 4524 3595 4585 Ecclesia.
3620 4522 3800 4579 ethoc

518 4646 697 4700 multa
727 4642 937 4705 dicunt,
969 4640 1093 4711 quae
1123 4655 1302 4712 neque
1331 4656 1425 4711 per
1457 4654 1684 4696 sensum
1741 4651 1934 4694 eorum
1985 4650 2110 4706 quae

522 4739 603 4794 ibi
642 4748 792 4802 sunt,
827 4736 1081 4792 concludi
1116 4735 1320 4790 valent.
1348 4733 1469 4790 Non
1488 4747 1624 4805 ergo
1664 4745 1896 4804 peccare
1918 4740 2009 4786 est
2054 4729 2111 4785 in

523 4837 623 4889 illa
648 4833 971 4903 simpliciter
1007 4829 1215 4893 dicere,
1241 4845 1364 4901 quae
1385 4829 1458 4885 ibi
1490 4827 1953 4898 qualitercunque
2006 4838 2116 4879 non

531 4929 919 4989 inveniuntur,
951 4924 1043 4981 sed
1075 4923 1387 4978 addendum
1412 4930 1520 4988 est,
1552 4920 1600 4976 si
1663 4918 1777 4975 sint
1846 4926 1902 4973 et
1954 4932 2122 4987 repu-

527 5019 757 5090 gnantia
792 5019 918 5075 illis.
945 5016 1129 5083 Quare
1199 5029 1431 5085 peccare
1497 5015 1551 5067 in
1611 5010 1703 5067 illa
1762 5018 1872 5075 est,
1933 5007 2121 5065 dicere

532 5112 741 5183 aliquit
769 5111 1017 5181 opposite
1033 5125 1094 5165 se
1127 5110 1335 5163 habens
1368 5106 1533 5161 alicui
1561 5120 1752 5160 eorum
1775 5118 1899 5173 qua:
1955 5101 2024 5156 ab
2052 5100 2121 5156 il-

534 5209 606 5264 iis
635 5208 916 5280 dicuntur,
939 5213 997 5258 ut
1017 5204 1246 5258 alterum
1275 5217 1373 5273 per
1399 5201 1638 5255 alterum
1677 5194 1990 5252 necessario
2016 5194 2125 5250 tol-

536 5310 709 5363 latur.
747 5300 813 5357 Et
848 5302 952 5355 hoc
971 5298 1150 5354 solum
1184 5306 1287 5362 est,
1316 5298 1460 5367 quod
1492 5292 2000 5364 paradogmatizare
2026 5304 2127 5359 ap-

538 5401 832 5473 pellamus.
864 5395 941 5451 ita
974 5394 1121 5448 enim
1146 5390 1496 5448 solummodo
1517 5402 1746 5459 peccare
1809 5386 1865 5441 in
1896 5384 2129 5455 dogma-

538 5508 619 5560 ta,
664 5495 717 5549 in
783 5486 1295 5563 paradogmatizare
1336 5485 1585 5549 definito,
1633 5495 1828 5539 omnes
1885 5480 1981 5551 qui
2024 5495 2132 5535 un-

544 5602 710 5657 quam
730 5584 934 5656 aliquid
958 5583 1029 5639 de
1050 5581 1162 5640 Deo
1194 5582 1477 5647 dixerunt,
1538 5574 1904 5647 inculpabiles
1948 5572 2136 5629 diruit-

549 5696 752 5749 scmus.

626 5778 693 5827 At
721 5786 851 5827 vero
874 5772 1121 5827 Romana
1160 5767 1427 5831 Ecclesia,
1462 5775 1517 5821 et
1532 5781 1597 5821 ex
1622 5762 1766 5819 Filio
1836 5762 2136 5834 procedere

559 5856 823 5933 Spiritum
852 5877 1102 5921 sanctum
1158 5862 1393 5929 dicente,
1426 5857 1559 5914 nihil
1619 5858 1837 5927 penitus
1883 5871 1979 5925 per
2033 5859 2137 5911 hoc

2224 4650 2335 4692 non
2363 4649 2428 4689 ex
2456 4630 2684 4703 minima
2741 4635 2917 4699 parte,
2945 4623 3218 4695 siquidem
3237 4621 3482 4691 quinque
3514 4619 3636 4686 ejus
3658 4615 3808 4686 prin-

2223 4725 2548 4797 cipaliorum
2586 4720 2851 4793 partium,
2895 4734 2926 4773 a
2970 4716 3175 4788 quibus
3230 4723 3491 4782 tanquam
3552 4708 3809 4765 sensibus

2222 4818 2577 4895 quibusdam,
2602 4813 2923 4869 universum
2952 4810 3071 4881 ejus
3089 4820 3293 4877 corpus
3313 4803 3649 4873 completum
3666 4810 3810 4869 erat,

2223 4924 2460 4985 quatuor
2497 4910 2662 4981 lapsa:
2692 4914 2839 4970 sunt,
2877 4904 3057 4975 prima
3095 4914 3225 4957 vero
3251 4909 3467 4954 tantum
3496 4895 3763 4951 remansit
3792 4910 3809 4948 :

2225 5005 2505 5077 quomodo
2539 5001 2607 5057 de
2642 5009 2842 5055 caetero
2875 5012 2985 5051 non
3021 4993 3297 5050 exsistens
3326 4990 3568 5061 integra,
3620 4991 3816 5043 catho-

2228 5099 2333 5155 lica
2368 5105 2477 5163 est,
2514 5093 2602 5149 vel
2635 5091 2799 5160 cujus
2827 5088 3065 5161 amplius
3092 5084 3345 5156 corporis
3398 5080 3646 5136 Ecclesia
3704 5078 3815 5134 Ro-

2230 5206 2391 5247 mana
2416 5194 2585 5259 caput
2612 5195 2717 5251 est,
2754 5199 2821 5240 es
2853 5196 2966 5254 quo
2991 5180 3127 5235 illud
3180 5177 3326 5249 quod
3374 5175 3535 5231 initio
3593 5174 3812 5228 unitum

2230 5295 2350 5341 erat
2384 5283 2457 5346 ei,
2499 5276 2755 5335 discessit
2775 5275 2845 5331 ab
2868 5289 2956 5342 ea,
2995 5272 3078 5328 vel
3105 5266 3385 5343 quomodo
3412 5264 3657 5321 totaliter
3699 5264 3820 5316 viva

2232 5393 2355 5436 esse
2378 5372 2598 5447 potest?

2306 5472 2389 5530 Ad
2443 5474 2559 5529 haec
2598 5468 2840 5542 primum
2891 5464 3114 5536 quidem
3170 5467 3389 5531 Oportet
3434 5454 3821 5519 considerare,

2236 5568 2383 5642 quod
2413 5568 2459 5623 si
2480 5564 2620 5637 quis
2650 5563 2842 5618 eadem
2879 5560 3000 5630 ipsa
3020 5557 3282 5624 obiiceret
3307 5552 3374 5607 ad
3399 5551 3551 5622 ipsos
3577 5548 3825 5612 Crassos,

2239 5640 2334 5735 qui
2363 5659 2555 5715 dicunt
2583 5672 2643 5713 se
2675 5656 2828 5712 solos
2860 5652 2915 5708 in
2964 5650 3070 5706 ﬁde
3106 5650 3311 5711 vivere,
3356 5653 3411 5701 et
3458 5659 3524 5699 ex
3576 5657 3639 5697 se
3690 5640 3828 5696 solis

2242 5755 2572 5827 completam
2598 5765 2721 5807 esse
2752 5746 3085 5802 catholicam
3132 5740 3462 5805 Ecclesiam,
3492 5737 3675 5806 capite
3705 5749 3829 5804 per-

2244 5851 2382 5918 dito,
2414 5865 2534 5919 qua:
2563 5846 2753 5915 utique
2780 5841 2885 5913 ipsi
2918 5840 2984 5896 ad
3018 5837 3272 5895 similiter
3329 5836 3396 5890 ad
3454 5848 3548 5888 eos
3600 5827 3829 5901 objecta
