4122 6240
427 267 566 334 1309

425 405 862 472 respondissent,
893 408 1012 468 hac
1068 414 1230 471 nobis
1263 418 1439 474 multo

422 495 538 551 haec
565 497 748 556 dicere
771 506 1080 563 conveniet.

493 588 697 686 Deinde
717 595 988 666 siquidem
1014 603 1271 661 animalis
1327 609 1640 681 exemplum
1695 616 1857 686 sequi
1896 631 2001 672 vo-

419 679 710 748 luerimus.
740 703 848 743 non
880 693 1067 762 utique
1102 710 1295 753 verum
1352 710 1459 764 est,
1492 679 1746 776 propter
1799 708 1994 763 horum

421 778 664 837 schisma
698 784 1016 841 universum
1050 789 1311 848 Ecclesiae
1334 810 1538 866 corpus
1559 813 1589 851 a
1608 801 1784 870 capite
1815 800 1998 857 dicere

421 869 764 931 discessisse.
786 876 964 948 Caput
989 882 1134 937 enim
1198 883 1458 942 Ecclesiae
1521 901 1629 956 est,
1678 869 1796 948 non
1849 903 1997 952 totus

421 961 688 1023 Occidens
716 982 772 1024 et
795 969 1143 1042 Septentrio;
1178 978 1270 1032 sed
1301 980 1478 1036 solius
1541 983 1694 1039 urbis
1736 983 1998 1041 Romana:

424 1054 662 1113 Ecclesia
682 1060 824 1116 hanc
859 1065 1021 1120 habet
1049 1068 1394 1137 dignitatem.
1425 1073 1529 1128 'i‘ot
1562 1090 1691 1130 vero
1723 1084 1778 1131 et
1834 1089 1997 1134 tanta:

421 1149 541 1205 aliae
574 1151 836 1211 Ecclesiae
864 1155 1242 1218 Occidentales
1293 1175 1346 1220 et
1401 1165 1898 1237 Septentrionales,
1946 1181 1999 1227 et

421 1244 526 1300 alia
549 1261 748 1316 genera
771 1264 1033 1318 purorum
1063 1253 1505 1312 Christianorum
1544 1270 1706 1316 terra:
1752 1262 1921 1318 ﬁrma:
1946 1275 1999 1319 et

419 1336 726 1392 insularum
782 1356 906 1395 eum
956 1357 1019 1397 ea
1070 1360 1478 1412 remanserunt.
1535 1362 1594 1407 ut
1664 1355 1716 1407 hi
1774 1357 1996 1422 quidem

420 1443 612 1486 omnes
646 1436 1074 1503 correspondere
1096 1440 1318 1495 valeant
1344 1443 1564 1513 reliquo
1600 1447 1856 1502 animalis
1875 1463 2000 1502 cor-

428 1526 568 1594 pori.
592 1535 645 1583 et
665 1531 930 1586 continuo
971 1535 1137 1604 capiti
1162 1537 1340 1592 unito.
1393 1538 1460 1594 lii
1484 1555 1615 1596 vero
1671 1543 2001 1612 patriarchae

423 1621 519 1690 qui
542 1637 662 1677 eam
691 1626 1032 1694 reliquerunt
1056 1669 1071 1693 ,
1101 1645 1362 1686 manuum
1399 1636 1480 1688 vel
1518 1636 1714 1706 pedum
1773 1653 2002 1709 propor-

424 1714 625 1768 tionem
659 1713 931 1773 habeant:
961 1731 1080 1788 quae
1103 1723 1320 1778 abscisa
1353 1740 1383 1779 a
1414 1739 1674 1795 corpore,
1735 1728 1851 1798 ipsa
1878 1731 2000 1800 qui-

423 1807 545 1864 dem
577 1807 648 1864 de
673 1811 1000 1869 necessitate
1049 1822 1265 1869 mortua
1291 1828 1446 1880 sunt,
1480 1794 1699 1889 corpori
1730 1837 1860 1876 vero
1891 1837 1998 1877 non
2033 1794 2074 1852 Β

423 1915 640 1971 semper
673 1903 954 1960 interitum
984 1906 1186 1964 ferunt.
1215 1909 1371 1976 item,
1411 1927 1588 1983 neque
1618 1915 1763 1969 sicut
1801 1917 1854 1971 in
1877 1917 1999 1970 ani-

425 1996 679 2062 malibus,
708 1997 830 2052 loco
860 2010 1251 2072 corruptorum
1286 2006 1686 2075 membrorum,
1713 2011 1999 2080 caputalia

421 2093 657 2146 condere
695 2093 925 2163 nequit,
957 2095 1031 2151 ita
1069 2112 1292 2167 quoque
1328 2101 1382 2156 in
1421 2104 1663 2159 Ecclesia
1695 2114 1782 2162 est
1820 2126 1836 2162 :
1903 2109 2000 2164 sed

422 2186 1348 2261 sempercapitt,locolabentium,
1411 2196 1541 2252 licet
1573 2199 1678 2252 alia
1740 2201 1999 2269 condere,

423 2288 483 2332 ut
506 2295 723 2352 semper
749 2278 926 2352 ipsum
953 2281 1025 2340 sit
1048 2273 1174 2339 eum
1231 2285 1448 2356 integro
1471 2303 1724 2360 corpore.
1780 2290 2002 2350 Scimus

421 2370 590 2436 enim,
625 2375 772 2442 quod
797 2388 936 2444 papa
972 2376 1194 2445 quidem
1214 2386 1398 2445 potest
1414 2393 1604 2435 creare
1633 2382 1997 2451 patriarchas.

423 2461 748 2530 patriarchae
776 2479 904 2519 vero
924 2480 1115 2534 papam
1149 2482 1342 2523 creare
1365 2485 1472 2525 non
1499 2482 1753 2540 possunt.
1786 2473 1854 2528 Et
1879 2475 2000 2530 ideo

425 2555 478 2610 hi
539 2557 759 2625 quidem
811 2573 1097 2628 nunquam
1157 2561 1263 2616 hoc
1307 2570 1707 2622 tentavcrunt:
1764 2568 2001 2626 Romani

421 2665 550 2705 vero
581 2651 868 2721 pontiﬁces
894 2661 1020 2708 ante
1042 2653 1282 2710 schisma
1312 2655 1567 2714 videntur
1582 2671 1634 2713 et
1663 2660 2001 2731 deponentes

418 2753 472 2799 ct
493 2758 874 2813 promoventes
904 2747 1274 2805 Patriarchas.

492 2836 634 2908 Ergo
662 2841 920 2908 quoniam
946 2840 1080 2895 nihil
1110 2842 1361 2912 opposite
1388 2858 1448 2899 se
1475 2845 1687 2903 habens
1740 2848 1991 2918 Evange-

420 2929 515 2994 lio,
546 2930 630 2984 vel
662 2931 909 2988 conciliis
935 2934 1079 3005 sapit
1118 2934 1201 2990 vel
1260 2935 1441 3000 docet,
1499 2945 1664 3008 prout
1714 2947 1998 2998 ostensum

417 3033 526 3087 est,
557 3039 666 3078 non
689 3024 875 3079 amisit
900 3025 1089 3097 utique
1121 3028 1344 3083 creandi
1368 3029 1712 3100 patriarchas
1761 3040 2004 3101 potesta-

419 3123 526 3167 tem
553 3122 608 3169 et
629 3115 909 3170 virtutem.

491 3205 632 3277 Ergo
664 3224 789 3262 cum
817 3208 872 3264 bi
909 3209 1237 3279 patriarcha
1264 3211 1471 3282 absque
1497 3213 1605 3268 ulla
1639 3215 1854 3270 ratione
1879 3216 2000 3273 dis-

417 3299 719 3356 cessissent
749 3301 817 3356 ab
840 3303 954 3367 illo,
985 3313 1038 3359 et
1073 3304 1126 3359 in
1160 3320 1353 3359 eorum
1379 3305 1718 3364 dioecesibus
1779 3309 1999 3364 habita-

419 3401 542 3447 rent
574 3393 732 3447 multi
753 3393 1052 3450 Christiani
1087 3396 1223 3451 uniti
1259 3397 1359 3462 illi,
1402 3399 1493 3453 illo
1523 3400 1762 3469 singulis
1797 3400 1996 3455 horum

420 3502 450 3541 a
484 3487 748 3558 principio
767 3487 1004 3544 habente
1037 3491 1425 3560 hujusjustam
1474 3501 1803 3561 potestatem
1865 3509 1998 3548 cono

421 3577 1001 3650 stitueudicongruum
1031 3582 1422 3652 patriarcham,
1477 3585 1717 3640 Ecclesia
1770 3585 1996 3656 quidem

425 3671 666 3728 Romana
698 3676 893 3745 capitis
919 3676 1186 3732 rationem
1215 3678 1445 3740 habens,
1468 3686 1522 3732 et
1548 3678 1669 3732 loco
1698 3678 1995 3734 labentium

421 3765 789 3821 membrorum
826 3767 932 3822 alia
973 3783 1191 3838 semper
1220 3770 1499 3836 condens,
1535 3780 1591 3824 et
1623 3770 1740 3824 viva
1809 3769 1999 3839 utique

417 3869 522 3920 est,
541 3860 882 3931 etintegrum
905 3860 1174 3929 reliquum
1199 3876 1404 3932 corpus
1430 3863 1641 3916 unitum
1662 3862 1766 3917 sibi
1796 3862 1996 3919 habet:

417 3967 514 4008 eos
541 3968 688 4017 vero,
719 3953 815 4023 qui
850 3969 970 4008 eam
1005 3954 1392 4019 deseruerunt.
1433 3956 1556 4010 sine
1588 3955 1765 4024 capite
1798 3955 1863 4010 de
1891 3971 1997 4012 ca:-

419 4055 536 4100 tero
568 4056 618 4100 et
642 4059 889 4102 mortuos
920 4061 1044 4102 esse
1103 4061 1332 4102 necesse
1354 4057 1461 4102 est.
1508 4045 1690 4112 Quare
1727 4047 1774 4103 si
1833 4058 1997 4118 putas

418 4139 931 4195 necessariumesse
995 4138 1349 4210 generalibus
1410 4140 1660 4194 conciliis
1698 4140 1766 4194 ad
1829 4142 1998 4196 totius

416 4232 899 4301 complementum,
939 4242 993 4287 et
1021 4244 1256 4302 quatuor
1286 4233 1552 4288 interesse
1613 4233 1984 4302 patriarchas,

417 4322 682 4378 etaudias
722 4335 848 4394 post
906 4323 1147 4378 schisma
1190 4323 1468 4393 generalia
1527 4323 1710 4393 aliqua
1760 4325 1996 4380 concilia

415 4431 513 4484 per
537 4429 730 4483 papam
752 4430 878 4471 esse
897 4414 1040 4469 facta
1067 4433 1080 4467 :
1105 4414 1210 4468 noli
1238 4430 1506 4482 quaerere,
1535 4427 1716 4468 utrum
1741 4415 1997 4472 etschis-

1492 421 1880 481 rationabi-iius
1928 425 1995 480 ad
2023 425 2072 486 Α
2099 432 2511 490 communicant
2555 437 2811 496 Ecclesia:
2845 437 3107 500 Romana
3156 446 3546 506 schismaticos
3581 467 3685 524 apo

2104 520 2267 593 pello.
2303 525 2413 598 Ego
2443 545 2573 586 vero
2607 543 2738 602 puto
2773 550 2860 590 me
2904 536 3288 596 ration‘abilius
3322 540 3584 599 admirari
3616 520 3687 602 de

2106 623 2178 681 te,
2218 620 2480 690 quoniam
2504 624 2889 684 admirandum
2913 637 3097 698 putas,
3129 631 3173 685 si
3199 633 3293 700 qui
3326 634 3421 689 illo
3458 637 3688 696 nomine

2103 717 2399 777 vocantur,
2446 715 2605 783 cujus
2648 717 3018 774 deﬁnitionem
3056 721 3300 792 perfecte
3345 728 3684 799 suscipiunt.

2106 798 2240 856 Nam
2281 803 2326 858 si
2365 806 2602 863 volueris
2635 809 2842 877 videre,
2876 827 2995 881 qua:
3027 824 3112 868 est
3142 816 3483 875 schismatici
3506 798 3681 887 ratio,

2107 895 2351 952 invenies
2385 898 2528 955 hanc
2569 900 2645 956 iis
2676 902 2772 971 qui
2806 919 2835 957 a
2881 921 2967 961 me
3006 907 3341 965 schismaticl
3392 922 3681 979 vocantur,

2107 987 2467 1045 nihilominus
2516 1008 2680 1061 quam
2746 996 2989 1052 hominis
3025 1001 3298 1057 rationem
3350 1019 3678 1073 congruere.

2108 1080 2246 1150 Ergo
2273 1081 2374 1137 hoc
2398 1084 2470 1137 sit
2501 1087 2921 1147 ostendendum.

2174 1173 2310 1227 Cum
2345 1175 2529 1245 itaque
2575 1181 2626 1233 in
2674 1180 2917 1238 Ecclesia
2950 1185 3041 1240 alii
3071 1187 3196 1242 aliis
3227 1189 3340 1242 sint
3383 1188 3680 1247 dominan-

2107 1264 2298 1332 tiores,
2331 1267 2767 1339 principaliores,
2796 1285 2850 1330 et
2880 1280 3211 1346 superiores,
3247 1282 3344 1344 illi,
3377 1284 3468 1350 qui
3505 1286 3683 1339 mino-

2107 1359 2184 1411 ris
2213 1365 2266 1412 et
2289 1359 2601 1417 humilioris
2630 1368 2958 1423 exsistentes
2990 1370 3224 1436 ordinis,
3250 1382 3306 1428 et
3335 1377 3532 1440 quibus
3559 1392 3686 1432 con-

2107 1450 2253 1505 venit
2285 1452 2389 1506 sub
2419 1453 2671 1510 dominio
2701 1457 2938 1515 aliorum
2966 1477 3116 1527 esse,
3148 1474 3203 1519 et
3231 1468 3387 1536 sequi
3416 1468 3580 1532 alios,
3618 1471 3690 1526 de

2107 1543 2256 1599 nulla
2285 1545 2482 1601 haeresi
2516 1547 2781 1608 habentes
2802 1551 2950 1619 juste
2977 1571 3236 1615 accusare
3261 1555 3521 1628 majores,
3546 1562 3687 1617 divi-

2106 1633 2244 1689 dunt
2273 1652 2332 1692 se
2363 1638 2432 1693 ab
2463 1640 2678 1696 illorum
2726 1643 2778 1697 in
2813 1645 3078 1716 religione
3120 1651 3386 1706 societate
3413 1693 3428 1717 ,
3467 1670 3591 1708 mox
3628 1656 3685 1712 in

2108 1743 2168 1782 se
2194 1726 2328 1798 ipsis
2352 1731 2690 1790 schismatici
2723 1736 2968 1794 condunt
2999 1741 3291 1798 rationem.
3326 1743 3461 1800 Nam
3493 1754 3548 1802 et
3578 1747 3685 1816 ipsi

2105 1820 2172 1874 ad
2203 1822 2410 1878 nullam
2441 1826 2630 1890 aliam,
2654 1843 2819 1898 quam
2847 1830 2992 1888 hanc
3011 1831 3389 1892 deﬁnitionem
3411 1840 3685 1910 aspicien-

2103 1920 2204 1972 tes,
2235 1926 2333 1966 eos
2362 1911 2456 1983 qui
2503 1915 2712 1972 evitant
2760 1921 2903 1988 apud
2940 1935 3001 1976 se
3034 1924 3296 1992 majorem
3329 1926 3686 1983 communio-

2103 2018 2253 2066 nem,
2272 2007 2663 2064 schismaticos
2685 2013 2997 2080 appellant;
3028 2014 3220 2084 quales
3248 2027 3302 2072 et
3330 2026 3384 2073 tu
3417 2032 3523 2071 non
3551 2033 3689 2088 pau-

2101 2110 2197 2151 cos
2231 2097 2343 2153 scis
2369 2098 2422 2154 in
2456 2111 2712 2169 regnante
2744 2100 2985 2170 civitate,
3019 2107 3210 2163 eodem
3241 2110 3486 2176 nomine,
3523 2126 3688 2182 prop-

2103 2198 2187 2243 ter
2216 2206 2363 2247 nunc
2413 2192 2750 2264 assignatam
2801 2200 3094 2262 rationem.
3132 2201 3201 2256 ab
3231 2203 3355 2257 aliis
3385 2204 3590 2259 vocari.
3616 2205 3687 2258 At

2101 2294 2232 2334 vero
2275 2280 2522 2339 Romana
2561 2282 2805 2340 Ecclesia
2845 2287 3225 2355 senissimum,
3271 2285 3701 2365 principalissio.

2104 2384 2358 2432 mum.et
2404 2390 2684 2432 summum
2719 2377 2772 2432 in
2824 2378 3097 2435 catholica
3149 2379 3393 2438 Ecclesia
3446 2385 3685 2441 habente

2102 2470 2356 2538 gradum,
2409 2467 2464 2522 bi
2501 2469 2734 2526 minoris
2770 2471 3100 2528 exsistentes
3136 2485 3190 2528 et
3216 2473 3499 2532 inferioris
3529 2478 3682 2534 ordi-

2103 2559 2190 2615 nis
2222 2600 2237 2624 ,
2279 2560 2331 2614 in
2371 2570 2579 2616 tantum
2606 2561 2827 2632 fugiunt
2864 2563 3009 2619 illius
3034 2568 3506 2631 communiunern,
3533 2569 3682 2640 quod

2103 2667 2282 2724 neque
2307 2653 2426 2722 ejus
2453 2654 2822 2710 sacerdotium
2851 2666 3048 2726 putant
3071 2661 3259 2712 verum
3284 2673 3406 2715 esse
3426 2662 3683 2715 sacerdo.

2102 2746 2264 2811 tium,
2311 2761 2489 2817 neque
2529 2747 2600 2804 in.
2631 2747 3023 2804 ecclesiasticis
3062 2751 3429 2807 sacramentis
3490 2751 3685 2809 volunt

2103 2839 2180 2893 illi
2204 2838 2617 2895 communicare
2654 2858 2669 2895 :
2701 2852 2866 2912 atque
2897 2843 3082 2912 plures
3105 2858 3298 2898 eorum
3323 2845 3483 2898 etiam
3515 2844 3685 2903 simul

2101 2934 2390 2987 comedere
2434 2933 2757 3003 simpliciter
2795 2933 2980 2991 cibum
3023 2951 3148 2990 cum
3203 2951 3476 3008 quoquam
3523 2937 3679 2995 Lati-

2103 3033 2301 3077 norum
2346 3033 2629 3082 verentur.
2675 3023 2816 3097 Ergo
2852 3024 2900 3081 si
2949 3025 3189 3081 Ecclesia
3241 3026 3330 3081 illa
3380 3028 3682 3095 incidente,

2024 3141 2069 3197 ο
2111 3117 2257 3185 quod
2298 3116 2468 3183 absit,
2499 3117 2553 3172 in
2599 3118 2839 3173 bazretici
2873 3117 3168 3184 rationem,
3213 3119 3267 3175 hi
3300 3119 3370 3174 ab
3411 3136 3473 3175 ea
3506 3121 3684 3176 absti-

2108 3218 2257 3272 nent,
2292 3208 2794 3280 irreprehensibilis
2834 3219 2918 3265 est
2949 3211 3247 3281 separatio,
3280 3221 3334 3266 et
3359 3211 3688 3267 schismati-

2103 3315 2294 3356 eorum
2346 3303 2599 3375 rationis“
2625 3303 3117 3374 imperceptibilis:
3158 3306 3204 3360 si
3243 3318 3371 3359 vero
3414 3303 3506 3361 illa
3537 3307 3687 3362 nulla

2102 3394 2298 3450 hair-esi
2330 3387 2625 3464 conjuncta
2679 3398 2735 3450 hi
2769 3393 2990 3466 fugiunt
3037 3399 3158 3466 ejus
3210 3397 3682 3464 communionem,

2101 3504 2238 3557 pure
2275 3487 2327 3540 in
2353 3491 2618 3542 rationem
2646 3487 2989 3543 schismatici
3027 3489 3302 3543 incidunt.
3344 3489 3486 3560 Ergo
3519 3506 3676 3559 quec-

2102 3580 2332 3634 rendum
2356 3589 2458 3645 est,
2483 3596 2644 3650 quem
2673 3581 3026 3634 nominamus
3049 3582 3391 3647 htereticum,
3413 3581 3500 3636 cui
3527 3597 3687 3636 corn-

2103 3676 2389 3725 munlcare
2436 3669 2492 3725 in
2543 3671 2729 3740 aliquo
2758 3670 3020 3725 delictum
3073 3681 3202 3726 est:
3240 3672 3292 3725 in
3350 3672 3503 3726 nullo
3551 3687 3684 3729 vero

2101 3762 2530 3825 communicare,
2568 3777 2674 3816 non
2725 3762 2900 3817 solum
2930 3763 3420 3832 irreprebeusibile
3443 3774 3551 3829 est,
3583 3779 3680 3820 ve-

2103 3873 2226 3912 rum
2263 3841 2436 3910 etiam
2463 3855 2838 3911 necessarium
2876 3870 2889 3908 :
2923 3864 2976 3909 et
3020 3871 3178 3926 quem
3210 3865 3333 3926 post
3365 3856 3596 3925 primam
3627 3867 3684 3914 et

2100 3951 2398 4008 secundam
2442 3949 2878 4004 admonitionem
2910 3958 3147 4017 oportet,
3197 3943 3500 4006 secundum
3533 3952 3687 4021 Apo-

2101 4039 2303 4098 stolum
2345 4039 2412 4095 ad
2446 4038 2652 4105 Titum,
2677 4055 2779 4095 nos
2820 4039 3025 4095 evitare
3051 4039 3116 4095 ".
3151 4039 3300 4096 illius
3335 4042 3523 4112 igitur,
3571 4043 3667 4114 qui

2102 4136 2176 4190 ita
2202 4134 2406 4190 dicitur
2437 4133 2753 4198 haereticus,
2792 4134 3085 4203 quaerenda
3117 4133 3188 4187 sit
3242 4133 3404 4200 ratio,
3438 4142 3498 4189 ut
3528 4135 3679 4191 acia.

2101 4245 2250 4292 mus,
2289 4239 2472 4283 utrum
2507 4227 2765 4283 convenit
2795 4227 3000 4297 aliquid
3032 4226 3155 4298 ejus
3180 4225 3444 4283 Romana
3480 4227 3679 4284 Eccle-

2101 4318 2218 4372 sise.
2244 4316 2381 4372 Cum
2405 4331 2540 4372 vero
2567 4317 2708 4371 idem
2733 4319 2801 4371 sit
2830 4315 3144 4372 liaereticum
3176 4333 3298 4372 esse
3329 4325 3384 4372 et
3410 4319 3684 4390 paradOg.

2107 4409 2407 4474 matistam,
2443 4420 2495 4464 et
2524 4425 2751 4480 peccare
2778 4408 2922 4465 circa
2959 4411 3174 4479 pietatis
3199 4412 3457 4479 dogmata
3487 4431 3504 4468 ι
3532 4427 3687 4482 «μιξε-

418 4507 607 4562 matici
638 4507 966 4578 patriarchae
989 4508 1093 4561 illis
1128 4508 1496 4562 interfuerunt
1527 4523 1542 4560 :
1573 4508 1668 4562 sed
1700 4507 1747 4562 si
1777 4523 2000 4563 eorum-
2032 4499 2077 4555 Ι)
2109 4503 2336 4557 rendum
2374 4513 2476 4569 est,
2515 4505 2640 4574 quis
2666 4511 2751 4558 est
2778 4504 3241 4576 paradogmatista
3265 4503 3289 4558 ἲ
3313 4514 3367 4560 et
3400 4504 3526 4576 quis
3557 4522 3688 4576 pec-

416 4601 542 4654 dem
579 4601 1015 4670 patriarcharum
1045 4601 1152 4655 ﬁde
1177 4600 1417 4655 viventes
1449 4613 1505 4655 et
1532 4601 1669 4656 uniti
1706 4616 1807 4657 suo
1831 4603 1996 4672 capiti

418 4694 745 4764 patriarchae
771 4692 1160 4759 interfuerunt,
1197 4709 1305 4750 non
1331 4705 1549 4766 oportet
1572 4697 1693 4765 plus
1719 4696 1823 4753 hoc
1845 4712 2000 4766 qua:-

417 4785 806 4844 ri.Generalia
854 4791 1003 4843 enim
1061 4787 1298 4843 concilia
1353 4802 1461 4843 non
1509 4803 1575 4843 ex
1631 4789 1913 4844 haereticis
1946 4798 2000 4842 et

416 4878 813 4945 schismatieis,
862 4881 954 4934 sed
987 4895 1051 4934 es
1112 4879 1436 4935 orthodoxis
1464 4890 1520 4936 et
1571 4878 1832 4936 Ecclesiae
1882 4881 1998 4936 uni-

419 4973 490 5027 tis
523 4971 704 5040 colligi
740 4972 957 5026 debent.
986 4970 1116 5027 llaec
1147 4973 1267 5036 tibi,
1304 4989 1337 5028 ο
1399 4973 1639 5028 amicum
1700 4973 1832 5027 mihi
1902 4990 1997 5027 ca.

417 5075 537 5137 put,
569 5065 902 5137 respOndere
934 5066 1275 5122 Deusdedit.
1335 5067 1431 5122 Det
1480 5075 1663 5122 autem
1720 5067 1836 5138 ipse
1896 5067 1998 5124 tibi

416 5159 654 5229 reliqua.

414 5293 669 5364 Epistula
692 5297 923 5364 ejusdem
957 5300 1160 5350 domini
1202 5298 1477 5350 Barlaami
1509 5297 1581 5350 ad
1612 5297 1858 5352 Alexium
1887 5294 1995 5351 Ca-

495 5367 778 5438 lor-laetum,
805 5370 856 5421 in
885 5384 986 5438 qua
1042 5371 1265 5422 ostendit
1317 5371 1528 5423 Grazcos
1563 5387 1665 5422 non
1693 5371 1992 5423 obedientes

492 5437 747 5492 Romanis
781 5437 1032 5494 Ecclesia:
1080 5439 1198 5493 esse
1220 5457 1349 5510 ,nou
1378 5443 1549 5494 solum
1598 5441 1991 5502 schismaticus,

491 5525 672 5564 verum
700 5511 861 5564 etiam
886 5511 1180 5565 hwrelicos.

492 5626 692 5681 Audivi
717 5635 769 5682 te
796 5626 1058 5684 admirari
1089 5627 1156 5684 de
1181 5628 1574 5700 me,.quoniam
1612 5645 1708 5685 eos
1741 5628 1836 5699 qui
1880 5646 1991 5688 nou

498 5816 544 5849 “
570 5814 678 5873 Tit.
701 5832 784 5886 ut,
826 5815 914 5872 l0.

2108 4603 2197 4652 cat
2220 4596 2366 4651 circa
2401 4597 2619 4663 pietatis
2651 4596 2954 4666 dogmata?

2183 4691 2375 4759 itaque
2402 4704 2526 4743 cum
2567 4691 2670 4744 tria
2704 4690 2840 4752 sint,
2894 4706 2923 4744 a
2954 4691 3455 4762 quibusdiabemus
3486 4691 3683 4763 hujus-

2109 4784 2255 4838 modi
2285 4784 2560 4853 dogmata,
2587 4797 2780 4848 unum,
2805 4782 2986 4837 divina
3017 4782 3321 4853 Scriptura,
3352 4786 3681 4854 secundum,

2112 4875 2442 4928 universalia
2459 4875 2716 4940 concilia,
2747 4873 2990 4938 tertium,
3017 4877 3189 4930 sancti
3211 4877 3382 4930 nostri
3407 4878 3681 4944 doctores,

2108 4969 2200 5037 qui
2228 4976 2350 5035 post
2379 4966 2654 5036 apostolos
2679 4982 2891 5021 sacram
2925 4967 3080 5021 nobis
3100 4979 3475 5037 exposuerunt
3501 4969 3687 5039 Scrip-

2107 5069 2284 5114 turam
2327 5078 2339 5114 :
2375 5061 2417 5114 si
2459 5060 2612 5114 illum
2651 5060 2971 5114 vocabimus
3003 5060 3347 5129 hieretioum,
3374 5064 3466 5134 qui
3502 5065 3681 5134 quod-

2106 5171 2324 5225 cunque
2369 5155 2455 5208 vel
2487 5156 2553 5208 de
2590 5154 2719 5221 Deo,
2753 5155 2839 5208 vel
2867 5154 2934 5209 de
2981 5156 3087 5210 alio
3122 5161 3316 5227 quovis
3353 5159 3492 5228 sapit
3518 5169 3572 5212 et
3598 5159 3682 5212 di-

2107 5250 2176 5304 cit
2203 5289 2218 5311 ,
2257 5249 2402 5319 quod
2433 5264 2615 5318 neque
2644 5249 2697 5301 in
2724 5263 2878 5303 sacra
2908 5246 3214 5316 Scriptura,
3249 5266 3422 5320 neque
3451 5253 3502 5304 in
3545 5265 3680 5303 con-

2103 5340 2266 5404 ciliis,
2301 5356 2478 5411 neque
2515 5341 2566 5393 in
2610 5340 2894 5395 doctorum
2925 5342 3146 5407 scriptis
3174 5345 3418 5397 totaliter
3459 5342 3679 5397 inveni-

2105 5444 2212 5495 tur,
2251 5448 2357 5484 non
2417 5431 2555 5485 bene
2589 5430 2991 5486 nominabimus
3018 5450 3032 5500 ;
3060 5434 3185 5501 quia
3215 5449 3311 5502 per
3339 5435 3480 5488 hanc
3509 5435 3676 5488 ratio-

2107 5541 2233 5582 nem
2269 5525 2438 5581 etiam
2491 5522 2650 5578 multi
2686 5534 3000 5576 nostrorum
3030 5534 3349 5580 sanctorum
3385 5527 3681 5581 doctorum

2103 5620 2346 5677 hrrretici
2376 5627 2593 5677 essent:
2626 5616 2976 5687 Areopagita,
3005 5615 3321 5693 Theologus
3371 5618 3695 5692 Nyssenus,
