4122 6240
462 258 591 325 1311

1545 266 1635 327 ΒΑ
1650 264 1953 329 RLAAMI
1993 265 2091 327 DE
2132 265 2417 329 SEMINA
2433 266 2560 327 RIA

3560 261 3703 330 13l2

458 395 489 435 s
526 390 681 434 nctus
719 377 1101 447 Augustinus:
1136 378 1229 450 qui
1264 393 1369 435 non
1417 380 1598 437 solum
1641 382 1768 437 talia
1814 380 2026 446 dicunt,
2057 387 2103 444 Α
2134 382 2297 447 Filio,
2344 381 2616 455 contingit
2664 385 2998 447 necessario,
3045 381 3273 437 minime
3305 382 3599 451 procedere
3628 396 3699 435 ex

460 487 581 541 qua~
612 485 790 540 neque
818 485 913 541 per
956 485 1178 526 sensum
1219 471 1342 526 aliis
1374 474 1757 529 conveniunt:
1786 472 1892 529 alia
1933 487 2031 543 pe-

459 565 607 618 nitus
636 560 982 627 exsisteutia,
1023 562 1155 619 licet
1188 578 1296 619 non
1325 566 1597 638 opposita.
1634 563 1750 622 Non
1774 581 1905 638 ergo
1929 565 2031 621 hac

458 655 671 711 ratione
704 655 1024 711 bareticum
1058 658 1466 727 cognoscimus.
1500 656 1661 729 cujus
1692 658 2033 714 communio—

456 763 583 802 nem
623 745 941 817 l‘ugiemus:
975 749 1070 803 sed
1105 757 1159 803 ct
1196 765 1348 815 eum,
1378 751 1470 821 qui
1518 753 1650 815 alia,
1679 760 1875 822 prmter
1906 767 2030 806 om-

459 856 558 897 nes
586 841 746 907 alios,
779 840 847 896 de
881 843 1075 912 quavis
1106 858 1164 898 re
1196 843 1345 909 dicit,
1382 844 1509 898 dum
1544 846 1817 899 contraria
1846 853 1899 899 et
1929 860 2032 914 op-

460 934 635 1002 posita
669 932 969 1003 suppositis
1001 950 1108 989 non
1143 934 1298 1001 dicit,
1331 935 1573 991 nondum
1612 945 1870 1005 tanquam
1918 937 2031 991 ba:-

460 1024 688 1077 reticum
716 1023 1168 1080 admonebimus.
1203 1024 1393 1095 Neque
1429 1025 1574 1080 enim
1606 1036 1793 1097 peccat
1823 1026 1879 1081 in
1912 1008 2031 1080 ma-

462 1114 661 1169 nit'esta
706 1116 985 1185 dogmata,
1034 1117 1130 1187 qui
1187 1133 1249 1171 ea
1290 1135 1396 1173 non
1430 1119 1589 1173 tollit.
1641 1121 1707 1174 At
1736 1133 1865 1174 vero
1895 1129 1949 1175 et
1984 1120 2030 1175 si

460 1206 586 1277 quis
608 1205 743 1262 nihil
774 1209 993 1279 penitus
1018 1224 1207 1264 eorum
1232 1225 1354 1279 qua:
1384 1209 1435 1264 in
1462 1226 1615 1266 sacra
1638 1210 1919 1281 Scriptura
1945 1211 2031 1267 vel

462 1301 515 1352 in
552 1301 803 1357 conciliis
836 1309 985 1366 sunt,
1023 1317 1399 1367 commovens,
1444 1313 1624 1359 tanien
1692 1304 1856 1359 alicui
1904 1320 2032 1360 san-

460 1399 673 1445 ctorum
694 1390 979 1447 doctorum
1007 1394 1071 1446 de.
1097 1393 1291 1462 quovis
1311 1393 1577 1456 dissouat,
1597 1393 1740 1450 hunc
1766 1393 2029 1451 audacem

460 1485 749 1551 quemdam
777 1492 829 1539 et
848 1492 1363 1553 praesumptuosum,
1387 1494 1439 1539 et
1466 1484 1666 1539 elatum
1699 1492 1753 1540 et
1784 1484 1906 1539 talia
1930 1499 2031 1539 no-

462 1575 821 1641 minabimus,
847 1575 1162 1631 haereticum
1188 1575 1437 1633 minime.
1468 1575 1741 1643 Quoniam
1768 1592 1866 1646 per
1890 1578 2029 1633 hanc

460 1680 682 1736 quoque
717 1665 1011 1728 rationem,
1056 1665 1215 1721 multi
1270 1678 1585 1721 sanctorum
1636 1677 1821 1723 essent
1856 1668 2031 1723 haere-

463 1757 576 1822 tici,
615 1757 708 1828 qui
738 1759 792 1813 in
834 1758 1024 1814 multis
1050 1768 1102 1813 et
1140 1759 1352 1827 magnis
1386 1760 1489 1813 sibi
1523 1758 1761 1815 invicem
1814 1768 2032 1817 contra-

464 1849 543 1904 ria
568 1850 778 1905 dicunt.
799 1848 936 1905 Nam
957 1851 1022 1905 de
1048 1851 1160 1920 ipsa
1185 1850 1539 1921 processione
1567 1851 1806 1922 Spiritus
1829 1854 2030 1920 sancti,

464 1940 566 2011 ipsi
598 1941 772 2005 alunt,
822 1942 969 2014 quod
1020 1942 1413 2007 Damasceuus,
1448 1943 1537 1998 ubi
1589 1944 1742 2012 dicit,
1784 1943 1860 1998 Ex
1893 1944 2033 2000 Filio

467 2035 703 2104 Spiritus
732 2038 1025 2106 procedere
1058 2052 1167 2091 non
1209 2034 1439 2100 dicitur,
1493 2038 1656 2108 sapit,
1686 2038 1833 2108 quod
1883 2038 2033 2094 nullo

467 2130 625 2183 modo
658 2131 771 2200 ipse
802 2139 887 2186 est
916 2145 979 2185 ex
1013 2131 1172 2187 Filio.

535 2222 770 2278 Sanctus
802 2238 931 2278 vero
952 2224 1209 2296 Cyrillus,
1237 2228 1330 2297 qui
1356 2229 1544 2284 multis
1568 2227 1728 2283 annis
1761 2236 1887 2283 ante
1907 2242 2033 2281 eum

467 2315 588 2379 fuit,
626 2317 679 2371 in
712 2332 965 2373 sermone
986 2318 1053 2373 de
1084 2318 1309 2389 Spiritu,
1334 2322 1388 2376 in
1424 2322 1586 2377 dictis
1613 2322 1728 2377 suis
1763 2321 2035 2379 thesauris

466 2406 667 2476 septies
691 2407 767 2461 ait
798 2407 1061 2478 Spiritum
1095 2423 1342 2467 sanctum
1372 2428 1437 2468 ex
1463 2412 1601 2468 Filio
1626 2420 1680 2467 et
1710 2429 1833 2469 esse
1865 2424 1919 2469 et
1942 2429 2039 2468 ex-

466 2498 681 2566 sistere,
725 2510 778 2555 et
804 2499 1070 2570 prodire:
1111 2504 1402 2574 assignans
1441 2515 1491 2561 et
1533 2506 1677 2562 dicta
1711 2504 2035 2577 Scriptura,

465 2606 528 2645 ex
559 2594 762 2662 quibus
788 2593 840 2649 id
878 2594 1058 2664 ipsum
1089 2595 1452 2652 intellexerat.
1494 2597 1731 2653 Sanctus
1760 2612 1891 2653 vero
1921 2598 2037 2652 Au-

468 2684 744 2752 gustinus,
768 2685 950 2741 adhuc
985 2687 1264 2757 antiquior
1297 2690 1402 2744 hoc
1431 2689 1724 2757 exsistens,
1754 2690 1806 2744 in
1841 2705 1942 2744 suo
1971 2691 2037 2745 de

467 2773 733 2831 Trinitate
764 2778 1005 2848 negotio,
1047 2790 1099 2832 et
1128 2780 1293 2835 nimis
1328 2780 1550 2851 longum
1577 2781 1643 2835 de
1682 2782 1784 2837 hoc
1813 2792 2037 2851 proten-

470 2873 549 2924 dit
585 2885 919 2935 sermonem,
971 2880 1025 2961 et
1054 2873 1107 2926 in
1152 2882 1372 2943 quarto,
1408 2884 1463 2927 et
1522 2875 1576 2928 in
1610 2875 1827 2945 quinto,
1878 2884 1933 2932 et
1980 2876 2035 2931 in

471 2964 665 3030 quinto
696 2963 912 3018 decimo
946 2964 1085 3018 libro
1119 2965 1366 3034 ejusdem
1396 2967 1619 3036 negotii.
1653 2966 1794 3033 Quid
1828 2967 2038 3038 igitur?

2134 473 2293 531 Patre
2317 493 2332 543 ;
2357 475 2450 530 sed
2476 476 2656 551 potius
2681 474 2995 531 necessario
3017 473 3319 529 confertur.
3342 470 3477 528 Nam
3499 473 3543 528 si
3570 487 3701 543 pro-

2134 566 2280 620 cedit
2307 576 2360 620 et
2385 582 2449 619 ex
2488 565 2649 631 Filio,
2687 564 2779 635 qui
2821 566 3007 620 omnia
3040 580 3383 636 quaecunque
3410 563 3601 629 habet,
3630 576 3703 620 ex

2134 656 2295 711 Patre
2334 657 2492 711 habet
2517 696 2532 719 ,
2572 656 2817 728 procedit
2850 672 2980 728 ergo
3009 669 3064 713 et
3095 672 3160 714 ex
3192 656 3372 713 Patre.
3422 654 3541 711 Non
3571 669 3706 727 ergo

2134 750 2365 813 tollitur,
2392 750 2536 819 quod
2570 750 2733 805 simul
2765 751 3022 807 trahitur.

2206 844 2271 895 At
2307 857 2439 896 vero
2482 857 2661 907 neque
2689 843 2833 898 aliud
2865 859 3055 897 eorum
3104 860 3224 915 qua:
3264 843 3317 900 in
3356 859 3509 901 sacra
3547 844 3708 899 Scri-

2134 944 2297 1006 ptura
2324 936 2405 987 vei
2438 936 2684 991 conciliis
2702 946 2851 999 sunt,
2876 937 3101 1001 tollitur,
3122 952 3187 993 ex
3214 952 3281 993 eo
3308 938 3453 1008 quod
3477 938 3708 1001 dicitur,

2134 1039 2188 1083 et
2220 1044 2285 1083 ex
2319 1028 2458 1083 Filio
2495 1028 2793 1099 procedere
2827 1028 3091 1099 Spiritum
3121 1037 3395 1085 sanctum.
3430 1028 3546 1084 Non
3572 1044 3710 1098 ergo

2134 1120 2435 1175 secundum
2468 1122 2569 1175 hoc
2602 1120 2792 1175 incidit
2821 1120 2873 1174 in
2911 1121 3296 1197 haereticorum
3322 1122 3589 1176 rationem
3613 1122 3713 1177 illa

2133 1210 2399 1267 Ecclesia.
2430 1215 2499 1266 At
2528 1228 2703 1281 neque
2737 1228 2831 1283 per
2858 1228 3135 1283 azymum.

2206 1303 2449 1359 Primum
2481 1305 2626 1358 enim
2662 1304 2793 1359 nulli
2827 1304 3064 1361 concilio
3097 1319 3194 1374 per
3222 1305 3329 1359 hoc
3358 1303 3707 1367 adversatur,

2134 1397 2396 1465 quoniam
2453 1395 2667 1451 nullum
2729 1396 2797 1451 de
2857 1396 2964 1450 hoc.
3024 1396 3232 1466 aliquid
3290 1396 3707 1451 determinavit.

2137 1486 2338 1541 Deinde
2384 1501 2558 1557 neque
2589 1500 2759 1542 sacra:
2806 1486 3103 1557 Scriptura:
3148 1502 3245 1556 per
3280 1486 3383 1541 hoc
3417 1496 3709 1557 repugnat.

2133 1577 2322 1632 Etnou
2350 1577 2455 1633 hoc
2477 1594 2619 1634 nunc
2637 1579 2781 1641 dico,
2811 1580 2937 1649 quia
2968 1579 3125 1649 panis
3166 1578 3274 1641 ille,
3305 1592 3464 1648 quem
3498 1578 3716 1633 sacriﬁ—

2132 1672 2277 1727 cavit
2296 1670 2579 1745 Dominus,
2601 1686 2823 1743 azymus
2838 1680 2955 1726 erat
2972 1709 2988 1736 ,
3010 1682 3328 1743 etazymum
3350 1670 3405 1725 in
3428 1670 3713 1739 Scriptura

2136 1762 2277 1831 gerit
2311 1761 2601 1832 imaginem
2651 1761 2985 1816 sinceritatis
3026 1771 3077 1816 et
3119 1760 3405 1827 veritatis;
3453 1761 3547 1815 sed
3577 1760 3709 1813 illud

2137 1853 2340 1910 sulﬁcit
2376 1868 2545 1919 nunc,
2591 1854 2736 1923 quod
2767 1853 2951 1907 divina
2990 1853 3275 1924 Scriptura
3306 1868 3504 1924 panem
3533 1852 3713 1906 nomi-

2136 1963 2300 2008 nante
2328 1961 2383 2006 et
2414 1966 2663 2023 azymum
2692 1959 2746 2004 et
2766 1948 3247 2013 fermentatum,et
3266 1946 3714 2018 nusquamjubet

2139 2045 2242 2097 hoc
2298 2041 2380 2097 vel
2409 2040 2541 2096 illud
2568 2040 2845 2105 distincte,
2878 2049 3027 2095 certe
3058 2048 3252 2093 neuter
3279 2037 3581 2107 Scriptum
3609 2052 3714 2105 pu-

2138 2145 2288 2207 gnat,
2340 2150 2516 2205 neque
2560 2131 2828 2205 azymita,’
2868 2149 3043 2203 neque
3098 2130 3515 2188 fermentarius.
3591 2132 3709 2187 Non

2138 2228 2287 2283 enim
2321 2227 2465 2297 quod
2522 2227 2917 2282 nonnullorum
2966 2234 3054 2281 est
3084 2225 3379 2282 stultorum
3424 2224 3670 2279 dicemus
3694 2262 3711 2290 ,

2139 2324 2284 2393 quod
2321 2322 2414 2377 ille
2443 2330 2529 2376 est
2580 2321 2945 2376 inanimatus.
2978 2320 3176 2375 Omnis
3223 2319 3369 2374 enim
3422 2319 3577 2388 panis
3612 2332 3709 2372 sua

2138 2416 2355 2471 ratione
2384 2414 2720 2469 inanimatus
2752 2424 2857 2477 est,
2884 2425 2937 2468 et
2969 2411 3154 2467 nullus
3185 2411 3461 2465 animatus
3488 2430 3499 2461 :
3525 2408 3711 2463 divina

2139 2522 2269 2564 vero
2299 2507 2501 2561 virtute
2531 2521 2834 2561 conversus
2863 2520 3214 2575 nequaquam
3244 2502 3605 2567 inanimatus,
3630 2502 3715 2555 vel

2142 2599 2382 2654 totaliter
2436 2597 2747 2655 substantia
2778 2596 2957 2666 panis,
3013 2596 3109 2650 sed
3144 2596 3265 2649 viva
3316 2608 3445 2647 caro
3482 2593 3717 2647 viventis

2140 2691 2365 2757 Christi,
2398 2692 2489 2760 qui
2522 2705 2743 2745 carnem
2776 2698 2828 2745 et
2853 2689 3093 2742 animam
3119 2688 3437 2741 rationalem
3466 2694 3521 2740 et
3555 2686 3717 2741 intel.

2142 2786 2429 2841 lectualem
2484 2799 2548 2839 ex
2598 2782 2760 2838 nobis
2790 2796 2890 2853 pro
2927 2781 3089 2836 nobis
3147 2780 3469 2849 assumpsit.
3524 2776 3716 2847 Neque

2140 2894 2270 2947 ergo
2300 2892 2394 2946 per
2416 2875 2822 2945 processinnem
2854 2873 3116 2943 Spiritus,
3148 2885 3324 2940 neque
3345 2885 3437 2939 per
3458 2884 3714 2940 azymum

2144 2970 2232 3023 illa
2268 2968 2507 3024 Ecclesia
2554 2966 2696 3022 cadit
2738 2967 2791 3019 in
2844 2962 3181 3019 schismatiei
3219 2963 3487 3016 rationem
3526 2975 3717 3029 :quo-

472 3048 797 3108 ilaereticum
837 3056 1199 3110 nominabunt
1239 3056 1661 3123 Damascenum,
1718 3059 1827 3113 illis
1881 3073 2038 3128 supe-
2066 3078 2109 3135 ο
2142 3064 2287 3117 niam
2324 3076 2417 3130 per
2452 3070 2705 3113 neutrum
2751 3057 2892 3111 tollit
2932 3057 3233 3126 quidquam
3268 3052 3717 3109 manifestorum.

474 3147 712 3201 tioribus
762 3163 819 3202 se
855 3150 1162 3202 secundum
1212 3149 1359 3217 ipsos
1390 3150 1859 3205 conlradicentem
1894 3171 1909 3207 :
1950 3152 2033 3207 vel

472 3242 656 3309 potius
689 3252 742 3296 et
771 3257 830 3297 se
866 3242 1015 3313 ipsos
1064 3243 1252 3297 iisdem
1285 3246 1489 3299 sanctis
1516 3245 1878 3305 tantisrehus
1905 3261 2037 3301 con-

472 3334 819 3399 tradicentes,
857 3352 924 3390 an
959 3336 1223 3392 minime?
1256 3339 1439 3393 Potest
1471 3352 1600 3408 ergo
1634 3338 1778 3404 ﬁeri,
1811 3340 1956 3409 quod
1988 3340 2037 3398 is

470 3426 560 3494 qui
609 3426 814 3482 sanctis
859 3428 927 3483 de
971 3427 1083 3484 Deo
1129 3429 1405 3496 dissonat,
1448 3430 1691 3485 nondum
1742 3431 1816 3486 sit
1863 3431 2039 3487 haere-

472 3520 630 3574 tiens.

537 3612 670 3677 Quis
688 3627 818 3682 ergo
847 3612 1135 3669 ltmreticus
1153 3624 1236 3669 est
1264 3623 1317 3669 et
1342 3616 1804 3686 paradogmatista
1827 3616 1849 3668 ‘i
1872 3631 2035 3687 quem

470 3711 590 3762 post
622 3704 804 3756 binam
834 3704 1269 3759 admonitionem
1305 3704 1618 3773 l'ugiemus?
1648 3723 1716 3761 an
1751 3716 1901 3762 certe
1924 3706 2037 3773 ille,

469 3793 562 3859 qui
602 3794 745 3862 sapit
768 3804 823 3847 et
851 3795 987 3848 dicit
1019 3795 1227 3866 aliquid
1264 3798 1315 3849 in
1343 3797 1716 3866 dogmatibus,
1756 3798 1827 3852 ita
1861 3813 2004 3868 οι)ρο

470 3886 632 3937 situm
659 3885 823 3940 alicui
849 3902 1037 3941 eorum
1063 3904 1185 3957 qua;
1206 3888 1289 3942 vel
1316 3888 1370 3941 in
1395 3904 1551 3943 sacra
1575 3890 1860 3959 Scriptura
1884 3905 2042 3960 aper-

471 3984 521 4025 te
552 3974 835 4038 dicuntur,
883 3978 962 4031 vel
998 3980 1050 4031 in
1082 3980 1431 4049 generalibus
1481 3980 1738 4035 conciliis
1778 3996 2039 4051 expresse

469 4068 827 4123 determinata
874 4079 1023 4135 sunt,
1061 4080 1119 4124 ut
1144 4086 1265 4124 cum
1296 4072 1399 4125 hoc
1428 4074 1519 4137 sit,
1552 4072 1777 4126 tollatur
1805 4074 1956 4141 illud,
1984 4085 2039 4131 et

470 4176 593 4213 cum
634 4160 764 4215 illud
797 4163 889 4225 sit,
921 4176 1029 4217 non
1063 4165 1233 4233 possit
1280 4165 1383 4219 hoc
1415 4180 1536 4219 esse
1566 4185 1579 4219 τ
1620 4177 1784 4239 atque
1817 4169 1939 4223 talis
1967 4171 2036 4224 ad

472 4253 562 4306 illa
592 4258 951 4323 repugnantia
983 4264 1151 4311 estex
1181 4272 1243 4310 ea
1269 4272 1391 4325 qua:
1418 4256 1759 4327 vituperatur
1792 4262 2036 4317 haeresis.

472 4344 566 4399 Ille
596 4360 725 4399 vero
751 4347 845 4416 qui
881 4347 986 4401 tale
1017 4349 1225 4419 aliquid
1263 4365 1440 4420 neque
1473 4350 1716 4421 loquitur
1743 4368 1922 4424 neque
1951 4370 2040 4411 sa-

472 4439 569 4508 pit,
620 4440 672 4492 in
712 4440 820 4493 alio
870 4456 998 4495 vero
1044 4444 1241 4510 quovis
1282 4454 1491 4512 peccat,
1538 4448 1921 4503 admonendus
1956 4458 2041 4505 est
2072 4427 2117 4483 θ

472 4530 716 4597 quidem,
752 4532 859 4586 alio
890 4534 1111 4589 nomine
1160 4537 1503 4604 nominatus,
1540 4554 1649 4593 non
1700 4548 1883 4595 tamen
1918 4553 2041 4597 tan-

472 4636 635 4690 quam
672 4622 960 4683 haereticus
989 4624 1303 4696 fugiendus.

543 4716 712 4785 igitur
735 4733 856 4773 cum
896 4720 1007 4774 haec
1036 4721 1107 4775 sit
1146 4722 1235 4776 illa
1265 4724 1405 4777 ratio
1429 4738 1533 4793 qua
1566 4724 1857 4783 haereticus
1885 4736 2044 4783 nota-

472 4819 579 4873 tur,
615 4809 893 4865 videamus
924 4814 1159 4883 qualiter
1209 4830 1269 4870 se
1311 4817 1472 4871 habet
1506 4817 1573 4871 ad
1616 4834 1735 4873 eam
1792 4818 2039 4877 Romana

472 4896 738 4950 Ecclesia.

546 4987 660 5039 Duo
691 5000 837 5046 sunt.
868 5006 989 5060 quae
1022 4993 1139 5059 ejus
1174 5006 1499 5050 accusantes
1533 4996 1677 5065 iuste
1706 5000 1862 5053 aiunt
1889 5015 1947 5055 se
1971 5002 2039 5054 ah

470 5094 529 5130 t-a
569 5078 753 5131 dividi.
787 5078 966 5135 Unum
994 5087 1135 5153 quod
1165 5088 1295 5141 dicit
1333 5086 1595 5155 Spiritum
1629 5101 1879 5143 sanctum
1913 5106 2039 5159 pro-

473 5170 666 5223 redere
706 5182 756 5225 rt
785 5188 848 5225 ex
884 5174 1041 5228 Filio.
1082 5178 1236 5231 Aliud
1279 5182 1421 5247 quod
1458 5196 1553 5249 per
1576 5197 1764 5246 azyma
1794 5184 2039 5238 coniicit.

472 5268 661 5335 Atper
702 5268 937 5335 primum
977 5271 1109 5323 nihil
1145 5287 1332 5325 eorum
1366 5290 1487 5342 qua:
1529 5275 1582 5329 in
1621 5274 1903 5347 Scriptura
1953 5279 2038 5331 vel

475 5359 528 5411 in
562 5362 811 5415 conciliis
845 5373 994 5428 sunt,
1045 5366 1204 5421 tollit.
1251 5367 1470 5421 Dicente
1517 5373 1661 5423 enim
1691 5384 1847 5425 sacra
1881 5371 2036 5425 Scri-

469 5462 651 5520 ptura,
690 5457 833 5521 quod
858 5474 922 5510 ex
960 5459 1117 5513 Patre
1148 5462 1393 5529 procedit
1432 5461 1672 5532 Spiritus
1699 5476 1947 5525 sanctus,
1984 5478 2037 5519 et

467 5547 717 5601 conciliis
742 5549 996 5605 omnibus
1019 5550 1069 5605 id
1096 5552 1270 5621 ipsum
1303 5554 1633 5621 dicentibus,
1657 5555 1901 5610 Romana
1938 5556 2038 5609 Ec-

466 5639 633 5693 clesia
659 5640 846 5697 dicens
877 5652 930 5695 et
958 5659 1019 5697 ex
1053 5642 1216 5709 Filio,
1244 5660 1350 5699 non
1377 5648 1692 5715 oppositum
1722 5648 1928 5717 aliquid
1959 5648 2031 5702 illi

469 5732 618 5800 dicit,
653 5749 829 5805 neque
860 5737 1007 5807 ejirit
1038 5737 1190 5792 illud.
1226 5738 1341 5794 Non
1373 5742 1516 5793 enim
1544 5741 1584 5793 si
1615 5742 1856 5809 procedit
1886 5752 1937 5795 et
1968 5758 2031 5795 ex

2135 3156 2204 3211 At
2228 3170 2355 3208 vero
2404 3162 2628 3222 propter
2669 3153 2781 3206 haec
2835 3151 2975 3214 sola,
3028 3158 3084 3204 et
3118 3164 3226 3204 non
3270 3157 3491 3218 propter
3537 3149 3713 3215 aliud,

2137 3249 2291 3302 aiunt
2325 3262 2384 3301 se
2407 3244 2573 3300 dividi
2600 3244 2667 3299 ab
2690 3244 2805 3298 illa.
2838 3243 2957 3297 Non
2987 3256 3118 3311 ergo
3151 3241 3243 3297 illa
3276 3239 3519 3297 Ecclesia
3543 3244 3718 3297 haere-

2138 3343 2246 3396 tica
2287 3349 2368 3395 est
2397 3354 2491 3409 per
2517 3338 2631 3404 illa,
2667 3346 2890 3409 propter
2920 3352 3043 3407 quae
3077 3333 3179 3403 ipsi
3204 3335 3395 3390 dicunt
3416 3350 3475 3390 se
3502 3331 3718 3390 divisos

2137 3449 2305 3491 esse:
2352 3433 2479 3503 quia
2518 3433 2820 3488 secundum
2855 3446 2918 3485 ea
2956 3430 3009 3484 in
3064 3428 3435 3484 deﬁnitionem
3472 3428 3716 3483 haeretici

2136 3537 2247 3578 non
2271 3522 2440 3577 cadit.
2459 3519 2650 3575 Restat
2678 3534 2808 3588 ergo
2837 3519 2936 3573 hos
2960 3516 3346 3573 schismaticos
3377 3529 3502 3569 esse
3526 3530 3721 3570 neces-

2138 3615 2309 3676 sario,
2359 3614 2619 3683 quoniam
2655 3610 2998 3667 deﬁnitionis
3032 3609 3524 3664 scbismaticorntn
3573 3608 3715 3662 nihil

2140 3708 2425 3761 omittunt.
2479 3705 2829 3775 Quapropter
2862 3704 2992 3769 hoc,
3025 3711 3088 3757 ut
3120 3712 3276 3771 puto,
3318 3716 3426 3755 non
3477 3702 3719 3771 amplius

2140 3794 2457 3849 miraberis.

2202 3886 2283 3942 ‘Ut
2314 3894 2497 3939 autem
2528 3898 2706 3955 neque
2744 3882 2791 3938 si
2824 3881 3103 3937 audiveris
3140 3897 3229 3937 me
3266 3882 3585 3937 bareticum
3628 3899 3722 3938 vo-

2141 3992 2267 4032 care
2299 3993 2422 4031 eum
2454 3976 2546 4047 qui
2583 3991 2649 4030 ex
2677 3976 2796 4031 solo
2828 3974 2992 4029 Patre
3022 3975 3224 4029 asserit
3257 3975 3553 4044 procedere
3588 3974 3721 4045 Spi-

2142 4070 2308 4124 ritum
2341 4079 2617 4133 sanctum,
2669 4067 2962 4123 admireris
2992 4086 3006 4123 :
3050 4068 3174 4121 volo
3208 4067 3303 4121 tibi
3333 4081 3387 4123 et
3434 4068 3594 4141 hujus
3630 4086 3719 4125 ra-

2142 4163 2347 4219 tionem
2386 4165 2695 4232 assignare.

2169 4278 2181 4291 -
2214 4254 2543 4309 Dicebamus
2577 4252 2856 4323 superius,
2892 4252 3211 4308 baereticum
3237 4267 3359 4308 esse
3382 4269 3509 4308 eum
3539 4256 3635 4326 qui
3663 4258 3719 4311 in

2143 4348 2494 4418 dogmatibus
2529 4347 2748 4417 pietatis
2795 4346 2937 4416 sapit
2983 4346 3190 4416 aliquid
3219 4357 3273 4400 et
3300 4346 3437 4402 dicit
3466 4350 3723 4417 opposite

2146 4443 2459 4505 se-habeus,
2506 4441 2588 4496 vel
2629 4440 2695 4495 ad
2728 4440 2967 4494 divinam
3003 4438 3373 4509 Scripturam,
3412 4440 3497 4493 vel
3525 4440 3593 4494 ad
3626 4456 3723 4509 ge-

2146 4535 2330 4588 nerale
2361 4532 2679 4588 concilium.
2704 4535 2774 4587 At
2801 4547 2933 4587 vero
2968 4547 3142 4587 sacrae
3178 4530 3480 4602 Scriptura:
3509 4548 3723 4603 pugna-

2144 4626 2190 4682 ri
2237 4626 2526 4695 dupliciter
2553 4635 2676 4681 est:
2725 4626 2812 4679 vel
2864 4640 2990 4679 cum
3021 4625 3227 4694 aliquis
3256 4635 3403 4680 recte
3435 4624 3718 4694 intelligit,

2145 4720 2288 4787 quod
2316 4720 2388 4773 ait
2417 4720 2728 4789 Scriptura,
2762 4728 2817 4773 et
2846 4719 2896 4772 id
2934 4718 3114 4787 ipsum
3142 4718 3400 4787 proponit
3435 4721 3720 4774 contraria

2144 4809 2220 4864 illi
2261 4810 2467 4873 dicere,
2497 4808 2780 4864 aestimans
2826 4808 2972 4862 illam
3014 4808 3452 4876 mentiri;un
3492 4810 3721 4863 minime

2142 4903 2568 4969 estChristiani;
2596 4902 2680 4956 vel
2726 4917 2983 4957 asserens
3018 4901 3360 4970 Scripturam
3394 4901 3623 4954 omnino
3658 4914 3719 4955 se

2144 4998 2414 5065 venerari,
2440 4997 2582 5051 dicta
2605 4996 2744 5066 ejus,
2768 4996 2972 5065 quibus
2995 4996 3344 5061 contradicit,
3369 4995 3525 5048 aliter
3550 5008 3713 5065 quam

2144 5093 2347 5143 veritas
2378 5106 2435 5144 se
2473 5090 2657 5152 habet,
2701 5089 2956 5156 intelligit
2991 5098 3043 5141 et
3071 5088 3322 5157 exponit,
3358 5086 3507 5155 quod
3534 5088 3713 5141 solum

2142 5196 2224 5240 est
2255 5186 2520 5239 haeretici.
2548 5184 2690 5252 Ergo
2718 5199 2842 5237 cum
2878 5181 3225 5235 inveniamus
3262 5180 3499 5248 aliquem
3529 5179 3714 5243 talem,

2143 5288 2475 5347 pugnantem
2501 5279 2720 5347 quidem
2752 5278 2953 5331 divinae
2980 5277 3304 5347 Scriptura,
3336 5291 3443 5329 non
3472 5289 3717 5345 pugnare

2141 5386 2272 5425 vero
2304 5380 2664 5437 asset-cutem,
2689 5370 2755 5423 ad
2794 5370 2939 5438 quod
2975 5383 3076 5424 nos
3098 5369 3367 5440 judicium
3391 5366 3710 5431 referentes,

2144 5464 2516 5519 indubitanter
2547 5464 2810 5527 sciemus,
2846 5462 2991 5531 quod
3023 5468 3300 5531 pugnatur
3327 5469 3380 5513 et
3403 5460 3552 5531 juste
3590 5471 3718 5529 post

2142 5558 2324 5611 binam
2374 5555 2804 5609 admonitionem
2849 5556 3025 5623 ipsum
3073 5552 3489 5608 devitabimus?
3521 5554 3602 5605 An
3645 5552 3713 5605 ad

2139 5650 2371 5721 plures?
2419 5648 2523 5703 Sed
2559 5648 2649 5717 qui
2701 5636 2900 5702 melius
2930 5656 2983 5700 et
3036 5647 3353 5715 diligentius
3400 5645 3715 5717 intelligunt

2139 5758 2352 5797 sacrant
2389 5741 2750 5811 Scripturam,
2784 5742 3076 5810 pauciores
3099 5748 3246 5794 sunt.
3279 5738 3359 5793 An
3395 5739 3462 5794 ad
3496 5740 3713 5805 hosqui
