4122 6240
444 290 581 353 1313

1770 294 1921 357 PRO
1950 296 2279 361 LATINIS.

3538 304 3673 370 1314

432 409 486 464 in
522 406 723 463 divinis
762 408 1126 479 sapientiores
1153 417 1208 465 et
1236 407 1410 481 magis
1442 408 1642 466 eruditi
1695 410 1865 465 sunt?
1906 410 2002 467 sed
2032 414 2077 471 Δ
2104 427 2249 482 ccnt,
2278 417 2532 489 legitimis
2561 419 2909 490 pontificibus
2932 429 2984 477 et
3011 420 3274 479 canonice
3301 421 3672 479 sacerdotium

431 502 666 557 fortasse
700 501 789 556 ille
820 516 965 556 unus
1006 511 1093 556 est
1126 502 1373 559 omnium
1408 500 1847 571 sapientissimus
1887 518 1901 558 :
1947 512 2003 557 et

434 605 614 668 potest
644 595 759 650 ﬁeri
796 606 853 650 ut
882 596 935 651 id
963 596 1143 665 ipsum
1175 597 1458 652 verissime
1494 595 1737 651 omnium
1768 592 1885 663 ipse
1919 593 2002 648 in-

435 689 663 759 telligat.
698 690 780 744 An
811 692 876 745 ad
904 689 1181 758 digniores
1215 698 1271 745 et
1302 690 1739 746 dominantiores
1770 700 1822 745 et
1852 689 2003 760 prin-

432 783 765 852 cipaliores‘l
814 784 909 837 sed
943 784 1017 836 ait
1050 783 1336 852 Scriptura
1368 801 1381 839 :
1416 783 1470 838 Si
1502 784 1662 839 fuerit
1704 784 1999 838 revelatum

430 875 754 937 novissimo,
785 874 942 929 sileat
976 876 1216 942 primus.
1255 872 1405 927 Unde
1436 889 1543 928 non
1573 888 1787 943 semper
1817 888 2003 927 neces-

428 969 636 1024 sarium
676 980 762 1025 est
801 970 983 1024 verius
1014 969 1318 1039 intelligere
1350 984 1497 1033 eum,
1529 968 1622 1037 qui
1657 966 1865 1036 primus
1894 976 1998 1020 est.

427 1062 508 1113 An
545 1061 608 1114 ad
639 1076 755 1125 eos,
803 1059 897 1129 qui
942 1074 1218 1128 nunquam
1282 1060 1419 1112 alias
1460 1058 1714 1113 haeresim
1758 1056 1996 1125 aliquam

431 1153 775 1205 incurrerunt
806 1153 828 1203 ἲ
856 1152 950 1207 sed
986 1165 1328 1221 unaquaeque
1360 1150 1623 1213 Ecclesia,
1653 1164 1775 1220 qum
1806 1149 1999 1214 primi-

434 1255 519 1297 tus
548 1244 600 1298 in
630 1245 870 1313 aliquam
903 1244 1152 1299 haeresim
1193 1245 1407 1309 incidit,
1454 1243 1827 1312 superioribus
1858 1256 1998 1300 tem-

431 1336 657 1405 poribus
710 1336 977 1391 catholica
1014 1351 1233 1406 semper
1265 1347 1403 1391 erat.
1436 1334 1618 1401 Quare
1648 1345 1821 1406 potest
1881 1338 1996 1392 ﬂeri

428 1442 546 1482 eam
576 1443 699 1496 quae
724 1428 872 1495 prius
898 1444 1115 1497 semper
1148 1430 1448 1483 orthodoxa
1476 1439 1614 1494 erat,
1649 1430 1996 1499 postmodum

429 1520 481 1573 in
522 1521 768 1575 haeresim
801 1522 1016 1573 cadere.
1057 1522 1137 1573 An
1196 1523 1261 1574 ad
1296 1532 1519 1576 sanctos
1552 1522 1867 1586 nonnullos,
1904 1525 1994 1593 qui

428 1622 591 1684 prout
620 1628 718 1667 nos
763 1612 1020 1679 dicimus,
1050 1612 1365 1683 Scripturas
1402 1615 1721 1684 exponunt?
1750 1616 1855 1670 Sed
1887 1618 1998 1671 for-

430 1719 575 1762 tasse
610 1718 665 1762 et
705 1707 793 1761 hic
855 1710 942 1762 cui
1002 1709 1458 1772 contradicimns,
1514 1724 1738 1765 sanctus
1772 1721 1873 1765 cst.
1932 1710 1997 1764 Et

2110 510 2435 568 habentibus
2453 514 2735 570 constituit
2752 524 2803 570 et
2820 514 3035 570 ordinat
3056 516 3283 571 cuilibet
3307 530 3492 571 earum
3514 532 3672 571 suum

2106 604 2493 675 patriarchant.
2553 605 2753 662 Deinde
2790 619 2910 677 post
2956 608 3154 663 multos
3203 623 3376 665 annos
3424 609 3675 681 generale

2106 696 2396 752 concilium
2423 697 2725 761 celebrans,
2749 701 2815 752 de
2830 700 3021 755 eodem
3046 701 3162 769 ipso
3181 701 3423 757 omnium
3443 716 3672 756 assensu

2107 786 2368 851 declarat,
2407 788 2507 843 hoc
2559 803 2655 859 per
2686 786 3031 859 Scripturam
3079 790 3357 854 concludi,
3409 789 3673 860 Spiritum

2106 890 2355 935 sanctum
2385 896 2449 935 ex
2479 880 2635 937 Patre
2668 880 2934 952 Filioque,
2964 892 3222 953 tanquam
3243 898 3305 939 ex
3336 898 3443 938 uno
3472 884 3675 952 prioci-

2106 972 2217 1043 pio,
2248 973 2561 1043 procedere.
2593 974 2949 1045 Quapropter,
2977 977 3069 1043 qui
3110 978 3213 1050 hoc
3244 985 3426 1045 negat,
3459 986 3513 1030 et
3538 990 3671 1031 con-

2108 1070 2334 1120 trarium
2372 1067 2530 1136 sapit,
2572 1068 2842 1139 generalis
2872 1068 2981 1137 jam
3018 1068 3234 1125 concilii
3262 1068 3472 1139 judicio
3503 1082 3673 1122 sacra:

2106 1156 2405 1229 Scriptura:
2432 1168 2655 1230 pugnat.
2693 1158 2758 1215 Et
2798 1169 3081 1232 propterea
3118 1162 3170 1216 itt
3202 1160 3439 1216 haeretici
3481 1159 3675 1215 delini-

2107 1252 2308 1307 tionent
2342 1250 2629 1308 manifeste
2658 1252 2921 1317 incidens,
2955 1269 3127 1325 purus
3152 1254 3437 1309 haereticus
3460 1261 3565 1307 est.

2176 1340 2304 1397 llaec
2328 1351 2506 1398 autem
2539 1353 2589 1398 et
2626 1344 2692 1398 ad
2728 1354 2777 1400 te
2802 1345 3003 1411 scribo,
3032 1355 3084 1401 et
3119 1345 3184 1401 ad
3214 1345 3351 1401 alios
3386 1345 3529 1410 dico,
3564 1361 3671 1401 non

2106 1434 2489 1489 malevolentia
2510 1435 2711 1507 aliqua,
2728 1444 2778 1491 et
2801 1437 3217 1499 contumeliose,
3238 1437 3328 1492 sed
3354 1436 3670 1508 cupiditate,

2105 1534 2164 1580 ut
2189 1525 2427 1582 Ecclesia
2451 1526 2654 1583 Christi
2683 1528 2925 1593 uitiatur,
2951 1536 3003 1584 et
3036 1528 3099 1581 ad
3129 1528 3362 1597 seipsam
3388 1527 3590 1588 redeat.
3621 1538 3672 1583 et

2104 1633 2292 1673 omnes
2313 1617 2613 1674 Christiani
2644 1620 2693 1672 in
2726 1616 2829 1674 llde
2845 1629 2897 1674 et
2928 1620 3154 1674 veritate
3179 1619 3411 1686 idipsum
3434 1620 3668 1687 snpiant,

2103 1719 2155 1765 et
2177 1708 2461 1766 charitatis
2492 1711 2708 1765 vinculo
2736 1711 2840 1767 sibi
2863 1711 3093 1765 invicem
3123 1712 3487 1780 copulentur:
3524 1710 3670 1779 quod

429 1800 899 1870 quemadmodum
938 1802 991 1855 in
1022 1802 1129 1856 illis
1165 1803 1253 1856 alii
1280 1802 1399 1857 aliis
1434 1805 1893 1869 contradicentes,
1920 1814 1999 1858 ta-
2034 1773 2074 1831 Β
2106 1814 2164 1858 ut
2192 1814 2321 1873 puto
2354 1820 2461 1860 non
2504 1804 2555 1859 in
2587 1806 2806 1877 longum
2858 1805 3122 1870 eveniret,
3155 1804 3199 1860 si
3236 1806 3348 1858 haec
3384 1805 3517 1865 sola,
3551 1820 3671 1872 qme

431 1909 555 1949 men
588 1894 825 1949 hatreticl
860 1910 969 1949 non
1001 1906 1150 1959 sunt,
1187 1894 1258 1948 ita
1293 1905 1347 1949 et
1399 1896 1485 1950 hic
1506 1936 1520 1950 .
1556 1895 1743 1952 Restat
1772 1911 1903 1966 ergo
1931 1897 1996 1951 ad

421 1984 694 2053 judicium
727 1986 995 2055 generalis
1024 1986 1246 2040 concilii
1280 2002 1582 2042 recurrere.
1615 1987 1682 2041 At
1713 1990 1756 2042 si
1797 1989 2001 2041 videri-

433 2093 555 2132 mus
583 2077 737 2133 illum
771 2078 948 2147 ipsum
982 2093 1206 2133 sensum
1234 2078 1608 2135 determinans
1634 2085 1997 2151 quorumdam

429 2170 697 2226 dictorum
734 2170 1053 2239 Scriptura,
1095 2172 1183 2227 cui
1231 2182 1621 2243 repugnantem
1653 2189 1877 2229 sensum
1913 2174 1999 2229 hic

428 2262 760 2333 dogmatizat
799 2273 857 2319 et
883 2270 1050 2329 tenet,
1078 2264 1437 2320 indubitabile
1470 2266 1696 2322 omnino
1728 2266 1782 2321 tit
1818 2268 1995 2337 ipsum

428 2354 742 2409 haereticum
795 2370 942 2411 esse.
978 2356 1118 2426 Ergo
1152 2357 1200 2412 si
1232 2356 1361 2427 quis
1406 2358 1515 2411 tale
1565 2358 1619 2412 in
1652 2359 1997 2428 dogmatibus

424 2446 580 2513 dicit,
615 2456 673 2501 ut
704 2460 811 2501 non
847 2464 1014 2501 unum
1049 2448 1128 2502 vel
1165 2449 1299 2515 duo,
1324 2449 1418 2503 sed
1445 2450 1627 2503 omnia
1665 2465 1828 2519 supra
1854 2451 1996 2505 dicta

424 2545 478 2588 et
512 2535 765 2603 generale
788 2535 1077 2591 concilium
1098 2537 1153 2589 in
1184 2538 1524 2591 contrarium
1549 2552 1901 2604 concurrant,
1932 2555 1997 2595 ac

425 2629 479 2683 in
514 2629 890 2699 prejudicium
919 2632 1084 2686 simul
1118 2634 1365 2688 omnium
1403 2643 1663 2704 appareat
1698 2636 1875 2706 ipsum
1908 2652 1996 2691 sa~

423 2736 529 2777 crae
566 2721 863 2793 Scriptura:
898 2740 1140 2796 pugnare
1172 2742 1187 2779 :
1220 2726 1308 2781 hic
1337 2736 1415 2782 est
1454 2729 1701 2782 ninnium
1762 2728 1997 2783 manife-

422 2816 699 2871 stissimus
736 2817 1047 2873 htereticus.
1100 2819 1205 2873 Sed
1262 2818 1356 2890 qui
1388 2818 1523 2875 dicit
1562 2834 1625 2875 ex
1668 2820 1788 2876 solo
1832 2818 1995 2875 Patre

424 2906 718 2978 procedere
747 2909 1013 2978 Spiritum
1045 2920 1323 2977 sanctum,
1353 2912 1475 2965 talis
1503 2924 1607 2970 est.

492 3000 557 3054 Et
589 3010 646 3056 ut
674 3017 766 3072 per
799 3004 1058 3073 prredicta
1090 3004 1272 3058 omnia
1321 3013 1668 3061 transeamus
1697 3023 1711 3061 :
1744 3005 1990 3063 Primum

2101 1895 2198 1951 tibi
2234 1896 2439 1959 scribo,
2480 1895 2531 1950 in
2571 1906 2805 1949 mentem
2839 1895 3096 1949 omnibus
3142 1896 3411 1948 venirent.
3456 1894 3586 1947 Nam
3624 1895 3669 1948 si

2100 2004 2425 2061 persuasqu
2461 1986 2654 2043 fuisset
2684 1987 2764 2042 eis
2792 1986 2845 2041 in
2881 2002 2992 2057 quo
3024 1987 3168 2040 malo
3196 1997 3345 2053 sunt,
3378 1988 3535 2042 facile
3566 1988 3672 2041 uti-

2100 2096 2207 2151 que
2241 2090 2294 2134 et
2325 2080 2492 2149 hujus
2526 2079 2906 2134 liberationem
2937 2080 3466 2147 quaererent.Quare
3510 2080 3667 2143 nihil,

2100 2159 2163 2227 ut
2184 2172 2415 2235 :estimo,
2446 2172 2857 2228 benevolentins
2887 2186 2989 2241 pro
3022 2166 3278 2227 omnibus
3305 2175 3673 2229 communiter

2101 2266 2214 2319 fieri
2252 2274 2448 2334 potest,
2482 2280 2645 2335 quam
2684 2265 2729 2320 si
2760 2266 2886 2319 talia
2920 2265 2985 2319 ad
3021 2280 3116 2320 eos
3144 2264 3405 2320 dicantur
3445 2276 3497 2321 et
3528 2265 3669 2321 scri-

2098 2358 2318 2414 bantur.

2099 2471 2351 2539 Ejusdem
2385 2472 2587 2525 domini
2620 2470 2919 2533 Barlaami,
2943 2472 3172 2539 episcopi
3190 2470 3523 2540 Cyracensis,
3541 2484 3665 2537 pro-

2172 2544 2314 2595 batio
2341 2560 2431 2609 per
2469 2559 2677 2595 sacrum
2717 2540 3075 2606 Scripturam,
3107 2542 3246 2610 quod
3275 2540 3507 2610 Spiritus
3537 2556 3664 2592 san-

2167 2624 2280 2666 ctus
2304 2624 2353 2666 et
2384 2629 2447 2667 ea:
2482 2611 2624 2665 Filio
2654 2622 2752 2677 est,
2774 2609 3215 2681 quemadmodum
3241 2622 3285 2665 et
3318 2626 3382 2663 ex
3411 2609 3590 2664 Patre.

2162 2726 2395 2781 Domino
2425 2736 2615 2781 nostro
2649 2723 2777 2779 Jesu
2819 2723 3039 2779 Christo
3082 2724 3308 2793 jubente
3340 2722 3500 2777 nobis
3544 2737 3667 2792 per-

2094 2820 2327 2875 scrutari
2378 2818 2713 2889 Scripturas,
2745 2818 2854 2872 duo
2884 2817 3009 2871 hinc
3042 2816 3424 2884 intelligimus.
3455 2812 3663 2878 Unum,

2092 2912 2236 2982 quod
2292 2912 2508 2981 pietatis
2561 2913 2813 2981 dogmata
2847 2927 2953 2964 non
2987 2909 3101 2963 sola
3138 2920 3265 2963 sunt
3306 2909 3415 2974 illa,
3446 2924 3565 2979 quae
3596 2923 3661 2961 ex

2093 3003 2276 3057 Verbis
2307 3002 2441 3072 ipsis
2479 3002 2791 3057 immediate
2818 3016 2847 3055 a
2881 3000 3166 3070 Scriptura
3204 3001 3500 3055 traduntur
3524 3040 3541 3066 ,
3569 3015 3668 3056 ve-

423 3092 468 3147 si
500 3093 622 3164 quis
648 3094 839 3163 quaerit
869 3104 923 3150 et
949 3096 1199 3165 proponit
1225 3096 1463 3165 plurium
1496 3096 1787 3166 judicium,
1811 3102 1992 3172 siqui-
2020 3081 2064 3140 (ἶ
2096 3108 2219 3149 rum
2240 3094 2403 3149 etiam
2432 3102 2563 3149 sunt
2593 3093 2718 3159 alia,
2739 3107 2860 3163 quae
2883 3107 2980 3162 per
3001 3107 3221 3147 sensum
3244 3092 3515 3148 dictorum
3545 3110 3665 3164 per-

424 3185 545 3240 detu
566 3186 749 3254 plures
777 3185 928 3251 dicit,
952 3200 1059 3240 non
1085 3185 1247 3241 rudes
1268 3196 1321 3241 et
1348 3187 1673 3252 illitteratos,
1702 3193 1792 3244 sed
1813 3189 1997 3261 legen-

428 3288 509 3334 tes
538 3294 749 3335 sacram
785 3278 1126 3350 Scripturam
1154 3287 1209 3334 et
1239 3278 1571 3334 intellectum
1606 3283 1869 3337 lectorum
1902 3291 1993 3338 ut-

419 3388 638 3443 cunque
677 3380 992 3443 sequentes.
1023 3385 1132 3425 non
1166 3370 1353 3441 utique
1401 3371 1639 3427 inveniet
1672 3374 1759 3427 hic
1792 3382 1869 3428 tot
1913 3382 1997 3429 ta-

420 3468 520 3530 les,
548 3476 681 3535 quot
702 3475 943 3520 centena:
967 3465 1159 3520 talium
1196 3464 1249 3518 in
1287 3462 1640 3519 illisinveniri
1676 3474 1926 3536 possunt.

492 3554 549 3609 Si
588 3570 717 3611 vero
766 3556 1161 3624 sapientiorum
1192 3556 1246 3608 in
1284 3554 1480 3609 divinis
1510 3564 1563 3609 et
1597 3558 1769 3626 magis
1803 3557 1993 3612 erudi-

422 3657 603 3705 torum
630 3648 897 3719 judicium
930 3648 1180 3718 prafers,
1215 3647 1267 3701 in
1300 3647 1410 3704 illis
1442 3648 1660 3717 quidem
1694 3650 1890 3703 intiniti
1914 3652 1995 3704 in-

423 3742 735 3809 venientur,
773 3742 841 3796 ita
890 3740 944 3795 in
974 3742 1079 3795 line
1108 3740 1391 3797 exercitati
1434 3755 1559 3810 erga
1592 3756 1803 3797 sacram
1840 3741 1989 3796 Serio

422 3845 665 3905 pluram,
701 3843 759 3887 ut
789 3834 975 3887 audito
1012 3833 1196 3904 aliquo
1228 3848 1294 3887 ex
1328 3847 1391 3887 ea
1426 3833 1595 3896 dicto,
1641 3833 1835 3888 habeat
1865 3832 1992 3901 qni-

421 3929 559 3983 libet
582 3943 769 3982 eorum
804 3928 988 3983 statim
1025 3928 1331 3997 assignare,
1355 3937 1409 3982 et
1436 3942 1499 3982 ex
1523 3941 1629 3996 quo
1658 3926 1798 3981 libro
1824 3935 1879 3981 et
1902 3941 1993 3981 ca-

422 4020 593 4090 pitqu
613 4028 717 4081 est,
741 4028 794 4074 et
817 4018 943 4088 quis
961 4016 1120 4085 hujus
1142 4017 1273 4072 dicti
1296 4032 1514 4084 sensus,
1531 4027 1584 4071 et
1604 4016 1781 4073 adhuc
1806 4032 1992 4088 prom-

420 4122 541 4181 ptus
562 4112 633 4165 sit
649 4111 714 4165 ad
736 4110 917 4165 omnia
938 4109 1237 4165 dubitanda
1256 4109 1615 4179 probabiliter
1635 4112 1989 4179 respondere.

420 4203 517 4258 His
533 4220 657 4257 cum
680 4204 897 4257 locutus
923 4201 1149 4257 fuissem
1172 4215 1315 4271 saepe
1335 4202 1756 4269 sapientissimis
1778 4217 1988 4269 eorum,

421 4294 665 4345 nomium
709 4291 945 4360 aliquem
983 4290 1146 4345 talem
1181 4290 1386 4346 inveni.
1428 4289 1566 4346 Puto
1596 4302 1777 4346 autem
1812 4308 1991 4362 neque

423 4401 547 4441 esse
564 4401 753 4441 eorum
776 4384 933 4440 talem
960 4386 1221 4454 aliquem.
1241 4385 1296 4439 Si
1316 4400 1443 4439 vero
1460 4384 1736 4457 digniores
1758 4395 1810 4440 et
1836 4388 1987 4457 prin-

417 4477 709 4547 cipaliores
738 4486 791 4531 et
832 4476 1270 4531 dominantiores
1312 4480 1515 4546 quaeris
1540 4518 1555 4543 ,
1594 4476 1831 4532 Ecclesia
1886 4478 1990 4530 Ru-

418 4583 576 4620 tnaua
600 4578 702 4628 est,
719 4582 839 4636 qua:
862 4567 1021 4620 habet.
1047 4568 1098 4618 in
1126 4568 1416 4621 universali
1448 4568 1686 4622 Ecclesia
1709 4584 1983 4623 summum

417 4670 472 4714 et
492 4660 873 4729 dignissimum
900 4659 1103 4715 locum.
1124 4657 1181 4713 Si
1204 4675 1330 4714 vero
1354 4677 1446 4715 eos
1466 4662 1556 4729 qui
1583 4642 1824 4714 nondum
1848 4662 1986 4716 alias

420 4752 473 4805 in
505 4751 751 4805 haeresim
787 4753 1097 4805 ceciderunt
1128 4792 1141 4816 ,
1184 4751 1301 4821 ipsa
1354 4755 1470 4806 sola
1508 4761 1611 4817 est,
1648 4753 1714 4805 de
1749 4753 1987 4822 quinque

418 4842 700 4908 Ecclesiis,
722 4860 842 4913 quae
864 4844 987 4912 jure
1012 4854 1186 4913 potest
1219 4846 1319 4897 hoc
1345 4846 1589 4914 gloriari.
1625 4846 1679 4899 Si
1714 4860 1841 4899 vero
1858 4861 1986 4900 san-

418 4949 539 4993 ctos
565 4978 580 5003 ,
608 4938 853 4990 invenies
891 4946 1141 4991 sanctum
1180 4936 1443 5007 Cyrillum
1480 4947 1534 4992 et
1584 4948 1833 4993 sanctum
1874 4938 1984 4991 Au-

418 5032 720 5101 guStinum,
772 5031 911 5083 dicta
944 5030 1235 5099 Scriptura:
1277 5032 1620 5101 exponendo,
1672 5031 1989 5100 planissime

418 5126 699 5177 traJentes
718 5130 849 5175 etex
880 5120 1015 5175 Filio
1046 5122 1305 5191 Spiritum
1328 5136 1468 5176 esse.
1502 5120 1556 5176 Si
1591 5138 1717 5176 vero
1738 5122 1989 5191 generale

417 5214 747 5278 concilium,
777 5214 971 5268 ethoc.
997 5217 1130 5278 Quia
1161 5214 1303 5268 enim
1336 5213 1388 5266 bi
1419 5215 1744 5283 patriarchae
1770 5224 1993 5284 aposto-

415 5308 576 5361 licam
596 5308 952 5362 deseruerunt
988 5308 1191 5372 sedem,
1212 5316 1264 5361 et
1296 5308 1669 5377 irnperialihus
1733 5308 1986 5378 preposio

419 5402 665 5453 tionibus
714 5415 771 5451 se
796 5400 943 5467 ipsos
970 5398 1150 5467 petius
1181 5397 1469 5461 dederunt,
1494 5397 1623 5452 etin
1648 5398 1982 5453 schismatici

417 5498 708 5555 rationem,
744 5502 804 5545 ut
852 5503 1134 5545 ostensum
1185 5500 1286 5556 est,
1326 5490 1693 5545 ceciderunt:
1747 5493 1980 5559 primum

416 5583 636 5653 quidem
669 5581 1028 5637 Ecclesiarum
1057 5591 1245 5647 mater,
1272 5597 1339 5636 ne
1368 5580 1677 5652 hujusmodi
1701 5583 1855 5638 sedes
1885 5598 1981 5639 va-

494 5760 539 5793 "
582 5760 740 5818 Joan.
792 5776 845 5827 v,
906 5760 996 5815 39.
1077 5761 1118 5792 "
1182 5759 1222 5815 ll
1262 5760 1391 5815 Cor.
1429 5774 1508 5827 ut,
1553 5758 1609 5811 6.

2095 3186 2469 3242 scrutantibus
2506 3186 2660 3241 nobis
2681 3185 3021 3240 elucescunt.
3056 3184 3218 3239 Aliud
3242 3194 3347 3249 est,
3383 3187 3529 3255 quod
3564 3188 3667 3244 de-

2093 3279 2303 3335 bitores
2324 3293 2537 3341 sumus,
2568 3291 2678 3335 non
2706 3276 2821 3331 sola
2854 3291 2976 3346 quas
3002 3276 3182 3331 verbis
3213 3288 3461 3347 prompte
3492 3279 3667 3349 signi-

2094 3370 2330 3424 ﬁcantur
2364 3380 2568 3433 tenere,
2604 3384 2791 3423 verum
2826 3370 2993 3424 etiam
3038 3370 3125 3423 illa
3156 3385 3276 3438 quae
3311 3384 3407 3438 per
3438 3385 3664 3424 sensum

2090 3475 2277 3516 eorum
2305 3471 2609 3529 emergunt.
2647 3458 2782 3513 Nam
2829 3459 2873 3513 si
2905 3470 3099 3529 przeter
3129 3475 3189 3514 ea
3228 3476 3349 3529 quae.
3381 3461 3548 3516 verbo
3584 3466 3664 3514 st-

2093 3553 2439 3624 gnillcantur,
2472 3570 2577 3607 non
2600 3563 2861 3622 apparent
2896 3564 2949 3607 et
2978 3554 3081 3605 alia
3107 3570 3169 3607 ex
3202 3556 3469 3609 dictorum
3495 3570 3661 3611 sensu

2092 3645 2350 3700 similiter
2375 3644 2481 3697 illis
2515 3644 2835 3697 exsistentia
2876 3643 2940 3696 ad
2987 3642 3144 3695 (idem
3183 3645 3517 3708 necessaria,
3552 3661 3660 3697 non

2093 3740 2278 3806 utique
2352 3736 2580 3791 dixisset
2636 3754 2649 3790 :
2718 3734 3138 3789 Pcrscrutamiui
3197 3734 3511 3805 Scripturas
3564 3736 3607 3769 ¹⁸
3644 3776 3657 3789 .

2091 3831 2171 3885 Ad
2250 3830 2497 3885 facienda
2558 3832 2699 3882 enim
2762 3834 3051 3900 ea,!qu:e
3123 3829 3288 3883 verbo
3351 3830 3663 3886 immediate

2092 3924 2491 3994 signiﬁcantur,
2530 3923 2728 3992 illaqno
2765 3923 2881 3979 sola
2919 3922 3179 3986 tenenda,
3215 3938 3318 3975 non
3346 3932 3660 3993 perscruta-

2096 4018 2241 4073 tione
2268 4059 2282 4083 ,
2308 4017 2401 4071 sed
2430 4016 2659 4071 lectione
2685 4014 2797 4069 sula
2829 4030 2967 4084 opus
2992 4025 3156 4068 esset.
3183 4014 3363 4081 Quare
3390 4014 3658 4071 dixisset:

2095 4108 2271 4180 Legite
2288 4108 2612 4177 διήρτηται.
2653 4108 2897 4177 ldipsum
2921 4106 3297 4177 intelligimus,
3316 4116 3369 4161 et
3397 4110 3663 4178 Apostolo

2093 4206 2160 4257 ad
2221 4201 2535 4258 Corinthios
2602 4200 2816 4255 dicente
2865 4200 3117 4254 :Littera
3164 4200 3379 4265 occidit,
3428 4199 3660 4270 Spiritus

2092 4304 2269 4350 autem
2328 4295 2556 4360 viviﬁcat
2601 4295 2643 4326 "
2699 4310 2713 4346 :
2776 4294 3007 4347 litteram
3076 4292 3291 4346 dicente
3359 4293 3450 4359 id,
3514 4296 3657 4361 quod

2094 4398 2337 4457 prompte
2369 4387 2421 4440 in
2466 4386 2749 4455 Scriptura
2784 4402 2878 4455 per
2910 4402 3098 4439 vocem
3132 4385 3505 4456 signiﬁcatur,
3535 4386 3659 4456 Spi-

2094 4485 2256 4537 ritum
2288 4495 2418 4535 vero
2467 4480 2543 4543 id,
2581 4478 2723 4548 quod
2779 4493 2872 4546 per
2912 4478 3149 4530 debitam
3184 4477 3557 4529 scrutationem
3603 4477 3658 4531 in

2094 4573 2374 4641 Scriptura
2400 4588 2491 4641 per
2510 4586 2730 4625 sensum
2756 4568 3044 4625 conﬂatur.
3065 4568 3202 4636 Ergo
3228 4573 3271 4623 si
3297 4568 3425 4636 qttid
3445 4584 3659 4632 eorum,

2094 4681 2214 4736 quas
2239 4666 2303 4719 de.
2335 4665 2443 4718 Deo
2471 4664 2874 4732 intelligttotur,
2897 4662 2967 4714 ita
2994 4677 3052 4714 se
3079 4661 3235 4713 habet
3274 4660 3326 4713 in
3353 4662 3659 4728 Scriptura,

2092 4767 2151 4810 ttt
2176 4756 2225 4809 id
2268 4754 2485 4821 quidem
2522 4762 2667 4808 recta
2698 4752 2839 4806 facta
2871 4750 3289 4821 investigatione
3318 4766 3413 4819 per
3440 4766 3659 4805 omnem

2093 4858 2350 4917 appareat
2390 4845 2759 4914 Scripturam,
2792 4845 2911 4913 ejus
2948 4860 3073 4898 vero
3130 4844 3444 4913 oppositum
3483 4858 3661 4912 neque

2091 4954 2154 4993 ex
2193 4954 2346 5003 voce,
2382 4953 2556 5007 neque
2583 4953 2644 4991 cx
2674 4952 2836 4990 sensu
2865 4934 3157 5005 Scriptura!
3190 4933 3503 4989 necessario
3529 4948 3663 4988 con-

2090 5030 2360 5095 cludatur,
2389 5041 2443 5084 et
2468 5030 2650 5083 adhuc
2677 5040 2995 5084 Sanctorum
3028 5038 3346 5083 nostrorum
3372 5031 3658 5081 doctorum

2092 5122 2201 5177 sint
2253 5120 2520 5181 nonnulli,
2556 5120 2646 5188 qui
2678 5119 3002 5188 exponendo
3042 5118 3283 5171 divinam
3322 5116 3661 5188 Scripturam

2091 5214 2326 5282 idipsum
2362 5212 2644 5266 manifeste
2674 5211 3002 5266 concludant
3040 5220 3093 5263 et
3116 5208 3333 5263 tradant
3385 5228 3398 5262 :
3430 5207 3663 5261 manife-

2094 5315 2260 5370 stum,
2290 5304 2433 5375 quod
2470 5306 2839 5359 necessarium
2880 5316 2961 5358 est
2998 5302 3101 5357 hoc
3139 5301 3348 5355 admitti
3388 5308 3441 5355 et
3469 5300 3657 5355 credi:

2094 5406 2173 5462 ut,
2198 5398 2439 5466 inquam,
2460 5397 2515 5450 in
2540 5396 2722 5451 divina
2750 5396 3029 5465 Scriptura
3052 5393 3290 5463 Spiritus
3314 5400 3541 5445 sanctus
3561 5406 3659 5443 ue-

2093 5505 2200 5560 que
2233 5490 2376 5559 quod
2412 5490 2715 5544 substantia
2738 5496 2840 5549 est,
2882 5503 3058 5556 neque
3084 5487 3225 5556 quod
3264 5485 3515 5539 accidens
3550 5490 3657 5545 est,

2092 5584 2356 5646 scriptum
2382 5594 2465 5639 est
2490 5599 2506 5650 ;
2532 5584 2626 5639 sed
2645 5595 2763 5636 esse
2788 5581 2937 5635 illum
2966 5577 3356 5643 substantiam,
3383 5591 3447 5631 ex
3479 5570 3660 5628 omni-
