4086 6228
507 281 653 360 11315

1609 292 2009 354 BARI.AAMI
2047 291 2143 353 DE
2181 293 2470 356 SEMINA
2485 295 2617 355 RM

3624 295 3764 363 i316

507 414 690 470 busde
717 429 784 470 eo
801 413 962 470 dictis
985 414 1040 469 in
1060 413 1344 486 Scriptura
1397 409 1787 470 concluditur:
1817 430 1942 472 esse
1960 431 2090 471 vero
2120 421 2164 475 Α
2191 414 2317 470 dem
2348 415 2418 471 de
2464 415 2798 471 animalibus
2838 413 3098 471 dicuntur
3125 424 3182 471 et
3213 415 3449 473 maxime
3479 415 3547 471 de
3584 415 3766 475 homi-

506 507 660 561 illum
696 505 968 568 accidens,
1006 505 1322 562 nullatenus
1354 507 1605 562 concludi
1636 517 1837 577 potest.

577 600 843 655 Praeterea
862 599 1001 655 sacri
1026 602 1194 655 nostri
1216 601 1488 667 doctores,
1510 611 1848 672 exponentes
1864 615 2080 657 sacram

500 691 842 763 Scripturam
890 693 1065 758 aiunt,
1126 693 1378 750 concludi
1428 710 1494 750 ex
1544 712 1630 758 ea,
1699 712 1811 750 non
1866 706 2077 750 tantum

499 785 678 855 ipsum
713 786 1077 841 substantiam
1118 796 1259 852 esse,
1314 804 1503 842 rerum
1562 789 1729 842 etiam
1779 790 2076 844 increatam

501 877 859 934 substantiam
905 888 960 932 et
977 879 1499 936 consubstantialem
1534 879 1699 934 Patri.
1728 877 1867 949 Ergo
1885 895 2080 935 neces-

498 973 703 1025 sarium
735 982 820 1026 est
847 981 903 1026 et
928 971 1084 1027 nobis
1136 971 1240 1027 hoc
1268 973 1491 1029 credere
1519 981 1572 1027 et
1587 973 1857 1028 conﬁteri.
1885 972 2079 1028 Simile

499 1061 668 1131 igitur
697 1061 826 1118 lruic
845 1073 952 1126 est,
988 1073 1042 1120 et
1063 1063 1211 1133 quod
1232 1065 1475 1133 Spiritus
1504 1075 1731 1120 sanctus
1773 1065 1934 1120 habet
1956 1081 2078 1120 esse

497 1172 564 1210 ex
604 1151 772 1222 Filio;
807 1158 948 1212 sicut
967 1173 1031 1213 ex
1055 1158 1238 1212 Patre.
1264 1158 1376 1213 Hoc
1401 1159 1545 1213 enim
1571 1175 1666 1228 per
1691 1173 1900 1214 sacram
1926 1159 2078 1214 Scri-

499 1257 714 1319 pturam
750 1237 989 1319 legitime
1039 1249 1494 1320 investigantihns
1543 1268 1660 1305 eam
1727 1263 1987 1321 apparet:
2023 1262 2078 1308 et

500 1341 656 1395 multi
713 1356 994 1396 sacrorum
1047 1354 1362 1397 nostrorum
1401 1345 1687 1398 ductorum
1724 1357 2076 1416 exponentes

498 1434 865 1503 Srripturam,
900 1435 1189 1490 manifeste
1230 1436 1284 1490 id
1335 1437 1513 1506 ipsum
1546 1439 1836 1492 enuntiant
1870 1457 1884 1492 :
1913 1439 2075 1495 sicuti

495 1538 730 1582 sanctus
763 1529 1107 1594 Augustinus
1150 1529 1202 1583 in
1238 1530 1422 1584 multis
1453 1533 1570 1586 suis
1597 1533 1837 1600 scriptis,
1865 1543 1918 1587 ct
1945 1547 2076 1587 san~

497 1630 620 1674 ctus
661 1619 896 1690 Cyri'lus
929 1620 981 1672 in
1010 1619 1171 1674 dictis
1205 1621 1320 1674 suis
1355 1619 1672 1685 Thesauris,
1710 1634 1870 1691 prout
1902 1633 2076 1692 potest

498 1714 816 1783 qniClllquC
881 1714 989 1768 vult
1039 1714 1302 1782 inspectis
1345 1730 1536 1769 eorum
1575 1717 1835 1785 Operihus
1890 1717 2073 1771 videre

2191 508 2392 564 nibus:
2427 524 2528 579 ego
2558 525 2688 565 vero
2727 508 2954 563 vocibus
3008 509 3420 580 praetermissis,
3469 509 3620 578 ipsas
3675 522 3766 564 nec

2188 602 2489 656 secundum
2519 617 2580 656 ea
2611 618 2732 673 qua:
2759 603 2919 658 nobis
2947 604 3143 658 tradita
3172 612 3325 670 sunt,
3359 601 3763 672 contemplans,

2187 707 2251 749 ac
2281 695 2499 750 modum
2530 695 2702 759 illum,
2722 711 2831 767 quo
2857 693 3205 752 DelVerbum
3233 696 3394 752 habet
3419 711 3542 751 esse
3565 711 3635 753 ex
3664 696 3765 750 Pa—

2189 797 2290 852 tre,
2321 803 2647 858 comparans
2680 791 2916 847 ﬁliorum
2975 790 3115 862 apud
3146 806 3249 846 nos
3265 790 3604 861 generationi
3636 789 3762 843 :vi-

2186 880 2286 933 deo
2319 881 2469 935 illum
2503 883 2801 952 plurimum
2834 885 2883 939 ei
2916 883 3247 939 dissimilem
3281 900 3297 950 ;
3331 898 3493 952 quam
3525 898 3662 937 sero
3689 881 3764 936 si-

2188 971 2551 1027 militudinem
2603 975 2957 1044 apprehendo
3007 975 3159 1031 illius
3204 979 3271 1029 ad
3303 975 3466 1038 hanc.
3512 972 3760 1027 eamdem

2187 1062 2564 1119 intliﬂerenter
2594 1066 2748 1120 video
2784 1081 2907 1121 esse
2940 1075 2994 1121 et
3020 1067 3191 1129 modi.
3229 1080 3338 1137 quo
3363 1063 3524 1120 Pater
3553 1064 3763 1133 princi-

2186 1156 2336 1224 pium
2393 1169 2475 1211 est
2511 1156 2772 1226 Spiritus.
2809 1158 3042 1213 Attende
3079 1159 3224 1213 enim
3249 1198 3265 1224 ,
3313 1168 3371 1212 ut
3411 1157 3650 1228 primum
3694 1152 3761 1209 de

2184 1245 2636 1302 dissimilitudine
2674 1263 2866 1303 eorum
2898 1250 3101 1304 diram.

2259 1339 2392 1393 Seth
2418 1357 2526 1395 non
2561 1358 2628 1396 ex
2670 1345 2793 1397 solo
2817 1352 2901 1397 est
2950 1342 3148 1406 Adam,
3177 1341 3268 1397 sed
3303 1355 3372 1395 ex
3407 1353 3473 1394 eo
3518 1347 3574 1393 et
3611 1336 3756 1391 Eva:

2183 1440 2238 1486 et
2277 1448 2386 1486 non
2411 1435 2596 1500 simul,
2631 1452 2808 1505 neque
2827 1452 2926 1505 per
2953 1436 3207 1490 eumdem
3239 1436 3484 1488 modum.
3520 1431 3758 1486 Verbum

2185 1539 2313 1580 vero
2345 1527 2455 1580 illic
2503 1542 2568 1582 ex
2609 1529 2728 1582 solo
2772 1529 2929 1584 Patre
2965 1539 3068 1583 est.
3103 1529 3164 1582 Et
3189 1528 3317 1583 Seth
3351 1543 3459 1580 non
3493 1535 3579 1579 est
3608 1535 3760 1578 totus

2184 1633 2250 1672 ex
2270 1628 2383 1672 tom
2409 1620 2605 1683 Adam,
2632 1621 2730 1675 sed
2767 1623 2817 1675 id
2847 1622 2990 1691 quod
3028 1623 3290 1676 emissum
3313 1629 3394 1674 est
3416 1619 3672 1688 primitus
3689 1631 3753 1671 ex

2185 1713 2381 1776 Adam,
2419 1729 2598 1781 neque
2634 1714 2800 1768 homo
2849 1731 3024 1783 neque
3060 1715 3260 1768 animal
3311 1726 3413 1775 est.
3442 1714 3534 1766 sed
3570 1727 3755 1767 semen

495 1805 642 1875 quod
676 1807 821 1860 ilico.
850 1803 1022 1874 llujus
1055 1821 1185 1860 vero
1214 1808 1544 1876 oppositum,
1572 1807 1715 1878 quod
1736 1817 1838 1871 est,
1872 1825 1935 1863 ex
1963 1810 2078 1863 solo
2111 1791 2154 1850 Β
2185 1819 2280 1872 per
2311 1805 2455 1872 quod
2484 1807 2536 1860 in
2570 1807 2727 1861 vulva
2769 1809 2958 1862 matris
2983 1807 3111 1862 Seth
3160 1807 3411 1862 conditus
3434 1816 3535 1867 est.
3582 1820 3758 1875 neque

498 1898 658 1952 Patre
689 1900 982 1969 procedere
1008 1899 1272 1968 Spiritum
1299 1912 1572 1964 sanctum,
1596 1910 1651 1954 et
1680 1915 1784 1953 nun
1820 1917 1885 1954 ex
1915 1899 2074 1966 Filio,

497 1991 810 2046 nullatenus
845 2006 938 2060 per
971 1990 1308 2060 Scripturam
1340 1994 1593 2047 concludi
1635 2003 1836 2062 potest.
1967 2063 1972 2068 _

579 2082 663 2136 llli
691 2082 834 2137 enim
866 2083 959 2153 qui
983 2084 1124 2137 hanc
1156 2082 1815 2155 delcnduntopinionem,
1845 2086 2078 2142 credunt

495 2188 556 2230 se
581 2174 784 2228 habere
821 2175 1162 2244 potissimum
1196 2176 1494 2246 it'ludquod
1537 2177 1799 2233 Dominus
1821 2179 1930 2234 ait:
1971 2179 2077 2245 Qui

494 2286 530 2322 a
550 2267 711 2324 Patre
744 2271 978 2339 procedit
1003 2288 1022 2334 ;
1052 2271 1276 2326 minime
1309 2287 1439 2325 vero
1465 2286 1562 2340 per
1585 2272 1684 2326 huc
1707 2272 2076 2340 concluditur,

492 2365 641 2432 quod
678 2379 743 2418 ex
786 2365 903 2419 solo
940 2363 1100 2420 Patre
1132 2383 1147 2432 ;
1185 2365 1414 2419 nimium
1450 2365 1594 2420 enim
1628 2364 1858 2420 interest
1892 2367 2077 2422 dicere

493 2457 699 2527 aliquid
728 2458 1087 2527 simpliciter,
1109 2466 1165 2513 et
1184 2458 1365 2513 dicere
1386 2457 1440 2512 id
1462 2458 1640 2528 ipsum
1667 2459 2074 2528 distinguendo,

489 2551 631 2618 quod
654 2552 847 2606 solum.
877 2551 934 2604 ln
967 2551 1154 2605 multis
1185 2551 1331 2605 enim
1357 2567 1525 2605 unntn
1561 2562 1645 2606 est
1672 2567 1884 2612 verum.
1926 2555 2073 2607 aliud

495 2641 695 2699 falsum
727 2663 740 2699 :
780 2652 967 2714 utpote
993 2644 1038 2699 si
1068 2644 1286 2698 dicatur
1311 2642 1511 2698 Filium
1534 2661 1656 2700 esse
1679 2643 1844 2700 Deum
1882 2663 2072 2702 verum

491 2736 562 2791 de
593 2735 700 2791 Deo
732 2753 881 2803 vero,
914 2753 1101 2793 verum
1133 2747 1239 2793 est.
1281 2737 1338 2794 Si
1376 2753 1503 2793 vero
1531 2739 1745 2795 dicatur
1776 2741 1951 2796 solum
1988 2739 2079 2796 Fi-

488 2829 627 2882 lium
660 2844 780 2883 esse
815 2829 982 2884 Deum
1032 2845 1219 2884 verum
1270 2831 1338 2885 de
1380 2829 1490 2887 Deo
1523 2832 1682 2896 v‘lzro,
1743 2831 1940 2886 falsum
1972 2841 2074 2888 est.

488 2918 551 2972 Id
589 2920 765 2988 ipsum
793 2929 846 2973 et
875 2920 928 2973 in
953 2920 1076 2974 aliis
1111 2921 1366 2991 plurimis
1393 2921 1667 2977 invenies.
1700 2921 1816 2978 Non
1837 2939 1968 2994 ergo
1988 2924 2074 2978 di-

490 3022 600 3076 cto,
627 3014 770 3083 quod
805 3029 869 3068 ex
919 3011 1080 3070 Patre
1108 3014 1357 3084 procedit
1384 3013 1647 3084 Spiritus.
1679 3016 1944 3071 continuo
1980 3032 2075 3088 per

492 3105 597 3160 hoc
615 3107 929 3161 necessario
947 3108 1316 3173 concluditur,
1339 3108 1484 3175 quod
1506 3124 1572 3164 ex
1601 3109 1752 3166 solo:
1779 3111 1872 3166 sed
1899 3122 2074 3180 quan-

2179 1909 2245 1948 ex
2280 1907 2390 1950 toto
2419 1898 2592 1952 Adam
2635 1899 2914 1969 prodiens.
2957 1897 3069 1955 lllie
3100 1915 3231 1954 vero
3273 1911 3418 1954 totus
3475 1897 3646 1954 Filius
3689 1914 3754 1954 ex

2182 1985 2341 2040 Patre
2381 1996 2518 2043 toto.

2253 2077 2316 2131 Et
2349 2079 2436 2133 hic
2459 2090 2620 2137 natus
2651 2079 2782 2135 Seth
2812 2082 2877 2137 de
2904 2083 3190 2152 temporali
3215 2083 3406 2147 Adam.
3451 2096 3556 2138 non
3577 2091 3661 2138 est
3683 2080 3758 2136 illi

2179 2175 2631 2241 contemporalis.
2667 2175 2757 2232 Ille
2789 2177 2933 2231 enim
2972 2177 3270 2247 praecessit,
3315 2179 3402 2231 hic
3432 2173 3754 2246 supervixit.

2181 2266 2293 2321 lllie
2315 2284 2443 2322 vero
2469 2279 2657 2324 natum
2684 2268 2922 2325 Verbum
2951 2269 3017 2326 de
3041 2271 3376 2339 sempiterno
3403 2269 3585 2334 Patre,
3613 2284 3758 2326 coeo

2180 2351 2394 2415 ternum
2427 2372 2511 2417 est
2540 2365 2611 2417 ei.
2643 2363 2709 2417 Et
2755 2364 2844 2420 hic
2879 2364 2926 2420 is
2947 2365 3042 2435 qui
3097 2374 3258 2419 natus
3296 2373 3402 2428 est.
3437 2376 3544 2418 non
3585 2373 3668 2418 est
3700 2367 3753 2419 in

2179 2461 2515 2520 generante:
2551 2469 2726 2524 neque
2758 2456 2852 2526 qui
2903 2455 3091 2525 genuit
3139 2455 3193 2510 in
3246 2467 3544 2523 generato;
3582 2469 3754 2523 neque

2178 2545 2288 2598 duo
2320 2561 2462 2600 unus
2493 2545 2656 2600 homo
2677 2555 2802 2613 est;
2831 2564 3008 2618 neque
3029 2548 3285 2604 voluntas
3314 2564 3506 2604 eorum
3537 2563 3757 2619 semper

2179 2652 2287 2690 uua
2315 2652 2329 2701 ;
2354 2651 2530 2707 neque
2549 2639 2723 2693 virtus
2742 2639 2954 2694 etaetio
2978 2655 3084 2693 una
3111 2659 3126 2707 ;
3160 2655 3338 2709 neque
3365 2641 3554 2695 eadem
3575 2642 3756 2695 scien-

2180 2729 2279 2783 tia.
2324 2727 2437 2783 lllic
2469 2745 2598 2786 vero
2616 2729 2792 2785 Filius
2831 2732 2885 2786 in
2936 2731 3118 2799 Patre,
3149 2745 3201 2786 et
3231 2733 3392 2788 Pater
3423 2735 3478 2788 in
3511 2733 3671 2798 Filio,
3704 2744 3757 2788 et

2178 2822 2289 2877 duo
2317 2838 2458 2877 unus
2493 2823 2635 2878 Deus
2655 2834 2761 2889 est,
2781 2833 2835 2879 et
2863 2840 2970 2879 una
2997 2841 3186 2882 eorum
3207 2837 3260 2882 et
3288 2827 3544 2885 voluntas
3571 2840 3625 2885 et
3649 2829 3756 2883 virs

2179 2923 2290 2978 tus,
2319 2923 2373 2970 et
2403 2915 2632 2972 scientia
2662 2927 2716 2972 et
2745 2919 3056 2973 extrinseca
3098 2921 3262 2974 actio.
3292 2921 3348 2976 ln
3382 2937 3492 2991 quo
3520 2939 3651 2994 ergo
3669 2923 3755 2978 di-

2176 3007 2303 3062 vina
2327 3006 2416 3061 illa
2437 3010 2713 3076 generatio
2735 3010 2931 3064 similis
2951 3021 3034 3065 est
3057 3011 3184 3065 huic
3207 3011 3501 3068 humana?
3523 3030 3591 3070 an
3611 3027 3758 3070 certe

2179 3101 2323 3153 sicut
2353 3101 2442 3154 hic
2471 3111 2556 3156 est
2589 3102 2753 3156 homo
2788 3102 2855 3156 de
2887 3104 3128 3168 homine.
3167 3115 3219 3160 et
3255 3109 3754 3166 consubstantiali:

494 3205 608 3250 tum
639 3213 732 3265 ρει-
767 3199 895 3262 ιιορν
929 3199 1198 3270 reliquum
1228 3200 1498 3256 ιηορτιυιη
1535 3213 1641 3262 εει,
1682 3203 1868 3274 neque
1898 3177 2068 3276 ίέίιυι-
2100 3177 2144 3235 C
2179 3190 2252 3245 ita
2279 3192 2388 3247 illic
2413 3191 2654 3248 Verbum
2680 3211 2743 3248 ex
2768 3194 2927 3252 Patre
2948 3207 3025 3252 est
3053 3199 3521 3258 cousubstautiale
3541 3202 3609 3258 de
3624 3217 3760 3259 con-

491 3306 559 3345 ex
594 3291 738 3346 dicto
762 3293 950 3358 verbo,
972 3308 1146 3363 neque
1173 3308 1237 3348 ex
1265 3294 1372 3348 alio
1400 3309 1572 3350 sacrze
1601 3295 1898 3364 Scriptura:
1925 3311 2068 3351 con-

490 3385 753 3451 cluditur,
804 3387 950 3456 quod
982 3402 1045 3441 ex
1073 3387 1211 3442 solo.
1245 3386 1385 3454 Quia
1419 3403 1548 3443 vero
1599 3399 1652 3445 et
1685 3403 1748 3444 ex
1789 3389 1928 3444 Filio
1987 3397 2071 3444 est

487 3479 748 3549 Spiritus,
775 3481 956 3535 omnis
983 3481 1251 3536 divinitus
1285 3481 1549 3552 inspirata
1584 3483 1861 3554 Scriptura
1898 3492 2069 3540 testa-

487 3583 596 3630 tur.
615 3572 992 3646 Iueipientlum
1025 3584 1206 3629 autent
1241 3575 1313 3631 sit
1336 3574 1483 3632 inde.

948 3667 1328 3737 Argumentum
1359 3673 1607 3736 primum.

559 3759 635 3814 De
670 3760 916 3830 ingenita
948 3776 1202 3830 persona,
1229 3762 1445 3831 duabus
1468 3763 1718 3832 personis
1741 3764 2069 3821 habentibus

489 3867 630 3916 (εδει,
683 3852 856 3920 quaeri
887 3861 1068 3918 potest
1099 3871 1114 3907 :
1152 3855 1411 3922 quidnam
1439 3869 1619 3909 causa:
1652 3866 1754 3921 est,
1780 3859 1926 3925 quod
1951 3860 2068 3929 ipsa

488 3946 806 4016 principalis
839 3961 1091 4016 persona,
1126 3946 1179 4000 in
1222 3956 1487 4018 quantum
1524 3961 1606 4004 est
1654 3952 1869 4005 auctrix
1903 3953 2068 4007 unius

487 4037 919 4107 principalarum
941 4039 1521 4108 personarum,adepta
1543 4049 1619 4094 est
1639 4045 1918 4111 praprium
1976 4062 2070 4102 no-

487 4146 634 4194 men,
654 4141 708 4184 et
739 4143 960 4182 vocatur
988 4129 1052 4183 ad
1086 4145 1203 4183 eam
1233 4132 1390 4185 Pater
1419 4150 1434 4200 ;
1461 4133 1512 4186 in
1541 4144 1801 4202 quantum
1828 4150 1911 4193 est
1939 4155 2068 4194 vero

485 4221 813 4292 principium
868 4221 1094 4275 alterius
1131 4238 1403 4291 personae,
1441 4227 1649 4280 nullutn
1688 4244 1886 4284 nomen
1937 4247 2069 4286 con-

479 4327 670 4369 secuta
709 4327 814 4380 cst,
849 4315 1306 4384 quemadmodum
1345 4321 1693 4386 postmodum
1733 4323 2068 4392 expositores

485 4409 912 4462 nominaverunt
947 4407 1184 4470 Patrem.
1224 4411 1553 4477 spiratoretn
1587 4416 1762 4469 sancti
1806 4415 2063 4487 Spiritus.

483 4501 604 4571 lpsa
635 4516 758 4556 vero
790 4516 946 4556 saera
979 4501 1266 4572 Srriplura
1296 4504 1509 4559 nullum
1547 4523 1745 4562 nomen
1782 4513 2062 4580 exposuit,

482 4609 594 4664 quo
616 4600 860 4662 oporteat
890 4593 1105 4648 Patrem
1131 4606 1382 4665 respectu
1413 4595 1652 4667 Spiritus
1681 4601 1962 4670 appellari.
2003 4605 2068 4658 Et

484 4700 592 4738 non
627 4687 730 4738 hoc
759 4701 969 4755 qutcro,
1023 4696 1207 4740 utrum
1243 4686 1352 4740 alio
1386 4691 1545 4744 modo
1599 4690 1796 4746 haheat
1832 4692 2065 4749 Verbum

481 4793 606 4832 esse
638 4782 703 4833 de
737 4779 976 4849 ingenita
1014 4795 1270 4848 persona,
1302 4765 1573 4836 alio‘vero
1609 4783 1851 4854 Spiritus
1881 4803 1898 4854 ;
1939 4803 2062 4843 nam

479 4883 532 4925 ct
577 4872 918 4926 tlill‘crentctn
950 4889 1073 4928 esse
1111 4873 1359 4941 modum,
1388 4889 1482 4943 per
1516 4891 1676 4946 quem
1714 4889 1939 4950 uterque
1972 4882 2067 4936 ha-

481 4966 569 5018 bet
591 4979 733 5027 esse.
768 4981 835 5019 ex
867 4967 1147 5020 communi
1187 4967 1456 5038 principio
1491 4971 1675 5024 credo.
1710 4968 1776 5025 Et
1805 4973 1937 5042 quid
1980 4975 2059 5028 iti-

480 5067 647 5112 tcrcst
679 5057 819 5112 inter
853 5059 991 5113 duos
1017 5059 1115 5114 hos
1151 5061 1363 5125 modos,
1401 5062 1648 5131 ignotum
1682 5079 1804 5120 esse
1827 5067 2062 5122 homini-

479 5150 581 5223 bus
619 5151 841 5204 minime
858 5151 1072 5206 dubito.
1102 5152 1206 5206 Sed
1234 5154 1364 5209 illud
1390 5171 1574 5225 qnzcro
1600 5175 1613 5212 :
1643 5175 1740 5213 cur
1774 5175 1917 5215 unus
1943 5177 2060 5216 nio--

473 5242 582 5299 dus
621 5245 784 5298 habet
833 5247 1072 5316 speciale
1117 5264 1342 5312 nomen.
1379 5262 1432 5305 et
1484 5264 1711 5308 vocatur
1755 5255 2056 5311 secundum

472 5336 658 5402 ipsum
714 5339 1029 5410 principalis
1062 5356 1292 5410 persona
1347 5342 1545 5399 Pater:
1580 5330 1882 5401 secundui’n
1931 5364 2060 5402 vero

466 5431 642 5486 alium
677 5431 923 5495 modum.
956 5450 1068 5506 quo
1101 5445 1184 5490 est
1213 5436 1404 5492 eadem
1449 5454 1683 5508 persona
1716 5440 2054 5524 principium

467 5525 736 5595 Spiritus,
767 5545 963 5582 nomen
998 5530 1048 5585 in
1083 5529 1365 5602 Scriptura
1415 5533 1519 5587 non
1556 5533 1686 5589 est?
1719 5533 1832 5589 lloe
1870 5547 2052 5591 autem

475 5621 736 5687 arbitror,
784 5639 872 5677 me
904 5641 1011 5678 non
1041 5623 1487 5681 irrationabiliter
1534 5644 1800 5696 qumrere.
1847 5629 1949 5685 Sed
1989 5632 2054 5685 ad

479 5712 606 5765 ilan
633 5716 973 5782 aspicientlo.
1001 5719 1143 5788 quod
1167 5722 1307 5787 apud
1345 5737 1447 5775 nos
1477 5720 1656 5785 Pater,
1682 5722 1875 5788 Filius,
1897 5740 2057 5794 gene~

479 5803 635 5864 ratio,
659 5817 1066 5873 generatum,ct
1095 5810 1410 5878 hujusmodi
1435 5813 1655 5875 nomina
1679 5817 1902 5885 proprie
1936 5818 2054 5888 qui-

2181 3286 2557 3352 substantiali,
2608 3298 2663 3342 et
2695 3288 2837 3344 Deus
2867 3293 2936 3345 tle
2970 3290 3078 3344 Deo
3109 3292 3132 3345 ?
3167 3295 3238 3347 At
3267 3310 3398 3350 vero
3428 3306 3482 3350 et
3514 3296 3757 3366 Spiritus

2179 3379 2483 3434 sanctusrid
2519 3379 2700 3449 ipsum
2734 3381 2874 3436 Deus
2902 3384 2970 3438 de
3008 3383 3121 3440 Deo
3151 3396 3258 3452 est,
3292 3395 3346 3442 et
3387 3390 3756 3446 consubstan-

2178 3471 2323 3526 tialis
2356 3472 2424 3527 de
2449 3473 2929 3530 consubstantiali.
2958 3478 3100 3547 Ergo
3133 3480 3186 3533 in
3215 3495 3327 3550 quo
3357 3481 3479 3537 Filii
3511 3498 3756 3552 genera-

2181 3567 2256 3620 tio
2301 3566 2499 3622 similis
2527 3577 2612 3623 est
2641 3570 2927 3624 hominum
2962 3573 3301 3640 generationi
3333 3613 3347 3633 ,
3380 3575 3433 3628 in
3470 3577 3673 3631 eodem
3702 3589 3756 3633 et

2181 3658 2420 3728 Spiritus
2449 3663 2730 3730 processio
2766 3663 2963 3718 similis
3004 3674 3087 3719 est
3133 3665 3331 3721 eidem.
3363 3668 3533 3738 Magis
3572 3681 3753 3726 autem

2179 3753 2232 3806 in
2276 3770 2383 3824 quo
2415 3754 2655 3823 Spiritus
2701 3757 2978 3826 processio
3027 3757 3309 3813 dissimilis
3353 3770 3436 3817 cst
3471 3762 3752 3820 hominum

2177 3850 2512 3918 generationi
2544 3891 2560 3916 ,
2594 3850 2645 3903 in
2682 3851 2870 3906 eodem
2908 3861 2962 3905 et
2996 3851 3114 3906 Filii
3157 3857 3436 3923 generatio
3469 3858 3754 3915 dissimilis

2177 3951 2261 3992 est
2295 3941 2469 3994 eidem
2499 3983 2514 4007 ,
2548 3957 2862 4013 quanquam
2897 3944 3038 3999 inter
3084 3961 3143 4001 se
3178 3946 3396 4002 dill'erre
3432 3952 3751 4008 credantur.

2175 4031 2289 4086 Cur
2317 4048 2447 4103 ergo
2481 4033 2630 4090 illius
2658 4035 2861 4091 dicitur
2887 4037 3070 4101 Pater,
3105 4041 3264 4093 istius
3295 4055 3425 4095 vero
3463 4044 3598 4098 nihil
3628 4046 3652 4099 i
3686 4063 3752 4102 an

2175 4136 2321 4179 certe
2336 4128 2596 4196 quoniam
2618 4127 2852 4198 ingenita
2880 4145 3115 4199 persona
3132 4134 3363 4187 duarum
3391 4152 3751 4203 personarum

2174 4219 2444 4273 exsisteus
2475 4221 2825 4290 principium,
2870 4226 3035 4278 u‘nius
3066 4235 3150 4279 est
3182 4228 3320 4290 sola,
3361 4229 3588 4284 alterius
3620 4248 3750 4287 vero

2175 4326 2282 4365 non
2324 4312 2478 4367 sola?
2509 4313 2629 4369 ideo
2661 4315 2820 4383 cujus
2855 4316 3075 4386 quidem
3118 4320 3234 4373 sola
3273 4320 3388 4390 ipsa
3433 4335 3517 4378 est
3552 4325 3754 4393 princi-

2176 4405 2434 4473 pium,ad
2466 4406 2610 4459 illam
2640 4407 2803 4463 habet
2831 4411 3205 4478 specilicatum
3236 4432 3461 4481 nomen,
3488 4435 3584 4488 per
3604 4425 3748 4491 quod

2176 4497 2411 4550 maxime
2463 4500 3004 4556 eonsulstuntialitas
3059 4519 3248 4559 eorum
3311 4509 3665 4577 intelligatur,
3694 4522 3748 4568 et

2177 4598 2364 4642 vocata
2396 4597 2480 4644 est
2513 4588 2632 4660 ejus
2653 4591 2809 4648 Pater
2836 4611 2850 4648 ε
2880 4596 3038 4664 cujus
3070 4613 3199 4652 vero
3225 4616 3330 4654 non
3356 4603 3468 4657 sola
3497 4614 3580 4658 est
3609 4605 3752 4672 prino

2170 4687 2475 4755 cipium,ad
2498 4688 2642 4741 illam
2668 4705 2862 4745 numen
2885 4707 2991 4746 non
3013 4691 3194 4757 habet,
3217 4711 3283 4751 ne
3311 4712 3602 4755 commune
3623 4715 3746 4772 pro-

2169 4781 2348 4850 prium
2390 4793 2630 4852 putetur.
2681 4782 2746 4836 Et
2795 4788 3061 4858 contingit
3126 4793 3430 4846 secundum
3473 4795 3748 4850 nominae

2168 4891 2434 4930 converso
2457 4892 2515 4931 se
2547 4877 2750 4932 habere
2783 4879 2836 4933 in
2866 4880 2973 4935 Deo
3005 4897 3167 4951 quam
3213 4883 3267 4937 in
3301 4885 3496 4950 Adam,
3533 4898 3587 4940 et
3610 4887 3742 4952 Era.

2166 4977 2217 5022 et
2237 4970 2384 5023 Setb.
2413 4968 2467 5022 ln
2492 4969 2578 5025 his
2599 4971 2743 5024 enim
2765 4970 2958 5037 Adam,
2976 4974 3134 5044 cujus
3154 4991 3398 5045 persona:
3415 4976 3563 5032 solus
3581 4995 3742 5034 causa

2165 5071 2267 5129 est,
2297 5062 2361 5115 ad
2395 5061 2543 5117 illam
2574 5079 2770 5118 nomen
2793 5081 2897 5120 non
2923 5066 3107 5129 habet.
3136 5085 3245 5138 quo
3271 5071 3388 5139 ejus
3413 5071 3741 5144 principium

2172 5166 2281 5222 est,
2307 5156 2513 5212 scilicet
2549 5157 2694 5213 Erae.
2723 5159 2894 5228 Cujus
2953 5175 3086 5216 vero
3125 5178 3229 5216 nou
3267 5165 3418 5218 solus
3443 5205 3458 5230 ,
3490 5165 3585 5219 Sed
3617 5180 3741 5220 cum

2168 5248 2275 5304 Eva
2327 5261 2521 5304 auctor
2556 5259 2638 5306 est
2674 5293 2687 5316 ,
2732 5251 2878 5307 illius
2935 5255 3250 5309 nominatur
3301 5271 3495 5325 pater:
3537 5257 3741 5326 Spiritu

2163 5355 2355 5398 sancto
2380 5342 2691 5416 liujusmodi
2729 5349 3187 5417 permutationem
3213 5351 3495 5404 nominum
3524 5351 3742 5420 dispen-

2161 5447 2316 5491 sante
2348 5440 2509 5493 nobis
2543 5439 2898 5508 providendo,
2923 5457 2992 5497 nc
3017 5444 3265 5498 carnales
3287 5444 3535 5513 capulas,
3560 5457 3609 5498 et
3642 5444 3743 5498 llu-

2161 5547 2284 5598 xns,
2321 5543 2374 5587 et
2406 5534 2801 5600 abscissiones,
2840 5545 2897 5591 et
2932 5547 3118 5607 partus
3144 5537 3520 5608 imperfectos,
3548 5550 3600 5596 et
3635 5540 3740 5595 bu-

2153 5628 2394 5698 justuodi
2424 5630 2710 5700 passiones
2739 5630 2792 5686 in
2828 5629 3100 5688 Trinitate
3130 5632 3519 5703 imaginemur.

2230 5723 2522 5793 Propterea
2545 5739 2676 5794 ergo
2693 5735 2748 5781 et
2776 5741 2842 5782 ne
2861 5741 3156 5784 commune
3183 5730 3471 5799 pmprium
3492 5739 3732 5800 putetur,

2159 5817 2396 5889 ingenita
2441 5803 2700 5888 persona,
2737 5818 2986 5879 habentis
3023 5821 3246 5892 quidem
3300 5823 3544 5893 persona:
3570 5838 3637 5877 ex
3666 5837 3733 5880 ea
