4122 6240
415 276 551 345 1317

1764 280 1916 342 PRO
1951 278 2281 342 LATINIS.

3534 280 3667 344 l3i8

410 390 527 447 sola
558 405 703 457 esse,
736 392 1015 447 nominata
1043 402 1125 449 est
1155 397 1336 461 Pater,
1360 395 1423 449 ad
1458 395 1603 449 illam
1642 409 1773 448 vero
1798 410 1987 466 perso—
2019 398 2057 451 Α
2090 393 2259 462 pitem
2294 392 2544 449 eumdem
2581 392 2734 447 vidit.
2764 393 2849 447 Ait
2873 393 3020 449 enim
3069 394 3141 451 de
3173 393 3343 450 Filio:
3378 392 3448 450 Et
3485 410 3557 453 ea
3577 411 3669 448 ore

413 498 564 547 nem.
598 500 718 554 qua:
752 501 861 540 non
896 502 959 540 ex
994 502 1055 540 ea
1092 488 1207 541 sola
1244 488 1409 542 habet
1458 504 1601 551 esse,
1635 504 1832 542 nomen
1877 503 1983 542 non

415 579 595 634 habet.
617 579 730 650 Ego
753 580 970 649 quidem
1000 581 1107 634 hoc
1130 582 1297 636 credo
1326 598 1338 633 :
1364 582 1457 651 qui
1485 596 1611 635 vero
1635 580 1829 635 nititur
1856 596 1988 634 con-

412 672 682 726 tradicere
710 672 819 738 his,
844 672 974 727 dum
1009 689 1116 727 non
1143 674 1385 729 ostendit
1414 675 1573 733 aliam
1607 676 1986 730 rationabilio-

413 780 527 819 rem
562 779 807 828 causam,
848 777 1070 836 propter
1103 784 1270 838 quam
1326 784 1492 823 unum
1528 778 1613 823 (‘Sl
1643 768 1982 823 n0tniuatum

413 869 468 914 et
500 859 645 912 aliud
678 859 1081 913 iunominatum
1110 902 1126 925 ,
1179 859 1419 915 arbitror
1449 875 1573 915 eum
1608 860 1742 915 nihil
1774 860 1840 915 ad
1874 876 1987 915 rem

413 952 617 1006 dicere.

836 1040 1136 1099 Secundum
1162 1044 1564 1114 Argumentum.

484 1157 540 1212 In
575 1159 830 1215 omnibus
865 1158 1107 1221 entibus,
1146 1158 1212 1213 de
1268 1159 1471 1228 quibus
1508 1158 1726 1228 proprie
1754 1157 1989 1213 dicimus

415 1250 703 1318 imaginem
745 1258 799 1305 et
844 1252 1144 1319 exemplar,
1178 1265 1303 1303 cum
1361 1264 1576 1319 semper
1626 1250 1803 1318 imago
1850 1249 1989 1303 inie-

414 1344 576 1397 rioris
612 1343 878 1397 rationem
917 1344 1114 1397 habeat
1169 1343 1235 1396 ad
1269 1342 1575 1411 exemplar.
1630 1352 1683 1396 et
1731 1343 1785 1397 in
1836 1344 1989 1397 nullo

412 1434 694 1503 aequaliter
722 1434 1019 1504 exemplari
1053 1435 1236 1488 veniat
1268 1474 1281 1499 ,
1323 1435 1378 1489 in
1420 1434 1581 1490 Patre
1617 1452 1747 1489 vero
1769 1447 1823 1492 et
1852 1435 1989 1492 Filio

414 1527 525 1583 illic
561 1543 656 1597 per
712 1528 899 1581 omnia
932 1526 1165 1581 exsistat
1192 1528 1476 1595 aequalitas
1502 1538 1556 1582 et
1606 1527 1989 1585 substantialis

413 1619 673 1676 Identitas
702 1635 717 1673 :
764 1620 857 1688 qui
896 1620 1013 1674 vult
1050 1619 1333 1689 Scriptura
1364 1619 1571 1684 divina,
1606 1622 1751 1691 quod
1786 1619 1985 1677 Filium

2089 489 2203 559 ejus
2256 488 2569 557 procedebat
2608 471 2817 558 gladius
2861 488 3072 555 anceps,
3124 497 3181 541 ut
3216 478 3271 541 in
3320 502 3380 541 eo
3406 490 3668 557 percutiat

2089 590 2265 651 gentes
2295 581 2359 633 ’⁸.
2390 579 2458 633 Ει
2489 588 2609 649 post
2643 596 2814 649 pauca
2844 599 2857 635 :
2898 579 2960 632 Et
2994 580 3183 644 reliqui
3234 579 3497 648 interfecti
3541 590 3668 633 sunt

2090 675 2143 727 in
2163 673 2342 744 gladio
2358 673 2586 727 sedentis
2607 688 2763 740 super
2779 689 2959 741 equum
2976 673 3281 739 procedente
3298 686 3363 726 ex
3377 688 3464 725 ore
3479 670 3665 739 ejus".

2091 766 2229 835 Ergo
2252 767 2433 821 divina
2460 766 2747 835 Scriptura
2783 767 3075 822 nominans
3102 766 3367 835 Spiritum
3388 774 3663 827 sanctum,

2093 858 2354 928 Spiritum
2389 860 2502 913 oris
2537 858 2658 913 Filii
2695 868 2747 914 ct
2779 860 3019 929 gladium
3056 860 3434 929 procedentem
3467 874 3535 913 ex
3569 873 3666 912 ore

2090 953 2211 1019 ejus
2242 991 2256 1016 ,
2296 952 2423 1019 quid
2464 951 2609 1005 aliud
2659 967 2761 1005 nos
2794 952 2946 1006 docet
2980 968 3072 1022 per
3121 952 3434 1021 hujusmodi
3487 952 3663 1023 signa,

2091 1046 2192 1097 nisi
2241 1045 2381 1114 quod
2438 1042 2673 1114 Spiritus
2721 1054 2943 1098 sanctus
2977 1058 3042 1097 es
3091 1041 3228 1098 Filio
3264 1053 3367 1110 est,
3404 1043 3550 1097 sicut
3595 1058 3664 1097 ex

2092 1139 2251 1195 Patre
2278 1138 2301 1191 ?

2080 1214 2089 1222 .
2137 1242 2143 1249 ’
2534 1233 2797 1299 Quartum
2831 1235 3235 1302 Argumentum.

2160 1346 2291 1400 Item
2343 1343 2539 1407 Filius,
2571 1344 2879 1401 secundum
2923 1342 3450 1406 Isaiam,,bracltium
3484 1340 3662 1395 Patris

2092 1436 2294 1492 dicitur
2321 1436 2412 1501 ὀς
2452 1436 2689 1507 Spiritus
2733 1449 2956 1491 sanctus
3010 1437 3061 1489 in
3108 1435 3411 1505 Evangeliis
3466 1432 3665 1501 digitus

2092 1528 2209 1582 Dei.
2241 1529 2376 1583 Nam
2397 1529 2591 1584 beatus
2609 1527 2891 1583 Matthazus
2913 1528 3312 1583 narratdixisse
3336 1525 3613 1581 Christum
3643 1534 3659 1577 :

2090 1617 2151 1673 Si
2186 1630 2359 1673 autem
2392 1636 2485 1688 ego
2522 1620 2576 1674 in
2605 1618 2811 1689 Spiritu
2844 1618 2937 1670 Dei
2969 1619 3123 1687 ejieio
3173 1617 3457 1679 daemonia,
3488 1617 3665 1682 utique

414 1712 631 1782 quidem
666 1714 912 1767 nominat
940 1713 1233 1783 imaginem
1257 1712 1455 1781 Patris,
1487 1713 1702 1769 Patrem
1733 1730 1859 1769 vero
1885 1716 1987 1768 mi-
2014 1749 2061 1809 Β
2092 1715 2322 1781 pervenit
2368 1713 2435 1766 ad
2472 1730 2558 1767 vos
2610 1728 2826 1781 regnum
2876 1698 3122 1766 ra-lar'um
3154 1714 3218 1763 “.
3257 1710 3494 1764 Sanctus
3532 1720 3660 1761 vero

414 1807 561 1861 nime
582 1806 874 1875 imaginem
903 1806 1069 1861 Filii?
1093 1824 1160 1884 au
1183 1817 1330 1862 certe
1359 1819 1579 1878 propter
1604 1807 1860 1877 principii
1893 1822 1983 1861 ra-

411 1900 660 1954 tionem?
687 1902 950 1970 quoniam
988 1900 1159 1955 Filius
1186 1916 1251 1955 ex
1287 1900 1444 1957 Patre
1473 1909 1575 1963 est.
1605 1916 1710 1956 non
1736 1899 1897 1954 I'ater
1918 1916 1983 1955 es

411 1990 574 2047 Filio.
626 1992 1100 2059 Quemadmodum
1148 2003 1202 2048 et
1254 2007 1417 2048 omne
1469 1994 1750 2063 exemplar
1781 1993 1988 2062 princi-

410 2086 557 2152 pium
609 2096 695 2141 est
743 2101 854 2141 sua:
898 2087 1175 2155 imaginis.
1234 2086 1529 2157 Imaginem
1571 2087 1757 2155 itaque
1798 2086 1985 2140 divina

411 2176 694 2245 Scriptura
731 2180 1024 2235 nominans
1068 2178 1267 2234 Filium
1321 2179 1611 2235 invisibilis
1650 2179 1766 2247 Dei,
1818 2179 1985 2235 simul

408 2270 676 2334 ostendit,
705 2278 758 2325 et
798 2273 944 2341 quod
968 2287 1032 2328 es
1070 2288 1136 2327 eo
1162 2287 1267 2334 est,
1292 2282 1343 2327 ct
1372 2272 1515 2338 quod
1550 2272 1749 2327 similis
1783 2272 1829 2326 ei
1858 2280 1979 2327 est:

410 2362 729 2419 minoritate
760 2365 1017 2419 videlicet
1052 2366 1447 2435 praetermissa,
1475 2375 1732 2433 tanquam
1761 2365 1984 2420 minime

405 2457 785 2511 conveniente.
820 2458 886 2510 At
915 2472 1065 2520 vero,
1091 2458 1555 2528 quemadmodum
1582 2457 1753 2512 Filius
1776 2457 1981 2512 dicitur

408 2547 585 2617 imago
618 2547 825 2615 Patris,
867 2566 976 2605 non
1010 2548 1170 2606 Pater
1225 2552 1406 2621 imago
1444 2550 1567 2607 Filii
1599 2570 1612 2605 :
1639 2552 1712 2605 ita
1744 2551 1982 2621 Spiritus

404 2652 629 2697 sanctus
663 2643 717 2697 in
759 2646 949 2706 eadem
1004 2644 1287 2713 Scriptura
1346 2644 1549 2698 dicitur
1601 2643 1781 2712 imago
1834 2642 1978 2708 Filii,

408 2749 513 2797 non
556 2734 727 2793 Filius
760 2736 941 2805 imago
969 2735 1229 2808 Spiritus.
1262 2736 1401 2792 Dicit
1430 2737 1575 2792 enim
1599 2738 1895 2807 Apostolus
1912 2738 1977 2794 ad

408 2826 725 2882 Romanos:
768 2827 914 2894 Quos
974 2830 1112 2882 enim
1169 2830 1436 2897 prtescivit
1489 2840 1539 2884 et
1558 2832 1977 2897 prmdestinat-it,

403 2921 697 2987 contorum
723 2920 840 2988 ﬁeri
858 2920 1078 2990 imagini
1102 2918 1233 2975 Filii
1253 2922 1336 2975 sui
1354 2921 1433 2977 “.
1460 2922 1522 2977 Et
1541 2922 1605 2977 ad
1625 2923 1975 2977 Corinthios:

404 3006 553 3064 Sicut
604 3012 926 3080 portavimus
956 3013 1238 3081 imaginem
1291 3014 1581 3077 terrestris,
1623 3026 1891 3080 portemus
1926 3023 1981 3068 et

400 3104 683 3176 imaginem
714 3106 936 3160 caelestis
966 3105 1033 3169 “,
1070 3106 1346 3162 caelestem
1397 3108 1585 3163 dicens
1650 3106 1872 3163 Filium.

404 3201 634 3255 iterum:
663 3196 773 3253 Nos
796 3206 968 3251 autem
992 3215 1168 3253 omnes
1194 3200 1421 3253 revelata
1450 3199 1585 3269 facie
1612 3200 1837 3270 gloriam
1874 3201 1978 3256 Do-

402 3293 535 3347 mini
574 3290 928 3360 speculantes,
973 3293 1029 3345 in
1062 3292 1244 3347 eadem
1272 3294 1498 3363 imagine
1530 3294 1978 3362 transformamur

400 3387 467 3437 de
508 3384 681 3453 gloria
732 3384 784 3437 in
849 3384 1101 3454 gloriam,
1135 3385 1275 3438 sicut
1310 3402 1339 3438 α
1374 3385 1587 3438 Domini
1643 3384 1849 3449 Spiritu
1874 3388 1921 3418 “
1950 3426 1963 3439 .

412 3475 567 3542 Quod
600 3486 779 3531 autem
812 3475 992 3547 imago
1022 3476 1143 3531 Filii
1178 3477 1381 3530 dicitur
1409 3478 1462 3530 in
1492 3478 1577 3531 his
1596 3476 1834 3546 Spiritus
1860 3479 1977 3547 ipse
2004 3488 2009 3495 '

412 3582 657 3634 sanctus,
684 3572 951 3626 habemus
982 3586 1078 3641 per
1095 3580 1346 3625 sanctum
1375 3568 1635 3639 Cyrillum
1654 3571 1707 3623 in
1727 3570 1977 3625 Thesau-

401 3663 479 3717 ris
505 3680 521 3719 :
552 3663 605 3717 in
626 3664 827 3733 quibus
850 3680 914 3718 es
933 3662 1139 3719 eisdem
1167 3662 1346 3717 verbis
1366 3660 1644 3716 concludit
1671 3663 1805 3732 ipse,
1830 3661 1974 3731 quod

402 3754 643 3826 Spiritus
676 3766 757 3811 est
787 3764 841 3809 et
870 3771 934 3810 ex
979 3753 1135 3811 Filio.
1169 3756 1312 3825 Ergo
1342 3766 1399 3809 et
1432 3768 1532 3810 nos
1568 3754 1620 3809 id
1659 3756 1838 3825 ipsum
1882 3772 1975 3826 per

399 3850 591 3903 eadem
622 3848 1030 3909 concludentes,
1054 3859 1109 3901 et
1128 3862 1189 3901 ex
1214 3861 1280 3902 eo
1307 3846 1453 3916 quod
1476 3846 1696 3914 dicitur,
1736 3846 1973 3917 Spiritus

402 3942 582 4009 imago
621 3939 738 3994 Filii
768 3956 783 3995 :
817 3955 882 3996 es
914 3942 1034 4011 ipso
1066 3940 1230 3995 etiam
1267 3940 1569 3995 secundum
1603 3942 1854 4011 superius
1888 3957 1975 3997 as-

401 4036 671 4103 signatam
690 4035 957 4089 rationem
984 4033 1365 4103 intelligentcs.
1400 4034 1705 4089 rectissime
1735 4043 1789 4089 et
1818 4034 1975 4090 intel-

400 4127 643 4195 ligimus,
672 4136 722 4181 et
756 4127 1157 4191 concludimus,
1200 4135 1255 4179 et
1284 4125 1542 4185 dicimus.

846 4262 1081 4317 Tertium
1100 4264 1159 4317 Ἀ
1172 4274 1520 4334 rgumentum.

470 4380 600 4435 Itetn
638 4396 763 4435 cmn
802 4380 943 4435 Deus
970 4382 1040 4435 sit
1078 4379 1455 4449 incorporeus,
1488 4388 1542 4435 et
1571 4381 1819 4437 membra
1848 4398 1971 4435 cor-

1911 3096 2047 3163 Ειο

2092 1808 2267 1861 Lucas
2293 1809 2348 1861 in
2379 1808 2567 1861 eodem
2598 1808 2711 1862 ait:
2742 1806 2799 1861 Si
2828 1824 2946 1861 vero
2970 1807 3024 1860 in
3047 1806 3210 1874 digito
3239 1805 3331 1859 Dei
3362 1803 3514 1872 ejirio
3546 1802 3660 1854 da-

2090 1902 2289 1963 monia,
2325 1900 2507 1970 utique
2558 1902 2788 1965 pervenit
2838 1899 2910 1953 ad
2946 1916 3028 1952 vos
3061 1915 3275 1966 regnum
3326 1899 3571 1952 calorum
3594 1898 3663 1954 ³⁸.

2089 1990 2230 2061 Ergo
2262 1991 2466 2059 digitus
2500 1992 2587 2046 Dei
2626 1990 2863 2059 Spiritus
2912 2002 3137 2045 sanctus
3179 1990 3360 2045 dictus
3386 1998 3490 2045 est.
3523 1991 3665 2046 Prae-

2089 2084 2359 2139 termissis
2392 2083 2557 2154 igitur
2592 2084 2678 2139 his
2706 2100 2826 2153 qua:
2859 2083 3114 2138 Trinitati
3142 2099 3205 2138 es
3244 2083 3328 2138 his
3358 2098 3665 2152 congruere

2089 2190 2196 2228 non
2233 2186 2468 2245 possunt
2504 2213 2518 2238 ,
2564 2176 2792 2237 scilicet,
2826 2176 2972 2246 quod
3004 2177 3149 2230 aliud
3182 2185 3266 2231 est
3286 2186 3479 2240 totum,
3514 2171 3661 2227 aliud

2086 2282 2215 2338 pars
2241 2308 2254 2333 ,
2292 2278 2346 2323 et
2384 2268 2529 2323 aliud
2566 2270 2953 2339 propinquius,
2992 2269 3135 2325 aliud
3181 2268 3400 2339 longius
3435 2284 3461 2320 a
3505 2283 3658 2321 cntu-

2086 2362 2236 2415 muni
2277 2360 2547 2430 principio
2583 2379 2596 2415 :
2632 2362 2763 2431 quid
2811 2363 3074 2432 reliquum
3110 2370 3193 2417 est
3241 2360 3654 2431 intelligendum

2084 2469 2181 2525 per
2208 2454 2305 2509 has
2336 2454 2760 2520 nominationes,
2798 2454 2905 2509 nisi
2937 2449 3087 2524 quod
3108 2453 3279 2508 Filius
3299 2454 3517 2522 quidem
3542 2463 3662 2507 tan-

2083 2561 2249 2616 quam
2286 2546 2571 2601 brachium
2608 2555 2693 2601 est
2742 2561 2805 2601 es
2843 2547 2962 2602 solo
3012 2545 3190 2609 Patre,
3230 2545 3469 2616 Spiritus
3526 2560 3658 2600 vero

2083 2647 2307 2693 sanctus
2338 2648 2597 2709 tanquam
2630 2638 2836 2707 digitus
2866 2648 2950 2694 est
2972 2654 3035 2695 es
3057 2639 3238 2708 Patre,
3270 2637 3553 2709 Filioque!

2509 2754 2766 2821 Quintum
2790 2755 3196 2825 Argumentum.

2154 2868 2281 2925 Item
2302 2870 2354 2925 in
2374 2868 2611 2926 Iordane
2634 2871 2796 2926 Pater
2818 2872 3061 2943 desuper
3092 2882 3228 2927 testa
3240 2874 3395 2926 batur
3416 2873 3551 2929 Filio
3576 2874 3614 2905 "
3636 2893 3659 2933 :

2081 2961 2199 3031 ipse
2232 2977 2359 3015 vero
2385 2960 2553 3015 Filius
2599 2963 2793 3017 subtus
2844 2962 3249 3033 baptizabatur,
3282 2965 3523 3035 Spiritus
3556 2983 3659 3021 au-

2083 3062 2187 3106 tem
2210 3065 2435 3109 sanctus
2465 3053 2701 3124 desuper
2720 3056 3062 3110 descendens
3090 3058 3142 3111 in
3164 3059 3344 3128 specie
3362 3059 3656 3127 columbae,

2088 3163 2195 3202 non
2248 3148 2468 3218 oblique
2507 3149 2576 3203 de
2616 3148 2782 3204 latere
2820 3149 3025 3205 Chri‘Sti
3070 3151 3223 3206 stetit
3258 3190 3276 3214 ,
3307 3152 3451 3221 quod
3508 3162 3657 3207 esset

2088 3241 2280 3311 utique
2310 3241 2522 3309 signum
2555 3240 2754 3295 Filium
2808 3252 2859 3296 et
2899 3241 3163 3312 Spiritum
3218 3259 3284 3298 ex
3334 3244 3451 3300 solo
3498 3244 3661 3299 Patre

2088 3337 2288 3392 habere
2337 3353 2480 3402 esse,
2526 3346 2784 3409 tanquam
2840 3354 2995 3410 seque
3052 3339 3298 3407 divisos;
3336 3342 3428 3395 sed
3491 3355 3660 3410 super

2084 3446 2209 3484 eum
2244 3434 2391 3485 stetit
2429 3432 2482 3485 in
2511 3432 2687 3487 medio
2715 3432 2969 3487 videlicet
3001 3434 3234 3486 duorum
3262 3434 3442 3502 :quod
3468 3442 3549 3487 est
3579 3434 3659 3488 si-

2084 3539 2272 3591 gnum,
2312 3538 2657 3578 communem
2710 3526 2883 3594 ipsum
2930 3540 3121 3580 eorum
3154 3541 3299 3579 esse.
3331 3525 3656 3583 Communis

2085 3623 2395 3670 autemnon
2432 3616 2618 3685 utique
2644 3626 2807 3682 esset,
2844 3617 2946 3671 nisi
2977 3625 3239 3686 tanquam
3287 3633 3351 3671 ex
3387 3618 3654 3674 ambobus

2087 3708 2405 3773 procedens,
2441 3718 2494 3763 et
2528 3709 2580 3762 id
2628 3709 2771 3778 quod
2807 3707 3093 3762 videbatur
3132 3708 3367 3777 desuper
3394 3710 3651 3765 columba

2085 3816 2115 3853 a
2172 3799 2329 3854 Patre
2368 3802 2704 3856 desrendens
2743 3802 2807 3855 ad
2863 3799 3083 3866 Filium,
3135 3804 3349 3871 signqu
3390 3800 3595 3856 faciens
3634 3820 3649 3857 :

2086 3895 2227 3962 quod
2260 3894 2385 3949 licet
2417 3896 2484 3949 ab
2516 3904 2717 3947 aeterno
2770 3896 3002 3965 Spiritus
3032 3904 3197 3950 estex
3239 3893 3375 3949 Filio
3411 3895 3552 3949 sicut
3585 3912 3651 3950 ex

2084 3991 2262 4053 Patre,
2292 3998 2473 4043 tamen
2506 3988 2677 4043 Filius
2714 3991 2813 4044 hoc
2840 3990 2999 4043 habet
3038 4007 3098 4043 ex
3132 3992 3313 4054 Patre,
3352 4007 3458 4043 non
3494 3991 3651 4044 Pater

2082 4102 2144 4138 ex
2183 4083 2339 4137 Filio.
2371 4082 2510 4137 Nihil
2535 4093 2710 4136 autem
2736 4084 2914 4137 obstat
2948 4083 3074 4139 huic
3109 4084 3470 4154 Speculationi
3504 4086 3649 4153 quod

2080 4178 2284 4232 dictum
2326 4185 2429 4240 est,
2468 4177 2775 4229 columbam
2806 4193 3025 4229 manere
3064 4192 3226 4244 super
3262 4175 3484 4230 Filium.
3513 4176 3649 4244 Nam

2084 4286 2308 4325 manere
2348 4270 2401 4324 in
2434 4286 2521 4335 eo,
2576 4279 2627 4324 et
2665 4286 2785 4323 esse
2833 4286 2896 4323 ex
2929 4286 2994 4324 co
3030 4270 3303 4323 contraria
3342 4285 3447 4323 non
3498 4281 3644 4325 sunt.

2084 4365 2238 4420 Sicut
2264 4366 2408 4419 enim
2448 4365 2609 4417 simul
2643 4377 2693 4417 et
2732 4364 2783 4416 iu
2822 4364 2978 4415 Patre
3010 4371 3113 4427 est,
3146 4372 3198 4417 et
3231 4376 3296 4417 ex
3348 4360 3537 4417 Patre:
3575 4362 3651 4417 ita

397 4474 602 4544 poralia
632 4488 738 4527 nou
768 4474 983 4537 haheat,
1007 4472 1135 4541 quid
1165 4483 1270 4537 est,
1293 4476 1437 4543 quod
1479 4474 1716 4544 Spiritus
1750 4486 1975 4530 sanctus

2085 4457 2241 4513 simul
2269 4467 2322 4512 et
2355 4458 2406 4511 in
2441 4455 2579 4510 Filio
2605 4467 2656 4510 et
2689 4472 2751 4511 ex
2787 4454 2944 4509 Filio.

396 4568 625 4637 spiritus
654 4568 768 4621 oris
796 4567 915 4637 ejus
946 4566 1186 4619 dicitur?
1214 4567 1297 4621 Ait
1325 4569 1471 4621 enim
1502 4585 1515 4621 :
1554 4568 1718 4623 Verbo
1760 4570 1972 4623 Domini

396 4664 511 4715 caeli
558 4660 759 4731 ﬁrmati
790 4670 930 4721 sunt,
963 4671 1011 4713 et
1040 4659 1244 4728 Spiritu
1274 4662 1382 4714 oris
1411 4662 1526 4730 ejus
1598 4666 1767 4717 omnis
1803 4665 1972 4717 uirtus

396 4768 577 4807 eorum
606 4752 671 4805 ".
703 4751 783 4803 Au
820 4762 985 4814 certe,
1019 4762 1076 4804 ut
1101 4768 1163 4804 ex
1191 4752 1682 4823 hocintelligatnus
1709 4752 1969 4824 Spiritum

398 4854 648 4898 sanctum
675 4858 738 4895 es
769 4857 836 4895 eo
869 4852 1126 4921 tanquam
1150 4858 1213 4896 ex
1242 4844 1509 4912 principio
1526 4848 1689 4900 esse?
1710 4847 1802 4900 sed
1828 4848 1971 4901 sicut

398 4934 603 4987 dit'illll'
631 4930 867 5001 Spiritus
892 4935 1004 4988 oris
1027 4933 1230 4998 Patris,
1287 4936 1358 4989 ita
1386 4937 1525 4991 idem
1557 4936 1673 5007 ipse
1698 4940 1750 4993 in
1783 4940 1970 4995 eadem

399 5026 684 5093 Scriptura
701 5026 1156 5095 diciturSpiritns
1184 5030 1298 5084 oris
1331 5028 1475 5084 Filii.
1502 5034 1588 5085 Ait
1624 5034 1769 5086 enim
1803 5032 1971 5091 Isaias

397 5118 467 5172 de
501 5115 676 5171 Filio:
714 5116 780 5172 Et
805 5120 1059 5187 percutiet
1094 5129 1286 5174 terram
1320 5124 1467 5193 virga
1497 5124 1606 5178 oris
1642 5125 1746 5188 sui,
1771 5136 1819 5179 et
1846 5124 1971 5195 Spi-

400 5213 507 5265 ritu
532 5209 796 5265 labiorum
825 5228 1041 5266 suorum
1072 5214 1349 5281 interﬁciet
1380 5216 1599 5283 impium
1630 5218 1695 5270 “.
1730 5216 1794 5272 Et
1824 5217 1968 5274 Pau-

400 5306 486 5360 lus
516 5305 580 5358 ad
605 5304 1125 5362 'l‘hessalanit-enses
1153 5323 1165 5361 :
1204 5307 1366 5371 Quem
1394 5308 1670 5378 interﬁciet
1709 5308 1967 5365 Dominus

396 5394 559 5451 Jcsus
581 5394 787 5466 Spiritu
810 5402 917 5453 oris
946 5402 1028 5453 sui
1054 5401 1117 5455 ".
1160 5401 1401 5457 Joannes
1424 5403 1617 5457 vei'oin
1642 5402 1966 5474 Apocalypsi

400 5500 625 5560 propter
656 5491 939 5547 occidendi
972 5494 1235 5547 rationem
1277 5504 1530 5562 tanquam
1560 5495 1796 5564 gladium
1824 5497 1976 5549 anci-

475 5631 520 5663 ’°
543 5631 702 5688 Rom.
764 5649 882 5693 vtu.
918 5635 1006 5688 29.
1084 5633 1166 5684 “I
1214 5632 1340 5690 Cor.
1374 5650 1463 5695 xv.
1520 5633 1610 5687 49.
1663 5634 1710 5667 ¹¹
1750 5634 1791 5689 II
1829 5637 1958 5693 Cor.

497 5702 550 5757 8.
666 5705 711 5735 "
743 5706 906 5763 Apoc.
960 5722 1069 5762 an.
1104 5705 1185 5757 15.
1288 5707 1330 5736 ’⁷
1384 5704 1515 5759 Ibid.
1552 5705 1645 5760 9.1.
1744 5708 1790 5738 ’³
1828 5710 1949 5763 lsui.

2085 5636 2169 5692 l8.
2244 5637 2287 5668 ¹³
2312 5636 2454 5692 PsaI.
2495 5652 2667 5701 χχιιι,
2702 5634 2754 5688 6.

2086 5750 2099 5763 .
2128 5710 2175 5763 Ι.
2256 5709 2299 5740 ¹⁹
2325 5708 2517 5763 Matth.
2554 5724 2650 5763 xu.
2686 5706 2754 5759 28

1853 5725 1949 5763 Sui.
1979 5725 2099 5771 ιιιι,
2128 5725 2175 5763 ι.
2257 5725 2299 5740 "
2325 5725 2451 5761 uatt

1853 5821 1858 5834 .
1965 5782 2007 5811 "
2042 5778 2059 5832 1
2098 5782 2221 5837 Cor.
2256 5797 2371 5848 vm,
2401 5782 2451 5835 ii.

1288 5707 1330 5736 "
1384 5704 1515 5759 Ibid.
1552 5705 1645 5760 9.1.

851 5780 892 5808 "
929 5778 1067 5830 i’sal.
1103 5792 1273 5842 sunt,
1338 5777 1390 5831 6.
1465 5776 1512 5813 ³³
1540 5774 1697 5831 Joan.
1733 5794 1769 5830 ι.
1805 5779 1858 5835 ’5.

405 5717 468 5763 lt.
497 5702 550 5757 8.
666 5705 711 5735 "
743 5706 906 5772 Apoc.
960 5722 1069 5762 an.
1104 5705 1185 5757 15.

405 5789 490 5839 tu,
566 5777 746 5831 i3-i7.

2536 4570 2755 4626 Sextum
2790 4569 3187 4638 Argumentum.

2145 4664 2284 4719 Cum
2326 4663 2398 4718 sit
2429 4678 2533 4716 una
2565 4662 2893 4727 substantia,
2934 4661 3108 4716 virtus
3133 4673 3187 4715 et
3208 4661 3353 4715 actio
3383 4659 3563 4716 Patris
3594 4670 3651 4717 et

2078 4755 2222 4813 Filii.
2256 4763 2306 4809 et
2338 4756 2519 4809 omnia
2546 4770 2668 4823 quae
2700 4755 2856 4817 fiunt,
2892 4768 3000 4805 non
3045 4753 3215 4823 magis
3239 4768 3266 4805 a
3293 4753 3453 4807 Patre
3481 4770 3651 4823 quam

2077 4866 2103 4901 a
2130 4848 2266 4902 Filio
2297 4848 2433 4914 sint,
2502 4847 2763 4916 quidnam
2798 4861 2979 4901 causa:
3006 4855 3089 4901 est
3112 4847 3259 4915 quod
3284 4844 3444 4900 Pater
3477 4847 3531 4901 in
3564 4847 3649 4901 di-

2078 4940 2204 4994 vina
2237 4940 2517 5009 Scriptura
2550 4939 2753 4993 dicitur
2788 4938 2969 4993 facere
3008 4954 3093 4993 res
3126 4939 3282 5001 Filio.
3311 4950 3365 4995 et
3407 4955 3503 5008 per
3560 4940 3649 4994 Fi-

2076 5033 2209 5087 lium
2243 5051 2256 5087 :
2292 5030 2465 5087 Filius
2498 5047 2624 5085 vero
2658 5030 2791 5085 nihil
2826 5032 3025 5085 dicitur
3059 5030 3237 5087 facere
3258 5033 3418 5087 Patre
3445 5032 3525 5087 vel
3552 5048 3651 5101 per

2073 5124 2336 5181 Patrem?
2368 5122 2529 5179 Verbo
2555 5125 2696 5178 enim
2721 5123 2956 5188 Domini,
2983 5124 3390 5192 aitPsalmista,
3416 5127 3650 5195 cmiiﬁr-

2074 5218 2207 5270 moti
2233 5226 2354 5270 sunt
2385 5217 2448 5272 ".
2483 5216 2548 5271 Et
2581 5217 2965 5288 Evangelista:
3012 5217 3209 5275 Omnia
3237 5236 3331 5289 per
3364 5220 3536 5289 ipsum
3565 5222 3650 5290 fa-

2075 5320 2160 5363 cta
2184 5320 2303 5366 utut
2328 5309 2392 5364 ".
2419 5309 2483 5363 Et
2505 5310 2831 5379 Apostolus:
2863 5310 3286 5368 Ultus‘Dominus
3312 5312 3466 5367 Iesus
3492 5312 3651 5367 Chri-

2080 5413 2214 5467 stus,
2239 5417 2329 5469 per
2348 5419 2496 5469 quem
2524 5403 2724 5467 omnia,
2758 5412 2809 5457 et
2843 5419 2936 5456 nos
2965 5420 3056 5473 per
3079 5404 3252 5473 ipsum
3282 5403 3347 5458 “.
3382 5404 3461 5477 Et
3482 5402 3649 5456 alibi:

2083 5493 2149 5547 In
2170 5495 2467 5549 novissimis
2495 5502 2669 5548 autem
2697 5494 2777 5548 Itis
2803 5494 2966 5547 diebis
2982 5496 3185 5549 locutus
3208 5504 3283 5547 est
3311 5494 3457 5547 nobis
3478 5494 3534 5546 in
3557 5492 3653 5547 Fls

2834 5633 2877 5667 “
2902 5633 3025 5688 Isai.
3057 5648 3131 5698 ιι,
3166 5634 3220 5688 4.
3296 5633 3343 5664 ⁸⁸
3367 5632 3411 5687 II
3447 5629 3645 5688 Thess.

2256 5709 2299 5740 ”
2325 5708 2517 5763 Matth.
2554 5724 2650 5775 xu,
2686 5706 2777 5760 28.
2866 5708 2910 5738 "
2940 5705 3074 5760 Luc.
3111 5720 3187 5768 st,
3215 5704 3305 5759 9.0.
3367 5704 3407 5735 ³¹
3454 5702 3645 5761 Matth.
