4086 6228
491 287 632 360 L319

1587 278 1980 343 BAPLAAMI
2034 279 2127 339 DE
2169 279 2314 341 SEM
2331 278 2601 342 lNARIA

3599 286 3736 349 i320

484 410 579 469 tio.
601 423 750 481 quem
788 404 964 475 posuit
996 403 1254 459 haeredem
1292 399 1551 468 omnium,
1575 414 1666 469 per
1693 413 1848 470 quem
1892 397 2053 451 etiam
2086 403 2126 458 Α
2166 394 2379 466 Spiritu
2409 404 2604 450 sancto
2629 392 2833 449 dicitur
2848 393 3100 453 Christus
3125 397 3424 468 baptizare,
3447 414 3498 453 et
3533 400 3738 458 dmino-

479 499 678 557 stecula
725 497 929 568 fecit”.
951 494 1087 562 Quia
1123 509 1296 549 veroe
1325 507 1587 550 converso
1612 493 1738 550 fecit
1760 491 1930 546 Filius
1953 489 2054 544 nli-

480 589 611 662 quid
637 605 731 658 per
754 588 997 655 Patrem,
1019 587 1102 641 vel
1130 584 1313 653 Patre,
1359 599 1629 654 nusquam
1655 582 1916 652 scriptum
1949 589 2052 636 est.

484 681 812 750 Quanquam
849 694 1025 749 neque
1059 679 1485 757 instrumentum
1527 676 1705 732 Patris
1739 673 1912 729 Filius
1945 682 2052 738 est,

479 784 540 831 ut
569 774 784 830 dicatur
816 772 978 829 Pater
1013 781 1270 844 tanquam
1290 786 1385 841 per
1409 770 1832 824 instrumentum
1870 765 2054 820 facere

477 866 684 940 aliquid
714 882 810 938 per
844 867 1024 938 ipsum
1061 876 1113 920 et
1134 867 1274 945 ipso.
1317 865 1503 935 Neque
1534 878 1725 918 rursus
1757 876 1879 932 qua:
1911 862 2050 917 liunt

479 960 798 1017 immediate
821 970 874 1016 et
893 960 1197 1030 propinque
1229 959 1368 1014 ilunt
1392 973 1423 1013 a
1454 956 1628 1014 Filio:
1669 955 1903 1011 mediate
1925 969 2056 1008 vero

477 1065 536 1112 et
563 1054 777 1126 longius
806 1069 836 1110 a
869 1053 1048 1119 Patre,
1086 1063 1146 1108 ut
1181 1054 1484 1107 secundum
1518 1050 1666 1104 hunc
1711 1065 1933 1104 sensum
1967 1047 2053 1102 di-

480 1142 642 1202 catUr
669 1144 831 1200 Pater
875 1144 1054 1199 facere
1090 1159 1185 1214 per
1215 1140 1410 1196 Filium
1441 1157 1456 1206 ;
1488 1155 1613 1194 nam
1671 1136 1989 1192 immediate
2023 1150 2052 1188 a
2089 1195 2091 1199 l

479 1240 645 1295 Patre
679 1247 732 1292 et
775 1236 937 1300 Filio,
962 1242 1226 1306 tanquam
1270 1236 1338 1288 ab
1377 1246 1488 1286 uno
1519 1230 1834 1292 conditore,
1868 1243 1977 1283 uno
2001 1237 2056 1282 et

481 1331 718 1403 simplici
754 1341 878 1386 actu
903 1330 1088 1383 omnia
1117 1328 1286 1382 liunt:
1315 1341 1413 1380 cur
1443 1340 1574 1395 ergo
1603 1324 1694 1377 illo
1716 1323 1878 1376 modo
1901 1320 2054 1376 Scri-

484 1434 642 1496 plura
669 1427 736 1478 de
769 1423 849 1478 eis
899 1421 1188 1490 disputat?
1221 1418 1301 1472 An
1354 1427 1412 1471 ut
1441 1417 1811 1486 intelligamus
1848 1413 2054 1484 princi-

483 1519 630 1588 pium
652 1526 702 1571 et
725 1517 870 1585 quod
905 1531 968 1568 ex
992 1529 1056 1567 eo
1076 1524 1181 1577 est,
1217 1511 1344 1581 quia
1369 1526 1489 1564 esse
1521 1525 1710 1564 eorum
1732 1523 1894 1562 unam
1917 1506 2054 1562 sim-

487 1610 678 1680 plicem
713 1607 1100 1667 substantiam,
1125 1606 1378 1657 virtutem
1400 1611 1452 1656 et
1477 1604 1746 1655 actionem
1782 1610 1835 1652 et
1869 1598 2053 1653 omnia

483 1715 607 1756 esse
628 1700 965 1761 communia,
995 1712 1059 1751 es
1084 1696 1244 1750 Patre
1264 1706 1526 1764 tanquam
1551 1709 1616 1746 ex
1650 1691 1872 1762 proprio
1906 1691 2056 1759 prin-

481 1793 648 1862 cipio,
681 1792 827 1845 a-leSI
867 1788 1027 1850 Filio,
1076 1789 1168 1842 sed
1201 1802 1310 1840 non
1351 1802 1414 1840 ex
1451 1785 1590 1839 Filio
1631 1783 1775 1837 Patri
1808 1799 1821 1836 :
1858 1785 1952 1839 sed
1989 1781 2056 1838 ad

482 1884 645 1954 huius
685 1882 1076 1953 speculationis
1111 1881 1470 1938 intellectum.
1525 1877 1687 1931 Pater
1737 1876 1940 1930 dicitur
1999 1875 2052 1930 in

486 1975 770 2046 Scriptura
812 1974 992 2029 facere
1036 1971 1175 2027 Filio
1209 1981 1264 2027 et
1291 1986 1385 2040 per
1417 1969 1614 2023 Filium
1644 1986 1659 2035 ;
1697 1968 1826 2022 huic
1871 1984 1996 2022 vero
2027 1982 2058 2022 e

483 2082 748 2124 converso
766 2080 1034 2134 nusquam
1056 2065 1354 2134 Scriptum
1374 2063 1640 2132 scriptum
1665 2071 1769 2115 est.
1792 2057 2061 2116 Similiter

483 2170 663 2214 autem
692 2175 817 2214 cum
849 2160 920 2214 sit
960 2156 1140 2211 Patris
1173 2165 1228 2210 et
1278 2156 1520 2225 Spiritus
1554 2153 1729 2209 sancti
1776 2170 1884 2209 una
1917 2156 2058 2210 sim-

483 2253 604 2325 ples
625 2251 956 2316 substantia,
986 2250 1163 2303 virtus
1187 2255 1241 2302 et
1263 2247 1427 2310 actio,
1447 2254 1502 2300 et
1527 2261 1703 2315 neque
1724 2246 2062 2301 instrutnen-

485 2354 599 2399 tum
642 2343 822 2398 Patris
844 2345 916 2396 sit
946 2340 1187 2409 Spiritus
1213 2381 1228 2405 ,
1259 2354 1433 2410 neque
1459 2337 1547 2393 illa
1579 2354 1696 2408 quin
1732 2339 1885 2404 ﬁunt,
1918 2353 2060 2408 pro-

485 2437 745 2508 piuquius
778 2451 806 2490 a
847 2435 1056 2506 Spiritu
1078 2448 1240 2502 quam
1272 2449 1300 2487 a
1333 2431 1490 2487 Patre
1516 2430 1671 2494 lium,
1725 2430 1906 2501 ipsum
1939 2430 2059 2496 qui-

485 2532 609 2587 dem
651 2529 912 2600 Spiritum
955 2537 1204 2584 sanctum
1263 2524 1443 2580 facere
1505 2525 1712 2593 aliquid
1779 2523 1936 2576 Patre
1976 2521 2060 2576 vel

485 2641 582 2696 per
609 2615 848 2682 Patrem,
871 2636 1141 2691 nusquam
1176 2619 1475 2688 Scriptura:
1494 2617 1759 2687 scriptum
1784 2628 1890 2672 est.
1922 2617 2058 2683 Quia

484 2732 616 2772 vero
653 2717 814 2772 Pater
849 2714 982 2768 facit
1010 2728 1099 2768 res
1140 2712 1369 2782 Spiritu,
1412 2719 1463 2766 et
1495 2726 1590 2781 per
1636 2709 1927 2781 Spiritum,
1963 2725 2059 2780 per

484 2824 705 2865 omnem
739 2807 914 2862 l'ertur
949 2807 1319 2876 Scriptorum.
1355 2801 1563 2873 Spiritu
1601 2802 1748 2856 enim
1783 2801 1946 2867 Deus,
1974 2816 2059 2856 se-

481 2901 725 2956 cundum
783 2896 1158 2959 Psalmistam,
1203 2895 1376 2950 co’los
1433 2893 1714 2956 iortilicat,
1750 2901 1804 2946 et
1848 2891 2059 2947 animas

485 3004 706 3051 nostras
754 2992 1066 3046 conﬁrmat.
1131 2987 1196 3044 Et
1248 2988 1543 3059 Apostolus
1597 2986 1664 3040 ad
1726 2985 2056 3041 Romanos:

482 3087 731 3141 Charitas
779 3085 870 3137 Dei
932 3082 1134 3152 ili/fusa
1188 3092 1261 3135 est
1328 3083 1380 3136 in
1434 3081 1680 3135 cordibus
1728 3081 1924 3134 nostris
1970 3096 2130 3171 perc

487 3177 750 3247 Spiritum
785 3187 1050 3240 sanctum,
1093 3176 1184 3245 qui
1229 3176 1387 3228 datus
1426 3184 1505 3227 est
1562 3173 1710 3226 nobis
1739 3174 1821 3239 ⁸⁶;
1851 3180 1904 3226 cl.
1953 3172 2052 3227 ite-

486 3287 608 3325 l‘lllll
649 3287 662 3321 :
701 3268 804 3334 Qui
845 3265 1114 3320 suscitauit
1159 3261 1342 3317 Jesum
1391 3263 1663 3319 Christum
1712 3263 1775 3316 de
1814 3264 2054 3328 mortuis,

485 3361 769 3430 viuiﬁcabit
811 3371 857 3413 et
891 3357 1140 3411 mortalia
1170 3374 1398 3426 corpora
1428 3365 1632 3419 nostra,
1671 3355 1764 3426 per
1795 3355 2056 3425 Spiritum

481 3465 746 3519 sanctum,
779 3452 1093 3522 quihabitat
1122 3452 1175 3506 in
1213 3453 1361 3504 nobis
1389 3452 1456 3506 ³’.
1496 3449 1559 3504 Et
1595 3452 1659 3505 ad
1700 3449 2050 3503 Corinthios:

485 3547 655 3601 Nobis
695 3557 874 3600 autem
904 3543 1306 3612 reuelauitbeus
1334 3560 1426 3614 per
1453 3544 1713 3613 Spiritum
1734 3560 1884 3596 suum
1906 3542 1971 3595 ³⁸.
1994 3541 2058 3596 Ει

482 3643 549 3696 ad
574 3639 755 3694 Titum
788 3660 800 3694 :
837 3637 940 3693 Sed
958 3642 1246 3692 secundum
1275 3637 1722 3696 misericordiam,
1755 3637 1927 3690 salvos
1961 3651 2054 3689 nos

483 3737 608 3806 fecit
648 3750 740 3802 per
767 3732 1036 3786 lavacrum
1066 3731 1480 3800 regenerationis
1511 3730 1745 3796 Spiritus
1778 3729 1950 3780 sancti
1987 3728 2052 3779 ".

483 3829 550 3884 Et
575 3830 640 3881 ad
677 3827 930 3881 licbrieos
955 3842 968 3878 :
996 3823 1340 3879 Contestante
1366 3823 1468 3875 Deo
1503 3823 1669 3891 signis
1717 3830 1764 3875 et
1797 3822 2055 3889 portentis

481 3927 532 3970 et
559 3915 721 3969 variis
744 3914 1046 3980 virtutibus,
1069 3923 1118 3968 et
1141 3912 1375 3982 Spiritus
1407 3918 1578 3965 sancti
1614 3912 1962 3966 divisionibus
1983 3911 2051 3965 ⁸⁸.

483 4008 549 4063 Et
591 4007 782 4064 beatus
815 4007 990 4063 Lucas
1044 4007 1099 4061 in
1149 4006 1376 4061 Actibus
1409 4024 1422 4060 :
1457 4005 1680 4060 Domine
1725 4007 1818 4076 qui
1849 4006 2055 4076 Spiritu

481 4117 664 4160 sancto
689 4121 782 4174 per
816 4122 871 4158 os
900 4106 1068 4174 patris
1103 4103 1274 4158 nostri
1299 4103 1469 4158 David
1495 4104 1642 4172 pueri
1669 4105 1747 4156 tui
1774 4105 1961 4156 dixisti
1987 4104 2054 4159 δ’.

485 4199 550 4254 Et
577 4213 768 4253 rursus
803 4215 815 4251 :
853 4197 1128 4262 Quomodo
1179 4197 1330 4250 unxit
1379 4213 1495 4250 eum
1536 4197 1792 4250 Dominus
1849 4197 2056 4262 Spiritu

481 4300 668 4347 sani-to
691 4300 740 4343 et
771 4288 1048 4343 virtute“.
1081 4287 1143 4342 Et
1172 4288 1340 4341 multa
1371 4287 1501 4342 talia
1536 4288 1780 4342 invenies
1811 4287 1865 4342 in
1900 4287 2053 4342 Seri-

482 4394 638 4454 ptura
689 4381 1026 4452 quaerendo:
1062 4381 1222 4451 hujus
1253 4395 1384 4435 vero
1411 4395 1441 4436 e
1487 4395 1756 4436 converso
1807 4382 2052 4436 minime:

2160 485 2248 540 nia
2280 485 2480 555 ejicere
2516 501 2532 553 ;
2564 495 2618 540 et
2656 487 2951 555 Apostolus
2997 488 3062 543 ad
3095 487 3410 546 Romanos:
3447 490 3569 546 Non
3599 497 3737 550 enim

2159 596 2320 632 ausus
2350 596 2466 632 sum
2518 580 2693 634 dicere
2737 580 2937 650 aliquid
2996 598 3204 646 eorum,
3238 601 3355 652 qua'
3401 602 3493 652 per
3521 604 3603 640 me
3633 605 3735 641 non

2157 672 2280 741 fecit
2304 671 2544 725 Christus
2577 672 2633 725 in
2661 672 3010 727 obedientiam
3037 677 3266 742 gentium
3287 679 3341 731 in
3369 678 3517 732 verba
3542 688 3591 732 et
3613 696 3735 746 ope-

2160 763 2391 819 ribus.in
2427 764 2613 816 virtute
2635 764 2904 832 signorum
2937 775 2986 820 et
3035 767 3438 834 miraculorum,
3466 772 3519 824 in
3545 775 3738 826 virtute

2157 855 2385 933 Spiritus
2437 857 2608 908 sancti
2639 856 2705 909 ⁸³.
2749 855 2813 909 Et
2877 856 2945 911 ad
2970 857 3522 916 Tties~alonicencesz
3567 862 3733 928 Quem

2157 947 2436 1015 interﬁciet
2476 947 2730 1003 Dominus
2777 946 2937 1003 lesus
2970 949 3174 1015 Spiritu
3227 953 3336 1007 oris
3365 971 3447 1007 sui
3475 956 3543 1010 “.
3583 955 3646 1008 Et
3667 956 3735 1010 ad

2158 1037 2414 1094 Hebraeos
2441 1056 2456 1092 :
2483 1038 2696 1105 Quanto
2720 1041 2885 1110 magis
2904 1045 3119 1112 sanguis
3137 1041 3359 1110 Christi,
3385 1048 3477 1116 qui
3502 1063 3595 1115 per
3619 1046 3738 1115 Spi-

2162 1133 2320 1184 ritum
2336 1141 2580 1185 sanctum
2598 1149 2651 1186 se
2682 1134 2853 1198 ipsum
2878 1135 3071 1187 obtulit
3099 1138 3501 1191 immaculatum
3541 1138 3644 1190 Deo
3664 1139 3732 1191 “.

2159 1222 2224 1278 Et
2259 1222 2312 1277 in
2347 1224 2575 1278 Actibus
2605 1241 2619 1278 :
2654 1221 2824 1294 Usque
2858 1225 2924 1278 ad
2954 1227 3103 1280 illum
3127 1228 3288 1292 diem,
3321 1230 3373 1282 in
3403 1245 3507 1298 quo
3538 1230 3736 1300 proci-

2157 1317 2306 1386 piens
2340 1315 2592 1385 apostolis
2625 1333 2718 1383 per
2758 1315 3019 1388 Spiritum
3070 1331 3308 1372 sanctum
3347 1337 3479 1390 quos
3528 1321 3684 1390 elegit
3716 1362 3732 1384 ,

2158 1419 2464 1478 assumptus
2497 1409 2657 1465 est“.
2680 1408 2743 1462 Et
2776 1411 2943 1466 lsaias
2979 1428 2994 1466 :
3028 1411 3094 1464 Et
3124 1411 3328 1480 Spiritu
3356 1412 3620 1468 labiorum
3645 1432 3739 1469 su-

2160 1518 2310 1555 orum
2343 1502 2623 1568 interﬁt-iet
2656 1503 2876 1570 impium
2895 1503 2959 1556 ".
2992 1504 3179 1573 itaque
3205 1507 3464 1574 quoniam
3497 1506 3736 1576 Spiritus

2159 1604 2385 1651 sanctus
2415 1611 2521 1648 non
2556 1604 2639 1650 est
2665 1597 3088 1650 instrumentum
3121 1594 3264 1660 Filii,
3301 1606 3357 1650 ut
3389 1613 3487 1667 per
3519 1600 3622 1653 hac
3655 1597 3737 1653 tli-

2159 1697 2314 1741 catur
2340 1686 2510 1744 Filius
2531 1689 2710 1743 facere
2731 1703 2797 1743 eo
2817 1697 2867 1742 et
2897 1703 2992 1756 per
3014 1703 3137 1742 eum
3157 1706 3170 1754 ;
3198 1705 3374 1759 neque
3393 1707 3588 1746 rursus
3609 1708 3733 1762 quae

2165 1786 2320 1846 liunt,
2345 1783 2706 1852 prapinquius
2728 1797 2758 1836 a
2787 1781 2990 1851 Spiritu
3018 1796 3183 1852 quam
3208 1797 3238 1836 a
3262 1780 3404 1838 Filio
3428 1785 3600 1838 liunt:
3627 1802 3738 1841 uno

2162 1876 2307 1930 enim
2339 1875 2575 1945 simplici
2605 1885 2751 1942 actu,
2779 1885 2831 1929 et
2854 1875 3170 1930 immediate
3201 1890 3232 1930 a
3263 1874 3403 1931 Filio
3440 1886 3494 1932 et
3519 1877 3736 1947 Spiritu

2161 1977 2374 2033 sancto,
2411 1967 2584 2036 magis
2622 1977 2802 2022 autem
2833 1983 2863 2022 a
2897 1978 3010 2022 tota
3050 1966 3315 2024 Trinitate
3347 1971 3532 2026 omnia
3558 1973 3735 2026 tiunt:

2161 2061 2292 2131 quid
2330 2060 2443 2113 vult
2485 2061 2793 2130 Scriptura,
2829 2060 2972 2130 quod
3008 2059 3201 2114 Filium
3239 2061 3459 2131 quidem
3489 2062 3622 2117 dicit
3655 2063 3736 2118 fa-

2165 2168 2291 2208 cere
2353 2152 2559 2223 Spiritu
2597 2163 2650 2208 et
2680 2168 2776 2223 per
2807 2151 3093 2220 Spiritum,
3135 2153 3400 2224 Spiritum
3433 2173 3561 2210 vero
3599 2154 3736 2211 Filio

2160 2245 2243 2299 vel
2286 2259 2379 2314 per
2421 2243 2621 2300 Filium
2678 2243 2859 2302 facere
2896 2245 3103 2316 aliquid
3143 2263 3410 2318 nos-quam
3435 2248 3602 2303 dicit?
3640 2249 3723 2302 Au

2161 2347 2376 2392 certum
2409 2347 2512 2403 est,
2568 2339 2709 2408 quod
2741 2340 3038 2393 secundum
3095 2339 3350 2408 snperius
3398 2341 3734 2409 assignatam

2161 2428 2432 2484 rationem
2485 2444 2726 2485 consona
2762 2429 2864 2484 sibi
2921 2429 3217 2485 exsistente
3252 2428 3532 2500 Scriptura
3572 2447 3735 2486 rausa

2162 2532 2246 2580 est
2281 2531 2340 2577 ut
2367 2522 2481 2576 haec
2508 2523 2581 2577 ita
2612 2523 2816 2591 scripta
2860 2521 3006 2577 sint?
3036 2521 3306 2588 Quoniam
3338 2539 3457 2578 esse
3491 2539 3736 2579 commu-

2161 2629 2261 2669 nes
2290 2625 2343 2669 et
2372 2615 2594 2670 easdem
2625 2616 2692 2670 ad
2725 2627 3008 2671 creaturas
3040 2615 3164 2669 Filii
3201 2626 3250 2670 et
3281 2614 3521 2684 Spiritus
3559 2617 3734 2671 sancti

2163 2709 2554 2778 operationes:
2590 2724 2654 2764 ex
2688 2708 2828 2765 Filio
2876 2721 3136 2781 tanquam
3183 2725 3242 2764 ex
3281 2710 3551 2781 principio
3583 2710 3736 2762 adest

2164 2804 2414 2875 Spiritui,
2447 2806 2588 2861 sicut
2613 2815 2664 2862 et
2685 2822 2749 2862 ex
2773 2806 2952 2872 Patre,
2977 2816 3028 2860 et
3074 2820 3179 2860 non
3219 2806 3354 2860 Filio
3383 2820 3445 2860 ex
3484 2803 3726 2874 Spiritu:

2163 2910 2258 2954 aut
2286 2915 2416 2969 ergo
2443 2907 2525 2956 est
2552 2899 2791 2969 Spiritus
2825 2912 2878 2954 et
2907 2914 2972 2967 ex
3019 2897 3179 2963 Filio,
3211 2908 3305 2953 aut
3352 2898 3579 2953 minime
3626 2897 3731 2952 sei-

2161 3008 2316 3062 psam
2353 2992 2638 3064 Scriptura
2679 2991 2952 3060 sequitur.

2580 3084 2869 3152 Septimum
2895 3086 3298 3154 Argumentum.

2233 3177 2366 3232 item
2431 3175 2601 3232 Filius
2643 3177 2844 3230 dicitur
2899 3177 3137 3231 Verbum
3183 3174 3387 3241 Patris,
3418 3182 3475 3230 et
3527 3189 3591 3230 ex
3632 3174 3736 3230 hac

2164 3269 2535 3323 nominatione
2559 3267 2914 3336 intelligimus
2941 3285 3065 3324 eum
3107 3277 3161 3324 et
3197 3277 3528 3323 coaeternum
3565 3265 3732 3330 Patri,

2163 3375 2296 3417 etex
2339 3377 2405 3417 eo
2431 3364 2634 3417 habere
2681 3378 2826 3417 esse.
2886 3362 3042 3419 Sicut
3101 3375 3285 3417 autem
3335 3360 3738 3417 Filiusdicitur

2165 3455 2404 3510 Verbum
2435 3453 2633 3519 Patris,
2668 3455 2742 3509 ita
2775 3456 3014 3524 Spiritus
3045 3465 3272 3511 sanctus
3302 3456 3504 3514 dicitur
3530 3454 3732 3510 Blii‘ma

2165 3549 2306 3606 Filii.
2335 3550 2422 3605 Ait
2449 3552 2594 3603 enim
2621 3548 2914 3618 Apostolus
2934 3550 3001 3604 ad
3035 3547 3292 3603 Hebraeos
3319 3549 3386 3603 de
3424 3547 3561 3602 Filio
3590 3571 3598 3598 ;
3629 3547 3733 3612 Qui

2163 3659 2279 3696 cum
2303 3652 2436 3697 esset
2462 3643 2712 3711 splendor
2734 3643 2938 3711 gloriae,
2970 3653 3016 3696 et
3054 3644 3229 3713 ﬁgura
3260 3641 3579 3696 substantia:
3600 3641 3734 3710 ejus,

2162 3742 2475 3801 portansque
2515 3736 2688 3787 omnia
2713 3733 2962 3789 Rhemate
2991 3734 3199 3788 virtutis
3230 3749 3342 3787 stite
3359 3733 3426 3789 ⁸⁸.
3457 3733 3611 3798 Quod
3641 3748 3736 3787 au-

2166 3835 2270 3880 tem
2293 3827 2346 3879 in
2373 3824 2458 3878 his
2479 3823 2683 3878 [thema
2709 3825 2927 3879 virtutis
2959 3824 3081 3879 Filii
3109 3830 3285 3895 ipsum
3310 3823 3576 3893 Spiritum
3607 3838 3730 3878 san-

2163 3935 2310 3975 ctum
2372 3920 2639 3985 nominat,
2672 3929 2820 3988 patet
2852 3935 2915 3974 ex
2951 3923 3074 3975 aliis
3111 3921 3362 3988 partibus
3408 3917 3730 3988 Scriptor-ae.

2163 4012 2325 4066 Certe
2354 4010 2497 4065 enim
2531 4025 2639 4080 quo
2667 4009 2840 4066 Filius
2871 4024 3078 4081 purgat
3101 4014 3336 4074 animas,
3363 4010 3513 4075 ejicit
3535 4011 3737 4065 daemo-

2164 4105 2277 4170 nia,
2308 4105 2462 4174 signa
2498 4113 2550 4160 et
2590 4116 2838 4174 portenta
2871 4104 3042 4170 iacit;
3089 4106 3279 4160 eodem
3307 4115 3360 4160 et
3394 4115 3571 4171 pnllal
3612 4120 3734 4156 om—

2164 4199 2274 4251 nia.
2312 4198 2378 4250 At
2413 4212 2537 4252 vero
2571 4197 2838 4267 scriptum
2869 4207 2971 4263 est,
3026 4197 3116 4252 illa
3150 4196 3330 4253 facere
3365 4195 3572 4266 Spiritu
3602 4211 3734 4249 san«

2162 4300 2286 4346 cto:
2319 4306 2452 4359 ergo
2485 4299 2539 4344 et
2573 4289 2778 4359 Spiritu
2828 4303 3022 4344 sancto
3054 4289 3235 4344 omnia
3285 4300 3483 4359 portat.
3521 4287 3732 4342 Dicitur

2161 4393 2339 4436 autem
2375 4382 2428 4435 in
2465 4381 2746 4451 proposito
2780 4381 2927 4434 dicto
2956 4380 3181 4435 [leuitate
3210 4396 3324 4436 sua:
3358 4381 3579 4435 virtutis
3613 4395 3736 4449 por-

483 4474 548 4527 Et
571 4484 653 4528 est
683 4482 915 4534 certum,
945 4471 1090 4541 quod
1128 4479 1212 4526 est
1241 4472 1429 4525 eadem
1467 4486 1658 4540 causa,
1690 4481 1751 4527 ut
1783 4473 1852 4528 ita
1880 4473 1947 4528 de
1973 4473 2051 4528 eis
2086 4476 2127 4530 D
2155 4485 2270 4528 tare
2287 4475 2488 4538 omnia,
2514 4474 2750 4544 Spiritus
2777 4489 2908 4544 ergo
2936 4483 3162 4528 sanctus
3197 4483 3252 4528 et
3273 4473 3472 4528 [thema
3503 4473 3731 4526 virtutis

484 4563 769 4634 Scriptura
797 4565 1058 4633 disputet,
1077 4562 1224 4632 quod
1257 4579 1377 4618 esse
1407 4579 1728 4634 communes
1751 4573 1804 4619 et
1829 4565 2047 4620 easdem

481 4657 548 4712 ad
575 4665 858 4709 creaturas
889 4654 1137 4709 actiones
1167 4655 1348 4709 Patris
1379 4664 1433 4707 et
1458 4655 1633 4710 sancti
1669 4656 1934 4726 Spiritus.
1975 4657 2047 4710 Ex

482 4747 642 4803 Patre
672 4757 927 4816 tanquam
969 4762 1032 4800 ex
1069 4747 1338 4815 principio
1383 4747 1800 4816 adestSpirilui
1835 4758 2050 4814 sancto,

481 4849 534 4893 et
564 4855 669 4894 non
695 4841 837 4893 Patri
871 4855 934 4893 ev
969 4837 1172 4908 Spiritu
1207 4850 1418 4892 sancto.

556 4931 624 4988 Ut
639 4932 783 4986 enim
810 4934 912 4986 hoc
936 4932 1319 5001 intelligamus,
1339 4932 1548 4986 Patrem
1571 4933 1647 4987 ait
1664 4932 1867 5002 Spiritu
1888 4944 1940 4988 et
1955 4949 2055 5005 per

482 5022 745 5093 Spiritum
779 5025 983 5089 facere,
1007 5024 1271 5093 Spiritum
1315 5040 1445 5079 vero
1472 5041 1748 5096 nunquam
1790 5027 1864 5080 ait
1896 5027 2054 5081 Patre

479 5117 564 5170 vel
605 5132 698 5186 per
722 5114 938 5168 Patrem
976 5115 1154 5170 facere
1203 5117 1525 5185 aliquid.At
1581 5133 1710 5171 vero
1751 5119 2048 5174 secundum

2155 4564 2279 4621 Filii
2319 4566 2461 4621 idem
2494 4576 2598 4620 est.
2639 4565 2793 4620 Patet
2825 4576 3009 4622 autem
3048 4565 3101 4621 id
3133 4566 3310 4636 ipsum
3359 4577 3410 4620 et
3459 4567 3604 4620 inde.
3630 4565 3731 4620 Cui

2155 4658 2317 4712 trium
2351 4672 2705 4726 personarum
2744 4668 2800 4710 ut
2863 4658 3159 4728 plurimum
3188 4658 3239 4711 in
3274 4658 3560 4727 Scriptura
3588 4659 3732 4711 vivi—

2158 4753 2320 4804 licare
2342 4750 2703 4804 attribuitur?
2733 4750 2930 4805 Sancto
2961 4750 3213 4821 Spiritui.
3257 4750 3346 4804 Ait
3369 4752 3512 4805 enim
3542 4750 3732 4804 Domi-

2156 4859 2296 4898 nus:
2343 4842 2574 4911 Spiritus
2604 4852 2679 4897 est
2715 4843 2804 4909 qui
2860 4845 3095 4913 rioiﬁcat
3122 4845 3186 4896 δ’.
3216 4842 3281 4899 Et
3337 4845 3630 4912 Apostolus
3664 4844 3731 4897 ad

2157 4931 2433 4987 Romanos
2460 4951 2474 4986 :
2513 4934 2617 4999 Qui
2648 4935 2921 4988 suscitavit
2963 4934 3152 4989 Iesum
3195 4935 3464 4990 Christum
3496 4952 3558 4988 ea:
3590 4952 3733 4988 mor-

2155 5027 2282 5090 tuis,
2316 5028 2600 5096 viviﬁcabit
2641 5036 2688 5080 et
2711 5027 2962 5080 mortalia
3021 5037 3200 5081 nostra
3242 5044 3462 5096 corpora
3490 5045 3580 5097 per
3610 5027 3734 5094 Spi-

2151 5119 2313 5171 ritum
2344 5137 2497 5172 snum
2535 5121 2627 5189 qui
2667 5120 2874 5174 habitat
2946 5123 2999 5174 in
3060 5121 3206 5175 nobis
3233 5122 3304 5174 ”.
3370 5121 3566 5175 lterum
3601 5137 3615 5175 :
3673 5120 3732 5175 Si

477 5211 728 5265 eumdem
765 5209 1013 5272 modum,
1043 5209 1188 5277 quod
1213 5206 1384 5263 Filius
1409 5209 1539 5262 facit
1567 5210 1771 5279 aliquid
1796 5226 1890 5278 per
1925 5209 2050 5280 Spi-
2148 5208 2355 5278 Spiritu
2410 5227 2570 5278 opera
2619 5213 2795 5264 carnis
2856 5213 3325 5282 mortiﬁcaoeritis,
3396 5213 3581 5266 rivetis
3647 5212 3729 5264 “.

477 5303 643 5357 ritum
669 5310 723 5356 et
756 5300 986 5370 Spiritu,
1015 5300 1195 5354 omnis
1212 5300 1393 5354 divina
1420 5301 1702 5363 Scriptura
1730 5301 1884 5370 plena
1903 5302 2000 5355 "est
2029 5320 2040 5364 ;

477 5395 623 5466 quod
656 5408 785 5448 vero
819 5391 1055 5460 Spiritus
1097 5392 1300 5463 aliquid
1344 5392 1473 5448 facit
1516 5392 1658 5447 Filio
1704 5394 1788 5448 vel
1829 5409 1924 5464 per
1958 5391 2047 5448 Fi-

393 5480 398 5484 ’
475 5489 668 5552 iiuntu,
691 5503 919 5556 usquam
947 5485 1238 5556 Scriptura:
1256 5486 1476 5540 dicitur.
1499 5485 1554 5539 In
1576 5485 1882 5557 Erangeliis
1902 5489 2045 5542 enim

551 5631 596 5662 "
626 5623 788 5684 Hebr.
821 5645 858 5691 ι,
882 5628 937 5682 9.
991 5629 1037 5661 ³⁸
1055 5626 1213 5682 Rom.
1248 5645 1298 5692 ν,
1337 5627 1390 5684 5.
1453 5629 1493 5660 ³*
1527 5630 1825 5692 Rom.vm,
1855 5630 1940 5683 il.

474 5717 550 5764 tv,
579 5700 671 5756 25.
744 5700 790 5730 “
818 5704 937 5753 Art.
965 5715 1013 5756 κ.
1047 5702 1136 5753 58.
1215 5701 1258 5731 ’⁸³
1291 5701 1448 5753 limit.
1477 5716 1558 5758 xv,
1601 5701 1682 5754 l8.

477 5773 525 5804 ⁸³
558 5770 719 5825 liebr.
753 5785 790 5835 t,
827 5770 880 5823 5.
960 5769 1002 5800 ⁴⁹
1024 5767 1183 5827 Joau.
1223 5786 1292 5839 rt,
1319 5772 1403 5825 (ii.
1484 5773 1529 5802 '°
1559 5769 1717 5825 Rom.
1755 5772 1872 5836 viti,
1919 5775 2001 5827 il.

2019 5630 2062 5662 ³⁸
2094 5631 2111 5685 i
2138 5630 2268 5686 Cor.
2301 5647 2360 5693 ti.
2395 5633 2482 5687 i0.

1759 5701 1864 5775 fill
1901 5699 2097 5756 Thess.
2131 5719 2190 5764 ll,
2232 5702 2284 5759 8.
2322 5705 2365 5734 ”
2395 5704 2556 5761 Hebr.
2602 5723 2677 5770 is,
2724 5709 2812 5762 14.

1759 5787 1872 5830 vm.
1919 5775 2001 5827 ii.
2084 5774 2124 5806 “
2164 5774 2298 5829 ibid.
2356 5776 2442 5830 15.

2149 5302 2284 5367 Quis
2310 5315 2489 5357 autem
2531 5305 2596 5357 de
2626 5305 2802 5359 tribus
2844 5306 3136 5374 procedere
3167 5306 3398 5360 dicitur?
3421 5305 3580 5359 Certe
3607 5304 3730 5374 Spl-

2155 5397 2316 5452 ritus.
2345 5396 2478 5463 Quis
2517 5399 2697 5452 adhuc
2724 5399 2922 5452 dicitur
2953 5414 3073 5454 esse
3096 5415 3159 5453 os
3209 5397 3387 5453 Patris
3411 5399 3434 5452 ἲ
3459 5399 3724 5468 Spiritus.

2158 5491 2227 5542 A-t
2249 5505 2376 5544 vero
2427 5492 2540 5559 ipse
2575 5493 2837 5547 Dominus
2866 5493 3336 5563 comprehendens
3390 5493 3550 5546 simul
3585 5491 3727 5546 \ivi-

2559 5635 2604 5666 ”
2635 5634 2743 5689 Tit.
2780 5650 2863 5700 ιιι,
2901 5637 2953 5691 5.
3031 5636 3076 5668 ⁸⁸
3105 5635 3268 5691 liebr.
3303 5652 3362 5693 tt.
3395 5638 3447 5691 4.
3525 5637 3565 5667 δ’
3599 5638 3717 5693 Act.

2919 5709 2961 5740 “
2988 5708 3112 5765 Act.
3151 5723 3190 5775 ι,
3229 5709 3283 5764 2.
3359 5709 3404 5739 ⁸⁷
3433 5708 3534 5763 lsa.
3561 5723 3635 5771 si,
3660 5707 3719 5764 4.
