4086 6228
257 330 380 397 1321

1615 328 1764 389 PRO
1792 327 2019 388 LATlN
2040 327 2105 383 IS

3371 317 3509 381 1322

254 449 586 506 licattonem,
648 441 1057 511 processionem
1092 450 1146 494 et
1184 455 1268 503 os,
1305 438 1380 493 ait
1409 457 1422 491 :
1469 436 1592 492 Non
1621 439 1676 490 in
1707 442 1817 491 solo
1853 445 1895 496 Α
1928 437 2165 506 Spiritus
2196 445 2418 490 sanctus
2453 444 2506 488 et
2542 435 2722 487 Patris
2743 440 2825 487 est
2849 441 2904 485 et
2939 430 3083 492 Filii,
3117 430 3210 483 illo
3249 431 3512 488 videlicet

249 555 383 606 pane
403 537 534 590 vivet
558 535 734 598 homo,
791 532 882 587 sed
913 533 1126 586 inomni
1167 529 1382 584 Remate
1410 529 1716 597 procedente
1737 543 1829 595 per

253 649 311 686 os
334 631 432 684 Dei
458 631 532 682 ".
574 627 716 697 Ergo
751 642 911 682 omne
959 625 1128 679 Rema
1167 624 1470 694 procedens
1518 638 1613 688 per
1638 636 1699 673 os
1737 621 1829 675 Dri

256 725 307 776 in
324 739 431 791 quo
452 722 710 784 vivimus,
727 721 842 787 ipse
866 717 1102 787 Spiritus
1126 725 1352 770 sanctus
1375 722 1478 768 est.
1509 711 1834 765 Manifesus-

260 817 462 870 simum
495 822 675 868 autem
723 813 827 867 hoc
874 812 998 864 fecit
1030 808 1327 876 Aposmlus
1361 806 1427 859 ad
1461 804 1724 874 Ephesios
1751 803 1835 854 di.

255 923 419 963 cens:
461 907 527 960 Et
561 906 771 974 galeam
803 903 1061 958 salutaris
1098 900 1345 969 accipite,
1382 908 1432 950 et
1452 897 1688 967 gladium
1718 893 1837 964 Spi-

256 1006 410 1065 ritus,
466 1000 605 1072 quod
649 1008 726 1053 est
769 997 931 1050 Rema
973 996 1072 1050 Dei
1107 996 1175 1048 ⁸³.
1234 994 1367 1048 Nam
1417 1008 1540 1046 cum
1575 993 1626 1044 in
1652 989 1836 1059 lingua

255 1095 436 1148 Graeca
480 1092 694 1160 gladius
741 1099 888 1142 esset
916 1085 1162 1140 feminini
1223 1083 1441 1153 generis
1468 1123 1483 1147 ,
1515 1094 1566 1135 et
1603 1082 1839 1149 Spiritus

257 1188 437 1241 neutri
463 1227 478 1248 ,
508 1201 615 1238 non
665 1184 801 1236 dixit
833 1198 950 1250 qua:
971 1189 1049 1233 est
1077 1177 1237 1233 Rema
1273 1177 1392 1239 Dei,
1421 1185 1481 1230 ut
1507 1173 1840 1244 intelligatur

257 1279 512 1345 gladius;
548 1277 642 1330 sed
674 1276 901 1343 quodest
938 1272 1098 1326 Rema
1135 1271 1250 1333 Dei,
1275 1278 1337 1324 ut
1378 1268 1575 1323 exinde
1630 1266 1798 1320 iutelli
1822 1294 1840 1303 -

259 1383 415 1442 gatur
448 1371 724 1438 Spiritus:
763 1382 827 1421 ac
880 1367 923 1418 si
957 1365 1232 1418 diceretur
1284 1362 1338 1415 in
1383 1361 1561 1430 lingua
1597 1357 1791 1413 Latina
1825 1375 1840 1410 :

261 1466 366 1528 Qui
396 1463 632 1531 Spiritus
664 1459 812 1522 Remi
862 1457 955 1510 Dei
1003 1469 1100 1510 est.
1135 1454 1302 1508 Roma
1344 1469 1472 1522 ergo
1503 1451 1721 1505 virtutis
1757 1449 1846 1503 Fi-

260 1558 339 1621 lii,
368 1573 473 1626 qno
523 1555 708 1608 omnia
765 1559 978 1623 portat,
1029 1549 1148 1620 ipse
1197 1545 1440 1617 Spiritus
1474 1555 1580 1600 est.
1623 1544 1846 1599 Etsicut

262 1650 350 1702 ubi
399 1648 570 1702 Filius
600 1646 824 1710 dicitur,
857 1642 1112 1714 splendor
1159 1641 1346 1712 gloriae
1381 1637 1579 1704 Patris,
1612 1637 1848 1692 circum-

263 1739 504 1792 locutive
532 1737 739 1813 dictum
766 1745 851 1789 est
875 1750 972 1805 pro
998 1748 1063 1789 eo
1085 1734 1230 1803 quod
1262 1732 1479 1787 dicatur
1504 1728 1682 1782 Patris
1712 1769 1727 1791 ,
1750 1729 1842 1782 ita

262 1841 317 1886 et
343 1831 580 1900 Spiritus
605 1837 831 1884 sanctus
866 1826 1070 1882 dicitur
1094 1841 1216 1880 esse
1237 1824 1409 1879 Rema
1441 1821 1666 1877 virtutis
1691 1819 1838 1885 Filii,

263 1940 360 1994 pro
388 1939 451 1977 eo
492 1922 635 1992 quod
668 1923 888 1978 dicatur
931 1919 1099 1973 Rema
1126 1918 1270 1972 Filii.
1319 1917 1464 1986 Ergo
1495 1931 1560 1970 ex
1599 1915 1703 1969 hac
1736 1930 1838 1968 no-

265 2017 566 2072 ininatione
632 2016 762 2083 quid
797 2014 943 2068 aliud
995 2022 1173 2083 potest
1231 2011 1484 2080 intelligi,
1543 2008 1649 2064 nisi
1681 2009 1833 2078 quod

267 2109 504 2179 Spiritus
533 2123 600 2161 ex
639 2105 780 2159 Filio
823 2104 950 2159 est?
1009 2105 1272 2174 quoniam
1304 2111 1359 2158 et
1389 2116 1556 2157 omne
1577 2099 1748 2154 Rema
1777 2115 1844 2154 ex

267 2203 364 2256 illo
386 2211 492 2263 est,
529 2199 687 2268 cujus
712 2213 833 2254 esse
867 2197 1095 2252 dicitur.

338 2292 651 2349 Notandum
680 2306 808 2346 vero
834 2302 922 2345 est
959 2300 1014 2345 et
1046 2289 1199 2353 illud,
1234 2291 1381 2361 quod
1415 2305 1536 2344 cum
1576 2293 1730 2360 logos
1767 2289 1849 2345 di-

268 2398 422 2445 catur
454 2388 508 2442 in
566 2388 749 2456 lingua
802 2383 1015 2450 Grazca,
1101 2392 1156 2438 et
1227 2382 1280 2435 in
1315 2398 1448 2437 voce
1485 2391 1540 2437 et
1581 2382 1636 2436 in
1661 2382 1846 2446 corde,

270 2499 419 2537 rema
470 2489 679 2537 tantum
743 2480 796 2535 in
850 2494 983 2534 voce
1036 2487 1090 2530 et
1139 2492 1270 2533 ore:
1329 2475 1573 2546 Spiritus
1630 2475 1848 2546 quidem

271 2587 492 2633 sanctus
575 2573 774 2628 dicitur
847 2569 1018 2626 Rema
1089 2585 1183 2638 per
1237 2586 1301 2626 os
1366 2567 1460 2623 Dei
1510 2569 1849 2639 procedens.

272 2683 327 2725 et
364 2669 603 2737 Spiritus
651 2667 766 2720 oris
823 2662 1166 2719 Dei:Fi|ius
1229 2676 1365 2716 vero
1424 2660 1582 2733 logos
1629 2660 1852 2730 quidem

269 2764 453 2817 cordis
518 2762 606 2813 Dei
670 2760 893 2813 dicitur.
977 2754 1260 2809 Eructavit
1335 2754 1526 2817 enim,
1573 2754 1688 2814 ait,
1763 2767 1855 2804 cor

273 2872 445 2911 meum
475 2853 629 2924 (agon
663 2852 855 2904 bonum
881 2850 950 2914 “,
1004 2850 1148 2917 quod
1180 2864 1244 2903 ex
1288 2862 1523 2917 persona
1557 2844 1737 2900 Patris
1773 2844 1854 2899 di-

274 2960 421 3005 ctum
450 2964 570 3002 esse
593 2954 817 3001 sanctus
847 2941 1145 3014 Dionysius
1175 2951 1444 2996 testatur:
1470 2941 1625 3009 logos
1660 2948 1845 2992 autem

277 3045 390 3099 oris
418 3042 510 3096 Dei
539 3058 647 3096 non
681 3039 909 3094 dicitur.
960 3038 1033 3092 De
1067 3036 1271 3106 quibus
1328 3035 1561 3089 vocibus
1594 3043 1854 3104 tanquam

279 3135 526 3208 mysticis
566 3131 904 3202 quibusdam
935 3130 1092 3185 notis
1139 3128 1269 3183 illud
1295 3126 1681 3198 intelligimus,
1708 3124 1857 3196 quod

279 3230 421 3284 sicut
457 3227 640 3283 cordis
694 3227 846 3293 logos
875 3236 1054 3278 estex
1102 3221 1217 3278 sola
1287 3229 1467 3275 mente
1495 3261 1509 3285 ,
1543 3235 1690 3274 rema
1727 3233 1860 3272 vero

282 3324 430 3374 vocis
464 3329 545 3374 est
571 3333 637 3372 ex
665 3328 844 3371 mente
874 3325 930 3371 et
951 3313 1210 3384 logo,qui
1247 3313 1300 3366 in
1332 3313 1494 3367 corde
1518 3321 1633 3367 est:
1663 3312 1734 3364 ita
1776 3306 1867 3363 Fi-

283 3415 390 3469 lius
423 3414 642 3483 quidem
684 3425 748 3465 ex
779 3412 898 3465 solo
953 3407 1117 3463 Patre
1140 3415 1262 3474 cst,
1312 3405 1558 3476 Spiritus
1580 3419 1712 3461 vero
1740 3420 1866 3458 san-

281 3521 409 3567 ctus
436 3523 503 3562 ex
534 3505 697 3560 Patre
714 3501 992 3571 Filioque.

713 3636 973 3693 Octavum
1029 3632 1434 3704 Argumentum.

361 3779 600 3849 Spiritus
622 3785 850 3832 sanctus
883 3771 1085 3827 dicitur
1119 3770 1174 3824 in
1231 3769 1517 3838 Scriptura
1549 3775 1741 3823 esseet
1770 3765 1864 3820 Pa-

293 3877 394 3931 tris
418 3883 470 3927 et
520 3868 668 3926 Filii.
713 3867 969 3921 Aitenim
1006 3863 1301 3935 Apostolus
1347 3862 1416 3916 ad
1456 3861 1770 3918 Romanos:
1812 3859 1870 3916 Si

289 3970 410 4041 quis
434 3967 699 4036 Spiritum
747 3961 948 4016 Christi
973 3975 1078 4012 non
1100 3955 1282 4020 habet,
1311 3955 1397 4009 hic
1425 3972 1524 4008 non
1556 3963 1635 4008 est
1663 3953 1776 4024 ejus
1799 3954 1868 4018 5”;

291 4074 346 4115 et
373 4062 438 4115 ad
480 4058 744 4113 Galatas:
803 4053 955 4107 Misit
1013 4051 1156 4105 Deus
1201 4048 1465 4120 Spiritum
1511 4047 1644 4100 Filii
1673 4048 1754 4101 sui
1787 4048 1867 4101 ".

291 4157 365 4210 At
403 4170 553 4208 “vero.
590 4166 712 4220 qum
754 4156 884 4203 sunt
936 4145 1250 4202 communia
1302 4143 1481 4197 Patris
1504 4152 1556 4194 et
1581 4139 1725 4205 Filii,
1764 4155 1870 4192 non

293 4245 454 4299 aliter
482 4251 610 4296 sunt
644 4240 819 4293 Patris
848 4247 901 4291 et
932 4235 1091 4289 aliter
1118 4230 1264 4293 Filii,
1297 4231 1389 4285 sed
1421 4229 1673 4284 similiter
1698 4237 1754 4281 ct
1779 4242 1872 4280 eos

292 4338 418 4393 dem
443 4334 638 4388 modo:
669 4331 815 4400 quod
840 4327 1105 4381 Dominus
1125 4324 1364 4377 ostendit
1388 4321 1442 4374 in
1468 4320 1763 4389 aliquibus.
1785 4317 1876 4370 Ait

293 4431 440 4482 enim
470 4423 838 4494 :Quwcuuque
863 4418 1190 4484 Paterfucit,
1223 4416 1403 4467 eadem
1435 4424 1482 4465 et
1512 4410 1686 4464 Filius
1728 4411 1879 4462 simi-
1911 4452 1954 4506 ι)

299 4523 419 4575 (iter
448 4517 576 4588 facit
593 4518 634 4548 ⁵⁷
660 4533 675 4582 ;
705 4525 761 4568 et
781 4515 996 4574 iterum,
1016 4508 1164 4564 Sicut
1194 4508 1352 4561 Pater
1379 4505 1605 4557 suscitat
1644 4512 1879 4556 mortuos

294 4623 348 4666 et
372 4603 974 4678 uiviﬁcat,itaetFilius
1026 4618 1157 4674 quos
1211 4603 1318 4653 vult
1371 4599 1600 4669 viviﬁcat
1638 4597 1878 4651 ".Sicut

295 4721 432 4774 ergo
462 4704 639 4757 facere
663 4711 714 4754 et
750 4699 1028 4753 vivilicare
1064 4708 1360 4749 commune
1389 4693 1667 4746 exsistens
1699 4688 1880 4742 Patris

298 4811 355 4851 et
378 4797 523 4859 Filii,
563 4794 815 4849 similiter
835 4802 919 4845 est
949 4790 1237 4843 amborum
1264 4805 1277 4840 :
1316 4789 1386 4839 ita
1416 4798 1466 4837 et
1496 4787 1542 4838 si
1574 4782 1704 4853 quid
1733 4782 1879 4836 aliud

301 4901 598 4942 connuuue
652 4895 736 4939 est
792 4882 972 4936 Patris
1027 4890 1081 4934 et
1143 4879 1284 4940 Filii,
1352 4879 1540 4931 eadem
1590 4878 1799 4931 ratione
1833 4888 1886 4931 et

302 4979 472 5036 modo
499 4979 730 5032 duorum
757 4985 877 5041 est,
921 4975 1069 5028 salva
1106 4972 1354 5025 videlicet
1390 4969 1477 5023 illa
1514 4970 1889 5031 distinctione,

303 5089 414 5144 qua
495 5071 844 5140 intelligimus
916 5066 1230 5122 cotnn'tunia
1301 5067 1536 5116 duorum
1594 5078 1658 5115 ex
1732 5062 1890 5115 Patre

305 5166 506 5221 adesse
547 5163 704 5227 Filio,
736 5161 842 5216 non
878 5177 942 5214 ex
974 5161 1082 5214 alio
1123 5159 1295 5212 Patri.
1326 5155 1391 5210 Et
1420 5157 1660 5224 idipsum
1719 5156 1893 5224 signi-

310 5258 733 5312 licatl)ominus
773 5257 960 5310 dicens
1005 5252 1198 5306 :Sicut
1239 5253 1403 5304 Pater
1437 5250 1591 5303 habet
1634 5251 1796 5302 vitam
1834 5251 1889 5302 in

308 5351 591 5414 semetipso
619 5347 686 5399 ”.
727 5348 867 5414 Ergo
900 5345 1099 5397 habere
1130 5344 1291 5396 vitam
1332 5342 1384 5394 in
1411 5341 1706 5408 semetipso
1737 5356 1886 5394 com-

311 5458 480 5496 mune
505 5442 778 5494 exsistens
805 5437 1057 5489 similiter
1084 5437 1372 5487 amborum
1403 5473 1417 5496 ,
1471 5445 1652 5486 tamen
1683 5449 1746 5487 ex
1781 5436 1888 5486 Pa—

313 5547 399 5589 tre
451 5536 519 5588 ab
547 5545 753 5587 aeterno
809 5529 979 5582 Filius
1017 5530 1119 5581 hoc
1153 5527 1334 5581 habet.
1381 5525 1732 5595 Quapropter
1758 5531 1886 5597 quia

390 5747 434 5778 "
470 5743 660 5797 Matth.
700 5758 773 5802 tv,
803 5741 856 5792 4.

319 5819 410 5873 19.
489 5817 532 5848 ⁵⁸
562 5815 688 5867 ibid.
721 5814 811 5865 “2|.

702 5911 947 5968 FLTuOL

935 5739 981 5769 ⁸⁸
1012 5739 1206 5806 Ephes.
1235 5757 1309 5803 VI,
1382 5744 1433 5795 7.

888 5811 934 5841 δ’
989 5809 1120 5863 ibttl.
1166 5813 1254 5864 :16.

1010 5907 1304 5968 Gn.CLl

1332 5814 1378 5843 “°
1437 5812 1633 5881 I'Iphes.
1674 5828 1744 5874 \‘I,
1811 5811 1892 5862 i7.

1512 5741 1556 5774 ³⁸
1589 5740 1896 5800 Psal.x1.tv,
1934 5736 1986 5790 2.

1937 521 2198 585 distincto
2225 540 2460 594 tantum,
2498 529 2644 598 quod
2685 526 2856 581 Filius
2888 527 2991 581 hoc
3017 526 3181 580 habet
3216 526 3283 579 ab
3305 535 3513 579 attento

1937 639 2002 678 ex
2045 622 2224 684 Patre,
2260 632 2314 676 ut
2340 623 2458 688 ejus
2485 622 2704 675 dicatur
2732 619 2990 689 Spiritus.

2007 717 2076 768 At
2111 729 2239 768 vero
2285 713 2408 767 ideo
2451 714 2652 766 dicitur
2683 714 2924 782 Spiritus
2965 726 3216 781 sanctus,
3274 717 3516 786 Spiritus

1938 805 2136 866 Patris,
2193 804 2448 872 quoniam
2498 819 2560 856 ex
2603 819 2688 858 eo.
2747 805 2804 857 Si
2872 804 3019 859 enim
3073 807 3209 861 alius
3242 810 3517 864 exsistens

1941 912 2102 960 quam
2143 893 2321 954 Pater,
2358 913 2464 948 non
2501 906 2646 950 esset
2676 913 2740 949 ex
2759 913 2847 962 eo,
2881 913 2988 950 non
3018 900 3207 969 utique
3241 901 3519 956 diceretur

1941 989 2063 1058 ejus
2100 1004 2247 1042 esse.
2301 988 2624 1058 Signiﬁcant
2673 999 2853 1043 autem
2904 992 3089 1045 ethoc
3149 994 3520 1063 evangelistam

1942 1083 2024 1135 illi
2052 1083 2198 1136 enim
2252 1084 2341 1152 qui
2389 1082 2580 1135 dicunt
2626 1080 2891 1149 Spiritum
2943 1065 3142 1147 Patris,
3192 1100 3301 1138 non
3333 1087 3523 1140 dicunt

1945 1176 2209 1246 Spiritum
2264 1192 2328 1228 ex
2387 1173 2580 1228 Patre:
2614 1174 2857 1229 Joannes
2895 1192 3024 1230 vero
3050 1179 3227 1236 solus.
3262 1181 3357 1248 qui
3393 1193 3517 1248 post

1946 1286 2139 1324 oinues
2197 1269 2561 1338 Evangelium
2592 1269 2833 1338 scripsit,
2877 1269 3140 1338 Spiritum
3172 1271 3377 1326 al‘atre
3401 1288 3526 1342 pro-

1947 1359 2230 1413 cedentem
2266 1361 2475 1423 dicens,
2501 1357 2762 1428 Spiritum
2803 1359 2978 1412 Patris
3009 1361 3060 1413 in
3097 1377 3198 1415 suo
3233 1361 3526 1432 Evangelia

1950 1456 2176 1508 minime
2210 1453 2366 1508 dicit.
2387 1455 2627 1510 Putasne
2696 1454 3026 1521 ignorabant
3078 1458 3160 1509 vel
3213 1457 3313 1518 illi,
3341 1468 3524 1510 utrum

1948 1566 2015 1604 ex
2078 1551 2236 1604 Patre
2291 1561 2373 1605 est
2401 1551 2670 1618 Spiritus:
2710 1551 2791 1605 vel
2829 1551 2918 1604 hic
2957 1562 3140 1606 utrum
3200 1553 3376 1608 Patris
3401 1555 3530 1608 est?

1951 1642 2192 1697 Minime.
2223 1642 2329 1699 Sed
2357 1652 2568 1698 certum
2600 1653 2704 1706 est.
2733 1644 2878 1712 quod
2918 1653 2972 1697 et
3023 1644 3099 1698 illi
3137 1646 3382 1702 dicentes
3406 1662 3531 1701 eSse

1956 1732 2127 1786 Patris
2155 1732 2445 1802 Spiritum,
2478 1751 2576 1803 per
2595 1735 2700 1790 hoc
2726 1735 3040 1806 significare
3076 1739 3354 1801 volebant,
3381 1742 3532 1808 quod

1946 1841 2013 1878 ex
2043 1826 2199 1880 Patre
2223 1835 2306 1880 est
2341 1837 2436 1881 :et
2467 1827 2556 1883 hic
2595 1829 2788 1882 dicens
2821 1827 2998 1898 ipsum
3042 1846 3069 1883 a
3111 1831 3295 1894 Patre,
3339 1834 3534 1886 eodem

1948 1920 2068 1989 ipso
2094 1928 2146 1974 et
2175 1920 2322 1989 quod
2373 1917 2552 1975 Patris
2584 1932 2670 1974 est
2702 1921 2999 1990 signiﬁcat.
3031 1922 3171 1991 Ergo
3194 1923 3239 1977 si
3277 1938 3530 1978 necessa-

1949 2014 2094 2066 rium
2125 2020 2206 2067 est
2247 2011 2519 2082 Spiritum
2558 2024 2810 2068 sanctum
2846 2015 2917 2067 ita
2949 2030 3071 2069 esse
3104 2013 3254 2080 Filii,
3291 2016 3538 2071 sicutest

1947 2104 2130 2160 Patris
2157 2123 2171 2160 :
2197 2116 2281 2160 est
2308 2115 2491 2160 autem
2533 2107 2715 2162 Patris
2745 2117 3004 2178 tanquam
3039 2109 3312 2165 exsisteas
3332 2127 3397 2166 ex
3430 2127 3535 2176 eo;

1949 2207 2034 2254 est
2061 2215 2190 2267 ergo
2230 2211 2286 2254 et
2315 2198 2442 2253 Filii
2479 2209 2738 2270 tanquam
2790 2202 3067 2256 exsistens
3097 2217 3165 2256 ex
3192 2218 3278 2257 eo.
3316 2203 3410 2257 Est
3438 2220 3536 2257 au-

1951 2301 2060 2346 tem
2093 2291 2145 2346 id
2169 2292 2347 2361 ipsum
2372 2294 2752 2358 manifestum,
2780 2305 2834 2349 et
2858 2295 2983 2363 quia
3021 2311 3126 2349 non
3158 2297 3535 2362 convertitur;

1953 2385 2139 2441 multis
2179 2385 2325 2439 enim
2382 2387 2435 2440 in
2467 2387 2747 2456 Scriptura
2794 2387 3110 2441 nominibus
3160 2388 3332 2443 Filius
3407 2406 3533 2444 cum

1953 2483 2106 2528 esset
2135 2473 2472 2536 nominatus,
2517 2474 2569 2526 in
2628 2473 2780 2528 nullo
2805 2489 2993 2530 eorum
3036 2474 3240 2529 dicitur
3268 2491 3390 2531 esse
3419 2477 3544 2546 Spi-

1955 2567 2116 2632 ritus,
2169 2567 2316 2620 sicut
2386 2566 2504 2635 ipsc
2544 2566 2781 2636 Spiritus
2818 2568 3020 2622 dicitur
3070 2583 3194 2624 esse
3247 2567 3391 2625 Filii.
3421 2569 3538 2625 Non

1955 2657 2101 2713 enim
2136 2660 2226 2713 ubi
2254 2659 2332 2714 ait
2352 2660 2652 2730 Apostolus
2697 2660 2942 2730 gladium
2972 2659 3209 2731 Spiritus
3235 2663 3304 2728 '°,
3336 2662 3538 2720 Filium

1958 2754 2212 2807 nominat
2238 2753 2506 2822 gladium,
2540 2765 2598 2808 ut
2646 2754 2870 2824 quidam
2906 2755 3238 2826 intelligunt.
3261 2756 3418 2812 Patet
3448 2776 3544 2814 au-

1958 2854 2067 2900 tem
2095 2861 2158 2898 ex
2191 2846 2587 2914 superioribus.
2620 2844 2755 2900 Cum
2804 2847 2952 2902 enim
3021 2849 3251 2904 dixisset
3282 2867 3299 2905 :
3345 2850 3544 2905 Indui-

1960 2936 2091 2988 mini
2120 2945 2170 2988 et
2204 2936 2397 2989 sumite
2439 2946 2773 2990 armaturam
2807 2936 2926 3004 Dei,
2965 2953 3029 2993 ac
3073 2955 3169 3009 per
3198 2942 3302 2997 hoc
3330 2943 3541 2997 Patrem

1966 3026 2381 3096 signiﬁcasset;
2437 3029 2781 3085 descendens
2813 3031 3014 3086 infert:
3078 3032 3146 3086 Et
3169 3036 3371 3104 galeam
3398 3037 3547 3089 salu-

1972 3120 2106 3173 taris
2129 3121 2375 3185 accipite,
2410 3123 2655 3178 salutare
2681 3125 3167 3195 nominansipsum
3201 3127 3547 3184 incarnatum

1972 3209 2194 3267 Filium.
2229 3210 2431 3267 Videbit
2456 3215 2727 3280 enim,ait,
2747 3217 2919 3272 omnis
2948 3235 3073 3272 caro
3100 3220 3338 3274 salutare
3359 3221 3453 3276 Dei
3480 3225 3548 3289 “;

1972 3315 2027 3359 et
2093 3304 2234 3370 Quia
2299 3305 2540 3362 viderunt
2594 3311 2740 3364 oculi
2801 3312 2902 3365 mei
2965 3313 3206 3368 salutare
3287 3326 3435 3369 tuum
3479 3321 3548 3372 θ’,

1977 3394 2177 3450 Deinde
2209 3409 2613 3467 consequenter
2666 3401 2800 3456 dicit
2832 3419 2852 3457 :
2889 3401 2958 3456 Et
3014 3405 3252 3473 gladium
3289 3408 3548 3476 Spiritus.

1977 3500 2073 3553 per
2107 3489 2220 3541 haec
2257 3488 2366 3541 duo
2411 3491 2657 3550 nomina.
2697 3492 2876 3560 ipsum
2913 3494 3176 3562 Spiritum
3209 3498 3548 3567 significans.

1979 3579 2170 3634 Merito
2209 3592 2388 3636 autem
2430 3593 2767 3637 armaturam
2841 3587 3062 3654 quidem
3096 3589 3344 3643 attribuit
3382 3593 3550 3650 Patri,

1976 3674 2188 3743 galeam
2219 3687 2350 3726 vero
2374 3683 2428 3727 et
2452 3674 2694 3742 gladium
2719 3673 2861 3731 Filio
2899 3686 2954 3730 et
2982 3678 3234 3748 Spiritui.
3271 3681 3544 3748 Quoniam

1977 3768 2124 3822 enim
2157 3775 2436 3822 armatura
2461 3778 2546 3824 est
2573 3785 2746 3839 genus
2781 3771 2866 3826 vel
2916 3783 3128 3838 totum,
3165 3776 3314 3843 galea
3345 3793 3476 3832 vero
3503 3796 3555 3834 et

1982 3861 2193 3931 gladius
2223 3871 2353 3916 sunt
2411 3863 2621 3929 species
2649 3864 2734 3917 vel
2795 3874 3013 3934 partes:
3045 3876 3096 3921 et
3134 3883 3352 3939 semper
3376 3881 3550 3926 totum

1980 3968 2032 4011 et
2057 3971 2232 4025 genus
2297 3954 2554 4026 principii
2617 3959 2890 4012 rationem
2960 3961 3123 4014 habet
3180 3964 3246 4017 ad
3289 3976 3469 4033 partes
3503 3980 3559 4023 et

1982 4050 2195 4119 specizs
2218 4068 2233 4115 ;
2259 4059 2345 4103 est
2370 4058 2554 4103 autem
2584 4060 2639 4104 et
2667 4050 2831 4106 Pater
2852 4054 3182 4124 principium
3202 4055 3325 4112 Filii
3358 4069 3411 4112 ct
3433 4063 3558 4131 Spi-

1982 4143 2124 4195 ritus
2165 4142 2335 4195 sancti
2375 4159 2390 4198 :
2426 4143 2551 4212 jure
2612 4154 2945 4200 armaturam
2993 4149 3213 4217 quidem
3266 4153 3555 4208 habentem

1985 4233 2239 4303 principii
2266 4235 2531 4288 rationem
2568 4238 2823 4292 attribuit
2878 4239 3354 4310 prit‘tcipalissima:
3382 4245 3556 4302 Patris

1987 4342 2233 4395 persona:
2261 4345 2276 4382 :
2309 4327 2520 4395 galeam
2562 4344 2690 4382 vero
2731 4341 2784 4384 et
2838 4331 3107 4401 gladium,
3171 4351 3404 4404 quorum
3470 4353 3556 4390 tisi

1985 4428 2262 4471 armatura
2295 4419 2649 4488 principium,
2683 4421 2820 4475 Filio
2845 4432 2899 4476 et
2937 4423 3186 4492 Spiritui,
3221 4442 3451 4495 quorum
3477 4444 3560 4483 est

1986 4509 2146 4564 Pater
2179 4519 2231 4563 et
2261 4513 2614 4580 principium.
2645 4513 2760 4566 Non
2801 4506 2925 4583 quia
2959 4516 3031 4570 ibi
3062 4533 3233 4585 genus
3263 4531 3315 4572 et
3347 4525 3559 4590 species

1987 4612 2039 4656 et
2072 4614 2242 4656 totum
2268 4614 2321 4657 et
2349 4616 2535 4674 partes
2556 4616 2686 4660 sunt
2708 4646 2724 4670 ,
2757 4607 2850 4660 sed
2879 4609 3226 4665 solummodo
3251 4617 3557 4666 secundum

1992 4698 2254 4749 rationem
2297 4699 2578 4766 principii,
2614 4709 2666 4752 et
2721 4716 2909 4754 eorum
2958 4718 3081 4770 qua:
3113 4719 3176 4757 ex
3220 4719 3286 4758 eo
3318 4717 3464 4759 sunt.
3499 4709 3565 4760 Et

1991 4790 2250 4858 quoniam
2306 4801 2470 4859 caput
2522 4791 2775 4861 principii
2801 4795 2968 4849 habet
3037 4798 3302 4867 rationem
3345 4800 3410 4852 ad
3445 4816 3563 4854 nta—

1998 4899 2128 4936 num
2155 4922 2171 4946 ,
2203 4885 2399 4952 capitis
2437 4885 2656 4953 quidem
2711 4900 2862 4940 arma
2894 4883 3342 4954 attribtiit‘Filio,
3367 4909 3565 4948 manus

1998 4989 2127 5026 vero
2158 4974 2384 5043 Spiritui
2414 4995 2426 5028 :
2461 4988 2519 5029 ut
2544 4978 2745 5032 eximie
2785 4980 3154 5049 intelligamus
3188 4981 3391 5038 Filium
3418 4987 3568 5054 prin-

1994 5067 2195 5135 cipium
2230 5083 2348 5121 esse
2369 5068 2628 5136 Spiritus.
2654 5069 2760 5124 Sed
2791 5073 2936 5139 quod
2962 5089 3143 5128 sermo
3171 5079 3340 5145 coepit
3361 5077 3563 5142 dicere,

1995 5157 2128 5209 illud
2163 5168 2268 5222 est,
2303 5162 2445 5226 quod
2487 5159 2661 5215 Filius
2717 5167 3021 5218 secundum
3075 5168 3282 5221 nullum
3333 5187 3560 5225 suorum

1996 5251 2286 5304 nominum
2313 5253 2512 5305 dicitur
2537 5254 2796 5322 Spiritus,
2851 5260 2996 5312 sicut
3035 5262 3148 5328 ipse
3172 5262 3408 5331 Spiritus
3435 5266 3569 5318 diei-

2001 5353 2088 5395 tur
2125 5359 2245 5396 esse
2299 5344 2442 5398 Filii.
2512 5346 2651 5416 Ergo
2701 5361 2756 5402 ut
2804 5353 2964 5405 verba
3008 5371 3114 5405 non
3152 5365 3568 5415 coiivertantur,

2001 5451 2163 5488 causa
2193 5448 2296 5498 est,
2322 5439 2467 5504 quod
2497 5455 2582 5492 res
2618 5455 2725 5492 non
2755 5452 3173 5501 convertuntur.
3209 5447 3489 5515 Siquidem
3517 5450 3568 5501 in

2005 5528 2286 5598 Scriptura
2321 5549 2560 5586 consona
2588 5537 2749 5589 rebus
2779 5538 2937 5591 verba
2974 5539 3293 5594 redduntur.
3321 5541 3438 5594 Non
3476 5559 3574 5595 au-

2067 5739 2110 5772 "
2148 5739 2305 5792 Rnnt.
2346 5757 2463 5804 \‘llt,
2492 5742 2543 5792 9.

2653 5740 2695 5770 ⁸⁸
2731 5740 2906 5793 Galat.
2940 5757 3010 5808 ιν,
3076 5742 3126 5795 6.

1998 5810 2037 5839 θ’
2067 5809 2193 5864 Lac.
2221 5828 2296 5875 lli,
2338 5815 2388 5863 ϋ.

3228 5744 3272 5773 δ’
3299 5742 3456 5798 Juan.
3523 5763 3573 5810 ιι,

2469 5813 2512 5841 ⁶¹
2549 5812 2678 5865 Luc.
2719 5829 2776 5876 ιι,
2815 5813 2903 5865 50.

3141 5905 3217 5966 te
