4122 6240
271 345 398 410 1225

1645 337 1792 398 PRO
1836 335 2172 398 LATINIS.

3399 337 3534 400 13Ξῦ

263 470 316 518 et
342 459 478 514 dona
514 454 840 526 accipimus,
869 467 1030 524 quam
1082 469 1112 506 a
1171 447 1842 518 Putre;:equaliterenim
1875 449 2257 520 Adirigamur
2291 448 2359 503 ad
2415 449 2850 520 intelligendum,
2909 452 3054 520 quod
3122 451 3279 505 Pater
3335 453 3537 520 princi'

262 564 314 609 et
335 547 578 609 similiter
607 565 638 604 a
669 549 845 604 tribus
891 547 1139 619 personis
1192 543 1503 614 huiusmodi
1573 542 1837 598 beneﬁcia

264 646 410 702 nobis
434 644 731 701 eveniunt:
779 658 900 714 qua:
930 656 1096 697 causa
1132 650 1297 708 est,ut
1358 656 1484 694 cum
1525 637 1837 706 huiusmodi

265 739 516 794 beneficia
566 726 907 807 teqtialitera
963 736 1122 791 Patre
1146 743 1200 788 et
1250 732 1455 798 Spiritu
1511 731 1834 802 accipimus,

263 832 412 888 Pater
443 831 664 904 quidem
685 829 901 886 dicatur
925 828 1057 882 dare
1074 827 1232 881 nobis
1258 823 1524 896 Spiritum
1559 833 1833 888 sanctum,

266 925 400 980 hunc
437 938 567 978 vero
589 939 618 978 e
648 937 911 978 converso
937 921 1162 975 minime
1188 920 1466 975 scribatur
1493 936 1508 973 :
1546 933 1615 972 an
1669 927 1838 980 certe,

264 1021 507 1091 quoniam
545 1032 766 1084 semper
819 1014 933 1077 ille.
959 1015 1053 1083 qui
1090 1014 1182 1066 dat
1218 1011 1446 1082 aliquid,
1482 1012 1534 1066 in
1569 1020 1833 1081 quantum

265 1115 368 1175 dat,
398 1111 648 1182 principii
701 1111 968 1164 rationem
1007 1107 1168 1160 habet
1200 1104 1265 1158 ad
1323 1106 1376 1159 id
1441 1103 1585 1174 quod
1652 1105 1837 1167 datur,

264 1215 344 1261 est
375 1215 552 1258 autem
577 1211 630 1257 et
657 1202 816 1257 Pater
841 1201 1168 1270 principium
1217 1197 1453 1269 Spiritus
1483 1197 1657 1254 sancti
1688 1236 1702 1259 ,
1727 1196 1836 1252 dici

265 1299 473 1370 quidem
512 1298 728 1351 Patrem
764 1295 885 1349 dari
913 1311 944 1349 ε
973 1294 1184 1364 Spiritu
1213 1291 1837 1356 sancto,absurdissime

264 1395 568 1456 diceretur;
629 1391 754 1461 quia
814 1404 945 1444 vero
1000 1388 1162 1443 Pater
1203 1386 1298 1441 dat
1350 1386 1657 1454 Spiritum,
1708 1399 1838 1439 con-

263 1485 645 1555 grucntissime
675 1483 897 1543 dicitur,
928 1492 984 1536 ut
1016 1481 1212 1535 exinde
1246 1481 1640 1549 intelligamus,
1683 1479 1838 1534 illum

265 1575 473 1645 quidem
509 1583 767 1644 tanquam
836 1571 1206 1643 principium,
1256 1573 1404 1626 hunc
1472 1581 1652 1625 autem
1716 1583 1838 1625 tan-

264 1685 418 1738 quam
452 1685 518 1724 ex
541 1683 645 1734 eo;
677 1678 728 1722 et
755 1667 831 1720 ita
852 1667 995 1721 dicta
1030 1666 1082 1720 in
1135 1674 1380 1736 tempore
1406 1666 1554 1721 datio
1603 1666 1840 1737 Spiritus

1940 544 2091 612 pium
2117 553 2202 599 est
2245 541 2504 610 Spiritus.
2537 540 2771 599 Necesse
2827 544 2971 598 enim
3024 553 3129 605 cst,
3163 555 3220 595 ut
3253 545 3539 613 εριιιβξιετλ

1943 651 2010 689 na
2043 650 2140 705 per
2165 649 2228 691 ea
2261 650 2382 704 qua:
2411 638 2784 703 temporaliter
2835 637 2889 690 in
2916 636 3219 707 Scripturis
3243 637 3500 690 dicuntur
3523 678 3537 699 ,

1942 736 2202 798 tanquam
2233 743 2330 795 per
2383 726 2636 797 qnzedam
2701 728 2878 798 sig-na,
2943 730 3245 783 secundum
3299 729 3537 798 aliqua"

1941 821 2364 875 similitudinem
2425 821 2824 892 signiﬁcentur.
2858 820 2925 876 Δι
2954 839 3087 877 vero
3108 831 3163 878 et
3206 823 3377 877 Filius
3408 825 3542 878 dici-

1940 917 2111 970 turin
2188 914 2472 982 Scriptura
2545 914 2843 989 cliuo-lere
2888 916 3179 985 Spiritum.
3248 919 3336 970 Ait
3395 921 3538 973 enim

1940 1010 2238 1080 Apostolus
2273 1011 2338 1063 ad
2401 1010 2621 1064 Titum:
2685 1008 2991 1064 Secundum
3021 1027 3172 1064 suam
3241 1014 3545 1066 miscricor-

1940 1107 2082 1158 diam
2119 1105 2291 1159 salvos
2321 1122 2416 1159 nos
2471 1107 2618 1173 fecit,
2649 1122 2743 1173 per
2801 1106 3078 1160 lavacrum
3135 1109 3543 1176 regenerations's

1939 1209 1987 1253 et
2023 1199 2382 1253 rcuovationis
2441 1197 2670 1270 Spiritus
2715 1202 2908 1262 sonori,
2936 1216 3088 1268 quem
3148 1203 3335 1269 r/fudit
3365 1204 3545 1256 adnus

1906 1308 1909 1309 '
1940 1293 2145 1363 copiose
2174 1309 2267 1361 per
2285 1292 2465 1347 Iesum
2501 1291 2772 1346 Christum
2808 1293 3144 1348 Salvatorem
3202 1309 3441 1350 nostrum
3476 1302 3545 1350 ⁷⁵.

1943 1387 2156 1442 Eli‘undi
2187 1389 2331 1442 enim
2359 1388 2433 1442 ait
2466 1387 2727 1453 Spiritum
2761 1405 2856 1459 per
2906 1389 3128 1449 Filium,
3190 1394 3448 1456 quoniam
3487 1394 3536 1445 il

1941 1482 2118 1550 ipsum
2146 1492 2203 1535 ut
2234 1483 2474 1537 effundat
2515 1483 2803 1552 Spiritum,
2857 1484 3020 1538 habet
3053 1484 3222 1537 Filius
3256 1502 3319 1538 ex
3361 1491 3541 1553 Patre,

1941 1576 2082 1644 Quod
2117 1575 2454 1646 significatur
2484 1591 2547 1630 ex
2582 1576 2687 1629 alia
2749 1578 3052 1640 Scriptura.
3092 1577 3362 1647 Scriptum
3397 1574 3549 1633 enini

1941 1679 2025 1724 est
2057 1670 2110 1723 in
2165 1669 2425 1724 Actibus:
2471 1669 2834 1723 Promissione
2872 1671 3099 1738 Spiritus
3135 1673 3305 1724 sancti
3341 1686 3547 1742 accepta

267 1761 454 1826 sancti,
487 1761 697 1816 reducit
721 1776 822 1814 nos
851 1761 915 1816 ad
963 1761 1349 1832 sempiternam
1386 1761 1505 1830 ejus
1541 1775 1605 1816 ex
1645 1762 1835 1816 eodem
1877 1798 1918 1851 Β
1946 1781 1977 1816 a
2009 1765 2192 1829 Patre,
2224 1765 2411 1831 e/fudit
2462 1764 2560 1816 Imc
2588 1766 2725 1833 quod
2769 1782 2903 1818 nunc
2928 1767 3113 1819 ιεὶιίειιιδ
3147 1777 3194 1819 et
3233 1769 3427 1822 auditis

267 1856 687 1924 processionem.
732 1854 803 1910 At
863 1870 993 1910 vero
1052 1865 1107 1910 et
1143 1855 1314 1910 Filius
1364 1857 1525 1910 datin
1555 1855 1836 1924 Scriptura

270 1947 522 2019 Spiritum
555 1959 826 2004 sanctum.
861 1948 1167 2006 lnsufﬂavit
1193 1950 1363 2013 enim,
1397 1961 1452 2006 et
1510 1950 1646 2005 dixit
1680 1950 1845 2004 disci-

269 2041 696 2110 puliszdccipite
755 2041 1014 2110 Spiritum
1065 2052 1306 2094 sanctum
1342 2041 1404 2096 ⁷⁸.
1463 2041 1523 2096 Et
1559 2042 1611 2096 in
1670 2044 1842 2112 prima

267 2135 527 2191 catholica
556 2135 794 2204 Epistola
822 2136 898 2189 ait
929 2136 1121 2190 beatus
1169 2133 1411 2190 Joannes
1456 2134 1524 2190 de
1577 2133 1797 2190 Christo
1827 2155 1842 2190 :

267 2230 328 2286 In
351 2231 445 2286 hoc
477 2232 856 2302 cognoscimus,
880 2233 1006 2301 quia
1060 2215 1234 2286 manet
1257 2233 1307 2285 in
1344 2231 1513 2297 nobis,
1547 2231 1608 2285 de
1638 2228 1845 2299 Spiritu

265 2341 409 2394 quem
437 2325 583 2378 nobis
611 2324 754 2378 dedit
781 2327 850 2380 ".
903 2326 1040 2391 Quia
1064 2340 1193 2378 vero
1219 2325 1456 2394 Spiritus
1504 2337 1727 2380 sanctus
1756 2327 1847 2381 dat

269 2415 482 2483 Filium,
512 2432 780 2486 nusquam
818 2417 1082 2486 scriptum
1115 2425 1218 2472 est.
1250 2417 1519 2485 Quoniam
1553 2433 1686 2488 ergo
1716 2416 1847 2472 dare

270 2510 525 2578 Spiritum
557 2521 608 2565 et
637 2527 745 2564 non
772 2510 888 2565 dari
918 2513 982 2564 ab
1013 2525 1100 2574 co,
1157 2527 1446 2565 commune
1475 2521 1561 2566 est
1588 2510 1765 2566 Patris
1797 2522 1847 2566 ct

268 2601 757 2670 Filii;communia
815 2617 946 2658 vero
995 2604 1370 2658 indiﬂereuter
1415 2613 1544 2658 sunt
1598 2621 1847 2659 commu-

267 2695 386 2750 nia:
420 2697 674 2752 similiter
700 2696 890 2767 utique
933 2697 1201 2752 intellecta
1244 2699 1466 2753 datione
1492 2707 1542 2753 et
1575 2701 1847 2770 acceptio.

267 2804 330 2842 ne
356 2790 408 2843 in
435 2788 571 2844 Filio
601 2801 654 2847 et
688 2790 895 2860 Spiritu
929 2830 943 2855 ,
992 2793 1133 2847 sicut
1167 2793 1218 2847 in
1276 2792 1433 2848 Patre
1485 2805 1538 2848 et
1597 2794 1801 2865 Spiritu
1834 2815 1846 2860 ;

268 2897 486 2937 necesse
515 2890 598 2936 est
636 2898 701 2937 ex
750 2899 816 2939 eo
852 2884 968 2951 ipso
1017 2884 1323 2951 intelligere
1348 2899 1469 2951 nos,
1501 2891 1644 2955 quod
1675 2883 1850 2941 Filius

267 2975 530 3045 principiu
555 2992 587 3029 ιι
616 2986 701 3030 est
741 2976 1002 3046 Spiritus,
1033 2986 1086 3031 et
1110 2976 1354 3050 Spiritus
1410 2979 1850 3050 iutentporaliter

263 3081 346 3127 est
371 3085 434 3123 ex
460 3071 599 3142 ipso.

684 3249 1028 3308 Undecimum
1057 3254 1462 3324 Argumentum.

337 3411 575 3469 Eil'nndit
603 3415 657 3469 in
693 3414 974 3485 Scriptura
1001 3433 1155 3472 sacra
1201 3417 1362 3474 Pater
1390 3417 1656 3489 Spiritum
1689 3399 1851 3476 Sanc-

265 3521 405 3569 tum.
436 3505 524 3559 Ait
553 3506 697 3560 enim
723 3525 737 3562 :
772 3503 1066 3576 Effundam
1091 3527 1123 3563 a
1154 3509 1358 3579 Spiritu
1392 3528 1506 3566 mco
1561 3528 1721 3582 super
1748 3529 1856 3566 om-

265 3615 386 3652 nem
413 3613 628 3652 carnem
659 3599 727 3654 ⁷⁸.
759 3597 832 3652 De
857 3617 966 3669 quo
997 3602 1120 3671 quis
1152 3604 1348 3657 merito
1393 3605 1685 3672 dubitabit,
1720 3622 1858 3676 quo—

266 3693 430 3748 modo
461 3692 782 3757 t-ﬂ‘unditur.
818 3696 962 3765 quod
998 3711 1105 3751 non
1155 3706 1237 3753 est
1269 3699 1506 3755 humida;
1539 3712 1750 3756 natur-te
1777 3702 1856 3757 Vri

265 3789 553 3845 detinentis
578 3829 594 3852 ,
630 3789 712 3843 vel
743 3792 1020 3860 quomodo
1066 3790 1269 3861 patitur
1315 3791 1544 3863 aliquid,
1606 3795 1746 3866 quod
1775 3813 1860 3865 pc-

268 3882 418 3938 nitus
439 3889 521 3937 est
545 3882 882 3951 impassibile
909 3899 924 3948 ;
955 3897 1017 3937 ac
1047 3884 1090 3937 si
1121 3897 1245 3937 vera
1271 3894 1355 3939 est
1402 3885 1578 3941 Patris
1609 3897 1662 3942 et
1689 3888 1860 3957 Spiri-

266 3985 354 4030 tus
379 3977 554 4030 sancti
591 3976 863 4045 operatio,
889 3986 945 4030 et
974 3988 1057 4030 est
1080 3975 1362 4033 eﬂtmdere
1417 3983 1665 4050 operatio
1717 4000 1862 4052 quau

263 4073 430 4129 dam:
465 4083 520 4128 et
551 4074 666 4142 ipse
691 4089 822 4142 ergo
849 4087 907 4127 se
969 4073 1146 4143 ipsum
1174 4073 1429 4129 eﬂ‘undit.
1455 4074 1560 4129 Sed
1586 4077 1864 4144 quomodo

263 4181 394 4220 cum
436 4179 580 4223 esset
605 4167 1050 4237 simplicissimus
1086 4167 1202 4235 ipse
1234 4166 1298 4218 ad
1353 4171 1593 4236 scipsum
1627 4169 1775 4233 facit,
1813 4175 1866 4222 et

264 4275 296 4313 ε
327 4275 386 4311 se
415 4260 532 4330 ipso
561 4261 812 4324 patitur?
863 4259 908 4314 si
947 4275 1074 4314 vero
1111 4261 1255 4314 dicet
1320 4261 1543 4329 aliquis,
1603 4262 1746 4331 quod
1782 4262 1867 4317 ef-

263 4358 423 4416 fundi
460 4359 572 4424 ipse
605 4359 832 4420 dicitur,
863 4373 929 4410 eo
992 4356 1138 4426 quod
1183 4357 1306 4426 ejus
1347 4357 1520 4425 gratia
1547 4355 1865 4419 eﬂ‘unditur,

259 4461 326 4508 ut
351 4455 613 4514 seriptum
648 4462 732 4506 est
766 4453 817 4506 in
845 4453 1092 4516 Actibus,
1125 4453 1268 4523 qttnd
1301 4451 1368 4505 Et
1400 4453 1452 4504 in
1482 4451 1720 4518 gentibus
1742 4467 1864 4520 gm-

256 4548 345 4601 lia
382 4544 613 4616 Spiritus
637 4547 815 4600 sancti
846 4546 1018 4617 cﬂ'usa
1048 4557 1125 4598 est
1159 4547 1203 4576 "
1233 4562 1251 4610 ;
1295 4546 1398 4598 hoc
1419 4554 1603 4599 autem
1638 4554 1858 4615 propter

253 4646 547 4709 copiosam
586 4649 640 4694 et
668 4640 1038 4694 abundantem
1091 4638 1366 4692 donorum
1415 4638 1854 4692 distributionem

253 4736 332 4792 ari
364 4735 570 4793 multos
598 4735 782 4790 subito
819 4741 1187 4788 transeuntem
1221 4751 1236 4788 :
1282 4731 1376 4788 sed
1412 4745 1536 4787 cum
1567 4734 1756 4787 eadem
1789 4733 1861 4786 sit

253 4831 442 4902 gratia
468 4829 644 4884 Patris
687 4837 741 4883 et
768 4826 1004 4898 Spiritus
1026 4826 1228 4891 sancti,
1287 4827 1418 4896 quid
1482 4827 1656 4894 magis
1712 4841 1864 4880 com-

257 4923 426 4977 muni
451 4926 618 4999 gratia
656 4923 851 4988 effusa,
886 4920 1049 4975 Pater
1106 4921 1309 4974 dicitur
1343 4918 1624 4976 eliundere
1682 4919 1862 4988 Spiri-

252 5030 408 5080 tum,
444 5034 606 5087 quam
635 5015 871 5086 Spiritus
913 5015 1172 5070 Patrem?
1207 5014 1380 5084 Hujus
1427 5023 1608 5068 autem
1652 5014 1858 5068 solutio

249 5115 460 5168 eadem
491 5113 678 5176 utique
709 5120 812 5170 cst.
847 5127 968 5179 qum
991 5119 1044 5164 et
1097 5111 1363 5179 priorum.
1422 5108 1688 5174 Quoniam
1710 5109 1856 5161 enim

249 5204 360 5255 ille
398 5200 494 5269 qui
529 5199 776 5261 eﬂ'undit,
807 5199 942 5250 adid
983 5197 1127 5266 quod
1160 5197 1478 5256 eliunzlitur.
1507 5200 1558 5250 in
1593 5207 1856 5266 quantum

250 5294 529 5358 effundit,
570 5291 828 5363 principii
889 5291 1055 5346 habet
1092 5292 1361 5344 rationem
1395 5307 1410 5354 ;
1459 5300 1541 5343 est
1595 5301 1772 5343 autem
1805 5299 1860 5343 et

249 5393 435 5446 Pater
475 5389 800 5460 principium
838 5386 1073 5456 Spiritus
1105 5385 1336 5451 ;met'ito
1398 5385 1673 5438 communi
1733 5400 1859 5452 gra-

246 5504 338 5543 ιιτι
365 5488 539 5539 eﬂnsa
575 5485 728 5539 Pater
759 5483 976 5554 quidem
1009 5481 1210 5535 dicitur
1240 5481 1518 5534 elTundere
1555 5465 1860 5547 Spiritum;

250 5581 519 5650 Spiritus
552 5595 678 5635 vero
706 5579 914 5634 Patrem
945 5595 1073 5644 non,
1109 5590 1164 5633 ιιι
1190 5595 1250 5634 (τι
1303 5577 1612 5646 huiusmodi
1641 5577 1867 5631 vocibus

970 5782 1013 5811 ⁷⁵
1047 5781 1062 5833 1
1094 5778 1248 5832 Joan.
1293 5795 1364 5834 tv.
1397 5779 1448 5832 6.

861 5851 901 5881 ⁸¹
935 5851 1090 5907 ibid.’
1137 5854 1216 5905 15.
1294 5851 1336 5880 θ’
1367 5853 1496 5904 ΗΜ.

339 5776 391 5807 ⁷⁸
419 5777 581 5832 Joan.
617 5796 705 5836 xx.
763 5779 854 5833 9.2.

243 5851 304 5883 ‘°
329 5851 511 5908 Joan.
546 5868 656 5914 xvi,
700 5854 780 5905 Η.

1892 4513 1941 4573 D

1567 5780 1611 5809 τ’*
1638 5780 1772 5835 Juel.
1823 5798 1878 5842 Il,
1911 5778 2000 5831 9.8.

1954 1855 2105 1922 Quod
2143 1874 2272 1913 vero
2298 1856 2532 1928 Spiritus
2581 1858 2826 1913 cliundat
2881 1857 3099 1920 Filium.
3142 1861 3402 1930 scriptum
3441 1878 3487 1912 nt
3513 1879 3544 1914 ιι

1952 1959 2055 2006 est.
2085 1951 2264 2016 Quare
2293 1961 2345 2005 et
2387 1966 2451 2004 ex
2495 1951 2596 2006 hoc
2628 1945 2826 2004 Fiiium
2884 1949 3214 2018 principium
3269 1966 3394 2005 csse
3426 1950 3551 2020 Spi-

1955 2043 2093 2097 ritus
2123 2043 2493 2096 concluditur.
3211 2041 3218 2048 ’

2343 2181 2725 2237 Duodecimnm
2758 2184 2797 2236 Α
2812 2197 3157 2252 rgumentum,

2031 2323 2282 2391 Accepta,
2315 2322 2410 2387 ait,
2443 2338 2473 2374 τι
2532 2318 2695 2374 Patre
2716 2323 3064 2390 promissione
3101 2322 3330 2391 Spiritus
3356 2326 3550 2390 sancti,

1956 2417 2134 2487 eﬂudit
2162 2416 2257 2467 hoc
2304 2419 2441 2482 quor!
2483 2431 2618 2467 nunc
2655 2415 2840 2470 vit/clis
2867 2425 2915 2467 et
2971 2415 3190 2468 auditis.
3234 2418 3342 2466 Ηιιρ
3368 2426 3548 2470 autem

1957 2511 2053 2574 ait,
2082 2525 2185 2562 non
2216 2510 2341 2577 quia
2380 2506 2539 2562 habet
2605 2505 2810 2576 aliquid
2844 2505 3028 2570 Pater,
3059 2509 3202 2576 quod
3239 2508 3409 2562 Filius
3444 2526 3550 2562 non

1957 2617 2176 2670 semper
2247 2601 2427 2665 habet,
2460 2610 2513 2655 et
2561 2601 2910 2670 postmodum
2958 2603 3006 2654 id
3046 2603 3222 2672 ipsum
3297 2601 3499 2671 accipit
3528 2626 3551 2655 τι

1957 2693 2139 2748 Patre.
2169 2691 2300 2746 Nam
2337 2694 2768 2762 intemporaliter
2790 2707 2914 2747 cum
2949 2704 3093 2749 esset
3117 2710 3146 2747 a
3181 2697 3340 2750 Patre
3367 2705 3556 2754 natus.

1961 2789 2063 2842 hbe
2113 2787 2233 2855 ipso
2259 2786 2404 2854 quod
2472 2785 2906 2853 intemporaliter
2940 2801 3003 2839 ex
3040 2801 3105 2839 co
3130 2793 3289 2840 natus
3349 2797 3455 2849 est.
3488 2787 3557 2841 ab

1958 2888 2165 2933 aeterno
2199 2878 2406 2932 habens
2437 2893 2501 2932 ex
2546 2878 2702 2933 Patre
2733 2879 2917 2932 omnia
2968 2894 3310 2950 qumcunque
3353 2882 3510 2936 habet
3543 2919 3558 2941 .

1961 2971 2164 3026 dicitur
2194 2972 2441 3040 accipere
2470 2986 2498 3024 a
2524 2972 2685 3026 Patre
2714 2990 2727 3036 ;
2773 2990 2880 3026 non
2911 2989 3034 3041 quae
3064 2973 3220 3042 prius
3252 2990 3360 3029 non
3393 2976 3562 3030 habe-

1961 3065 2073 3130 bat,
2114 3064 2208 3119 sed
2242 3063 2574 3136 teterrialiter
2639 3079 2761 3133 tmte
2831 3080 2894 3118 ex
2921 3081 2988 3120 eo
3038 3068 3315 3123 exsistens
3374 3068 3558 3122 habet.

1876 3165 1918 3221 ε
1953 3155 2134 3220 Quare
2161 3153 2302 3223 quod
2357 3153 2623 3224 scriptum
2657 3163 2761 3219 est,
2805 3157 3055 3226 accipere
3091 3159 3271 3227 ipsum
3311 3175 3341 3214 ιι
3373 3158 3555 3223 Patre,

1957 3247 2322 3320 signiﬁcatum
2359 3255 2444 3303 est
2467 3248 2799 3303 aeternaliter
2825 3266 2891 3305 ex
2921 3247 3084 3308 Patre
3127 3253 3306 3321 ipsum
3334 3267 3478 3319 esse,
3510 3261 3565 3306 rt

1961 3345 2160 3398 habere
2191 3357 2530 3412 quaecunque
2571 3342 2754 3399 habet.
2786 3353 2859 3399 At
2911 3361 3043 3400 vero
3097 3347 3242 3403 sicut
3266 3347 3439 3402 Filius
3485 3350 3567 3402 di.

1960 3437 2108 3490 citur
2134 3437 2381 3499 accipere
2409 3452 2436 3487 a
2471 3436 2656 3503 Patre,
2691 3445 2746 3491 et
2800 3437 3080 3494 eﬂ‘nndcrc
3142 3442 3425 3511 apostolis,
3487 3443 3560 3496 ita

1963 3527 2203 3596 Spiritus
2238 3536 2462 3582 sanctus
2514 3529 2717 3583 dicitur
2752 3533 3001 3599 accipere
3051 3549 3117 3586 cx
3166 3535 3326 3601 Filio,
3385 3547 3564 3592 etan-

1962 3621 2216 3676 nuntiare
2247 3622 2478 3676 eisdem.
2515 3621 2772 3677 Aitenim
2819 3639 2834 3678 :
2875 3625 2949 3679 De
2972 3643 3084 3680 meo
3121 3632 3362 3698 accipiet,
3392 3645 3438 3688 et
3472 3652 3568 3686 ar:—

1965 3715 2230 3768 nuntiabit
2260 3716 2400 3768 vobis
2439 3715 2507 3769 ⁸⁸.
2563 3715 2746 3780 Quare
2776 3725 2830 3770 et
2867 3717 2970 3772 hoc
3013 3713 3264 3775 Similiter
3294 3719 3568 3793 signiﬁca.

1967 3818 2080 3862 tum
2105 3805 2230 3873 erit,
2260 3807 2405 3875 quod
2439 3806 2558 3876 ipse
2602 3807 2842 3877 Spiritus
2890 3821 3118 3867 sanctus
3144 3827 3207 3866 ex
3259 3814 3570 3871 Filinteter-

1967 3899 2160 3953 naliter
2190 3907 2273 3953 est
2306 3908 2358 3951 et
2399 3900 2560 3954 habet
2610 3914 2960 3969 quaecunque
3014 3901 3212 3957 habet:
3258 3906 3566 3962 sicntelex

1968 3990 2147 4045 Patre.
2184 3989 2297 4046 Hoc
2332 4002 2512 4045 autem
2541 4000 2689 4060 patet
2720 4001 2776 4046 et
2824 4008 2919 4062 per
2950 3997 3312 4063 praecedentia
3352 4003 3513 4055 verba
3547 4022 3560 4066 ;

1969 4085 2108 4138 dixit
2135 4083 2322 4138 enim:
2362 4082 2495 4138 Cum
2545 4087 2741 4139 venerit
2778 4086 2868 4141 ille
2910 4085 3145 4156 Spiritus
3175 4094 3440 4161 veritatis,
3476 4095 3569 4149 do-

1970 4179 2104 4230 cebit
2131 4194 2217 4232 vos
2280 4194 2483 4232 onmem
2519 4181 2789 4235 veritatem
2818 4182 2886 4238 ⁸¹.
2923 4184 3126 4238 Deinde
3179 4191 3438 4257 quoniam
3478 4208 3570 4260 per

1972 4275 2077 4328 hoc
2105 4276 2350 4343 qmedam
2412 4277 2707 4329 diminutio
2754 4286 2938 4344 posset
2971 4282 3149 4347 putari
3205 4282 3328 4348 ejus
3384 4281 3518 4335 Filio
3549 4306 3563 4333 :

1973 4367 2242 4436 siquidem
2275 4369 2471 4422 docere
2529 4370 2808 4436 apostolos
2860 4385 3078 4424 onmem
3111 4374 3419 4442 veritatem,
3458 4394 3567 4430 rem

1977 4464 2205 4517 tantam,
2277 4457 2394 4524 ipse
2453 4458 2675 4524 quidem
2734 4473 2844 4512 non
2906 4459 3058 4524 fecit,
3116 4460 3375 4531 Spiritum
3439 4483 3570 4520 vero

1968 4558 2219 4603 sanctum
2256 4552 2356 4604 hoc
2381 4552 2458 4603 ait
2498 4549 2766 4603 facturum
2825 4553 2960 4616 fore,
3020 4552 3183 4609 infert
3229 4573 3244 4610 :
3285 4553 3406 4610 Non
3431 4562 3568 4612 enim

1969 4653 2216 4712 loquetur
2249 4659 2281 4698 a
2310 4645 2585 4712 semetipso
2610 4661 2632 4709 ;
2664 4645 2753 4697 sed
2788 4662 3112 4715 quarumque
3159 4649 3360 4713 audiet,
3389 4654 3567 4720 loque-

1971 4749 2061 4790 tttr
2092 4774 2107 4798 ,
2145 4744 2191 4786 et
2225 4733 2585 4803 qttw’ventura
2631 4747 2774 4802 sunt,
2828 4740 3172 4793 numtutiabit
3223 4742 3362 4793 vobis
3393 4741 3462 4794 ⁸³.
3493 4745 3568 4795 Ac

1971 4827 2021 4883 si
2058 4827 2262 4880 diceret
2293 4826 2482 4890 :Quod
2518 4825 2608 4880 ille
2633 4841 2728 4882 vos
2750 4829 2914 4884 ducat
2941 4830 3006 4882 ad
3031 4847 3249 4885 omnem
3286 4834 3564 4887 veritatem

1971 4929 2024 4973 et
2053 4920 2341 4974 annuntiat
2377 4920 2531 4973 vobis
2566 4931 2792 4975 ventura
2820 4962 2837 4985 ,
2891 4923 3064 4991 gloria
3141 4940 3256 4977 mea
3287 4934 3392 4990 est,
3431 4943 3568 4994 ιμιοο

1963 5012 2110 5066 niam
2143 5014 2284 5067 sicut
2320 5028 2422 5081 ego
2471 5014 2798 5084 accipiensa
2848 5012 3006 5069 Patre
3054 5015 3327 5072 effundam
3393 5021 3570 5078 vobis.

1964 5105 2034 5158 ita
2068 5104 2158 5158 ille
2183 5105 2458 5175 accipiens
2482 5122 2543 5162 ex
2575 5123 2694 5161 meo
2724 5110 3065 5164 annuntiaiiit
3105 5112 3277 5166 vobis.
3311 5112 3423 5167 Hoc
3466 5129 3572 5177 ρει,

1965 5197 2122 5252 Sicut
2153 5214 2251 5270 ego
2287 5199 2720 5267 intemporaliter
2785 5203 3055 5258 exsistens
3085 5219 3149 5259 ei;
3189 5204 3348 5258 Patre
3411 5207 3477 5260 ab
3508 5223 3572 5259 eo

1969 5294 2410 5361 intemporaliter
2439 5294 2609 5348 habeo
2634 5311 2974 5364 quaecunque
3004 5301 3244 5350 habeout
3273 5298 3413 5351 facio
3447 5316 3459 5351 ε
3499 5301 3570 5351 ita

1972 5386 2210 5456 Spiritus
2245 5389 2309 5443 de
2343 5405 2428 5444 me
2460 5391 2891 5457 intemporaliter
2918 5393 3294 5455 exsistcns,de
3324 5407 3441 5444 meo
3474 5391 3569 5444 ha~

1975 5481 2067 5534 bet
2087 5481 2267 5533 omnia
2297 5497 2637 5551 qumcunque
2690 5483 2849 5537 habet
2879 5495 2930 5537 et
2958 5484 3102 5537 facit.
3148 5485 3326 5548 Quare
3375 5485 3573 5536 dueere

1977 5588 2079 5628 vos
2110 5573 2162 5628 in
2195 5589 2410 5628 omnem
2443 5577 2745 5637 veritatem,
2779 5580 2844 5629 de
2881 5592 3002 5630 meo
3056 5589 3340 5644 acceptum
3376 5577 3565 5628 intom-

2113 5781 2157 5812 ⁷⁷
2183 5783 2302 5836 Act.
2357 5800 2407 5846 Χ,
2443 5784 2506 5837 ti”;
2644 5786 2687 5810 ”'
2717 5786 2794 5838 Tit
2883 5801 2960 5844 ιιι,
2991 5786 3037 5837 ἴὶ.
3153 5785 3196 5813 ’⁵
3233 5786 3346 5836 Act.
3395 5804 3452 5846 ll,
3482 5789 3567 5840 33.
