4122 6240
554 261 573 322 ι
584 265 685 328 32⁸1

1697 263 2091 324 BARLAAMI
2135 261 2231 322 DE
2273 263 2700 324 SEMINARIA

3686 260 3825 325 3323

548 379 808 449 pul‘uiilel‘
854 374 1035 439 habet,
1097 373 1356 444 quoniam
1412 373 1467 428 in
1519 374 1603 430 nis
1671 376 1887 446 quidem
1961 376 2563 450 verbisAtemporalis
2592 391 2722 429 vero
2766 383 2820 429 et
2852 374 3152 445 corporalis
3214 374 3283 430 de
3329 388 3424 430 ore
3483 374 3605 444 ejus
3663 377 3828 432 ﬂatus

553 471 859 528 ostenditur
886 467 1148 538 Spiritum
1181 477 1432 522 sanctum
1459 483 1577 524 esse
1621 485 1686 524 ex
1713 471 1848 538 ipso.
1880 470 2141 540 Superius

551 580 678 619 vero
724 563 940 616 dixerat
1000 576 1123 616 esse
1173 561 1324 615 illum
1379 578 1441 615 ex
1497 561 1676 628 Patre,
1703 565 1794 616 ubi
1829 563 1946 617 ait:
1983 562 2142 628 Quia

551 657 713 712 Patre
749 656 979 726 procedit
1052 654 1124 716 ⁸⁸;
1158 657 1347 710 volens
1379 657 1559 712 adhuc
1579 656 1918 711 manifestius
1957 666 2142 709 osten-

547 753 696 813 dere,
729 749 874 816 quod
910 763 1201 802 commune
1235 759 1320 801 est
1365 747 1543 803 Patris
1591 759 1643 802 et
1675 749 1850 818 ipsius
1881 764 2022 811 esse,
2059 747 2143 800 vi-

548 840 763 900 delicet,
789 855 856 892 ex
885 839 1154 893 ambobus
1192 839 1455 906 Spiritum
1486 839 1696 892 inducit
1727 856 1742 893 :
1774 837 1967 891 Omnia
1997 854 2141 907 qua:-

548 951 749 1002 rmtque
770 934 925 987 habet
958 933 1117 986 Pater
1149 949 1262 986 mea
1291 942 1431 986 sunt.
1486 931 1760 998 ldeodixi,
1787 933 1909 1002 quia
1942 931 2006 984 de
2031 947 2144 984 meo

549 1028 768 1091 accipiet
818 1025 887 1091 ⁸⁸,
950 1034 1010 1078 ιιι
1074 1024 1324 1093 superius
1387 1024 1761 1088 dixerat;sed
1827 1033 2144 1091 permutans

550 1131 762 1186 tempus
788 1120 960 1181 verbi,
993 1119 1066 1172 ait
1098 1137 1110 1170 :
1141 1119 1262 1188 quia
1294 1117 1355 1170 de
1390 1134 1499 1170 meo
1531 1118 1714 1185 accipit
1750 1134 1763 1170 :
1790 1128 1847 1170 ut
1881 1117 1928 1169 id
1965 1117 2143 1184 ipsum

549 1214 690 1280 quod
718 1213 917 1280 accipit
950 1209 1184 1281 Spiritus
1209 1226 1274 1264 ex
1312 1207 1474 1274 Filio,
1510 1208 1642 1262 nihil
1675 1208 1817 1261 aliud
1852 1209 2143 1276 signiticet,

547 1321 710 1376 quam
752 1320 874 1360 esse
916 1303 1344 1373 intemporaliter
1384 1318 1449 1356 ex
1482 1303 1620 1370 ipso.
1653 1301 1717 1354 Et
1767 1302 1950 1369 aspice
1998 1299 2146 1354 Seri-

548 1408 763 1468 pturam
825 1395 1120 1465 Scriptura:
1174 1397 1498 1465 coaptando,
1524 1394 1896 1448 admirandam
1957 1393 2144 1447 analo-

548 1494 711 1558 giam.
754 1490 927 1545 Filius
950 1490 1226 1557 accipiens
1277 1505 1305 1542 a
1341 1487 1524 1553 Patre,
1577 1486 1804 1542 elTundit
1840 1485 2143 1555 apostolis;

553 1583 789 1653 Spiritus
864 1589 1094 1638 sanctus
1154 1579 1428 1648 accipiens
1488 1581 1553 1633 de
1636 1577 1794 1641 Filio,
1862 1577 2148 1634 annuntiat

549 1677 858 1745 apostolis:
941 1677 1070 1729 item
1137 1675 1372 1744 apostoli
1433 1672 1764 1742 accipientes
1841 1685 1870 1723 a
1929 1667 2137 1736 Spiritu

2244 470 2394 524 illius
2431 480 2616 524 motus
2644 479 2902 539 tanquam
2937 469 3153 540 signum
3189 485 3282 524 seu
3319 469 3490 538 figura
3539 470 3818 539 intempo-

2243 563 2402 630 ralis,
2434 572 2487 616 et
2527 563 2858 632 incorporea:
2891 572 2944 616 et
3000 562 3383 631 inseparabilis
3443 562 3821 632 processionis

2248 655 2487 725 Spiritus
2528 658 2699 712 sancti
2730 697 2746 722 ,
2779 672 2842 710 ex
2878 657 3077 712 deitate
3101 654 3247 718 Fiiii,
3283 665 3338 709 ut
3400 672 3494 725 per
3520 657 3620 708 ltoc
3653 654 3822 708 intel—

2243 749 2475 818 ligamus
2511 750 2774 819 Spiritum
2813 749 3024 804 aPatre
3080 748 3468 818 procedentem
3527 748 3695 801 etiam
3750 763 3819 800 ex

2243 839 2383 895 Filio
2419 842 2671 895 similiter
2705 841 3000 910 procedere
3028 840 3050 893 ‘i
3076 840 3252 910 llujus
3301 850 3494 894 autem
3523 840 3644 893 duae
3695 851 3826 892 sunt

2245 933 2620 1001 probationes.
2663 931 2800 998 Una,
2838 933 2982 1001 quod
3011 934 3177 986 etiam
3212 941 3438 986 sanctus
3474 933 3822 1000 Augustinus

2245 1024 2320 1079 ita
2355 1026 2610 1093 explanat
2647 1036 2702 1080 et
2755 1025 2968 1080 reducit
3035 1026 3197 1080 istum
3262 1026 3439 1079 locum
3476 1024 3775 1094 Scripturae
3808 1044 3821 1092 ;

2247 1119 2348 1171 alia
2379 1133 2505 1172 vero
2533 1160 2546 1184 ,
2581 1119 2724 1188 quod
2758 1119 2862 1172 nisi
2893 1119 2963 1172 ita
2995 1119 3272 1188 aperiatur
3330 1119 3422 1172 ille
3488 1117 3822 1183 insutu-atus,

2243 1211 2573 1280 relinquitur
2595 1212 2802 1281 absque
2838 1213 3050 1266 ratione
3077 1211 3253 1266 lactus
3281 1227 3296 1275 ;
3327 1211 3472 1280 quod
3505 1222 3588 1265 est
3617 1211 3825 1278 impos-

2247 1302 2429 1356 sibile.
2459 1301 2712 1356 Procedit
2746 1318 2878 1372 ergo
2919 1311 2971 1355 et
2994 1319 3058 1356 ex
3099 1302 3238 1356 Filio
3270 1302 3510 1372 Spiritus
3543 1311 3771 1355 sanctus
3806 1319 3819 1353 :

2247 1396 2367 1452 idco
2401 1396 2544 1450 enim
2582 1395 2735 1464 prius
2771 1395 3083 1463 insumavil,
3115 1395 3312 1450 deinde
3342 1396 3481 1449 dixit
3514 1414 3529 1449 :
3564 1395 3827 1462 Accipite,

2249 1489 2655 1552 utostenderet,
2687 1490 2830 1558 quod
2862 1490 3240 1559 temporaliter
3301 1489 3619 1544 hominibus
3690 1491 3824 1543 dare

2249 1579 2514 1650 Spiritum
2553 1589 2802 1635 sanetum
2833 1581 2999 1636 habet
3051 1581 3189 1650 ipse,
3221 1596 3286 1636 ex
3325 1597 3391 1636 eo
3417 1583 3558 1650 quod
3586 1595 3828 1635 aeterna-

2249 1671 2373 1725 liter
2399 1687 2462 1727 ex
2499 1672 2621 1741 ipso
2657 1673 2938 1742 procedit;
2999 1674 3258 1742 quoniam
3319 1673 3466 1726 illius
3529 1681 3614 1727 cst
3689 1676 3826 1727 dare

550 1780 742 1825 sancto
772 1769 1095 1824 annnntiaut
1123 1770 1344 1822 mundo.
1382 1768 1467 1820 Ait
1493 1767 1641 1820 enim
1668 1765 1774 1818 alia
1817 1762 2124 1831 Scriptura:
2175 1748 2213 1802 Β
2247 1767 2450 1835 ipsum,
2485 1765 2579 1835 qui
2611 1765 2834 1836 quidem
2862 1773 2948 1821 est
2996 1766 3332 1836 principium
3385 1766 3505 1836 ejus
3563 1766 3828 1821 substan-

553 1863 835 1932 Arcipietis
867 1863 1107 1916 virtutem
1171 1876 1237 1914 ea:
1284 1859 1394 1913 alto
1445 1856 1852 1927 superrenientis
1915 1851 2143 1924 Spiritus

552 1959 722 2010 sancti
761 1971 914 2022 super
944 1971 1054 2021 vos,
1089 1963 1138 2006 et
1189 1953 1334 2007 eritis
1372 1951 1501 2004 mihi
1547 1959 1698 2004 testes
1736 1950 1788 2002 in
1819 1945 2142 2010 Jerusalem,

557 2060 608 2106 et
667 2051 914 2105 universa
975 2046 1169 2103 Juda’a
1202 2055 1250 2100 et
1303 2044 1574 2107 Samaria,
1606 2055 1653 2098 et
1716 2057 1880 2114 usque
1925 2049 1993 2094 ad
2045 2049 2144 2092 ter-

556 2146 725 2198 minos
759 2155 910 2197 terra:
947 2140 1014 2195 ⁸⁵.
1044 2140 1095 2195 Id
1130 2155 1279 2203 vero,
1305 2138 1448 2208 quod
1484 2137 1687 2192 dictum
1739 2143 1845 2201 cst,
1907 2131 1987 2186 De
2031 2148 2146 2186 meo

550 2238 789 2307 accipiet,
817 2249 914 2304 pro
938 2249 1003 2288 eo
1031 2233 1236 2287 dielqu
1267 2241 1371 2295 est,
1428 2230 1576 2301 quod
1643 2228 1789 2283 dicat
1811 2227 1877 2281 de
1928 2241 2028 2286 me.
2064 2226 2146 2279 vel

553 2353 618 2390 ex
651 2349 728 2386 me
761 2348 778 2386 :
812 2341 870 2385 ut
899 2346 991 2399 per
1026 2330 1128 2383 hoc
1175 2325 1507 2395 intelligatur
1564 2325 1681 2393 ipsa
1735 2322 1856 2376 Filii
1891 2335 2142 2391 persona.

549 2436 711 2498 prout
747 2431 1019 2479 testantur
1059 2419 1468 2486 Evangeliorum
1525 2417 1889 2484 expositores,
1922 2423 2145 2469 sanctus

547 2518 792 2572 Joannes
819 2515 1242 2584 Cltrysostontus
1287 2520 1340 2564 et
1393 2510 1588 2563 beatus
1637 2507 1894 2577 Cyrillus.

861 2646 1094 2702 Tertium
1148 2645 1408 2698 decimum
1435 2643 1839 2713 Argumentum.

629 2789 717 2841 Ait
745 2784 984 2840 Joannes
1041 2783 1094 2837 in
1129 2779 1452 2851 Apocalypsi
1479 2793 1495 2832 :
1535 2775 1599 2830 Et
1631 2773 1858 2830 ostendit
1891 2774 2020 2827 mihi
2040 2775 2146 2844 flu-

553 2883 691 2936 rium
725 2895 874 2948 aqua:
899 2877 1028 2930 viva:
1051 2874 1256 2928 clarum
1305 2883 1560 2940 tauquam
1616 2866 1922 2939 crystallum
1968 2883 2148 2935 proce-

552 2977 756 3027 dentem
789 2971 850 3024 de
879 2969 999 3043 sede
1026 2967 1120 3021 Dei
1145 2978 1193 3020 et
1243 2965 1380 3036 Agni
1407 2964 1475 3020 ⁸⁸.
1504 2962 1559 3016 ltt
1591 2963 1674 3017 his
1732 2961 1955 3016 ﬂuvium
1991 2975 2146 3031 aqua!

555 3066 690 3118 γεγε
723 3063 988 3129 Spiritum
1021 3068 1272 3112 sanctum
1315 3063 1400 3111 est
1440 3053 1730 3118 nominari,
1760 3068 1954 3122 agnum
2014 3066 2146 3106 vero

554 3154 756 3209 Filium
792 3151 883 3204 Dei
917 3167 929 3212 ;
967 3148 1225 3217 quoniam
1259 3159 1389 3197 vero
1439 3142 1680 3212 procedit
1735 3139 1969 3210 Spiritus
2016 3154 2145 3194 san-

557 3255 679 3300 ctus
716 3256 766 3298 et
791 3260 852 3298 ex
890 3241 1058 3305 Filio,
1097 3255 1203 3292 non
1239 3237 1290 3291 iu
1324 3246 1588 3307 quantum
1628 3236 1791 3288 homo
1825 3243 1907 3289 est
1951 3232 2144 3297 Filius,

557 3340 652 3395 sed
691 3341 742 3392 in
775 3343 1038 3407 quantum
1091 3333 1234 3387 Deus
1287 3339 1390 3394 est,
1424 3339 1476 3384 et
1503 3329 1746 3398 ejusdem
1786 3326 1929 3384 sedis
1957 3324 2142 3382 Patri:

557 3431 679 3485 ideo
700 3427 1075 3497 aitprocedere
1105 3422 1324 3478 [luvium
1359 3424 1425 3476 de
1444 3422 1571 3477 sede
1601 3421 1693 3476 Dei
1728 3430 1780 3476 et
1802 3421 1962 3491 Λευὶ,
1997 3419 2142 3489 quod

556 3534 639 3576 est
671 3522 735 3575 de
769 3529 959 3574 natura
1006 3518 1112 3580 illa,
1136 3531 1242 3587 qua
1275 3525 1359 3570 est
1398 3516 1583 3585 Agnus
1611 3515 1946 3591 synthronus
1975 3511 2141 3577 Patri,

557 3625 618 3669 ut
672 3630 764 3684 per
815 3616 916 3667 hor.
966 3610 1320 3680 signiticetttr,
1383 3607 1592 3678 Agnum
1619 3617 1896 3664 auctorem
1943 3621 2064 3662 esse
2089 3606 2140 3659 in

564 3716 831 3775 quantum
865 3705 979 3772 ipse
1006 3702 1191 3769 Agnus
1246 3701 1388 3754 Deus
1419 3709 1521 3754 est.

867 3840 1129 3893 Decimum
1163 3847 1411 3907 quartum
1432 3837 1831 3906 Argumentum.

630 3979 757 4046 lteat
785 3980 860 4032 ait
882 3953 1122 4032 Joannes
1146 3974 1199 4026 in
1243 3971 1539 4043 Evangelia
1561 3971 1628 4025 de
1649 3971 1871 4025 Christo
1903 3987 1917 4023 :
1952 3967 2138 4039 Iusuf-

560 4077 709 4145 μαι-ιι
733 4085 775 4126 et
795 4071 931 4124 dixit
958 4069 1233 4138 discipulis
1254 4083 1274 4122 :
1301 4067 1540 4135 Accipite
1574 4064 1836 4136 Spiritum
1865 4075 2132 4118 sanctum.

560 4165 665 4218 Sed
703 4161 976 4233 quomodo
1000 4161 1160 4215 datur
1195 4159 1276 4213 vel
1312 4157 1582 4225 accipitur
1613 4153 1851 4224 Spiritus
1884 4165 2132 4220 sanctus,

556 4259 644 4310 vel
675 4257 793 4325 ejus
815 4253 1066 4308 dona‘tet
1101 4251 1230 4321 quid
1265 4259 1348 4305 est
1370 4265 1496 4304 eum
1522 4249 1642 4302 dari
1669 4259 1723 4302 et
1743 4251 1916 4318 accipi
1939 4249 1962 4303 ?
1985 4260 2038 4302 ct
2068 4250 2134 4303 ad

563 4350 754 4420 quales
785 4346 894 4400 Deo
951 4342 1626 4412 decentesintelligentias
1659 4357 1755 4410 per
1815 4340 2131 4410 ltujusmodi

561 4459 722 4499 voces
746 4450 957 4510 oportet
995 4455 1094 4495 nos
1139 4428 1364 4501 reduci,
1416 4436 1672 4504 superius
1713 4445 1961 4504 apertum
2026 4446 2127 4490 est.
2168 4434 2210 4487 D

559 4537 714 4592 Nune
751 4543 931 4590 autem
961 4533 1292 4588 iusuﬂlatunt
1323 4539 1534 4584 tantum
1567 4529 1987 4583 examinandum
2037 4530 2127 4583 sit.

558 4632 778 4687 Certum
807 4639 890 4684 est
916 4628 1086 4690 enim,
1111 4625 1255 4694 quod
1300 4624 1490 4678 dicens
1533 4621 1792 4676 Demiuns
1829 4639 1843 4675 :
1899 4623 2132 4687 Accipite

558 4725 815 4792 Spiritum
845 4730 1115 4781 sanctum,
1147 4716 1426 4786 nonjubet
1455 4715 1715 4782 apostolis
1765 4715 2012 4783 accipere
2066 4715 2130 4767 il-

559 4820 670 4872 lum
697 4830 1020 4884 corporequ
1048 4823 1100 4866 et
1140 4812 1376 4863 hutnaue
1429 4806 1495 4860 de
1563 4805 1811 4875 pretioso
1866 4821 1960 4859 ore
2009 4806 2131 4873 ejus

558 4911 920 4979 prodeuntem
953 4904 1244 4973 Spiritum,
1277 4910 1334 4953 ut
1358 4901 1507 4952 illum
1529 4900 1890 4952 absorbentcs
1922 4900 2134 4968 pOSsint

566 4999 863 5054 dimittere.
899 5006 950 5048 et
984 5007 1165 5047 ttnere
1195 5001 1436 5062 peceata.
1467 4987 1608 5056 Ergo
1625 4988 1668 5041 si
1701 4989 1820 5042 sine
1853 4987 2134 5042 insulllan-

563 5095 616 5147 di
647 5103 792 5151 artu,
826 5089 986 5142 dictis
1018 5085 1360 5140 solummodo
1404 5083 1625 5152 reliquis
1651 5083 1856 5142 verbis,
1889 5083 2132 5136 eamdem

563 5185 793 5253 apustuti
870 5181 1172 5245 reciperent
1230 5177 1507 5244 gratiam:
1563 5172 1695 5241 quid
1763 5174 1976 5227 volebat
2029 5174 2133 5230 sibi

560 5271 878 5330 insumere?
920 5286 985 5321 an
1016 5268 1104 5319 ille
1141 5263 1358 5333 (pridem
1395 5277 1694 5331 corporeus
1723 5265 1946 5332 spiritus
1983 5281 2138 5319 smn-

562 5379 685 5433 ptus
719 5361 924 5417 cxs:itit
954 5369 1215 5425 tauquam
1249 5355 1465 5424 signum
1491 5353 1736 5422 Spiritus
1763 5357 1961 5422 sancti,
1994 5359 2135 5411 sicut

561 5460 712 5528 prius
766 5452 1063 5511 colttnlia,
1126 5447 1338 5499 Ilutnini
1419 5463 1547 5500 \cro
1602 5463 1805 5516 corpus
1871 5459 2129 5520 tanquam

561 5548 868 5619 symbolum
906 5541 1148 5604 dettatis,
1185 5539 1268 5591 cui
1303 5540 1662 5606 personaliter
1694 5541 1905 5593 unitum
1960 5551 2077 5595 erat
2111 5545 2132 5595 Τ

2246 1858 2356 1913 tite.

2564 1950 2832 2006 Decimum
2855 1953 3096 2022 quintum
3125 1955 3536 2025 Argumentum.

2318 2065 2550 2136 Oportet
2582 2079 2763 2122 autem
2793 2078 2917 2137 post
2950 2069 3066 2126 haec
3093 2084 3418 2138 comparare
3473 2070 3600 2125 huic
3657 2069 3820 2126 facta:

2248 2174 2342 2228 per
2365 2175 2467 2215 nos
2495 2160 2978 2225 demonstrationi,
3035 2162 3102 2218 de
3171 2163 3525 2234 processinne
3577 2162 3823 2233 Spiritus

2248 2247 2450 2318 sancti,
2485 2260 2540 2306 et
2574 2268 2636 2307 ex
2660 2252 3121 2318 Filio.sermones
3156 2271 3345 2310 eorum
3375 2257 3469 2325 qui
3503 2257 3823 2324 Oppositum

2247 2343 2538 2400 ostendere
2570 2346 2840 2414 nituntur,
2875 2357 2930 2400 et
2984 2346 3170 2403 videre
3230 2359 3495 2418 quantum
3565 2351 3822 2405 interest.

2249 2435 2326 2491 llli
2361 2439 2503 2491 enim
2543 2447 2637 2492 aut
2661 2440 3010 2495 contumeliis
3041 2451 3091 2495 et
3125 2441 3488 2511 blaSpllemiis
3519 2459 3620 2497 nos
3687 2459 3819 2513 per-

2247 2530 2538 2592 eutientes,
2571 2542 2623 2585 et
2655 2532 2749 2585 tali
2783 2532 2968 2600 specie
3041 2549 3360 2589 sermonum
3415 2545 3652 2600 utentes,
3727 2548 3825 2590 aut

2247 2634 2613 2691 supponentcs
2651 2625 2810 2678 verba
2841 2635 3050 2690 nostra,
3083 2626 3164 2681 vel
3211 2629 3575 2695 quorumdam
3642 2630 3826 2683 dicto-

2249 2715 2901 2784 rumexpositiones,vel
2969 2727 3452 2786 argmnenta,nen
3514 2721 3659 2774 sicut
3724 2738 3826 2776 nos

2249 2808 2932 2880 intelligimnsetdicitrus
2993 2819 3049 2865 et
3113 2810 3481 2880 exponimus.
3533 2813 3626 2869 sed
3671 2818 3830 2869 sicut

2247 2899 2351 2970 ipsi
2383 2901 2564 2956 dicere
2594 2917 2694 2958 nos
2748 2911 2804 2957 et
2843 2903 3148 2974 intelligere
3213 2915 3442 2972 putant:
3505 2916 3600 2960 aut
3654 2911 3823 2963 etiam

2248 2995 2514 3065 ﬁngentes
2539 2995 2639 3066 ipsi
2684 3006 2872 3051 nostra
2910 2998 3094 3064 verba,
3158 3011 3323 3070 prout
3386 3002 3468 3056 eis
3529 3003 3691 3056 facile
3754 3004 3832 3056 sit

2175 3095 2216 3151 C
2249 3087 2552 3156 destruere,
2586 3089 2658 3142 ita
2693 3089 2957 3144 adversus
2992 3106 3093 3145 nos
3119 3092 3580 3146 sermocinamur.

2324 3179 2603 3235 Dictorum
2637 3191 2818 3236 autem
2845 3197 3016 3237 sacrae
3047 3181 3370 3252 Scriptum,
3395 3200 3490 3253 per
3520 3200 3642 3254 que
3678 3185 3816 3239 nihil

2247 3275 2667 3330 counuiscentes
2687 3273 2768 3329 eis
2797 3275 2929 3329 nihil
2964 3274 3255 3331 forinsecae
3279 3275 3522 3331 scientiae
3591 3290 3825 3345 possent

2248 3366 2558 3429 ostendere.
2591 3379 2658 3421 ex
2700 3363 2816 3420 solo
2856 3365 3017 3421 Patre
3037 3380 3160 3422 esse
3219 3365 3483 3437 Spiritum
3540 3379 3825 3431 sanctum.

2249 3461 2451 3514 nullam
2483 3468 2898 3528 consequuntur
2953 3461 3291 3516 facultatem.
3332 3461 3443 3516 Nos
3509 3471 3694 3516 autem
3770 3464 3824 3517 iu

2246 3552 2496 3621 exposito
2573 3551 2677 3606 hoc
2730 3566 2984 3606 sermone
3046 3552 3396 3612 contumelia
3442 3553 3592 3607 omni
3652 3553 3826 3608 absti-

2245 3657 2457 3707 nentes,
2484 3655 2536 3698 et
2576 3644 2709 3698 nihil
2743 3645 3083 3699 calumniose
3109 3653 3510 3715 supponentes,
3544 3661 3642 3715 per
3701 3649 3819 3715 ipsa

2244 3755 2399 3792 sacra
2464 3737 2680 3807 eloquia
2740 3737 2874 3790 nihil
2932 3752 3085 3792 vanae
3149 3738 3389 3793 scientia:
3449 3749 3818 3802 assumentes,

2243 3830 2606 3892 ostendimus,
2642 3829 2786 3898 quod
2819 3844 2882 3882 ex
2909 3827 3047 3883 Filio
3076 3829 3324 3898 procedit
3384 3829 3627 3898 Spiritus
3694 3848 3825 3886 sane

2244 3938 2389 3975 eius.
2416 3920 2596 3986 Quare
2619 3923 2664 3976 si
2691 3920 2812 3989 quis
2837 3935 2943 3975 non
2967 3921 3212 3976 sullicere
3233 3932 3386 3991 putat
3405 3923 3543 3977 hanc
3576 3935 3822 3979 nostram

2241 4013 2784 4079 demonstrationem,
2845 4013 2938 4068 sed
3003 4013 3184 4068 adhuc
3235 4013 3452 4068 dubitat
3478 4026 3531 4068 et
3597 4027 3828 4071 veretur

2241 4105 2583 4158 conclusioni
2615 4107 2909 4160 assentiri:
2939 4105 3108 4160 multo
3143 4107 3319 4176 magis
3351 4108 3476 4161 talis
3501 4107 3667 4162 debet
3723 4109 3829 4162 du-

2241 4197 2414 4252 bitare
2448 4210 2499 4251 et
2532 4197 2724 4253 timere
2759 4199 3022 4270 recipere,
3057 4197 3203 4267 quod
3227 4215 3292 4253 ex
3319 4201 3439 4254 solo
3475 4203 3629 4256 Patre
3686 4203 3811 4272 Spi-

2242 4291 2378 4343 ritus
2403 4299 2507 4354 est,
2535 4305 2656 4342 cum
2692 4291 2854 4360 hujus
2887 4291 3032 4344 nulla
3077 4291 3203 4346 talis
3230 4293 3410 4361 possit
3432 4308 3555 4348 esse
3585 4294 3824 4350 demon-

2240 4382 2450 4435 stratio.
2480 4379 2612 4433 Nam
2632 4383 2911 4435 timentem
2939 4382 3227 4436 admittere
3261 4383 3334 4446 id,
3367 4384 3510 4452 quod
3546 4401 3643 4453 per
3678 4387 3826 4440 Inul-

2243 4481 2292 4525 ta
2322 4472 2652 4534 oStenditur,
2689 4472 2953 4526 audacter
2983 4471 3276 4540 aﬁirmare,
3304 4475 3447 4542 quod
3479 4490 3574 4544 per
3606 4478 3822 4530 nullum

2241 4563 2445 4616 dictum
2474 4579 2642 4617 saera-
2673 4562 2969 4632 Scripturae
2995 4573 3258 4632 apparet,
3297 4567 3479 4634 passio
3506 4578 3590 4620 est
3613 4572 3828 4624 ratione

2243 4656 2458 4723 penitus
2490 4670 2702 4708 carens.

2564 4787 2832 4842 Decimum
2866 4805 3068 4842 rexmm
3099 4792 3501 4859 Argumentum.

2315 4903 2448 4968 Quia
2483 4919 2632 4968 vero,
2658 4906 2800 4958 sicut
2837 4915 3010 4974 potest
3046 4906 3256 4975 aliquid
3286 4908 3498 4961 ostendi
3529 4924 3620 4976 per
3682 4909 3827 4962 divi-

2245 5011 2368 5048 nam
2394 4994 2733 5065 Scriptttratn
2761 5013 2950 5052 cerutn
2978 5015 3099 5068 qua:
3132 5001 3310 5054 verbis
3333 5001 3465 5069 ipsis
3488 5018 3596 5054 non
3626 5003 3824 5056 diruu-

2242 5098 2352 5150 tur,
2381 5104 2477 5157 per
2505 5105 2724 5143 sensum
2757 5105 2888 5144 vero
2922 5092 3294 5146 diversiutode
3349 5093 3624 5147 dictorum
3690 5114 3826 5150 con-

2243 5179 2563 5243 eluduntur,
2599 5189 2652 5234 et
2679 5197 2914 5250 prmsens
2943 5184 3171 5252 quaestio
3202 5185 3341 5238 bene
3391 5195 3443 5238 et
3486 5187 3826 5241 sufﬁcit-nter

2240 5281 2456 5326 ostensa
2489 5283 2594 5331 est.
2629 5275 2755 5329 inde
2788 5275 3137 5332 manift-Stum
3171 5277 3445 5346 :Spiritus
3477 5291 3704 5333 sanctus
3736 5282 3824 5334 in-

2239 5385 2252 5414 ‹
2277 5374 2454 5419 reatus
2493 5377 2541 5419 et
2570 5369 3058 5424 ronsubstantialis
3082 5369 3229 5423 Patri
3258 5381 3310 5424 et
3345 5370 3486 5424 Filio
3512 5387 3635 5425 esse
3697 5391 3821 5426 cre-

2235 5458 2400 5520 ditur,
2424 5459 2525 5512 hoc
2555 5476 2662 5512 non
2690 5461 3013 5530 verbisipsis
3031 5462 3212 5516 divina
3243 5462 3524 5532 Scriptura
3563 5465 3784 5521 dicente
3806 5511 3821 5526 .

2237 5551 2328 5605 sed
2354 5568 2447 5620 per
2476 5556 2638 5605 multa
2670 5556 2770 5607 alia
2794 5556 3081 5625 diligenter
3101 5572 3216 5610 cam
3241 5558 3542 5629 legentibus
3567 5560 3615 5614 id
3642 5561 3823 5630 ipsum

634 5727 859 5779 ⁸³,1οξηι,
913 5742 998 5787 xv,
1066 5722 1157 5780 26,
1235 5721 1428 5777 “Just
1493 5721 1713 5786 M‘l,l5.
1793 5723 1836 5752 ⁸⁵
1881 5726 1975 5776 At‘l
2039 5723 2134 5791 t,7

2319 5731 2362 5761 “
2395 5734 2558 5793 Art-tu
2593 5751 2723 5790 uti.
2776 5735 2818 5786 Ι.

3853 58 3993 89 -νῖἒῖῗ
4013 60 4037 90 ΓΙ
