4122 6240
347 321 486 391 132⁸)

1698 339 1845 397 PRO
1879 338 2048 399 LATI
2063 337 2207 400 NIS.

3466 341 3612 409 1330

337 439 705 512 signiﬁcante.
739 443 810 496 At
836 457 965 498 vero
1000 443 1044 498 si
1081 447 1206 513 quis
1260 448 1495 505 voluerit
1531 452 1636 506 illis
1685 453 1914 508 demon—
1945 458 1988 514 Α
2020 465 2202 524 ptnra,
2235 470 2282 511 ει
2309 471 2433 527 quis
2463 471 2571 511 non
2603 457 2753 512 dicat
2785 473 3006 512 causam
3044 472 3168 514 esse
3191 496 3207 522 ,
3236 465 3382 528 quod
3434 460 3615 519 Filius

338 533 723 600 atrationibus,
751 551 853 604 per
912 552 1048 606 quas
1117 540 1431 594 ostenditur
1480 543 1546 597 de
1604 543 1912 613 Scriptura,

340 628 642 683 inereatum
681 638 735 683 et
761 631 1286 686 consubstantialem
1328 634 1477 690 l'atri
1517 646 1567 690 et
1596 635 1735 690 Filio
1792 653 1916 694 esse

342 717 605 787 Spiritum
638 734 913 785 sanetum,
935 737 1258 791 comparare
1288 725 1410 790 has,
1449 741 1545 795 per
1571 743 1706 795 quas
1731 738 1916 783 osten-

341 811 526 865 dimus
586 811 852 882 Spiritum
917 829 980 868 ex
1033 816 1195 870 Patre
1245 814 1495 886 Filioque
1563 819 1913 887 procedere:

340 905 576 958 inveniet
608 905 663 958 in
705 908 856 960 nullo
890 907 996 962 illis
1025 906 1444 971 inferiores,’sed
1478 907 1588 962 fere
1614 910 1872 964 fortiores
1900 928 1915 964 :

341 997 525 1050 divina
547 995 830 1067 Scriptura
867 1000 1130 1068 majorem
1174 999 1486 1054 facultatem
1507 999 1572 1052 ad
1608 1005 1727 1062 has,
1753 1014 1918 1069 quam

341 1093 407 1143 ad
445 1089 584 1150 illas.
620 1092 929 1158 prtebente,
962 1100 1017 1142 ut
1044 1090 1462 1146 demonstrabo.

413 1179 668 1235 Omnium
697 1182 968 1236 dictorum
1024 1183 1223 1237 divina:
1261 1181 1583 1251 Scripturaa,
1642 1195 1736 1251 per
1799 1194 1922 1250 qua

337 1274 532 1336 Patres
560 1274 861 1329 ostendunt
893 1277 1195 1329 iucreatum
1258 1276 1424 1329 Deum
1465 1289 1588 1329 esse
1645 1273 1917 1343 Spiritum

343 1380 616 1433 sanctum,
651 1369 892 1424 literetici
929 1369 1354 1425 adinveniebant
1398 1369 1562 1423 aliam
1622 1367 1920 1436 expositio-

345 1478 491 1526 nem,
527 1463 651 1516 licet
685 1479 791 1516 non
828 1478 1052 1529 veram;
1088 1463 1183 1517 sed
1237 1462 1312 1516 ita
1367 1460 1805 1531 persuasibilem,
1866 1468 1921 1514 et

345 1567 548 1612 tantam
605 1558 980 1626 apparentiam
1037 1558 1350 1622 habentem,
1409 1565 1468 1610 ut
1521 1571 1618 1611 eos
1653 1556 1748 1625 qui
1813 1570 1919 1610 non

342 1651 831 1720 perscrutabantur
856 1649 1198 1721 Scripturas,
1233 1663 1411 1720 neque
1453 1649 1523 1705 ab
1560 1651 1680 1719 ipso
1708 1649 1920 1718 Spiritu

341 1744 693 1813 iuvabantur,
731 1744 866 1796 satis
895 1742 1194 1811 decipiant,
1263 1741 1620 1810 blasphemiae
1683 1756 1923 1796 consen-

345 1837 468 1890 tire.
505 1834 611 1888 Sed
645 1837 839 1888 horum
877 1851 973 1902 per
1011 1849 1132 1903 quae
1154 1849 1254 1888 nos
1278 1833 1618 1889 ostendimus
1657 1832 1922 1902 Spiritum

344 1935 597 1982 sanctum
630 1933 684 1981 et
709 1943 774 1981 ex
800 1925 941 1980 Filio
967 1941 1111 1993 esse,
1150 1927 1300 1980 nulla
1335 1925 1443 1980 alia
1477 1925 1757 1993 expositio
1827 1939 1926 1994 po-

346 2031 450 2075 test
485 2020 718 2075 inveniri
761 2021 830 2074 ita
868 2021 1126 2090 Opposita
1160 2021 1426 2074 adversus
1449 2029 1720 2082 nostram,
1745 2024 1805 2071 ut
1831 2018 1926 2070 illa

345 2114 571 2177 credita,
610 2113 725 2168 hzec
757 2112 1074 2168 necessario
1103 2111 1453 2168 excludatur.
1487 2111 1662 2165 Habet
1691 2109 1837 2164 enim
1869 2123 1930 2165 se

349 2219 434 2259 res
462 2205 535 2258 ita
568 2221 582 2259 :
620 2205 676 2258 in
739 2203 942 2274 quibus
998 2203 1186 2258 divina
1240 2203 1527 2273 Scriptura
1556 2203 1623 2258 de
1678 2201 1820 2257 Filio
1872 2210 1929 2258 et

349 2294 552 2363 Spiritu
586 2295 845 2366 disputat,
905 2313 1026 2366 qua:
1080 2299 1220 2351 inter
1288 2298 1443 2369 ipsos
1497 2304 1629 2351 sunt
1677 2296 1926 2362 tradens,

350 2392 534 2442 decem
565 2393 809 2457 quaedam
837 2391 993 2460 ponit
1052 2406 1159 2443 non
1191 2390 1587 2456 convertentia,
1630 2398 1689 2443 ut
1741 2399 1932 2445 osten-

350 2496 472 2534 sum
509 2489 626 2546 est;
661 2496 782 2551 qua:
807 2498 900 2552 per
931 2481 1035 2536 hoc
1063 2481 1197 2535 nihil
1228 2481 1376 2536 aliud
1411 2481 1925 2552 significant,quam

351 2573 548 2629 Filium
582 2574 907 2646 principium
938 2591 1059 2631 esse
1081 2574 1340 2644 Spiritus.
1364 2574 1566 2645 Utpote
1599 2577 1757 2646 (nihil
1782 2577 1925 2632 enim

355 2668 607 2738 prohibet
641 2684 704 2722 ea
741 2668 1252 2740 resumendojuxta
1278 2669 1513 2725 invicem
1547 2670 1770 2740 ponere)
1804 2688 1818 2725 :

423 2758 699 2831 Scriptum
725 2769 830 2824 est,
863 2762 1003 2830 quod
1036 2761 1207 2817 Filius
1257 2762 1544 2817 brachium
1586 2772 1669 2818 est
1702 2762 1820 2825 Dei,
1871 2769 1927 2819 et

353 2853 591 2923 Spiritus
622 2854 828 2923 digitus
876 2863 960 2909 est
1011 2854 1125 2909 Dei.
1183 2853 1434 2926 Cumque
1499 2855 1679 2911 omnis
1723 2855 1926 2924 digitus

353 2945 660 3013 dependeat
691 2946 758 3002 de
786 2945 1038 3014 brachio,
1080 2945 1243 3017 hujus
1270 2962 1300 3003 e
1332 2961 1596 3004 converso
1657 2948 1922 3016 scriptum

352 3052 460 3092 non
485 3047 592 3093 ρει.

2025 549 2356 619 principium
2382 563 2466 604 est
2504 550 2764 619 Spiritus,
2798 552 3003 606 nullam
3050 551 3214 606 aliam
3248 568 3471 608 causam
3525 553 3614 609 in-

2020 641 2204 695 veniet
2239 660 2254 696 :
2285 657 2538 710 quaerens
2592 652 2647 696 et
2676 658 2797 697 eum
2845 644 2933 699 his
2991 646 3409 715 proccssionem
3461 644 3612 700 ﬂuvii

2019 745 2177 799 aqua:
2205 730 2360 794 vivae,
2400 732 2467 784 de
2491 731 2620 787 sede
2652 732 2745 785 Dei
2780 744 2831 787 et
2861 734 3000 801 Agni
3027 751 3042 799 ;
3074 744 3127 788 et
3172 743 3296 803 post
3355 750 3608 790 resurre-

2023 823 2261 877 ctionem
2295 822 2643 887 insumatus;
2676 825 2814 878 nihil
2873 825 3021 879 aliud
3065 827 3381 894 signiﬁcare
3431 827 3613 895 possi-

2022 915 2128 969 bile
2146 925 2249 982 est,
2285 933 2448 985 quam
2482 916 2743 984 Spiritum
2769 935 2831 970 ex
2858 918 2997 973 Filio
3022 935 3144 973 esse

2095 1006 2226 1062 Item
2249 1009 2590 1076 contemplor
2617 1011 2784 1064 etiam
2813 1009 2970 1072 illud,
3001 1011 3148 1080 quod
3185 1012 3280 1080 qui
3304 1010 3434 1064 olim
3469 1025 3608 1064 eon-

2023 1110 2106 1153 tra
2143 1107 2476 1169 pugnatores
2508 1100 2750 1170 Spiritus
2820 1103 3134 1165 certabant,
3189 1117 3297 1156 non
3354 1111 3610 1172 pateraut

2024 1198 2292 1253 reducere
2315 1212 2373 1252 se
2399 1198 2465 1252 ad
2496 1199 2743 1254 seniores
2774 1198 3067 1266 doctores;
3097 1199 3191 1268 qui
3237 1199 3612 1256 communiter

2025 1305 2123 1360 per
2149 1291 2340 1346 ambas
2369 1299 2551 1359 partes
2584 1307 2686 1360 pro
2717 1293 2926 1348 sanctis
2960 1293 3322 1357 haberentur,
3349 1303 3407 1347 et
3439 1292 3609 1347 Deum

2025 1383 2332 1438 increatum
2362 1398 2485 1437 esse
2522 1382 2790 1452 Spiritum
2821 1393 3074 1439 sanctum
3109 1384 3161 1437 in
3199 1385 3320 1439 suis
3378 1385 3608 1453 sci-iptis

2025 1486 2213 1547 aperte
2247 1475 2550 1536 traderent,
2583 1483 2642 1529 ut
2677 1476 2893 1530 illorum
2941 1477 3261 1532 testimonio
3319 1479 3613 1534 haereticos

2025 1567 2356 1637 compellant
2401 1583 2432 1622 a
2493 1567 2830 1638 blasphemia
2895 1567 3198 1624 discedere.
3254 1568 3362 1624 Nos
3426 1579 3610 1625 autem

2027 1676 2175 1716 nunc
2203 1660 2469 1715 habemus
2505 1670 2761 1715 sanctum
2795 1658 3196 1728 Augustinum,
3231 1661 3448 1715 beatmu
3507 1661 3615 1732 Cy-

2029 1754 2234 1819 rillum,
2277 1764 2529 1806 sanetum
2554 1751 2917 1807 Athanasium
2942 1759 2998 1806 et
3027 1752 3212 1822 plures
3242 1753 3384 1807 alios
3421 1771 3436 1807 :
3508 1754 3605 1822 qui

2028 1852 2082 1898 et
2114 1845 2306 1914 primis
2341 1845 2644 1900 honoribus
2666 1845 2736 1900 ab
2769 1843 2854 1898 his
2887 1844 2982 1914 qui
3007 1844 3168 1898 nobis
3197 1843 3613 1908 contradicunt,

2029 1935 2330 2000 ducuntur,
2361 1946 2415 1990 et
2435 1935 2696 2004 Spiritum
2755 1945 3008 1992 sanctum
3068 1943 3123 1987 et
3164 1949 3231 1988 ex
3282 1933 3423 1988 Filio
3491 1949 3614 1988 esse

2032 2038 2219 2096 aperte
2250 2035 2541 2083 testantur.
2571 2028 2754 2094 Quare
2785 2027 2972 2083 multis
2998 2025 3176 2080 modis
3207 2025 3367 2079 nobis
3394 2024 3609 2078 facilius

2030 2126 2115 2172 est
2144 2117 2461 2180 ostendere,
2491 2118 2637 2187 quod
2678 2134 2742 2173 ex
2779 2118 2917 2172 Filio
2958 2115 3200 2186 Spiritus
3260 2123 3379 2178 est,
3444 2127 3610 2182 quam

2031 2208 2278 2277 antiquis
2317 2209 2572 2264 Patribus
2599 2211 2916 2273 ostendere,
2954 2207 3102 2278 quod
3150 2206 3295 2262 Deus
3331 2207 3613 2260 increatus

2034 2299 2274 2368 Spiritus
2293 2309 2400 2355 est.

2104 2391 2290 2449 Potest
2313 2402 2494 2448 autem
2525 2394 2575 2448 id
2609 2393 2786 2463 ipsum
2853 2392 3070 2447 ostendi
3095 2399 3148 2448 et
3183 2393 3328 2446 inde.
3385 2390 3607 2444 Certum

2031 2496 2116 2542 est
2141 2489 2312 2552 enim,
2358 2487 2503 2558 quod
2567 2501 2784 2556 semper
2841 2486 3135 2540 incertiora
3169 2495 3218 2539 et
3279 2485 3608 2539 obscuriora

2030 2579 2453 2650 qlzerendorum
2479 2578 2829 2648 pereertiora
2888 2586 2940 2631 et
3003 2578 3237 2632 clariora
3300 2587 3427 2630 nata
3483 2588 3614 2629 sunt

2031 2672 2268 2727 ostendi.
2298 2671 2498 2726 Beatus
2529 2686 2653 2725 vero
2677 2670 2911 2740 Cyrillus
2935 2670 2988 2724 in
3024 2671 3310 2724 Thesauri:
3343 2671 3611 2724 adversus

2031 2763 2317 2817 haereticos
2347 2761 2701 2828 disgiutando,
2724 2761 2876 2830 prius
2915 2777 3015 2832 per
3046 2759 3388 2830 Scripturam
3422 2768 3613 2814 osten-

2031 2855 2109 2907 dit
2142 2864 2193 2912 et
2218 2855 2517 2920 concludit,
2544 2863 2596 2909 et
2627 2869 2693 2909 ex
2724 2851 2867 2909 Filio
2902 2851 3023 2910 esse
3051 2851 3314 2924 Spiritum
3335 2864 3610 2908 sanctum.

2032 2947 2238 3003 Deinde
2281 2964 2376 3018 per
2414 2947 2519 3002 hoc
2560 2948 2836 3002 concludit
2869 2947 3394 3003 consubstantialem
3432 2947 3610 3014 ipsum

2030 3041 2336 3109 esse,Patri
2375 3050 2428 3094 et
2454 3039 2616 3095 Filio.
2639 3039 2819 3106 Quare
2848 3040 2902 3093 in
2931 3040 3045 3105 ipsa
3103 3039 3285 3093 divina
3319 3038 3609 3108 Scriptura

422 3129 579 3193 Item,
603 3132 872 3203 scriptum
899 3141 1006 3200 est,
1034 3135 1177 3207 quod
1244 3134 1488 3206 Spiritus
1553 3142 1781 3190 sanctus
1841 3142 1924 3190 est
1951 3140 1994 3198 α
2031 3133 2134 3190 hoc
2183 3142 2267 3188 est
2295 3135 2540 3203 apertius
2563 3140 2619 3186 et
2657 3133 2861 3188 clarius
2891 3132 3007 3187 illo.

352 3224 466 3279 oris
495 3223 614 3279 Filii
645 3233 700 3279 et
736 3225 902 3280 liema
933 3227 1073 3299 ejus.
1109 3226 1213 3282 Sed
1249 3227 1438 3291 Filius,
1483 3229 1609 3298 quia
1643 3226 1820 3295 Leges
1849 3233 1931 3279 est

350 3313 551 3380 Patris,
576 3319 844 3387 scriptum
885 3328 1007 3374 est:
1045 3320 1173 3389 quia
1236 3335 1364 3374 vero
1428 3319 1602 3374 Rema
1660 3318 1927 3387 Spiritus,

354 3409 438 3464 vel
465 3411 576 3464 oris
615 3408 874 3480 Spiritus,
910 3423 1182 3482 nusquam
1221 3413 1489 3479 scriptum
1534 3419 1640 3467 est.

424 3501 555 3556 Item
579 3502 780 3557 dicitur
807 3504 861 3557 in
891 3503 1176 3574 Scriptura
1234 3503 1474 3572 Spiritus
1523 3513 1752 3559 sanctus
1807 3518 1932 3560 esse

356 3595 480 3650 Filii
506 3607 554 3650 et
592 3595 769 3669 imago
808 3598 1086 3668 cjus;sed
1128 3596 1302 3652 Filius
1320 3597 1447 3667 quia
1492 3599 1670 3653 Patris
1727 3607 1832 3664 est,
1879 3607 1935 3653 et

356 3689 536 3759 imago
565 3691 682 3760 ejus
712 3692 979 3760 scriptum
1009 3701 1090 3747 est
1127 3707 1140 3743 :
1174 3691 1324 3760 quod
1354 3705 1485 3745 vero
1533 3690 1774 3762 Spiritus
1843 3693 1931 3747 vel

356 3783 678 3853 simpliciter
699 3783 782 3838 vel
812 3783 1015 3852 imago,
1049 3784 1275 3838 minime
1306 3784 1573 3854 scriptum
1610 3793 1719 3840 est.

425 3877 553 3933 Item
590 3879 644 3932 in
679 3876 962 3943 Scriptura
1007 3877 1175 3932 mittit
1201 3885 1259 3932 et
1280 3877 1393 3944 dat,
1426 3885 1480 3931 et
1507 3876 1736 3932 effundit
1757 3874 1932 3932 Filius

357 3972 616 4042 Spiritum
643 3993 658 4026 :
688 3973 828 4026 mitti
863 3987 996 4026 vero
1026 3973 1109 4026 vel
1162 3974 1280 4027 darl
1318 3972 1401 4028 vel
1432 3971 1637 4027 effundi
1671 3973 1932 4043 aSpirittt

355 4082 466 4122 non
507 4067 706 4122 dicitur
728 4067 895 4121 Filius
919 4107 934 4131 ,
968 4081 1284 4136 quanquam
1314 4065 1371 4121 in
1409 4065 1691 4138 Scriptura
1730 4069 1933 4122 missus

353 4167 409 4214 et
439 4159 597 4214 datus
627 4173 656 4212 a
681 4158 841 4211 Patre
871 4157 1109 4212 dicatur.

424 4248 552 4304 item
577 4248 780 4318 Spiritu
804 4259 857 4304 et
880 4265 973 4318 per
1000 4249 1264 4319 Spiritum
1296 4250 1477 4306 facere
1508 4249 1682 4308 Filius
1725 4251 1932 4306 dicitur

356 4343 463 4395 Deo
518 4341 766 4396 decentia
826 4356 1013 4412 opera.
1075 4339 1213 4396 Filio
1265 4358 1398 4398 vero
1463 4355 1520 4398 et
1568 4358 1662 4412 per
1713 4342 1932 4410 Filium,

353 4435 479 4504 quia
513 4434 671 4490 Pater
699 4435 849 4501 facit,
880 4436 1150 4506 scriptum
1177 4443 1259 4490 est
1280 4452 1300 4492 :
1325 4435 1451 4506 quia
1492 4451 1622 4491 vero
1664 4436 1928 4506 Spiritus,

355 4528 601 4583 minime.

425 4621 557 4676 item
586 4622 787 4691 accipit
819 4622 868 4677 iu
937 4623 1223 4694 Scriptura
1276 4621 1523 4692 Spiritus
1578 4629 1802 4674 sanctus
1863 4619 1930 4675 de

355 4713 512 4770 Filio.
546 4716 648 4769 Sed
690 4713 855 4771 Filius
874 4733 939 4771 ex
969 4715 1134 4772 Patre
1154 4715 1374 4786 quidem
1395 4714 1644 4784 accipere
1677 4713 1879 4770 dicitur
1913 4732 1926 4768 :

353 4822 421 4863 ex
450 4806 657 4877 Spiritu
697 4823 824 4862 vero
861 4825 965 4863 non
1000 4810 1286 4866 scribitur.

423 4898 567 4972 Ergo
592 4910 649 4954 ut
676 4903 788 4957 haec
815 4918 920 4956 non
951 4904 1337 4960 convertentia
1361 4904 1648 4958 videantur
1707 4901 1760 4954 in
1782 4899 1932 4956 Scri-

2102 3227 2324 3283 Certum
2357 3237 2537 3283 autem
2565 3228 2615 3281 id
2652 3228 2826 3299 ipsum
2853 3235 2932 3283 est
2978 3233 3034 3280 et
3059 3241 3156 3296 per
3183 3227 3452 3296 opposita.
3477 3225 3610 3280 Nam

2033 3327 2085 3375 et
2111 3322 2455 3375 ostensiones
2485 3334 2674 3374 eorum
2696 3321 2788 3388 qui
2855 3327 3126 3374 conantur
3193 3319 3488 3374 ostendere
3542 3332 3614 3373 ex

2036 3414 2155 3468 solo
2189 3414 2349 3468 Patre
2375 3428 2498 3468 esse
2535 3413 2825 3483 Spiritum,
2884 3412 3057 3466 multo
3098 3420 3229 3466 sunt
3281 3411 3613 3465 infirmiores

2035 3509 2143 3564 illis
2167 3511 2369 3579 quibus
2396 3519 2728 3578 pugnatores
2764 3507 3001 3576 Spiritus
3035 3506 3349 3559 utebantur.

2034 3610 2056 3662 ξ
2110 3601 2187 3656 Illi
2213 3602 2356 3657 enim
2379 3616 2486 3655 non
2518 3614 2688 3668 pauca
2722 3599 2886 3653 verba
2922 3597 3279 3651 habebantde
3301 3595 3611 3663 Scriptura,

2034 3709 2157 3767 quae
2202 3709 2312 3748 non
2364 3693 2544 3748 debite
2603 3695 2736 3746 lecta
2805 3699 2858 3746 et
2909 3691 3225 3752 intellecta,
3284 3689 3611 3742 videbantur

2035 3786 2391 3858 blasphemize
2447 3800 2637 3840 eorum
2699 3783 2987 3854 suffragari
3029 3783 3234 3837 :sicuti
3280 3783 3396 3846 illa,
3464 3784 3610 3852 quod

2033 3880 2275 3949 Spiritus
2314 3887 2540 3935 sanctus
2575 3877 2828 3944 mittitur,
2878 3877 3061 3938 datur,
3114 3873 3433 3938 effunditur,
3482 3881 3540 3927 et
3583 3890 3612 3928 a

2036 3973 2218 4041 seipse
2253 3987 2359 4026 non
2388 3970 2667 4038 loquitur;
2697 3970 2790 4024 sed
2830 3963 3174 4038 qua'cunque
3207 3967 3378 4030 audit,
3412 3975 3469 4020 et
3516 3967 3614 4020 de-

2036 4065 2262 4130 siderat,
2289 4074 2341 4118 et
2375 4079 2472 4133 pro
2513 4063 2718 4117 sanctis
2781 4061 3248 4116 inenarrabilihus
3315 4059 3612 4129 gemitibus

2035 4157 2364 4227 interpellat,
2400 4166 2454 4210 et
2474 4157 2601 4211 talia
2625 4171 2746 4225 qua:
2773 4171 2882 4210 non
2912 4154 3094 4210 debite
3116 4153 3455 4219 examinata,
3494 4168 3614 4207 ser--

2035 4251 2161 4306 vilis
2191 4250 2450 4306 videntur
2481 4263 2601 4303 esse
2626 4258 2856 4303 naturae.
2901 4248 2963 4301 lii
2991 4258 3202 4313 autem,
3243 4247 3336 4316 qui
3377 4262 3443 4301 ex
3495 4248 3611 4301 solo

2035 4340 2198 4397 Patre
2237 4341 2528 4406 afﬁrmant,
2557 4340 2762 4394 nullum
2791 4341 3012 4409 penitus
3044 4338 3112 4392 de
3152 4337 3434 4406 Scriptura
3482 4339 3614 4392 sub-

2039 4434 2237 4487 sidium
2276 4432 2476 4487 habent
2507 4449 2520 4484 :
2550 4446 2657 4485 non
2707 4431 3024 4493 dictionem,
3058 4445 3167 4483 non
3217 4429 3446 4493 dictum,
3501 4445 3610 4482 non

1964 4504 2009 4558 Ῑ)
2039 4513 2348 4596 symbolum
2382 4539 2472 4576 seu
2507 4522 2755 4591 figuram,
2792 4537 2898 4574 non
2933 4520 3103 4585 aliud,
3165 4537 3260 4589 per
3302 4520 3474 4590 quod,
3529 4522 3612 4574 vel

2040 4635 2135 4688 per
2187 4632 2308 4689 quae
2338 4631 2525 4671 eorum
2550 4617 2734 4684 opinio
2773 4627 2918 4669 stare
2941 4628 3147 4684 posset.
3183 4614 3364 4679 Quare
3400 4614 3609 4668 nullum

2037 4714 2259 4769 dubium
2291 4723 2394 4775 est,
2431 4713 2574 4780 quod
2595 4719 2778 4765 nostra
2812 4709 3084 4764 sententia
3150 4710 3282 4763 bene
3313 4723 3408 4776 per
3463 4706 3612 4761 Serio

2038 4815 2252 4872 pturam
2276 4804 2705 4866 demonstratur,
2734 4809 2787 4853 et
2810 4799 2886 4860 hi.
2923 4800 3017 4869 qui
3081 4814 3142 4853 ea
3192 4813 3298 4853 non
3359 4797 3611 4859 credunt,

2040 4897 2282 4954 haeretici
2312 4904 2509 4951 suntet
2532 4911 2561 4949 a
2596 4893 2861 4948 catholica
2892 4893 2992 4948 fide
3026 4893 3210 4946 alieni.
