4122 6240
359 272 498 339 1333

1590 275 1882 337 ORATIO
1927 278 2078 339 PRO
2123 275 2441 338 UNlONE.

3483 272 3619 334 13715.

347 388 780 445 destructionem
808 392 994 445 autem
1020 385 1340 455 impiorum,
1379 385 1772 458 perfectionem
1807 405 1936 444 vero
1967 397 2009 454 Α
2045 391 2220 454 missi,
2250 406 2430 460 neque
2466 402 2495 442 a
2523 397 2759 459 quatuor
2791 383 3143 456 patriarchis,
3184 384 3278 453 qui
3310 385 3623 454 gubernant

347 495 403 540 et
455 485 720 565 unitatem
768 487 1009 540 omnium
1045 485 1512 541 Christianorum.
1566 486 1934 543 Sanctissime

351 581 531 646 Pater,
561 582 671 635 duo
702 589 833 635 sunt
865 581 1032 646 modi,
1060 595 1154 651 per
1178 598 1311 651 quos
1338 592 1518 652 potest
1542 582 1743 653 aliquis
1775 597 1934 650 repu-

353 688 470 732 tare
500 675 762 746 possibile
790 690 934 741 esse,
961 673 1078 729 fieri
1108 675 1426 746 praedictam
1457 675 1739 730 unionem.
1774 672 1931 729 Unus

352 767 570 836 quidem
603 768 696 829 sit.
765 769 1057 832 violenter,
1089 768 1192 822 hoc
1225 776 1330 832 est,
1365 768 1412 822 si
1447 767 1552 821 vim
1588 766 1734 837 passi
1781 767 1935 822 habi-

353 871 532 917 tantes
556 859 864 925 Orientem,
895 860 1146 917 nolentes
1181 861 1448 930 recipiant
1499 870 1738 916 vestram
1778 875 1934 914 com-

355 955 678 1010 munitatem
713 973 727 1011 :
764 955 909 1010 alius
937 968 1086 1016 vero,
1119 955 1212 1025 qui
1257 955 1396 1010 liber
1428 954 1522 1020 sit,
1566 954 1670 1009 hoc
1699 967 1804 1018 ρει,
1839 969 1936 1022 per

351 1047 678 1103 doctrinalia
713 1048 875 1102 verba
903 1047 1105 1102 erudi-i
1145 1059 1197 1102 et
1233 1047 1524 1111 ltutniliati,
1559 1042 1807 1101 volentes
1841 1063 1935 1099 vo-

353 1143 560 1197 biscum
603 1141 889 1196 uniantur.
922 1141 1128 1196 Horum
1184 1154 1314 1210 ergo
1371 1141 1606 1195 duorum
1641 1140 1932 1195 modorum

355 1237 507 1307 prior
556 1237 776 1306 quidem
830 1235 1060 1291 omnino
1111 1234 1440 1300 dimittatur,
1476 1236 1739 1305 quoniam
1777 1235 1936 1289 vobis

353 1333 549 1402 placet.
575 1329 862 1386 Secundus
884 1337 1092 1390 autem.
1114 1329 1208 1401 qui
1232 1337 1318 1386 est
1339 1328 1711 1392 voluntarius,
1732 1328 1936 1401 duplex

352 1436 455 1481 est.
486 1424 639 1478 Alius
669 1436 750 1479 est
780 1425 925 1478 enim
970 1424 1187 1488 modus,
1228 1439 1327 1493 per
1360 1439 1523 1493 quem
1557 1422 1822 1492 possibile
1852 1431 1937 1479 est

352 1517 628 1588 sapientes
676 1528 894 1573 nostros
927 1516 1256 1573 concordari
1308 1516 1638 1583 vobiscum;
1685 1513 1935 1579 etalius,

356 1625 452 1677 per
479 1623 665 1677 quem.
716 1611 979 1680 populum
1016 1624 1394 1664 communem.
1421 1607 1779 1679 Sapientium
1809 1609 1939 1678 qui-

355 1704 477 1756 dem
505 1703 702 1760 modus
731 1704 961 1773 simplex
997 1715 1081 1758 cst
1113 1715 1168 1759 et
1201 1703 1374 1757 facilis
1405 1721 1420 1758 :
1455 1720 1579 1758 nam
1615 1704 1658 1758 si
1687 1703 1940 1758 venerint

2038 484 2373 539 Orientalem
2413 481 2738 544 Ecclesiam,
2780 494 2959 550 neque
2988 496 3018 531 a
3052 478 3275 548 populo,
3315 477 3409 530 sed
3437 495 3466 530 a
3501 479 3622 533 solo

2043 579 2397 648 imperatore,
2420 574 2514 646 qui
2545 583 2775 629 conatus
2798 571 2899 628 fuit
2927 571 3107 626 facere
3146 571 3404 624 unionem
3436 571 3619 624 voltis—

2041 685 2163 725 cum
2197 685 2264 725 ει
2299 669 2349 724 vi
2385 709 2400 733 ,
2435 681 2490 724 et
2523 683 2629 722 non
2657 666 2983 721 voluntarie.
3023 665 3078 718 Si
3117 680 3248 732 ergo
3283 674 3464 718 vestra
3497 678 3624 716 sau-

2039 763 2204 818 ctilas
2239 764 2521 825 concedit,
2563 772 2620 816 ut
2649 760 2738 815 fiat
2772 761 2840 815 de
2866 759 2973 815 isto
3006 759 3263 828 generale
3294 758 3613 818 conciliuut,

2038 855 2112 911 sit
2134 855 2316 908 taliter
2349 852 2470 921 ejus
2501 853 2738 908 initium.
2776 851 3062 905 Mittantur
3088 864 3117 900 a
3144 848 3301 903 vobis
3325 847 3392 900 ad
3425 844 3624 900 Orieu-

2039 948 2200 1001 talem
2246 946 2550 1002 Ecclesiam
2606 945 2789 1014 legati,
2835 944 2936 998 viri
2992 941 3234 1011 religiosi
3284 951 3339 994 et
3368 938 3623 994 timentes

2040 1042 2236 1105 Deum,
2271 1051 2326 1096 et
2368 1042 2510 1111 pleni
2542 1041 2737 1108 spiritu
2773 1037 3102 1093 humilitatis
3138 1045 3194 1090 et
3231 1035 3525 1103 patientizr,
3569 1045 3624 1088 et

2039 1145 2304 1208 portenta
2324 1136 2476 1191 vobis
2502 1136 2714 1190 litteras
2740 1133 3006 1188 habentes
3033 1120 3196 1185 istum
3230 1129 3443 1183 modum
3473 1148 3486 1184 :
3511 1125 3624 1180 \‘iri

2016 1217 2266 1290 "fratres,
2303 1228 2481 1293 scitis,
2513 1229 2642 1295 quia
2664 1224 2974 1282 communis
3011 1224 3266 1276 inimicus
3292 1231 3478 1275 uester
3505 1221 3626 1274 dia-

2042 1317 2195 1374 bolus
2222 1318 2405 1386 posuit
2434 1314 2693 1372 scandala
2724 1314 2868 1369 inter
2901 1329 2996 1368 vos
3025 1323 3081 1367 et
3117 1329 3237 1377 nos,
3266 1321 3320 1366 et
3349 1309 3625 1379 separavit

2042 1424 2144 1463 nos
2175 1410 2242 1462 ab
2291 1409 2551 1462 invicem.
2584 1406 2857 1461 Debemus
2888 1420 3020 1475 ergo
3047 1413 3102 1460 et
3139 1419 3242 1458 nos
3275 1415 3330 1458 et
3363 1419 3460 1457 vos
3520 1403 3622 1455 tri-

2043 1500 2180 1554 stari
2211 1514 2374 1569 super
2395 1498 2525 1565 hoc,
2555 1505 2609 1552 et
2636 1510 2929 1551 commune
2958 1494 3223 1550 damnum
3258 1504 3513 1563 reputare
3548 1493 3622 1545 is-

2044 1600 2156 1647 tam
2182 1594 2615 1662 separationem.
2645 1589 2923 1660 Rogamus
2953 1603 3082 1660 ergo
3139 1603 3236 1643 vos
3268 1597 3325 1641 ut
3353 1586 3548 1640 fratres
3573 1586 3626 1639 in

2043 1687 2292 1752 Christo,
2332 1688 2701 1758 patriarcbam
2730 1683 3422 1753 Constautiuopolitanum,
3452 1691 3506 1734 et
3536 1696 3628 1751 pa-

357 1793 426 1848 ad
457 1806 693 1849 vestram
729 1795 1134 1851 sanctissimam
1169 1792 1506 1863 majestate";
1534 1810 1598 1848 ex
1627 1795 1827 1850 nostris
1855 1810 1943 1848 δα-
1975 1767 2014 1822 Β
2048 1783 2347 1838 triarchatn
2380 1782 2843 1847 Alexandrinum,
2884 1780 3289 1835 Antiochenum
3344 1786 3396 1830 et
3433 1775 3629 1832 lliero-

358 1887 635 1956 pientibus
667 1889 888 1959 triginta
923 1897 1018 1944 aut
1047 1886 1428 1958 quadraginta,
1460 1898 1554 1942 aut
1583 1901 1943 1958 quotcunque

361 1981 492 2046 sint,
528 1981 668 2037 bene
689 1982 828 2047 scio,
857 1984 985 2053 quia
1014 1982 1499 2036 concordabuntur
1526 1982 1807 2036 vobiscum
1833 1990 1946 2037 sta-

360 2077 454 2130 tim
497 2073 776 2132 facillime.
812 2076 1036 2144 Quare?
1061 2077 1189 2146 quia
1241 2091 1419 2146 neque
1452 2092 1548 2132 vos
1575 2077 1850 2147 quaet-itis,
1882 2085 1944 2130 ut

360 2171 700 2236 irratioitalis
727 2172 1001 2240 appetitus
1029 2171 1233 2234 vincat,
1267 2186 1446 2241 neque
1473 2171 1591 2225 illi:
1627 2171 1722 2226 sed
1756 2180 1810 2226 et
1843 2185 1942 2225 vos

363 2277 413 2320 et
450 2267 524 2337 illi
551 2267 819 2335 quznritis,
851 2278 910 2322 ut
937 2269 1118 2322 vincat
1145 2266 1368 2321 veritas.
1400 2264 1565 2335 Ergo,
1599 2266 1860 2336 quoniam
1891 2273 1946 2319 et

362 2355 526 2410 ambo
565 2355 893 2414 desideratis
925 2358 1237 2425 veritatem,
1285 2360 1620 2415 credendum
1656 2371 1763 2422 est,
1817 2360 1944 2427 quia

363 2460 418 2504 et
448 2450 560 2506 cito
586 2450 762 2520 ipsam
800 2451 1114 2515 invenietis,
1165 2460 1221 2506 et
1274 2452 1386 2506 cito
1438 2450 1943 2508 concordahimi'ni.

365 2543 471 2600 Sed
521 2544 636 2611 isti,
672 2556 967 2616 postquam
1003 2545 1237 2601 fuissent
1273 2545 1600 2602 concordati
1636 2545 1946 2609 vobiscum,

367 2640 572 2692 reversi
605 2639 672 2692 ad
696 2638 1000 2702 Orientem,
1035 2654 1143 2694 non
1184 2647 1441 2709 poterunt
1477 2637 1741 2694 reducere
1773 2653 1948 2707 popu-

352 2732 478 2784 .lum
509 2741 760 2789 nostrum
795 2731 864 2787 ad
899 2732 1258 2799 credendum,
1303 2732 1428 2802 quia
1457 2731 1680 2787 fuerunt
1708 2745 1948 2787 concor-

368 2823 481 2879 dati
516 2825 828 2889 vobiscum,
861 2841 985 2883 cum
1019 2825 1178 2883 salva
1211 2833 1399 2882 essent
1430 2826 1686 2896 dogmata
1718 2833 1944 2880 sancto-

370 2935 489 2974 rum
520 2921 746 2976 Patrum
772 2938 786 2976 :
811 2919 906 2975 sed
938 2929 1162 2991 surgent
1192 2919 1283 2975 alii
1311 2919 1560 2988 quidam.
1588 2929 1683 2974 aut
1724 2926 1950 2989 propter

370 3011 655 3080 invidiam,
689 3024 784 3068 aut
821 3028 1017 3066 vanam
1049 3013 1306 3082 gloriam.
1338 3022 1437 3067 aut
1466 3010 1606 3068 forte
1642 3011 1949 3079 reputando

371 3104 510 3162 bene
537 3105 736 3171 facere,
765 3114 820 3161 et
848 3105 1120 3162 docebunt
1143 3099 1316 3161 totum
1340 3107 1674 3161 contrarium
1702 3105 1868 3176 plebi,
1895 3113 1950 3160 et

373 3201 600 3256 dicent:
636 3199 753 3255 Viri
795 3199 1016 3267 fratres,
1048 3201 1231 3256 videte
1266 3217 1336 3255 ne
1361 3200 1733 3266 seducamiui,
1768 3217 1951 3271 neque

373 3291 560 3349 audite
593 3308 730 3359 eos;
768 3293 861 3349 isti
915 3294 1063 3349 enim
1102 3309 1227 3349 cum
1280 3294 1393 3349 sint
1445 3296 1689 3365 corrupti
1725 3306 1950 3365 propter

378 3402 597 3442 numera
624 3396 679 3442 et
707 3402 901 3443 vanam
931 3387 1182 3459 gloriam,
1226 3389 1415 3444 dicunt
1443 3391 1565 3458 quae
1598 3389 1830 3456 dicunt;
1865 3389 1952 3443 ni-

375 3481 454 3536 hil
497 3497 630 3550 ergo
661 3485 997 3539 renmveatis
1032 3498 1100 3539 ex
1135 3484 1202 3558 iis
1233 3498 1356 3553 qua:
1403 3483 1625 3538 tenetis.
1657 3482 1752 3538 lsti
1800 3497 1950 3552 ergo,

376 3576 722 3632 sanctissime
748 3577 929 3642 Pater,
956 3577 1190 3633 dicendo
1214 3576 1341 3631 talia
1365 3577 1553 3642 verba,
1581 3576 1956 3639 humiliabunt

377 3669 588 3737 plebem
615 3670 838 3724 credere
859 3670 960 3725 eis.
991 3667 1284 3740 Sapientes
1305 3677 1514 3734 autem,
1543 3670 1637 3740 qui
1672 3670 1954 3724 vobiscum

382 3763 584 3818 fuerint
617 3763 958 3830 coucordati,
985 3761 1122 3818 nihil
1151 3763 1332 3818 facere
1363 3771 1641 3833 poterunt,
1665 3764 1758 3819 sed
1785 3763 1957 3832 magis

378 3867 540 3912 erunt
563 3856 616 3910 in
647 3857 887 3926 periculo
920 3871 950 3910 a
978 3857 1139 3912 turba
1163 3836 1629 3924 pereundi.-Unde
1660 3857 1958 3926 praedictus

385 3951 579 4005 modus
615 3959 836 4020 pt-Opter
857 3948 1079 4019 quidem
1106 3949 1380 4019 sapientes
1403 3948 1678 4005 sufficiens
1706 3957 1811 4013 est,
1836 3963 1962 4019 pro-

383 4053 498 4112 pter
535 4058 666 4097 vero
701 4041 960 4112 pepulum
995 4055 1369 4111 nequaquam.
1403 4042 1542 4108 Quis
1571 4056 1702 4113 ergo
1725 4049 1810 4096 est
1843 4057 1959 4097 mo-

383 4139 506 4197 dus,
538 4135 632 4204 qui
665 4143 722 4190 et
769 4134 982 4206 plebem
1016 4119 1069 4189 et
1103 4136 1381 4204 sapientes
1435 4134 1602 4190 simul
1634 4135 1866 4189 adducet
1895 4136 1960 4190 ad

385 4229 642 4283 unionem
681 4227 964 4284 vestram?
1004 4227 1116 4300 Ego
1147 4227 1346 4283 dicam.
1397 4228 1684 4282 Audiendo
1709 4243 1961 4282 commu-

388 4321 472 4376 nis
505 4322 756 4392 populus,
785 4321 930 4392 quod
955 4321 1134 4377 sexies
1162 4320 1365 4375 factum
1389 4329 1472 4375 est
1499 4310 1751 4390 {genterale
1781 4322 1966 4375 conci-

380 4417 544 4480 iiutn,
582 4426 655 4482 et,
693 4416 909 4488 quoties
943 4415 1146 4471 factum
1181 4423 1284 4477 est,
1333 4414 1400 4468 ad
1437 4414 1826 4482 perfectionem
1859 4415 1960 4468 Ec-

2045 1877 2455 1949 solymitauum,
2482 1888 2538 1933 et
2567 1877 2708 1932 alios
2741 1875 3029 1947 pontiﬁces
3061 1883 3114 1931 et
3145 1873 3351 1929 electos
3376 1873 3547 1936 viros,
3571 1883 3631 1926 ut

2046 1972 2442 2028 conveniamus
2494 1971 2656 2026 simul
2690 1973 2744 2026 in
2796 1969 2982 2037 aliquo
3036 1967 3184 2031 loco,
3217 1975 3272 2021 et
3318 1979 3630 2034 qtmramus

2046 2055 2419 2122 communiter
2458 2082 2581 2122 cum
2618 2061 2891 2134 spirituali
2927 2060 3126 2115 affectu
3176 2059 3246 2114 de
3296 2057 3627 2128 praepositis,

2047 2171 2102 2216 et
2123 2161 2268 2230 quod
2300 2161 2459 2215 nobis
2489 2157 2758 2213 revelaliit
2782 2155 3022 2225 Spiritus
3046 2161 3294 2218 sanctus,
3325 2152 3432 2206 hoc
3454 2154 3631 2205 deter-

2051 2255 2376 2319 tninabitur,
2413 2265 2466 2308 et
2507 2267 2796 2322 speramus
2835 2251 2888 2306 in
2919 2248 3306 2304 misericordia
3337 2247 3457 2309 Dei,
3501 2247 3628 2316 quia

2050 2348 2311 2403 Seaudala
2343 2347 2493 2401 foras
2532 2347 2849 2416 ejicientur,
2900 2353 2955 2399 et
2990 2341 3328 2398 unanimitas
3381 2348 3437 2392 et
3475 2353 3631 2392 amor

2051 2443 2479 2500 dominabuntur
2534 2442 2726 2497 vestri.
2782 2438 2837 2493 Si
2893 2437 2996 2502 sic,
3043 2435 3396 2492 sanctissime
3448 2433 3628 2494 l’ater.

2052 2547 2339 2593 mansueta
2365 2537 2527 2591 verba
2552 2533 2831 2591 audierint
2865 2530 3195 2594 Orientales,
3219 2531 3629 2596 imperatorque

2049 2642 2105 2688 et
2137 2631 2467 2703 patriarchae
2510 2640 2564 2686 et
2587 2633 2824 2700 populus
2868 2626 3104 2682 maxime
3135 2623 3450 2694 gaudebunt
3477 2639 3492 2685 -,
3520 2629 3632 2675 sta-

2052 2730 2151 2782 tim
2189 2727 2454 2795 incipient
2493 2724 2712 2795 operari
2767 2722 2835 2778 ad
2876 2719 3242 2792 propositum,
3275 2723 3477 2770 etcum
3539 2730 3633 2769 vc-

2052 2821 2186 2878 stris
2209 2821 2417 2876 nuntiis
2460 2818 2790 2874 ordinabunt
2815 2815 3061 2877 modum,
3083 2818 3303 2881 tempus
3351 2818 3404 2865 et
3425 2808 3627 2869 locum,

2054 2915 2109 2968 in
2146 2929 2258 2984 quo
2295 2910 2606 2966 universale
2636 2909 2726 2963 fiet
2755 2905 3074 2967 concilium,
3109 2905 3161 2958 iu
3182 2917 3302 2973 quo
3331 2902 3450 2956 sine
3480 2899 3631 2954 omni

2052 2993 2224 3064 dubio
2246 3013 2330 3062 est
2361 3003 2720 3068 credendum,
2753 3000 2878 3069 quia
2913 2997 3042 3053 uuio
3073 2996 3301 3050 firmiter
3335 2993 3478 3047 facta
3505 2993 3630 3046 erit.

2054 3103 2254 3159 Postea
2283 3108 2532 3172 quoquot
2560 3095 2908 3152 interfueriut
2935 3093 3026 3149 isti
3056 3090 3290 3146 concilio
3316 3088 3544 3144 exibunt
3567 3085 3636 3139 ad

2055 3208 2405 3253 communem
2477 3191 2779 3262 populum,
2832 3195 2887 3242 et
2948 3184 3186 3241 dicent:
3222 3180 3336 3236 Viri
3411 3178 3635 3236 fratres,

2057 3297 2307 3346 sanctum
2340 3297 2392 3342 et
2421 3285 2679 3356 generale
2707 3281 3003 3359 concilium
3035 3273 3417 3333 determinavit
3448 3272 3560 3326 hac
3585 3280 3641 3324 et

2060 3386 2218 3449 haec;
2266 3382 2476 3437 debetis
2516 3394 2648 3448 ergo
2690 3379 2938 3446 recipere
2976 3389 3061 3427 ea.
3097 3370 3162 3424 Et
3192 3383 3384 3424 omnes
3421 3380 3484 3421 ea
3519 3364 3642 3420 sine

2059 3477 2227 3533 dubio
2265 3475 2552 3545 recipient.
2591 3473 2718 3535 Iste,
2749 3468 3101 3524 sanctissime
3132 3465 3315 3526 Pater,
3348 3461 3498 3514 solus
3528 3474 3644 3512 mo-

2058 3571 2160 3627 dus
2195 3580 2299 3632 est,
2347 3568 2490 3622 sicut
2520 3564 2740 3619 videtur
2773 3562 2928 3626 mihi,
2962 3575 3060 3629 per
3094 3571 3257 3627 quem
3291 3555 3419 3608 unio
3457 3551 3643 3606 Eccle-

2061 3663 2156 3719 sia:
2191 3663 2303 3718 fieri
2333 3670 2535 3732 potest.
2565 3658 2807 3713 Consule
2836 3663 3017 3708 autem
3048 3666 3104 3706 et
3137 3653 3277 3712 hoc;
3317 3648 3489 3716 magis
3513 3659 3642 3699 vero

2060 3757 2354 3826 deprecor.
2391 3752 2459 3808 In
2490 3750 2690 3805 Turcia
2721 3759 2958 3817 quatuor
2989 3754 3119 3799 sunt
3148 3743 3399 3798 civitates
3432 3753 3643 3809 magna:

2061 3860 2115 3906 et
2137 3849 2353 3913 divites,
2385 3862 2508 3916 quae
2530 3845 2802 3899 hactenus
2829 3841 3052 3894 fuerunt
3079 3836 3416 3894 Graecorum.
3442 3842 3493 3887 et
3520 3847 3638 3901 pro-

2065 3951 2185 4015 pter
2218 3949 2441 4012 peccata
2472 3948 2657 3993 nostra
2692 3934 2865 3990 multo
2890 3931 3265 4000 temporejam
3298 3927 3511 3982 tradita:
3531 3925 3646 3979 fue-

2065 4045 2196 4094 runt
2224 4037 2278 4091 in
2316 4048 2512 4090 manus
2550 4030 2845 4100 impiorum
2883 4046 2896 4082 :
2957 4041 3102 4080 nunc
3165 4038 3295 4077 vero
3328 4021 3422 4090 qui
3455 4029 3647 4074 tenent

2064 4140 2120 4189 et
2143 4128 2465 4187 custodiunt
2520 4125 2661 4186 illas,
2691 4130 2849 4178 erant
2884 4116 3110 4191 quidem
3139 4113 3467 4176 Christiani,
3493 4127 3556 4166 es
3595 4113 3645 4164 vi

2067 4235 2249 4281 autem
2296 4222 2423 4278 facti
2457 4228 2588 4274 sunt
2620 4215 2807 4271 'l'urci.
2847 4213 2941 4268 Isti
2988 4225 3141 4280 ergo,
3181 4207 3416 4262 volendo
3449 4205 3647 4259 iterum

2070 4317 2270 4374 reverti
2299 4314 2367 4368 ad
2400 4310 2776 4366 Christianam
2809 4304 2993 4366 fidem,
3027 4309 3216 4356 notum
3253 4299 3505 4352 fecerunt
3545 4297 3650 4348 do-

2071 4413 2220 4467 mino
2245 4423 2368 4463 meo
2388 4402 2728 4476 imperatori,
2755 4410 2815 4455 ut
2839 4397 3003 4453 vadat
3023 4410 3145 4450 cmn
3169 4390 3412 4447 exercitu
3439 4387 3504 4442 ad
3526 4401 3647 4449 eos,

389 4505 569 4566 clesize
602 4509 808 4565 factum
837 4519 942 4578 est,
974 4520 1026 4566 et
1052 4509 1118 4564 ad
1149 4481 1545 4563 correctionem
1568 4522 1842 4568 errorum.
1867 4507 1960 4576 qui
1996 4506 2039 4560 Ι)
2073 4515 2126 4561 et
2168 4503 2270 4574 ipsi
2320 4501 2400 4555 illi
2454 4497 2671 4553 tradent
2703 4493 2997 4565 praedictas
3043 4487 3314 4542 civitates.
3349 4481 3649 4552 imperator

389 4613 548 4659 erant
597 4605 652 4661 in
696 4603 807 4659 illis
847 4603 1210 4674 temporibus,
1262 4600 1579 4673 opinionem
1613 4590 1968 4670 ‘recepcrunt

391 4715 584 4754 omnes
610 4699 679 4754 ad
723 4698 937 4752 animas
969 4712 1100 4752 suas
1133 4735 1146 4760 ,
1182 4696 1309 4765 quia
1342 4695 1490 4763 quod
1519 4691 1592 4748 sit
1631 4692 1967 4749 determina-

393 4805 506 4850 tum
528 4809 557 4848 a
580 4793 819 4864 generali
844 4790 1100 4854 concilio,
1134 4798 1343 4844 rectum
1375 4798 1427 4843 et
1454 4801 1647 4843 sanum
1669 4797 1774 4841 εει.
1801 4788 1965 4856 Ergo,

391 4893 439 4947 si
475 4889 573 4952 fiet.
601 4899 654 4945 et
708 4902 855 4942 nunc
900 4887 967 4941 de
1019 4882 1390 4946 ditlerentiis,’
1417 4898 1555 4951 quas
1599 4880 1811 4936 habetis
1841 4896 1966 4935 cum

392 4984 619 5048 Griecis,
661 4981 917 5056 generale
965 4977 1280 5041 concilium,
1328 4987 1385 5031 ut
1442 4991 1539 5030 nos
1592 4975 1966 5038 ostendemus,

394 5091 741 5149 quaecunque
767 5089 796 5128 a
823 5071 1065 5142 generali
1097 5069 1330 5125 concilio
1354 5066 1717 5122 determinata
1746 5064 1968 5131 fuerint,

396 5187 593 5228 omnes
639 5167 951 5223 Orientales
979 5165 1216 5220 libenter
1249 5163 1364 5218 hate
1393 5161 1683 5230 recipient,
1719 5169 1773 5214 ct
1813 5173 1969 5213 nemo

397 5267 504 5322 erit
534 5265 625 5332 qui
660 5263 744 5316 his
792 5258 1161 5321 contradicat,
1191 5268 1246 5311 et
1295 5257 1374 5311 sic
1412 5255 1748 5309 uuanimitas
1789 5255 1971 5308 statim

398 5368 453 5412 et
476 5355 604 5411 unio
643 5356 784 5408 facta
829 5350 1025 5408 erit.Si
1058 5359 1239 5405 autem
1271 5349 1468 5420 aliquis
1507 5333 1673 5412 dicat,
1699 5349 1826 5416 quia
1855 5347 1965 5414 jam

401 5452 605 5508 factum
653 5447 830 5504 estde
869 5446 991 5501 istis
1023 5443 1278 5517 generale
1310 5443 1602 5498 concilium
1652 5441 1703 5495 in
1740 5440 1974 5510 Lugdu-

402 5548 577 5613 nensi,
611 5547 665 5601 itt
706 5559 818 5614 quo
850 5544 1070 5598 fuerunt
1103 5550 1154 5595 et
1191 5539 1392 5601 Grazci,
1429 5539 1586 5604 sciat,
1623 5539 1772 5608 quod
1816 5551 1976 5590 nemo

405 5639 607 5710 poterit
640 5638 931 5692 humiliare
963 5633 1220 5706 populum
1253 5633 1592 5695 (ἓνιιιςοιῖυιιι,
1622 5640 1678 5684 ut
1712 5628 1979 5700 recipiant

405 5733 535 5790 illud
580 5723 876 5789 concilium
907 5727 1028 5784 sine
1059 5727 1166 5782 alio
1199 5726 1456 5782 concilio.
1493 5723 1675 5791 Quare
1695 5722 1716 5776 ?
1738 5723 1865 5790 quia
1901 5721 1980 5774 tlli

405 5827 604 5895 Grex-ci,
640 5827 732 5900 qui
781 5824 1149 5882 interfuerunt
1176 5823 1265 5879 isti
1302 5821 1560 5893 concilio,
1613 5837 1718 5877 uou
1758 5815 1981 5872 fuerunt

2073 4616 2222 4666 vero,
2260 4611 2371 4652 non
2404 4591 2735 4650 confidendo
2764 4586 2818 4643 in
2852 4587 2968 4641 sola
3005 4599 3105 4639 sua
3146 4589 3327 4652 gente,
3370 4579 3518 4633 misit
3547 4591 3647 4631 nos

2072 4695 2138 4749 ad
2169 4688 2712 4750 Christianissimum
2751 4696 2933 4749 regem
2983 4678 3345 4735 Francorum.
3395 4686 3649 4740 quaerens

2073 4791 2296 4852 pr0pter
2328 4779 2433 4833 hoc
2484 4775 2774 4831 auxilium.
2823 4768 2959 4824 Nam
2991 4769 3038 4823 si
3069 4765 3421 4852 apprehensis
3451 4761 3651 4816 fuerint

2075 4879 2182 4931 illa:
2213 4876 2485 4935 civitates,
2523 4879 2576 4924 et
2611 4880 2842 4922 reversa:
2879 4863 2948 4917 ad
2983 4876 3102 4924 nos,
3153 4846 3390 4929 primum
3427 4855 3647 4926 quidem

2077 4980 2244 5026 totam
2276 4967 2558 5030 virtutem,
2591 4977 2753 5033 quant
2778 4959 2983 5013 habent
3017 4953 3184 5009 Turci
3219 4968 3317 5021 per
3345 4966 3515 5014 utare,
3540 4958 3646 5004 sta-

2077 5064 2170 5117 tim
2204 5060 2451 5132 perdent,
2487 5067 2539 5111 et
2569 5053 2826 5111 deficient
2849 5050 2991 5107 mala
3021 5063 3144 5119 quae
3177 5046 3463 5118 patiuntur
3492 5043 3650 5097 Chri-

2077 5156 2241 5210 stiani
2279 5168 2371 5223 per
2402 5165 2591 5213 mare;
2623 5148 2690 5202 ab
2719 5147 2802 5200 cis
2822 5144 2990 5200 etiam
3019 5143 3267 5214 regiones
3289 5149 3344 5195 et
3375 5137 3647 5198 civitates,

2078 5262 2200 5317 qua:
2239 5252 2367 5299 sunt
2411 5244 2554 5294 inter
2605 5238 2894 5306 praedictas
2928 5233 3180 5288 civitates
3212 5240 3267 5286 et
3309 5244 3408 5283 vos
3435 5245 3650 5286 omnes.

2080 5338 2365 5394 tradentur
2393 5334 2553 5387 nobis
2578 5349 2594 5394 ;
2616 5339 2671 5385 et
2696 5331 2802 5384 erit
2827 5344 3020 5398 magna
3047 5327 3213 5395 janua
3242 5332 3429 5391 aperta
3461 5330 3652 5375 sancto

2079 5431 2354 5501 passagio.
2406 5427 2472 5480 Et
2520 5424 2749 5479 audiens
2812 5421 2927 5475 haec
2978 5435 3069 5472 rex
3105 5416 3468 5478 Francorum,
3504 5413 3654 5465 misit.

2084 5543 2183 5581 nos
2213 5524 2279 5579 ad
2308 5539 2425 5588 vos,
2476 5531 2533 5575 ιιι
2565 5517 2784 5582 dicatis,
2817 5513 2948 5586 quid
2991 5511 3144 5565 vobis
3172 5509 3238 5563 de
3277 5508 3382 5561 isto
3420 5508 3651 5575 placeat.

2085 5621 2239 5678 Unde
2268 5616 2638 5689 supplicamus
2664 5609 2840 5674 vobis,
2866 5604 3213 5661 sanctissime
3241 5602 3418 5665 Pater,
3447 5610 3504 5653 ιιι
3525 5613 3658 5652 coo-

2085 5714 2312 5774 cedatis,
2357 5718 2414 5764 ut
2468 5709 2720 5763 mittatur
2754 5699 3014 5756 auxilium
3050 5697 3116 5752 ad
3151 5707 3337 5769 partes
3383 5694 3526 5756 illas,
3564 5702 3658 5746 aut

2087 5808 2412 5879 priusquam
2445 5805 2639 5858 radant
2686 5799 2817 5854 illuc
2847 5793 3089 5867 praedicti
3140 5790 3304 5848 vestri
3342 5787 3525 5860 legati,
3565 5797 3658 5842 aut
