4086 6228
573 231 711 292 1335

1670 240 2065 302 BARLAAMI
2109 246 2205 303 DE
2247 245 2683 308 SEMINARIA

3694 244 3832 310 1336

566 351 758 404 simul.
790 351 905 406 Hoc
938 364 1118 408 autem
1158 357 1280 409 dico
1306 367 1529 426 pmpter
1560 360 1696 415 duas
1725 364 1984 418 rationes.
2016 364 2134 420 Pri-
2164 376 2211 430 Α
2248 367 2401 423 vobis
2433 379 2783 438 presternere
2830 385 2924 425 eos
2951 387 2966 435 ;
3004 369 3167 435 unde,
3197 365 3374 423 donec
3403 377 3488 423 est
3520 366 3682 423 facile
3711 381 3833 437 pro-

568 460 716 497 mum
743 447 984 514 quidem,
1019 449 1161 516 quod
1188 451 1509 506 naturaliter
1531 469 1724 510 omnes
1747 457 2000 516 homines
2029 479 2144 518 ma-

564 535 648 600 gis
699 538 884 591 volunt
942 540 1224 612 subjugari
1272 545 1752 604 benefacieutibus
1811 552 1915 618 eis,
1975 571 2138 624 quam

560 637 755 681 contra
794 631 1144 687 facientibus.
1175 635 1309 690 Nam
1341 650 1395 692 et
1434 638 1630 706 Judaei,
1654 658 1777 697 cum
1817 646 1927 699 sint
1959 649 2142 717 ingra—

560 718 760 772 tissimi
793 723 1036 776 omnium
1072 727 1382 794 hominum,
1426 742 1604 789 tamen
1636 739 1858 805 quando
1885 739 2138 798 Christus

555 811 786 865 nutrivit
814 830 907 869 eos
935 832 996 869 ex
1024 821 1264 890 quinque
1289 826 1517 890 panibus
1550 829 1601 880 in
1627 830 1868 896 deserto,
1891 848 2015 887 cum
2043 851 2137 888 vo-

553 901 773 958 luerunt
809 925 999 964 eorum
1034 929 1214 983 regem
1252 915 1449 973 facere.
1478 921 1622 990 Ergo
1646 933 1697 977 et
1720 924 1917 989 Grmci,
1950 930 2138 982 viden-

556 1007 661 1058 ινδ,
688 1000 790 1053 sibi
812 1002 924 1070 jam
955 1005 1158 1061 factum
1186 1021 1429 1066 vestrum
1459 1017 1748 1083 auxilitum,
1777 1022 1950 1092 magis
1973 1039 2136 1081 erunt

555 1093 737 1157 parati
773 1097 1018 1164 recipere
1047 1101 1208 1154 verba
1248 1117 1554 1161 vestrorum
1589 1110 1913 1177 legatorum,
1940 1126 1990 1168 et
2021 1118 2134 1187 ipsa

551 1184 897 1254 adimplere;
935 1193 1099 1245 etiam
1140 1211 1262 1259 nos,
1302 1198 1396 1266 qui
1449 1199 1832 1260 desideramus
1879 1184 2135 1264 Ecclesiae

553 1277 839 1369 unionem,
869 1285 1171 1348 poterimus
1206 1287 1537 1345 tiducialiter
1577 1297 1835 1352 unionem
1872 1303 2130 1369 populum

549 1366 751 1421 docere
781 1387 794 1435 ;
820 1383 872 1425 et
901 1374 1197 1444 imperator
1220 1392 1428 1444 noster,
1457 1386 1736 1457 accipiens
1766 1366 2132 1458 occasionem,

549 1461 754 1524 poterit
807 1475 860 1516 et
896 1468 1226 1532 patriarchae
1264 1484 1316 1526 et
1356 1474 1480 1528 aliis
1510 1478 1871 1544 pontificibus
1904 1484 2086 1537 dicere
2117 1503 2129 1539 :

551 1550 766 1619 Videte,
803 1561 1079 1624 quomodo
1101 1561 1283 1618 Latini
1305 1577 1432 1621 sunt
1465 1569 1592 1623 boni
1621 1573 1893 1636 homines,
1918 1587 1971 1630 et
1995 1594 2134 1645 quo-

551 1645 714 1698 modo
755 1661 1006 1716 quaerunt
1041 1669 1142 1710 nos
1172 1655 1475 1716 fructuosis
1501 1665 1762 1730 operibus
1797 1678 1850 1722 et
1876 1672 2132 1738 gratiosis

546 1739 764 1794 verbis!
799 1743 1061 1802 debemus
1092 1764 1224 1818 ergo
1254 1762 1306 1805 et
1337 1768 1436 1808 nos
1467 1756 1724 1813 similiter
1761 1761 1986 1831 diligere
2010 1780 2127 1827 eos,
2161 1738 2208 1796 Β

545 1843 600 1885 et
631 1850 878 1902 qua-rere
906 1840 1153 1905 modum,
1189 1859 1286 1912 per
1319 1863 1479 1914 quem
1510 1864 1633 1904 cum
1669 1853 1803 1920 ipsis
1831 1860 2132 1911 concorde-

550 1943 693 1982 mur.
727 1930 980 1986 Secunda
1007 1944 1190 1990 autem
1224 1942 1362 1992 ratio
1393 1953 1473 1996 est
1499 1944 1598 1998 ista
1629 1963 1643 2000 :
1672 1963 1778 2000 non
1805 1953 2003 2018 poterit
2028 1953 2132 2005 im-

553 2032 773 2086 perator
796 2024 927 2081 dare
950 2043 1009 2081 se
1035 2029 1103 2082 ad
1129 2031 1494 2089 ordinandum
1522 2041 1774 2108 generale
1808 2045 2128 2108 concilium,

549 2114 656 2170 nisi
689 2117 841 2185 prius
867 2135 1087 2190 guerra,
1120 2141 1284 2193 quam
1306 2128 1466 2183 habet
1490 2147 1612 2185 cum
1639 2133 1856 2200 Turcis,
1895 2138 2130 2193 diliinia-

546 2218 639 2265 tur
669 2228 683 2273 ;
720 2229 898 2283 neque
934 2219 1080 2272 enim
1117 2220 1247 2274 dum
1293 2238 1489 2291 gtterra
1523 2227 1610 2291 sit,
1653 2230 1853 2297 poterit
1887 2243 2131 2300 quatuor

547 2306 887 2371 patriarchas
920 2319 970 2364 ct
999 2310 1138 2366 alios
1169 2314 1460 2382 pontiﬁces
1488 2318 1542 2370 in
1573 2335 1737 2374 unum
1768 2337 2127 2394 congregare,

546 2413 648 2453 nec
670 2401 907 2455 concilio
941 2405 1142 2471 poterit
1167 2407 1451 2474 interesse,
1487 2421 1542 2465 et
1571 2425 1860 2481 prepterea
1887 2429 2127 2485 Oportet,

546 2503 605 2544 ut
639 2493 740 2562 ipsi
761 2497 944 2551 aemuli
982 2499 1134 2568 prius
1164 2502 1234 2556 ab
1267 2502 1497 2574 imperio
1532 2507 1877 2577 aliquantum
1912 2513 2129 2584 longius

540 2588 888 2655 expcllantur
913 2606 927 2656 ;
952 2602 1006 2646 et
1032 2603 1162 2648 tunc
1193 2596 1510 2665 imperator.
1560 2613 1783 2672 accepta
1814 2607 2129 2676 tranquilli-

544 2689 679 2744 tate,
732 2690 1000 2748 quantum
1052 2701 1118 2740 ex
1153 2703 1251 2743 sua
1286 2700 1442 2759 parte
1490 2704 1594 2757 est,
1636 2697 1835 2762 poterit
1888 2698 2129 2767 perfecte

545 2772 871 2840 adimplere.
911 2775 1067 2839 Quod
1093 2793 1225 2836 vero
1244 2781 1436 2838 dicunt
1456 2786 1681 2854 quidam
1705 2804 1770 2842 ex
1799 2792 1978 2855 vobis,
2002 2795 2127 2862 quia

544 2876 762 2934 oportet
797 2871 968 2938 prius-
1004 2873 1150 2926 uniri
1185 2875 1470 2938 vobiscum
1504 2877 1746 2945 Graecos,
1777 2893 1832 2938 et
1865 2893 1995 2940 tunc
2023 2885 2128 2941 ibi-

545 2974 671 3014 mus
704 2971 896 3016 contra
925 2961 1158 3031 Turcos,
1187 2983 1294 3023 non
1332 2969 1465 3025 mihi
1495 2973 1712 3029 videtur
1745 2977 1885 3031 bene
1918 2979 2123 3034 dictum

542 3066 691 3112 esse.
736 3065 962 3126 propter
989 3073 1083 3113 sex
1112 3045 1460 3131 argumenta.
1501 3064 1771 3131 Primum,
1807 3070 1933 3138 quia
1962 3069 2125 3126 Turci
2152 3101 2199 3163 Ο

543 3158 656 3200 neu
689 3149 870 3202 solum
903 3163 1105 3205 nocent
1141 3151 1368 3222 Graecis,
1397 3158 1494 3211 sed
1532 3159 1699 3213 etiam
1731 3160 2032 3225 Armeniis.
2069 3175 2120 3219 et

544 3238 856 3311 Cyprianis,
878 3254 933 3298 et
963 3242 1250 3314 Herodiis,
1279 3253 1404 3318 quia
1433 3264 1626 3308 omnes
1651 3262 1781 3309 sunt
1800 3256 2004 3313 subditi
2028 3275 2128 3313 no-

543 3335 669 3400 stri,
697 3338 1025 3394 etomnibus
1073 3340 1450 3400 habitantibus
1500 3346 1727 3402 insulas.
1757 3348 1928 3416 Unde,
1954 3367 2130 3423 quan-

541 3430 614 3482 do
646 3439 867 3499 propter
892 3433 1114 3489 Graecos
1140 3451 1247 3491 non
1269 3437 1436 3494 vultis
1465 3439 1684 3497 mittere
1706 3443 1976 3512 auxilium
1998 3461 2132 3501 cou-

542 3531 628 3576 tra
684 3522 918 3593 Turcos,
954 3527 1022 3580 ad
1077 3529 1261 3585 minus
1313 3541 1539 3602 propter
1573 3534 1806 3593 miseros
1838 3538 2129 3610 Armenios

542 3619 638 3688 qui
671 3632 800 3674 sunt
828 3621 942 3691 jam
979 3624 1232 3691 desolati,
1261 3636 1315 3681 et
1342 3638 1564 3696 prepter
1591 3631 1728 3688 alios
1757 3631 2124 3705 Christianos,

542 3711 796 3767 subditos
824 3724 1065 3779 nostros,
1090 3717 1302 3773 debetis
1325 3721 1543 3774 mittere
1563 3722 1630 3776 ad
1655 3730 1838 3790 partes
1866 3724 1989 3781 illas
2038 3743 2132 3781 vc-

539 3815 715 3860 strum
748 3810 1034 3863 auxilium.
1070 3809 1426 3882 Secundum,
1457 3815 1584 3886 quia
1618 3799 1782 3873 Turci
1815 3830 2128 3892 eprgnant

541 3900 786 3968 Grtccos,
822 3919 929 3958 non
962 3914 1223 3976 tanquam
1257 3908 1498 3974 Griecos,
1529 3927 1630 3966 nec
1658 3913 1923 3983 quoniam
1969 3913 2122 3968 diﬂ'ev

538 4005 670 4048 runt
701 4011 729 4049 a
756 3996 931 4061 vobis,
956 3998 1051 4051 sed
1078 3999 1202 4068 quia
1227 4015 1446 4055 crucem
1481 4014 1606 4058 sunt
1631 4005 1946 4060 adorantes.
1972 4004 2126 4060 Unde

538 4098 638 4156 per
673 4103 730 4141 se
757 4089 981 4158 quidem
1009 4100 1584 4160 expugnantcrucem,
1610 4109 1706 4164 per
1738 4096 1995 4151 accidens
2026 4112 2126 4150 att-

537 4189 647 4231 tem
687 4179 930 4235 Graecos.
969 4180 1027 4235 Si
1072 4196 1204 4252 ergo
1233 4182 1485 4238 abieritis
1526 4197 1723 4241 contra
1753 4186 1982 4250 Turcos,
2017 4204 2124 4242 non

541 4271 692 4328 ibitis
721 4273 788 4328 ad
823 4272 1090 4328 auxilium
1137 4274 1478 4342 Graecorum,
1507 4278 1606 4334 sed
1633 4282 1832 4345 crucis,
1887 4298 2009 4351 quae
2044 4295 2128 4337 est

541 4367 857 4422 communis
881 4369 1029 4423 salus
1062 4369 1310 4425 omnium
1369 4371 1841 4429 Christianorum.
1865 4377 2010 4448 Ergo
2035 4378 2125 4445 ju-

2247 468 2493 516 sternere
2525 477 2644 524 eos,
2678 481 2746 518 ne
2785 479 2881 517 vos
2929 463 3134 533 pigeat,
3185 479 3286 517 nec
3320 462 3610 517 dimittatis
3650 460 3836 515 venire

2247 553 2382 608 illud
2443 564 2679 622 tempus.
2741 556 2794 608 in
2845 571 2957 624 quo
3000 555 3108 610 erit
3153 555 3310 609 vobis
3367 554 3675 617 meditatio,
3729 569 3833 607 non

2244 647 2523 716 quomodo
2567 648 2718 702 ibitis
2769 664 2935 716 super
2983 663 3100 712 eos,
3147 649 3238 702 sed
3285 648 3560 715 quomodo
3612 646 3837 700 cavebi-

2245 741 2376 794 miui
2409 741 2479 793 ab
2507 741 2585 796 eis
2613 782 2628 803 ,
2667 751 2721 796 et
2745 743 2850 795 erit
2879 757 3135 810 magnum
3172 743 3300 809 quid
3329 741 3504 804 vobis,
3543 740 3736 794 ulcisci
3768 741 3835 792 ab

2244 839 2345 890 eis.
2397 835 2686 901 Quartum,
2741 837 2786 890 si
2825 837 2928 890 soli
2961 836 3126 890 Turci
3180 835 3461 888 venissent
3494 834 3559 887 ad
3601 850 3720 893 vos,
3751 833 3832 885 di-

2243 939 2430 983 ecntcs
2468 946 2482 981 :
2525 926 2570 982 Ο
2618 927 2821 990 Latini,
2875 928 3130 982 volumus
3180 927 3400 996 quidem
3462 941 3584 980 esse
3636 926 3832 980 saltem

2242 1022 2431 1086 Turci,
2477 1033 2656 1076 tamen
2691 1039 2948 1091 rogamus
2988 1037 3110 1080 vos,
3141 1031 3198 1074 ut
3228 1021 3389 1076 simul
3417 1020 3707 1074 vobiscum
3741 1035 3836 1072 ex-

2240 1131 2546 1188 pugnemus
2607 1115 2891 1177 Tartaros,
2961 1114 3292 1177 Saracenos,
3347 1124 3399 1166 et
3449 1113 3833 1182 disperdamus

2237 1227 2355 1273 eos,
2408 1210 2755 1280 rcccpissetis
2811 1211 3001 1279 utique
3053 1209 3245 1262 eorum
3327 1205 3830 1276 supplicationem;

2222 1307 2446 1382 quare?
2470 1307 2597 1375 quia
2635 1306 2809 1375 magis
2830 1312 2975 1359 esset
3003 1304 3134 1358 utile
3165 1303 3324 1357 vobis
3355 1318 3478 1356 cum
3505 1301 3704 1355 Turcis
3739 1315 3832 1353 ex-

2238 1412 2478 1468 pugnare
2503 1396 2768 1451 Tartarus
2801 1406 2855 1450 et
2883 1394 3208 1454 Saracenos,
3239 1407 3402 1460 quam
3435 1394 3482 1445 si
3529 1389 3630 1444 soli
3665 1403 3836 1455 expu-

2236 1489 2507 1558 gnassetis
2534 1505 2726 1542 omnes
2755 1498 2886 1542 tres.
2930 1486 3003 1541 Ex
3039 1486 3204 1540 simili
3241 1500 3374 1552 ergo
3402 1481 3594 1537 utilius
3629 1492 3715 1534 est
3739 1496 3832 1533 vo-

2238 1587 2342 1649 bis,
2395 1601 2519 1638 cum
2571 1583 2798 1645 Gra'cis,
2859 1593 2965 1634 tam
3016 1581 3065 1635 si
3116 1577 3454 1633 concordant
3509 1575 3822 1637 vobiscum,

2237 1693 2400 1745 quam
2432 1675 2476 1728 si
2506 1690 2632 1738 nou,
2669 1674 2866 1743 impius
2891 1686 3229 1741 expugnare,
3261 1685 3421 1738 quam
3453 1668 3498 1722 si
3533 1666 3634 1720 soli
3662 1681 3834 1731 expu-

2237 1767 2413 1834 gnctis
2453 1764 2665 1819 Turcos
2716 1775 2768 1816 et
2817 1763 3036 1831 impios.
3075 1762 3338 1826 Quintum
3362 1799 3378 1822 ,
3415 1760 3612 1813 scitote
3643 1765 3700 1809 et
3732 1756 3834 1808 hoc

2240 1874 2386 1923 vere,
2423 1859 2551 1928 quia
2585 1873 2692 1911 non
2721 1865 2935 1910 tantum
2973 1854 3279 1909 dilferentia
3313 1856 3627 1922 dogmatom
3664 1865 3825 1914 sepao

2237 1959 2322 2003 rat
2349 1951 2514 2004 corda
2550 1951 2866 2004 (irrecorum
2899 1964 2928 2001 a
2954 1947 3129 2006 vobis,
3161 1953 3427 2014 quantum
3459 1944 3647 1995 odium
3683 1940 3828 2010 quod

2238 2045 2462 2099 intravit
2497 2044 2550 2097 in
2590 2045 2805 2097 animos
2835 2057 3025 2095 eorum
3062 2051 3253 2094 contra
3292 2036 3520 2090 Latinos
3575 2051 3641 2088 ex
3680 2034 3827 2088 mul-

2237 2139 2308 2193 tis
2336 2149 2390 2192 ct
2421 2138 2633 2206 magnis
2662 2135 2840 2199 malis,
2874 2149 2994 2204 quae
3030 2149 3124 2198 per
3158 2131 3374 2186 diversa
3405 2138 3654 2198 tempora
3683 2126 3828 2196 passi

2236 2244 2367 2287 sunt
2384 2231 2562 2286 Grmci
2588 2245 2615 2282 a
2641 2228 2873 2292 Latinis,
2896 2237 2946 2280 et
2965 2225 3144 2280 adhuc
3165 2225 3448 2294 patiuntur
3469 2236 3566 2290 per
3584 2219 3830 2289 singulos

2236 2325 2388 2390 dies;
2418 2323 2561 2392 quod
2590 2321 2772 2374 odium
2814 2319 2920 2374 nisi
2971 2317 3124 2387 prius
3155 2315 3451 2386 abjieiatur
3479 2314 3549 2368 ab
3579 2313 3682 2374 eis,
3719 2327 3825 2364 non

2236 2417 2435 2488 poterit
2463 2416 2591 2470 unio
2622 2414 2761 2469 ﬁeri.
2794 2412 3212 2476 Verumtamen,
3261 2409 3366 2464 nisi
3414 2409 3569 2479 prius
3619 2406 3713 2460 fiat
3751 2405 3829 2459 eis

2236 2526 2495 2580 magnum
2545 2524 2574 2562 a
2635 2508 2794 2562 vobis
2853 2505 3203 2566 beneficium,
3268 2514 3449 2570 neque
3505 2498 3826 2570 praedictum

2235 2603 2418 2656 odium
2476 2601 2786 2671 abjicietur,
2822 2612 3001 2666 neque
3049 2592 3249 2662 aliquis
3280 2592 3479 2661 poterit
3519 2590 3725 2643 audere
3751 2587 3831 2640 lo-

2233 2697 2324 2766 qui
2379 2699 2446 2748 ad
2481 2710 2574 2749 eos
2603 2709 2666 2748 ea
2701 2707 2820 2762 qua:
2863 2699 2992 2745 sunt
3028 2689 3272 2743 ttnionis.
3309 2687 3534 2742 Sestum
3563 2723 3580 2750 ,
3633 2681 3828 2737 scitote

2232 2797 2286 2841 et
2346 2787 2469 2847 hoc,
2521 2785 2650 2855 quia
2703 2798 2814 2837 non
2877 2779 3191 2836 communis
3242 2776 3557 2832 Graecorum
3594 2772 3824 2843 populus

2234 2880 2385 2934 misit
2421 2895 2528 2942 me,
2563 2888 2620 2932 ut
2646 2891 2890 2947 quaeram
2916 2889 2945 2927 a
2977 2873 3132 2928 vobis
3162 2870 3425 2926 auxilium
3453 2877 3508 2924 et
3541 2867 3823 2926 unionem,

2233 2973 2328 3027 sed
2368 2972 2668 3040 imperator
2699 2969 2852 3024 solus
2875 2974 3087 3023 secrete
3115 2982 3131 3032 ;
3165 2965 3286 3036 qui,
3317 2962 3425 3017 nisi
3459 2960 3613 3031 prius
3641 2961 3826 3012 mitta-

2235 3074 2322 3120 tur
2355 3065 2622 3119 auxilium
2663 3064 2728 3118 ad
2760 3062 2944 3133 partes
2979 3060 3123 3138 illas,
3163 3074 3271 3114 non
3317 3055 3523 3125 peterit
3596 3052 3829 3108 manife-

2240 3175 2385 3226 stare
2402 3177 2460 3216 se
2492 3159 2630 3229 plebi
2654 3175 2786 3224 suae,
2810 3159 2956 3229 quod
2982 3157 3094 3211 vult
3117 3164 3353 3211 vestram
3383 3152 3669 3208 unionem.
3691 3148 3829 3203 Erce

2237 3255 2349 3312 dixi
2371 3263 2426 3311 et
2467 3253 2685 3308 narravi
2715 3254 2871 3307 vobis
2900 3250 3106 3305 omnia.
3140 3250 3284 3305 Deus
3314 3246 3480 3302 faciat
3531 3248 3829 3316 quodme-

2238 3353 2345 3406 lius
2366 3360 2471 3405 est.
2502 3348 2827 3402 Praedictum
2858 3345 3080 3417 quidem
3120 3343 3341 3398 modum
3379 3338 3602 3396 unionis
3649 3337 3828 3392 habeo

2236 3442 2615 3508 manifestum,
2642 3451 2698 3496 et
2730 3440 2775 3495 si
2820 3438 3084 3510 possibile
3116 3445 3198 3493 est
3245 3435 3399 3490 vobis
3429 3430 3636 3508 facere
3681 3445 3824 3493 eam,

2238 3536 2410 3608 gratia
2444 3536 2514 3591 sit
2545 3533 2674 3588 Deo.
2701 3532 2757 3585 Si
2791 3547 2919 3586 vero
2954 3547 3084 3595 non,
3114 3529 3290 3584 dicam
3326 3525 3482 3581 vobis
3508 3525 3677 3577 alium
3710 3538 3827 3575 mo-

2237 3630 2368 3684 dum
2411 3627 2500 3698 qui
2547 3628 2601 3679 in
2634 3624 2802 3679 dubio
2840 3623 3062 3694 quidem
3114 3630 3220 3688 est,
3251 3627 3434 3674 tamen
3464 3614 3826 3687 potest-‘bcus

2235 3719 2416 3775 facere
2440 3730 2495 3774 et
2527 3733 2624 3787 per
2666 3718 2847 3787 ipsum
2885 3717 3168 3770 unionem.
3211 3711 3368 3785 Quod
3405 3724 3536 3779 ergo
3565 3708 3682 3778 jam
3710 3703 3824 3759 disi

2237 3828 2494 3884 magnum
2522 3810 2731 3875 odium,
2765 3809 2988 3863 intravit
3018 3808 3071 3861 in
3101 3797 3658 3860 auitﬁas‘Graecorum
3692 3814 3826 3853 con-

2237 3919 2319 3963 tra
2354 3907 2579 3961 Latinos
2608 3921 2678 3960 ex
2707 3901 2898 3958 multis
2920 3902 3102 3964 malis,
3132 3914 3255 3969 quae
3278 3897 3424 3967 passi
3459 3904 3590 3949 sunt
3617 3893 3689 3947 ab
3719 3891 3823 3958 eis;

2235 4001 2382 4073 quod
2411 4002 2601 4055 odium
2638 3999 2742 4053 nisi
2785 3997 2940 4067 prius
2968 3994 3243 4064 ejiciatur,
3276 4005 3440 4046 nemo
3471 3990 3676 4059 poterit
3719 3990 3825 4043 do-

2235 4111 2360 4152 cere
2389 4092 2610 4148 Graecos
2641 4100 2879 4147 vestram
2915 4089 3199 4143 unionem.
3237 4084 3311 4141 Ut
3339 4098 3468 4155 ergo
3496 4084 3822 4154 praedictum

2234 4189 2418 4245 odium
2455 4189 2604 4255 prius
2633 4185 2906 4254 ejiciatur,
2945 4182 3344 4253 supplicamus,
3390 4190 3449 4233 ut
3479 4177 3826 4248 adimpleatis

2236 4285 2394 4338 nobis
2428 4283 2562 4336 istas
2593 4290 2704 4333 tres
2737 4267 3213 4347 supplicationes:
3249 4274 3502 4342 primam,
3538 4283 3597 4327 ut
3622 4288 3824 4327 conce-

2235 4377 2375 4430 datis
2411 4374 2520 4443 regi
2554 4371 2890 4426 Francorum
2943 4369 3156 4422 mittere
3187 4369 3253 4422 ad
3289 4379 3472 4437 partes
3503 4366 3630 4420 illas
3663 4365 3822 4420 auxi-

542 4473 686 4515 stum
717 4465 984 4526 est,sicut
1020 4464 1195 4519 Graeci
1225 4478 1357 4520 sunt
1384 4466 1703 4524 defensores
1721 4472 1924 4535 crucis,
1950 4482 2004 4526 et
2031 4488 2126 4528 vos
2161 4485 2205 4537 ι)
2238 4470 2390 4533 lium;
2428 4466 2747 4527 secundam,
2787 4473 2845 4518 ut
2879 4464 3019 4518 detis
3044 4462 3439 4531 indulgentiam
3465 4469 3820 4530 peccatorum

542 4558 800 4612 similiter
837 4557 981 4612 sitis.
1018 4557 1265 4612 Tertium
1294 4601 1310 4624 ,
1352 4560 1483 4631 quia
1526 4578 1670 4616 nunc
1719 4564 1966 4631 quidem,
1999 4568 2125 4620 dmn

543 4655 616 4705 sit
649 4653 858 4705 sztlvtttn
893 4652 1184 4721 imperium
1219 4652 1557 4719 Graecorum,
1618 4666 1672 4710 et
1703 4657 1777 4710 sit
1810 4656 1865 4710 in
1911 4658 2128 4726 juribus

543 4749 680 4809 suis,
717 4747 1040 4800 facillimum
1070 4756 1154 4802 est
1183 4747 1393 4802 Latinis
1412 4765 1536 4802 cum
1561 4750 1888 4819 imperatore
1909 4751 2129 4805 Graeco-

543 4859 664 4895 rum
693 4841 905 4896 Turcos
949 4851 1316 4910 prosternere.
1340 4843 1569 4909 Quare?
1597 4844 1720 4912 quia
1741 4847 1976 4912 primum
2004 4845 2128 4914 qui-

543 4937 688 5001 dem,
705 4934 892 4990 Grazca
907 4936 1096 4990 militia
1117 4937 1220 4991 scit
1237 4937 1372 4990 bene
1390 4952 1484 5005 per
1497 4953 1558 4990 ex
1570 4937 1890 5006 pcrientiam
1908 4939 2127 4992 modum

545 5047 756 5100 μαι-ιω
810 5030 1114 5085 Turcorum
1157 5048 1173 5097 ;
1223 5041 1276 5084 et
1322 5033 1550 5100 insuper
1599 5047 1693 5101 per
1760 5042 1927 5086 totam
1988 5034 2129 5087 Tur-

544 5128 682 5180 ciarn
740 5137 791 5179 et
839 5125 1192 5180 Saraceniam
1250 5138 1377 5181 sunt
1427 5128 1698 5181 commisti
1768 5127 2013 5196 plurimi.
2077 5139 2131 5182 et

546 5220 725 5272 adhuc
777 5217 1096 5278 Christiani.
1132 5228 1186 5274 et
1226 5220 1314 5272 alii
1357 5220 1468 5289 jam
1524 5221 1789 5288 reuegati,
1838 5221 1930 5289 qui
1975 5223 2130 5274 valde

546 5314 781 5383 diligunt
812 5311 1117 5367 dominium
1152 5313 1491 5377 Graecorum;
1519 5314 1603 5366 isti
1638 5329 1766 5384 ergo
1791 5330 1914 5369 cum
1946 5317 2132 5370 audie-

547 5409 676 5471 rint,
712 5407 837 5475 quia
869 5423 991 5459 cum
1013 5407 1252 5461 exercitu
1290 5407 1582 5474 imperator
1614 5407 1760 5460 vadit
1781 5407 1845 5460 ad
1871 5422 1986 5469 eos,
2020 5418 2131 5461 sta-

545 5504 641 5555 tim
677 5501 1012 5555 unanimiter
1035 5498 1400 5566 subjicientur
1435 5498 1536 5552 sibi
1582 5515 1596 5552 :
1641 5499 1686 5552 si
1730 5507 1936 5563 autem,
1984 5499 2127 5568 quod

549 5595 693 5648 Dens
748 5610 853 5648 non
905 5595 1203 5664 permittat,
1238 5600 1549 5648 everterent
1585 5577 1872 5660 imperium
1916 5591 2132 5646 Graeco-

550 5704 693 5751 tum,
725 5695 881 5742 tanto
908 5697 1069 5740 erum
1096 5687 1367 5752 fortiores,
1395 5701 1460 5742 ex
1491 5695 1683 5739 natura
1711 5684 1813 5739 loci
1839 5693 1892 5737 et
1915 5699 2090 5738 rermn
2116 5701 2137 5738 τ

554 5780 678 5846 quia
715 5788 896 5834 autem
929 5781 1154 5832 omnino
1179 5778 1514 5849 impossibile
1545 5785 1601 5832 et
1627 5775 1999 5832 dimcillimum
2030 5777 2134 5832 erit

2233 4562 2490 4617 omnibus
2553 4557 2869 4613 volentibus
2914 4557 3179 4625 adjuvare
3221 4570 3347 4610 cum
3389 4554 3556 4607 rebus
3602 4567 3822 4615 eorum,

2232 4669 2285 4710 et
2320 4655 2576 4708 omnibus
2626 4650 2995 4705 morientibus
3029 4649 3084 4703 in
3121 4648 3266 4703 bello
3311 4646 3658 4711 Turcorum;
3705 4659 3812 4703 ter-

2235 4748 2385 4808 tiam,
2425 4754 2482 4800 ut
2513 4759 2705 4799 onmes
2745 4741 2942 4807 Graeci,
2977 4742 3072 4810 qui
3114 4741 3344 4795 fuerunt
3376 4739 3580 4794 venditi
3615 4759 3644 4792 a
3681 4741 3824 4796 Lati-

2235 4842 2340 4905 nis,
2396 4839 2707 4907 ubicunque
2753 4837 2882 4900 sint,
2920 4836 3244 4898 liberentur,
3289 4843 3344 4887 et
3393 4833 3461 4887 de
3508 4845 3729 4893 cancro.
3766 4845 3821 4890 ut

2234 4950 2342 4987 non
2375 4933 2680 4986 vendantur
2707 4929 2901 4994 Graeci,
2935 4939 2988 4983 et
3040 4928 3086 4984 si
3139 4927 3418 4998 quondam
3453 4928 3817 4992 vendiderint,

2234 5029 2317 5082 vel
2349 5026 2583 5081 emeriut
2628 5041 2744 5090 eos,
2794 5025 2877 5078 vel
2929 5024 3131 5078 vadant
3193 5032 3383 5077 contra
3415 5038 3536 5090 eos,
3587 5023 3699 5078 sint
3732 5040 3819 5077 cx-

2235 5122 2677 5186 commuuicati;
2735 5129 2810 5182 et,
2875 5120 3199 5188 priusquam
3253 5119 3394 5171 facta
3453 5128 3636 5172 essent
3692 5118 3812 5179 iSta,

2237 5217 2528 5269 mittantur
2565 5230 2592 5266 a
2631 5213 2786 5267 vobis
2819 5212 2885 5265 ad
2921 5221 3103 5280 partes
3140 5211 3262 5265 illas
3307 5212 3586 5272 doctores,
3634 5218 3688 5263 et
3718 5211 3814 5262 do-

2235 5318 2396 5386 ccant
2426 5308 2705 5377 pepolnm,
2746 5307 3074 5374 imperatore
3120 5303 3284 5357 dante
3311 5304 3392 5356 eis
3423 5303 3809 5364 securitatem;

2236 5413 2291 5457 et
2331 5402 2558 5457 forsitan
2598 5401 2829 5470 populus
2858 5399 2947 5454 ille
2976 5398 3226 5452 videntes
3252 5398 3403 5466 prius
3439 5407 3617 5453 vestra
3653 5397 3814 5451 bene-

2239 5495 2380 5558 ftcia,
2411 5493 2948 5556 verccundabuutur,
2983 5502 3040 5545 et
3075 5491 3510 5545 humiliabuntur
3551 5491 3810 5558 recipere,

2236 5602 2291 5641 et
2324 5589 2442 5641 sine
2480 5586 2716 5655 generali
2752 5586 3008 5649 concilio,
3035 5596 3269 5640 vestram
3300 5589 3578 5639 uoioucm.
3611 5581 3809 5637 'l'ameu

2235 5682 2485 5750 supplico
2532 5681 2877 5734 sanctitatem
2931 5689 3205 5743 vestram,
3281 5689 3339 5733 ut
3396 5681 3440 5733 si
3496 5678 3812 5732 inveneritis

2237 5776 2403 5830 alium
2438 5776 2681 5840 modum,
2708 5789 2802 5844 per
2824 5788 2987 5843 quem
3020 5772 3282 5844 possibile
3305 5773 3410 5829 erit
3440 5771 3696 5845 papulttut
3729 5787 3810 5828 rt!-
