4122 6240
477 259 606 319 l337

1671 267 1958 327 ORATIO
2003 270 2150 330 PRO
2192 273 2511 341 UNIONE.

3603 291 3740 357 1338

458 375 642 438 (ξρετε
693 383 924 426 vestram
957 373 1550 440 unionemmstonilatis
1575 379 1731 432 “DNS
1759 381 1956 449 ipsum.
1988 390 2043 435 el
2075 389 2118 443 Α
2150 402 2271 440 men
2305 390 2368 442 ad
2399 389 2705 460 hujusmodi
2730 401 2782 445 et
2813 392 2952 448 alios
2989 396 3336 464 expelleudos
3386 398 3452 454 de
3481 402 3742 458 cordibus

463 482 588 529 nos,
616 466 760 536 quod
784 466 1040 534 possibile
1058 475 1159 530 est,
1184 470 1352 537 parati
1383 487 1573 525 sumus
1599 473 1798 527 ducere
1819 474 1884 525 ad
1911 473 2044 528 clie-

463 567 631 612 ctum.
665 577 683 608 »
724 588 796 597 --
830 559 1041 624 Quibus
1093 578 1186 630 per
1226 563 1450 616 eosdem
1480 564 1762 617 deminum
1791 574 2039 620 nostrum

463 666 738 706 alimmum
780 653 1090 722 pontificem
1142 663 1194 709 et
1229 656 1515 726 collegium
1556 658 1684 710 visis
1716 667 1771 713 ct
1807 659 2041 727 (litigen-

465 740 575 794 tius
613 742 926 808 intellectis,
978 744 1271 813 babitaquc
1320 762 1487 815 super
1519 749 1598 801 eis
1647 748 2042 803 deliberatione

467 845 702 896 matura,
756 835 993 889 breviter
1042 841 1438 906 responderunt
1470 880 1484 902 ,
1515 843 1656 909 quod
1697 857 1819 895 cum
1851 842 1978 895 olim
2014 857 2044 896 a

464 926 670 979 sanctis
696 926 969 990 Patribus,
1000 938 1052 980 et
1081 928 1207 982 viris
1230 930 1516 984 catholicis
1543 932 1597 984 in
1622 931 1893 1001 Ephesino
1922 949 2047 1002 par-

465 1018 599 1069 tium
632 1017 876 1081 Grmciaz,
911 1011 1055 1087 quod
1089 1030 1168 1074 est
1195 1037 1363 1075 unum
1391 1023 1454 1076 de
1480 1035 1710 1092 quatuor
1731 1027 2046 1094 principali-

465 1111 562 1164 bus
597 1112 878 1178 conciliis;
909 1129 1009 1167 nec
1063 1131 1168 1170 non
1223 1115 1512 1179 Toletano,
1561 1118 1931 1189 Lugdunensi,
1992 1129 2046 1174 et

463 1204 584 1258 aliis
623 1205 858 1260 diversis
885 1206 1136 1262 conciliis
1186 1224 1282 1278 per
1329 1208 1606 1265 Romanos
1653 1214 1940 1282 pontifices
1991 1222 2046 1268 et.

459 1297 747 1350 ecclesiam
811 1297 1139 1366 Romanam,
1176 1302 1257 1356 vel
1310 1303 1635 1358 auctoritate
1687 1306 1928 1374 ipsorum
1992 1307 2044 1360 in

458 1386 690 1442 diversis
755 1391 938 1442 mundi
999 1393 1245 1460 partibus
1305 1403 1411 1447 tam
1447 1392 1847 1459 Orientalibus,
1879 1413 2043 1466 quam

459 1479 898 1535 Occidentalibus
951 1483 1273 1550 celebratis,
1337 1486 1659 1542 solemniter
1710 1487 2045 1543 determina-

460 1581 574 1623 tum
607 1574 875 1627 catholico
904 1575 1087 1640 fuerit,
1125 1593 1189 1631 ac
1215 1579 1378 1632 etiam
1406 1579 1721 1646 diiiiuitum,
1749 1584 1893 1651 quod
1921 1583 2050 1652 Spi-

457 1663 596 1715 ritus
630 1675 852 1719 sanctus
885 1669 1222 1723 reternaliter
1249 1686 1278 1724 a
1310 1671 1469 1725 Patre
1496 1684 1549 1727 et
1582 1672 1738 1738 Filio,
1789 1685 2042 1744 tanquam

438 1754 522 1834 ab
552 1771 662 1808 uno
696 1756 966 1830 principio
993 1769 1047 1816 et
1073 1763 1482 1832 conspiratione
1524 1765 1789 1834 procedit,
1821 1775 1873 1820 et
1902 1784 2044 1836 qure-

454 1847 535 1902 vis
563 1848 749 1918 epinio
777 1853 1050 1906 contraria
1077 1856 1364 1924 reprobata
1402 1860 1676 1913 extiterit
1730 1869 1784 1915 et
1817 1862 2044 1917 damna-

454 1951 542 2006 ta;
585 1959 690 1997 non
736 1954 879 2000 esset
915 1945 1112 2004 decens
1164 1964 1261 2004 nec
1308 1952 1606 2022 expediens
1661 1954 1889 2024 przcl'ato
1944 1956 2045 2010 do-

453 2035 602 2088 mino
642 2048 853 2105 nostro,
885 2048 940 2094 et
974 2039 1233 2096 Ecclesia:
1277 2056 1482 2100 sancta:
1516 2046 1632 2112 Dei,
1668 2049 1944 2119 coetuique
1977 2050 2041 2104 ll-

453 2128 678 2189 delium.
713 2130 793 2185 sic
833 2133 1066 2190 clarum.
1100 2133 1526 2192 determinatam
1568 2147 1623 2192 et
1655 2139 1944 2196 diliinitum
1982 2143 2042 2197 li-

451 2219 535 2273 dei
573 2223 865 2277 articulum
896 2226 1234 2296 hujusmodi,
1273 2245 1432 2299 quem
1460 2230 1631 2286 Graeci
1656 2236 2043 2304 antiquissimo

456 2321 719 2382 tempore,
759 2319 860 2386 pice
896 2324 1176 2376 memoriae
1212 2322 1462 2380 Ormisda
1498 2342 1638 2396 papa
1686 2324 1957 2392 Romano,
1991 2342 2043 2386 et

452 2405 664 2463 Joanne
727 2415 1040 2482 patriarcha
1098 2417 2042 2489 Constantinopolitano,Ecclesiis

454 2507 581 2553 tunc
617 2504 1056 2572 praesidentibus,
1079 2520 1127 2564 et
1153 2507 1720 2581 Justinoimperatore
1756 2528 2039 2587 regnante,

451 2595 682 2661 professi
748 2597 969 2653 fuerunt
1018 2616 1296 2669 expresse,
1340 2620 1442 2658 nec
1487 2621 1594 2660 non
1643 2607 2044 2675 subsequenter

452 2697 573 2755 post
613 2687 822 2758 lapsum
855 2691 1000 2762 longi
1055 2697 1319 2766 temporis
1353 2713 1518 2767 super
1563 2700 1906 2770 professione
1957 2704 2037 2773 ip-

452 2781 568 2836 sius
599 2783 813 2838 articuli
842 2782 1082 2843 Joanues
1116 2799 1243 2844 tune
1294 2796 1610 2861 patriarcha
1647 2795 2042 2853 Coustautino-

465 2873 774 2943 politanus,
805 2887 864 2932 et
961 2877 1193 2934 Michael
1239 2882 1581 2956 Palaeologus
1620 2897 1749 2942 tunc
1783 2891 2042 2960 temporis

453 2969 768 3024 moderator
790 2969 1127 3038 Graecorum,
1177 2975 1330 3043 prius
1369 2977 1439 3031 ab
1499 2980 1689 3034 eodem
1728 2985 2038 3050 patriarcha

2148 479 2463 536 Graecorum
2505 498 2743 544 errores.
2781 486 3040 556 ipsosque
3079 488 3419 545 inducendos
3449 491 3514 545 ad
3552 494 3742 547 unita-

2149 571 2220 626 tis
2255 574 2540 628 catholica:
2564 576 2873 641 veritatem,
2903 580 3042 632 idem
3076 581 3334 635 dominus
3363 595 3549 637 noster
3576 585 3739 638 aliam

2148 665 2289 719 viam
2327 667 2497 736 magis
2545 669 2758 723 facilem
2792 679 2846 724 et
2881 674 3317 738 accommodant,
3363 690 3486 743 quae
3537 676 3639 730 sibi
3690 687 3744 732 et

2147 757 2299 812 dicto
2322 760 2551 828 collegio
2601 762 2946 816 dominorum
2984 765 3351 818 cardinalium
3387 767 3741 831 occurrebat,

2148 850 2444 919 prae-libatis
2476 851 2690 907 Barlam
2733 863 2787 907 et
2820 855 2979 909 militi
3039 856 3455 919 ostendendam,
3493 858 3745 912 videlicet

2147 947 2294 1014 quod
2319 963 2414 1016 per
2447 948 2622 1011 illutn,
2653 949 2747 1018 qui
2774 966 2830 1004 se
2869 952 2922 1004 in
2949 952 3200 1021 partibus
3230 952 3338 1005 illis
3367 953 3737 1022 patriarcbam

2149 1039 2817 1111 Constantinopolitauum
2888 1045 3150 1114 appellat,
3220 1055 3275 1098 et
3340 1047 3740 1102 moderatorem

2148 1130 2464 1187 Graecorum
2500 1135 2593 1203 qui
2627 1153 2772 1191 nunc
2793 1148 2900 1202 est,
2946 1139 3266 1192 convocatis
3306 1138 3439 1202 illis,
3471 1138 3565 1207 qui
3617 1139 3743 1192 Ale-

2149 1225 2457 1288 xandrinae,
2503 1229 2859 1284 Antiochense
2894 1238 2948 1282 et
3009 1229 3519 1301 Hierosolymitame
3553 1230 3745 1284 Eccle-

2149 1317 2356 1372 siarum
2388 1321 2662 1375 antistites
2683 1324 2736 1376 in
2770 1322 3112 1391 eispartibus
3143 1323 3519 1383 nominantur,
3543 1337 3570 1374 a
3596 1322 3746 1374 clero

2152 1410 2386 1476 partium
2441 1414 2755 1466 earunnlem
2797 1415 3214 1483 principalibus,
3260 1425 3313 1469 et
3369 1416 3647 1468 nobilibus
3682 1424 3739 1468 et
3795 1411 3802 1417 ’

2153 1500 2458 1569 majoribus
2500 1504 2681 1572 populi
2729 1505 2780 1558 in
2815 1508 3135 1576 synodatico
3161 1506 3395 1561 concilio
3424 1508 3749 1560 convocatis

2149 1595 2285 1649 certi
2307 1606 2718 1651 assumerentur
2746 1599 3041 1666 sapientes,
3069 1613 3120 1652 et
3143 1601 3207 1654 ad
3237 1600 3336 1653 has
3367 1610 3548 1669 partes
3579 1601 3746 1659 Occi-

2149 1686 2396 1740 dentales
2424 1695 2789 1750 mitterentur,
2825 1689 3036 1745 idoneis
3067 1692 3336 1745 mandatis
3362 1691 3588 1753 suffulti,
3653 1692 3748 1758 qui

2153 1790 2276 1830 cum
2311 1778 2433 1832 aliis
2470 1779 2603 1834 viris
2635 1781 2999 1850 sapientibus,
3030 1783 3203 1838 dnctis
3241 1783 3294 1837 in
3343 1784 3459 1850 lege
3505 1783 3747 1844 Domini,

2151 1878 2206 1926 et
2236 1872 2448 1939 peritis,
2483 1887 2578 1940 per
2610 1874 2796 1927 sedem
2834 1876 3190 1943 apostolicam
3227 1892 3393 1943 super
3435 1877 3536 1930 hoc
3569 1877 3746 1944 depu-

2154 1965 2353 2026 tandis.
2383 1981 2491 2018 non
2537 1982 2633 2035 per
2668 1967 2889 2021 modum
2918 1969 3309 2036 disputationis
3340 1970 3423 2023 vel
3458 1979 3746 2024 concerta-

2153 2056 2339 2120 tionis,
2374 2058 2469 2112 sed
2521 2060 2928 2124 instructionis,
2964 2060 3145 2129 quoad
3197 2060 3418 2116 Graecos
3454 2063 3604 2128 ipsos
3659 2079 3750 2116 sa-

2149 2149 2366 2206 lutifere
2412 2152 2679 2206 haherrnt
2731 2161 3002 2215 maturos,
3031 2162 3084 2207 et
3131 2154 3417 2224 diligenter
3463 2164 3745 2211 tractatos.

2151 2251 2211 2297 ut
2257 2245 2472 2298 tandem
2526 2260 2696 2314 super
2732 2244 2988 2314 praedicto
3037 2245 3293 2310 articulo,
3349 2256 3399 2299 et
3444 2246 3645 2308 dubiis,
3695 2230 3742 2298 δί

2151 2353 2272 2406 quze
2307 2336 2481 2392 (ἔτωεὶ
2523 2338 2766 2408 praedicti
2812 2339 3041 2392 habeant
3088 2341 3193 2392 alia
3239 2340 3384 2393 circa
3443 2342 3626 2402 fidem,
3678 2342 3746 2390 ab

2151 2431 2288 2501 ipsis
2320 2430 2546 2494 Graecis,
2595 2433 2716 2486 luce
2755 2432 3039 2486 catholicae
3078 2432 3324 2486 veritatis
3375 2441 3652 2501 percepta.
3689 2441 3747 2485 et

2149 2521 2218 2576 de
2251 2522 2509 2576 cordibus
2541 2537 2728 2577 eorum
2765 2523 2962 2593 fugatis
2994 2523 3254 2585 tenebris,
3283 2524 3348 2576 ad
3394 2524 3539 2577 ovile
3568 2539 3748 2577 rever-

2152 2621 2399 2666 terentur
2427 2611 2798 2677 Dominicum,
2824 2615 2986 2684 cujus
3012 2625 3092 2667 cst
3120 2631 3258 2667 unus
3281 2623 3487 2683 pastor,
3516 2623 3568 2666 ct
3592 2624 3746 2668 extra

2150 2707 2297 2774 quod
2331 2721 2439 2760 non
2476 2717 2557 2762 est
2601 2708 2762 2761 alicui
2799 2708 2972 2776 gratia
3012 2724 3190 2778 neque
3224 2710 3394 2762 salus.
3443 2706 3579 2762 Nam
3613 2723 3749 2762 cen-

2150 2798 2260 2851 cilii
2301 2799 2574 2868 generalis
2633 2801 3128 2869 convocatio,'qu:e
3155 2800 3304 2870 longi
3342 2801 3606 2868 temporis
3637 2810 3751 2852 tra-

2149 2898 2296 2945 ctum
2327 2890 2527 2961 exiget,
2557 2906 2621 2946 ac
2651 2907 2944 2962 expensas,
2966 2903 3020 2947 et
3053 2893 3271 2948 labores
3297 2894 3476 2948 varios
3519 2904 3574 2947 et
3605 2894 3748 2947 into-

2151 2980 2427 3046 lerabiles,
2473 2983 2649 3053 quoad
2681 2981 3059 3039 Occidentales
3099 2986 3354 3054 praelatos
3391 2996 3443 3039 et
3480 3001 3746 3052 personas

452 3063 714 3129 synodico
735 3065 1008 3119 celebrato
1033 3067 1286 3136 concilio,
1317 3070 1618 3126 solemnem
1643 3075 1926 3142 epistolam
1956 3094 2040 3132 re-
2075 3091 2115 3146 (ς
2151 3074 2575 3141 ecclesiasticas,
2603 3079 2839 3142 nccznon
2863 3092 3038 3149 reges,
3068 3079 3342 3150 principes
3371 3089 3422 3133 et
3446 3080 3586 3133 alios
3609 3095 3744 3133 con-

453 3154 693 3209 colendae
724 3160 1001 3212 memoriae
1019 3157 1214 3215 Joanni
1244 3179 1396 3232 papae
1422 3163 1539 3218 XXI
1570 3167 1863 3235 miserunt,
1891 3189 2041 3228 nime

454 3261 550 3319 per
586 3266 754 3306 novas
785 3252 1204 3322 disputationes,
1231 3257 1316 3311 vel
1351 3258 1756 3328 altercationes,
1788 3274 1884 3319 aut
1906 3266 2042 3320 alias

453 3345 889 3412 quomodolibet,
926 3347 976 3401 iu
1017 3349 1241 3403 dubium
1277 3366 1584 3421 revocare;
1616 3370 1717 3409 nec
1750 3358 2043 3424 providen-

452 3438 524 3491 tia
552 3437 697 3494 sedis
727 3440 1036 3509 apostolica:
1078 3443 1498 3514 circumspecta,
1523 3463 1646 3513 quae
1679 3447 1731 3501 in
1763 3450 1881 3506 suis
1911 3452 2044 3504 arti-

452 3531 557 3587 bus
589 3542 643 3586 et
667 3535 1037 3603 processibus,
1069 3537 1305 3591 maxime
1333 3553 1500 3607 super
1527 3541 1594 3596 iis
1623 3556 1743 3610 qua:
1763 3541 1924 3597 fidem
1948 3559 2044 3597 or-

452 3626 746 3680 tbodoxam
779 3639 1140 3692 concernunt,
1171 3631 1538 3685 maturitatem
1569 3634 1870 3689 observare
1899 3637 2039 3690 solet

450 3735 480 3774 a
512 3713 856 3776 rectitudinis
879 3731 930 3776 et
947 3724 1188 3777 veritatis
1219 3725 1438 3778 tramite
1468 3741 1573 3780 non
1607 3727 1920 3794 discedens,
1958 3729 2044 3784 fe-

448 3813 584 3867 cerit
615 3830 700 3880 ea,
734 3830 854 3884 quae
899 3831 994 3885 per
1035 3831 1155 3870 eam
1195 3818 1440 3886 provide,
1473 3819 1792 3874 solemniter
1829 3826 1919 3886 iet
1946 3838 2042 3877 ca-

451 3907 650 3962 tliolice
685 3909 1045 3963 determinata
1091 3920 1146 3964 et
1196 3911 1422 3965 dilIiuita
1470 3922 1619 3978 sunt,
1656 3914 1708 3967 in
1759 3926 2044 3969 concerta-

450 4001 626 4055 tiones
646 4001 724 4056 rel
743 4002 1142 4071 disputationes
1157 4003 1458 4073 superﬂuas
1476 4005 1767 4070 deducere,
1806 4009 2042 4062 maxime

449 4107 548 4161 per
583 4093 1060 4148 schismaticorum
1110 4102 1164 4146 et
1199 4091 1581 4148 barreticorum
1628 4080 2038 4163 insiigationem

450 4186 533 4238 vel
573 4185 917 4250 instantiam,
973 4186 1300 4264 consuevit:
1352 4197 1427 4253 et,
1474 4187 1519 4240 si
1555 4187 1657 4242 hoc
1702 4187 1818 4242 lieri
1873 4204 2041 4258 super

450 4282 682 4334 articulo
716 4291 1037 4344 memorato,
1070 4280 1433 4334 determinato
1454 4280 1610 4350 juxta
1635 4283 1922 4337 veritatem
1953 4299 2042 4336 ca-

476 4373 735 4436 holicaui,
766 4384 818 4427 et
849 4373 1150 4443 prmsertim
1179 4375 1516 4441 permitteret
1551 4375 1695 4428 circa
1723 4375 1874 4428 illum
1898 4375 2040 4429 vide-

452 4467 576 4521 licet
623 4465 900 4528 dubitare,
954 4467 1099 4533 quod
1135 4465 1299 4519 absit.
1356 4465 1568 4520 Rursus
1617 4482 1741 4520 cum
1795 4467 2037 4536 prmdicti

451 4559 666 4615 Barlam
719 4569 774 4614 et
819 4560 999 4620 miles,
1065 4559 1380 4627 huiusmodi
1432 4561 1794 4629 responsione
1836 4562 2043 4623 audita,

450 4656 714 4718 dicerent,
744 4654 889 4723 quod
922 4654 1136 4715 saltem.
1185 4652 1331 4723 quod
1362 4654 1407 4707 si
1465 4654 1530 4706 ad
1568 4654 1928 4723 proﬁtendum
1963 4654 2047 4706 di~

453 4759 598 4804 ctum
632 4747 930 4802 articulum
981 4745 1155 4802 Grreci
1204 4746 1389 4800 forsan
1432 4745 1610 4802 induci
1648 4762 1754 4800 non
1803 4755 2045 4816 possent,

455 4841 718 4895 reunione
783 4839 924 4893 facta
972 4840 1422 4908 permitterentur
1472 4841 1574 4909 ipsi
1635 4838 1834 4901 Graeci,
1895 4840 2043 4908 quod

456 4949 622 5001 Super
672 4932 863 4984 eodem
919 4931 1151 4983 articulo
1199 4937 1408 4990 tenent,
1461 4931 1706 4994 credere,
1757 4929 2047 4998 Latinique

459 5029 749 5081 crederent
786 5026 1078 5086 catholice.
1130 5024 1394 5092 Spiritum
1447 5036 1697 5078 sanctum
1733 5040 1761 5076 a
1797 5023 1956 5077 Patre
1995 5033 2049 5077 et

458 5123 594 5179 Filio
625 5121 918 5191 procedere
946 5119 1249 5172 secundum
1289 5118 1566 5172 veritatem
1594 5117 1941 5181 catholicam,
1972 5116 2050 5170 si-

457 5231 544 5274 cut
576 5217 847 5282 credunt;
887 5228 1213 5284 responsum
1245 5213 1477 5274 exstitit,
1515 5211 1616 5265 hoc
1659 5227 1780 5264 esse
1812 5210 2047 5263 nullate-

458 5328 561 5366 nus
591 5310 960 5372 tolerandum,
986 5307 1112 5374 quia
1148 5307 1200 5358 in
1233 5305 1348 5374 ipsa
1394 5304 1636 5358 Ecclesia
1664 5303 1958 5363 catholica,
1994 5303 2044 5354 in

457 5419 565 5472 qua
613 5417 716 5454 una
759 5400 892 5454 fides
921 5412 1044 5452 esse
1076 5397 1341 5460 noscitur,
1392 5396 1470 5449 sic
1514 5393 1695 5462 quoad
1734 5393 1835 5446 hoc
1866 5389 2049 5460 dupli-

458 5509 574 5549 cem
606 5493 763 5546 tidem
802 5491 985 5544 minus
1012 5489 1279 5543 veraciter
1312 5497 1453 5542 esset
1481 5485 1632 5546 dare,
1670 5485 1852 5538 dictus
1874 5482 2052 5536 domi-

461 5603 565 5642 nus
594 5595 782 5640 noster
812 5597 1065 5638 summus
1095 5583 1334 5652 pontifex
1376 5596 1499 5635 cum
1527 5581 1642 5648 ipsa
1677 5577 1916 5632 Ecclesia
1951 5579 2050 5630 hu-

463 5679 696 5750 iusmodi
724 5678 1017 5732 manifesto
1045 5692 1148 5731 non
1175 5675 1496 5736 resiStcndo,
1526 5674 1700 5727 errori
1737 5672 2052 5725 viderentur

472 5773 665 5838 eidem,
696 5772 844 5842 quod
868 5779 1078 5827 avertat
1101 5768 1385 5833 Dominus,
1416 5766 1742 5822 consentire.
1765 5763 2050 5818 Verumta-

2152 3170 2435 3226 vocandos
2488 3171 2552 3224 ad
2591 3170 2747 3236 illud,
2800 3186 2982 3226 secum
3034 3173 3294 3238 traheret,
3343 3187 3453 3228 non
3504 3172 3746 3231 videtur.

2149 3261 2452 3330 praesertim
2491 3263 2597 3314 hoe
2629 3263 2885 3330 prtcscnti
2924 3261 3142 3317 turbato
3193 3275 3243 3317 ct
3303 3265 3576 3332 impacato
3611 3271 3748 3315 tern-

2147 3355 2583 3423 pore,'peccatis,
2611 3371 2708 3422 pro
2738 3355 2930 3410 dolor!
2961 3356 3327 3426 exigentibus,
3354 3357 3634 3424 expedire.
3670 3355 3751 3408 Ad

2147 3441 2250 3495 hoc
2279 3451 2460 3497 autem
2498 3447 2641 3512 quod
2676 3447 2740 3498 de
2769 3448 3076 3514 praestando
3124 3448 3328 3498 eisdem
3360 3446 3565 3500 Grai-cis
3624 3457 3752 3498 ante

2146 3537 2331 3590 omnia
2358 3537 2624 3603 subsidio,
2653 3549 2704 3592 et
2732 3539 2853 3592 aliis
2883 3539 3206 3592 exbibendis
3243 3541 3455 3606 gratiis,
3480 3549 3536 3591 ut
3564 3540 3750 3606 expri-

2145 3630 2334 3691 mitur,
2361 3627 2616 3697 superius
2672 3628 2977 3698 petebatur,
3005 3638 3058 3681 et
3085 3627 3411 3681 fulciebatur
3462 3644 3558 3696 pro
3596 3637 3750 3696 parte

2148 3719 2280 3773 dicti
2317 3719 2535 3773 Barlam
2581 3720 2890 3774 rationibus
2925 3720 3276 3789 quibusdam.
3314 3721 3378 3773 ab
3407 3736 3472 3773 co
3503 3720 3641 3774 datis
3696 3722 3748 3773 in

2145 3814 2387 3883 scriptis,
2416 3822 2474 3867 ut
2503 3813 2752 3884 sequitur
2783 3811 2834 3866 in
2881 3813 3026 3866 hunc
3089 3815 3368 3866 modum»
3398 3842 3466 3851 --
3504 3813 3750 3867 Licentia

2147 3903 2278 3956 mihi
2312 3903 2437 3956 data
2461 3919 2490 3956 a
2511 3912 2687 3956 vestra
2714 3902 3006 3958 sanctitate
3044 3906 3397 3971 respondere,
3422 3905 3752 3958 liducialiter

2143 3991 2509 4061 respondebo.
2546 3990 2746 4046 Dicunt
2771 3993 3015 4060 quidam,
3057 3992 3445 4047 inconveniens
3522 4008 3665 4052 esse,
3703 3991 3747 4044 si

2143 4085 2492 4154 posuerimus
2521 4085 2720 4140 iterum
2745 4085 2796 4138 in
2825 4085 3286 4140 examinationem
3308 4086 3450 4154 quod
3482 4086 3748 4138 habemus

2139 4177 2252 4244 jam
2311 4179 2458 4233 sicut
2498 4179 2872 4243 manifestum,
2898 4179 3032 4232 mihi
3075 4188 3256 4233 autem
3318 4179 3536 4233 videtur
3571 4188 3746 4233 totum

2142 4271 2520 4336 contrarium;
2554 4256 2611 4326 si
2640 4271 2992 4326 manifestum
3018 4282 3121 4336 est,
3145 4273 3314 4326 multo
3338 4273 3511 4340 magis
3547 4287 3748 4326 conve-

2145 4366 2224 4417 nlt
2267 4363 2392 4434 poni
2428 4365 2606 4433 ipsum
2643 4363 2699 4417 in
2723 4363 2998 4424 examine,
3034 4363 3077 4417 si
3135 4363 3305 4429 aliqui
3369 4363 3624 4416 dubitant
3682 4363 3749 4414 de

2147 4472 2348 4520 eo,per
2369 4466 2605 4525 quatuor
2623 4457 2882 4519 rationes,
2905 4471 3134 4525 quarum
3179 4457 3352 4525 prima
3389 4464 3468 4511 est
3489 4458 3613 4510 ista.
3641 4456 3748 4509 Vos

2151 4551 2484 4605 conﬁtemini
2504 4565 2672 4612 nunc,
2697 4551 2826 4618 quia
2845 4549 3081 4619 Spiritus
3094 4557 3318 4604 sanctus
3335 4551 3582 4621 procedit
3602 4560 3651 4602 et
3684 4567 3747 4602 ex

2154 4643 2315 4708 Filio,
2351 4645 2492 4700 sicut
2528 4656 2582 4700 et
2617 4661 2683 4698 ex
2726 4646 2921 4710 Patre;
2952 4648 3046 4698 sed
3096 4645 3198 4698 hoc
3227 4660 3256 4698 a
3290 4643 3498 4699 Graecis
3534 4645 3748 4699 dubita~

2157 4747 2268 4792 tur.
2304 4737 2361 4791 Si
2387 4748 2568 4792 autem
2597 4755 2783 4792 verum
2813 4749 2918 4801 est,
2962 4750 3016 4791 et
3047 4750 3280 4808 ponetur
3309 4741 3360 4792 in
3394 4755 3745 4792 communem

2155 4832 2637 4896 examinatiouem,
2671 4833 2816 4885 sicut
2860 4844 2943 4884 est
2977 4847 3120 4885 nunc
3168 4832 3320 4884 vobis
3373 4830 3748 4894 manifestum,

2155 4926 2234 4979 sic
2265 4936 2318 4978 et
2347 4935 2475 4978 tunc
2507 4926 2592 4978 lict
2626 4935 2678 4978 et
2703 4923 2906 4979 Grmcis
2936 4923 3284 4977 manifestum
3311 4942 3324 4985 ;
3359 4928 3500 4995 quod
3531 4943 3628 4981 vos
3655 4928 3748 4979 de-

2155 5021 2354 5074 beretis
2415 5018 2648 5072 maxime
2673 5015 3542 5083 considerare.Quemadmodum
3604 5020 3747 5072 (nim

2154 5123 2344 5168 natura
2376 5122 2702 5173 aromatum,
2724 5119 2930 5179 quanto
2969 5111 3092 5180 quis
3120 5111 3223 5164 ista
3260 5121 3437 5164 movet
3469 5111 3746 5175 manibus,

2153 5206 2419 5274 majorem
2455 5203 2654 5257 emittit
2683 5203 2929 5265 odorem,
2970 5203 3048 5256 sic
3081 5213 3135 5256 ct
3163 5215 3350 5259 natura
3379 5204 3513 5269 veri,
3543 5215 3749 5272 quanto

2154 5298 2327 5366 magis
2365 5296 2715 5351 examinatur
2746 5296 3142 5364 disputatione,
3181 5305 3335 5350 lauto
3389 5295 3560 5365 magis
3610 5312 3748 5365 pura

2154 5404 2208 5446 ct
2238 5390 2382 5444 clara
2415 5399 2660 5459 apparet.
2699 5387 2888 5442 Omnis
2919 5389 3065 5440 enim
3100 5388 3438 5442 exat-niuatio
3476 5404 3582 5441 non
3615 5404 3749 5441 con-

2156 5483 2330 5536 suevit
2366 5483 2543 5535 facere
2570 5479 2730 5533 dubia
2761 5494 2882 5548 qua)
2914 5479 3093 5547 primo
3118 5489 3275 5533 erant
3312 5479 3624 5541 manifesta,
3657 5481 3751 5534 sed

2156 5573 2514 5628 contrarium.
2545 5573 2619 5627 Ea
2649 5571 2796 5626 enim
2833 5586 2956 5640 qum
2999 5571 3149 5639 prius
3182 5581 3339 5624 erant
3387 5571 3577 5634 dubia,
3631 5573 3748 5642 ipsa

2157 5669 2494 5724 examinatio
2529 5667 2688 5721 habet
2736 5683 2765 5720 a
2814 5674 3010 5720 natura
3063 5665 3131 5719 ad
3177 5666 3384 5720 clarum
3421 5666 3641 5721 ducere.
3673 5667 3748 5722 Ea

2159 5780 2311 5834 ergo,
2342 5780 2465 5834 qua:
2499 5762 2650 5834 ptius
2687 5769 2844 5816 erant
2888 5758 3199 5825 uanil'csta,
3249 5758 3364 5830 ipsa
3410 5761 3748 5818 examinatio
