  <div class='ocr_page' id='page_1' title='image "/cluster/home/n/w/nwhite01/storage/ocr_20150623/151/hvd.32044073498685/677.png"; bbox 0 0 4086 6228; ppageno 0'>
   <div class='ocr_carea' id='block_1_1' title="bbox 446 263 580 326">
    <p class='ocr_par' dir='ltr' id='par_1_1' title="bbox 446 263 580 326">
     <span class='ocr_line' id='line_1_1' title="bbox 446 263 580 326; baseline -0.03 0"><span class='ocrx_word' id='word_1_1' title='bbox 446 263 580 326; x_wconf 69' lang='lat' dir='ltr'><strong>i339</strong></span> 
     </span>
    </p>
   </div>
   <div class='ocr_carea' id='block_1_2' title="bbox 1578 253 2596 317">
    <p class='ocr_par' dir='ltr' id='par_1_2' title="bbox 1578 253 2596 317">
     <span class='ocr_line' id='line_1_2' title="bbox 1578 253 2596 317; baseline -0.001 -1"><span class='ocrx_word' id='word_1_2' title='bbox 1578 255 1971 316; x_wconf 66' lang='grc' dir='ltr'><strong>ΒΜΠΛΛΜῙ</strong></span> <span class='ocrx_word' id='word_1_3' title='bbox 2029 253 2127 313; x_wconf 83' lang='lat' dir='ltr'><strong>DE</strong></span> <span class='ocrx_word' id='word_1_4' title='bbox 2166 254 2596 317; x_wconf 73' lang='lat' dir='ltr'><strong>SEMINARIA</strong></span> 
     </span>
    </p>
   </div>
   <div class='ocr_carea' id='block_1_3' title="bbox 3589 256 3729 320">
    <p class='ocr_par' dir='ltr' id='par_1_3' title="bbox 3589 256 3729 320">
     <span class='ocr_line' id='line_1_3' title="bbox 3589 256 3729 320; baseline -0.007 0"><span class='ocrx_word' id='word_1_5' title='bbox 3589 256 3729 320; x_wconf 64' lang='lat' dir='ltr'><strong>I350</strong></span> 
     </span>
    </p>
   </div>
   <div class='ocr_carea' id='block_1_4' title="bbox 442 370 3730 458">
    <p class='ocr_par' dir='ltr' id='par_1_4' title="bbox 442 370 3730 458">
     <span class='ocr_line' id='line_1_4' title="bbox 442 370 3730 458; baseline -0.002 -27"><span class='ocrx_word' id='word_1_6' title='bbox 442 371 818 433; x_wconf 64' lang='lat' dir='ltr'><strong>manifestiora</strong></span> <span class='ocrx_word' id='word_1_7' title='bbox 851 372 1004 430; x_wconf 97' lang='lat' dir='ltr'><strong>facit.</strong></span> <span class='ocrx_word' id='word_1_8' title='bbox 1050 371 1306 428; x_wconf 87' lang='lat' dir='ltr'><strong>Secunda</strong></span> <span class='ocrx_word' id='word_1_9' title='bbox 1355 373 1498 426; x_wconf 92' lang='lat' dir='ltr'><strong>ratio</strong></span> <span class='ocrx_word' id='word_1_10' title='bbox 1541 384 1624 427; x_wconf 83' lang='lat' dir='ltr'><strong>est</strong></span> <span class='ocrx_word' id='word_1_11' title='bbox 1658 373 1782 426; x_wconf 88' lang='lat' dir='ltr'><strong>ista.</strong></span> <span class='ocrx_word' id='word_1_12' title='bbox 1809 370 2031 426; x_wconf 78' lang='lat' dir='ltr'><strong>Justum</strong></span> <span class='ocrx_word' id='word_1_13' title='bbox 2065 370 2109 426; x_wconf 75' lang='grc' dir='ltr'><strong>Α</strong></span> <span class='ocrx_word' id='word_1_14' title='bbox 2139 370 2484 444; x_wconf 71' lang='lat' dir='ltr'><strong>substantite.</strong></span> <span class='ocrx_word' id='word_1_15' title='bbox 2540 370 2816 458; x_wconf 73' lang='lat' dir='ltr'><strong>sufﬁciant</strong></span> <span class='ocrx_word' id='word_1_16' title='bbox 2864 370 2967 426; x_wconf 86' lang='lat' dir='ltr'><strong>ista</strong></span> <span class='ocrx_word' id='word_1_17' title='bbox 3047 371 3230 439; x_wconf 89' lang='lat' dir='ltr'><strong>nobis,</strong></span> <span class='ocrx_word' id='word_1_18' title='bbox 3303 381 3360 426; x_wconf 89' lang='lat' dir='ltr'><strong>ut</strong></span> <span class='ocrx_word' id='word_1_19' title='bbox 3427 372 3730 427; x_wconf 78' lang='lat' dir='ltr'><strong>habeamus</strong></span> 
     </span>
    </p>
   </div>
   <div class='ocr_carea' id='block_1_5' title="bbox 433 461 2018 535">
    <p class='ocr_par' dir='ltr' id='par_1_5' title="bbox 433 461 2018 535">
     <span class='ocr_line' id='line_1_5' title="bbox 433 461 2018 535; baseline -0.005 -12"><span class='ocrx_word' id='word_1_20' title='bbox 433 480 540 534; x_wconf 80' lang='lat' dir='ltr'><strong>est,</strong></span> <span class='ocrx_word' id='word_1_21' title='bbox 572 476 633 523; x_wconf 86' lang='lat' dir='ltr'><strong>ut</strong></span> <span class='ocrx_word' id='word_1_22' title='bbox 685 481 780 531; x_wconf 75' lang='lat' dir='ltr'><strong>vos</strong></span> <span class='ocrx_word' id='word_1_23' title='bbox 813 463 1124 535; x_wconf 79' lang='lat' dir='ltr'><strong>exemplum</strong></span> <span class='ocrx_word' id='word_1_24' title='bbox 1171 463 1466 534; x_wconf 70' lang='lat' dir='ltr'><strong>assignetis</strong></span> <span class='ocrx_word' id='word_1_25' title='bbox 1510 479 1543 520; x_wconf 87' lang='lat' dir='ltr'><strong>a</strong></span> <span class='ocrx_word' id='word_1_26' title='bbox 1590 464 1800 518; x_wconf 77' lang='lat' dir='ltr'><strong>sanctis</strong></span> <span class='ocrx_word' id='word_1_27' title='bbox 1844 461 2018 516; x_wconf 79' lang='lat' dir='ltr'><strong>Patri-</strong></span> 
     </span>
    </p>
   </div>
   <div class='ocr_carea' id='block_1_6' title="bbox 435 553 2028 627">
    <p class='ocr_par' dir='ltr' id='par_1_6' title="bbox 435 553 2028 627">
     <span class='ocr_line' id='line_1_6' title="bbox 435 553 2028 627; baseline -0.001 -15"><span class='ocrx_word' id='word_1_28' title='bbox 435 564 557 616; x_wconf 87' lang='lat' dir='ltr'><strong>bus.</strong></span> <span class='ocrx_word' id='word_1_29' title='bbox 608 559 686 616; x_wconf 81' lang='lat' dir='ltr'><strong>illi</strong></span> <span class='ocrx_word' id='word_1_30' title='bbox 719 558 866 612; x_wconf 86' lang='lat' dir='ltr'><strong>enim</strong></span> <span class='ocrx_word' id='word_1_31' title='bbox 915 556 1186 611; x_wconf 85' lang='lat' dir='ltr'><strong>habebant</strong></span> <span class='ocrx_word' id='word_1_32' title='bbox 1223 553 1443 627; x_wconf 79' lang='lat' dir='ltr'><strong>quidem</strong></span> <span class='ocrx_word' id='word_1_33' title='bbox 1488 557 1869 620; x_wconf 85' lang='lat' dir='ltr'><strong>manifestum,</strong></span> <span class='ocrx_word' id='word_1_34' title='bbox 1900 556 2028 627; x_wconf 82' lang='lat' dir='ltr'><strong>quia</strong></span> 
     </span>
    </p>
   </div>
   <div class='ocr_carea' id='block_1_7' title="bbox 429 632 2029 718">
    <p class='ocr_par' dir='ltr' id='par_1_7' title="bbox 429 632 2029 718">
     <span class='ocr_line' id='line_1_7' title="bbox 429 632 2029 718; baseline -0.001 -16"><span class='ocrx_word' id='word_1_35' title='bbox 429 632 601 703; x_wconf 82' lang='lat' dir='ltr'><strong>Filius</strong></span> <span class='ocrx_word' id='word_1_36' title='bbox 662 646 907 718; x_wconf 83' lang='lat' dir='ltr'><strong>ejusdem</strong></span> <span class='ocrx_word' id='word_1_37' title='bbox 979 637 1302 704; x_wconf 48' lang='lat' dir='ltr'><strong>“substantia:</strong></span> <span class='ocrx_word' id='word_1_38' title='bbox 1360 656 1446 704; x_wconf 81' lang='lat' dir='ltr'><strong>est</strong></span> <span class='ocrx_word' id='word_1_39' title='bbox 1511 647 1718 715; x_wconf 82' lang='lat' dir='ltr'><strong>Patri;</strong></span> <span class='ocrx_word' id='word_1_40' title='bbox 1788 660 2029 714; x_wconf 86' lang='lat' dir='ltr'><strong>tamen,</strong></span> 
     </span>
    </p>
   </div>
   <div class='ocr_carea' id='block_1_8' title="bbox 425 726 2030 813">
    <p class='ocr_par' dir='ltr' id='par_1_8' title="bbox 425 726 2030 813">
     <span class='ocr_line' id='line_1_8' title="bbox 425 726 2030 813; baseline 0 -17"><span class='ocrx_word' id='word_1_41' title='bbox 425 742 690 812; x_wconf 87' lang='lat' dir='ltr'><strong>quoniam</strong></span> <span class='ocrx_word' id='word_1_42' title='bbox 742 742 931 797; x_wconf 75' lang='lat' dir='ltr'><strong>Ariani</strong></span> <span class='ocrx_word' id='word_1_43' title='bbox 966 726 1293 798; x_wconf 10' lang='lat' dir='ltr'><strong>rdubitarant</strong></span> <span class='ocrx_word' id='word_1_44' title='bbox 1329 743 1400 800; x_wconf 86' lang='lat' dir='ltr'><strong>de</strong></span> <span class='ocrx_word' id='word_1_45' title='bbox 1431 744 1559 810; x_wconf 83' lang='lat' dir='ltr'><strong>hoc,</strong></span> <span class='ocrx_word' id='word_1_46' title='bbox 1589 754 1889 813; x_wconf 85' lang='lat' dir='ltr'><strong>posuerunt</strong></span> <span class='ocrx_word' id='word_1_47' title='bbox 1923 743 2030 797; x_wconf 88' lang='lat' dir='ltr'><strong>hoc</strong></span> 
     </span>
    </p>
   </div>
   <div class='ocr_carea' id='block_1_9' title="bbox 428 828 2028 904">
    <p class='ocr_par' dir='ltr' id='par_1_9' title="bbox 428 828 2028 904">
     <span class='ocr_line' id='line_1_9' title="bbox 428 828 2028 904; baseline -0.001 -12"><span class='ocrx_word' id='word_1_48' title='bbox 428 828 485 892; x_wconf 81' lang='lat' dir='ltr'><strong>in</strong></span> <span class='ocrx_word' id='word_1_49' title='bbox 520 835 948 904; x_wconf 75' lang='lat' dir='ltr'><strong>examinatione,</strong></span> <span class='ocrx_word' id='word_1_50' title='bbox 986 846 1044 890; x_wconf 93' lang='lat' dir='ltr'><strong>ut</strong></span> <span class='ocrx_word' id='word_1_51' title='bbox 1072 847 1122 892; x_wconf 87' lang='lat' dir='ltr'><strong>et</strong></span> <span class='ocrx_word' id='word_1_52' title='bbox 1162 837 1300 892; x_wconf 86' lang='lat' dir='ltr'><strong>alios</strong></span> <span class='ocrx_word' id='word_1_53' title='bbox 1331 838 1608 892; x_wconf 81' lang='lat' dir='ltr'><strong>salvarent</strong></span> <span class='ocrx_word' id='word_1_54' title='bbox 1633 853 1650 893; x_wconf 87' lang='lat'><strong>:</strong></span> <span class='ocrx_word' id='word_1_55' title='bbox 1678 839 1934 894; x_wconf 80' lang='lat' dir='ltr'><strong>similiter</strong></span> <span class='ocrx_word' id='word_1_56' title='bbox 1972 846 2028 892; x_wconf 80' lang='lat' dir='ltr'><strong>et</strong></span> 
     </span>
    </p>
   </div>
   <div class='ocr_carea' id='block_1_10' title="bbox 430 930 2030 1010">
    <p class='ocr_par' dir='ltr' id='par_1_10' title="bbox 430 930 2030 1010">
     <span class='ocr_line' id='line_1_10' title="bbox 430 930 2030 1010; baseline 0 -24"><span class='ocrx_word' id='word_1_57' title='bbox 430 933 486 987; x_wconf 89' lang='lat' dir='ltr'><strong>in</strong></span> <span class='ocrx_word' id='word_1_58' title='bbox 531 931 655 987; x_wconf 88' lang='lat' dir='ltr'><strong>aliis</strong></span> <span class='ocrx_word' id='word_1_59' title='bbox 682 931 960 1010; x_wconf 63' lang='lat' dir='ltr'><strong>conciliis</strong></span> <span class='ocrx_word' id='word_1_60' title='bbox 1006 930 1293 986; x_wconf 77' lang='lat' dir='ltr'><strong>orthodoxi</strong></span> <span class='ocrx_word' id='word_1_61' title='bbox 1352 931 1542 986; x_wconf 81' lang='lat' dir='ltr'><strong>Patres</strong></span> <span class='ocrx_word' id='word_1_62' title='bbox 1585 932 1862 988; x_wconf 80' lang='lat' dir='ltr'><strong>habebant</strong></span> <span class='ocrx_word' id='word_1_63' title='bbox 1904 931 2030 1003; x_wconf 89' lang='lat' dir='ltr'><strong>qui-</strong></span> 
     </span>
    </p>
   </div>
   <div class='ocr_carea' id='block_1_11' title="bbox 432 1024 2025 1094">
    <p class='ocr_par' dir='ltr' id='par_1_11' title="bbox 432 1024 2025 1094">
     <span class='ocr_line' id='line_1_11' title="bbox 432 1024 2025 1094; baseline 0.002 -17"><span class='ocrx_word' id='word_1_64' title='bbox 432 1026 566 1077; x_wconf 77' lang='lat' dir='ltr'><strong>dem</strong></span> <span class='ocrx_word' id='word_1_65' title='bbox 593 1025 881 1079; x_wconf 86' lang='lat' dir='ltr'><strong>manifesta</strong></span> <span class='ocrx_word' id='word_1_66' title='bbox 917 1039 1002 1084; x_wconf 84' lang='lat' dir='ltr'><strong>ea.</strong></span> <span class='ocrx_word' id='word_1_67' title='bbox 1061 1025 1129 1079; x_wconf 86' lang='lat' dir='ltr'><strong>de</strong></span> <span class='ocrx_word' id='word_1_68' title='bbox 1170 1024 1368 1094; x_wconf 80' lang='lat' dir='ltr'><strong>quibus</strong></span> <span class='ocrx_word' id='word_1_69' title='bbox 1410 1026 1644 1081; x_wconf 68' lang='lat' dir='ltr'><strong>hierctici</strong></span> <span class='ocrx_word' id='word_1_70' title='bbox 1685 1026 2025 1092; x_wconf 78' lang='lat' dir='ltr'><strong>dubitabant,</strong></span> 
     </span>
    </p>
   </div>
   <div class='ocr_carea' id='block_1_12' title="bbox 433 1118 2025 1190">
    <p class='ocr_par' dir='ltr' id='par_1_12' title="bbox 433 1118 2025 1190">
     <span class='ocr_line' id='line_1_12' title="bbox 433 1118 2025 1190; baseline 0.002 -18"><span class='ocrx_word' id='word_1_71' title='bbox 433 1121 894 1189; x_wconf 85' lang='lat' dir='ltr'><strong>tamenquoniam</strong></span> <span class='ocrx_word' id='word_1_72' title='bbox 934 1118 1314 1174; x_wconf 83' lang='lat' dir='ltr'><strong>desiderabant</strong></span> <span class='ocrx_word' id='word_1_73' title='bbox 1346 1130 1400 1174; x_wconf 89' lang='lat' dir='ltr'><strong>et</strong></span> <span class='ocrx_word' id='word_1_74' title='bbox 1442 1119 1562 1174; x_wconf 85' lang='lat' dir='ltr'><strong>illos</strong></span> <span class='ocrx_word' id='word_1_75' title='bbox 1595 1119 1808 1190; x_wconf 80' lang='lat' dir='ltr'><strong>juvare,</strong></span> <span class='ocrx_word' id='word_1_76' title='bbox 1855 1137 2025 1189; x_wconf 90' lang='lat' dir='ltr'><strong>pone-</strong></span> 
     </span>
    </p>
   </div>
   <div class='ocr_carea' id='block_1_13' title="bbox 430 1212 2024 1272">
    <p class='ocr_par' dir='ltr' id='par_1_13' title="bbox 430 1212 2024 1272">
     <span class='ocr_line' id='line_1_13' title="bbox 430 1212 2024 1272; baseline 0.003 -6"><span class='ocrx_word' id='word_1_77' title='bbox 430 1212 564 1266; x_wconf 90' lang='lat' dir='ltr'><strong>bant</strong></span> <span class='ocrx_word' id='word_1_78' title='bbox 605 1227 668 1265; x_wconf 89' lang='lat' dir='ltr'><strong>ca</strong></span> <span class='ocrx_word' id='word_1_79' title='bbox 707 1212 762 1266; x_wconf 90' lang='lat' dir='ltr'><strong>in</strong></span> <span class='ocrx_word' id='word_1_80' title='bbox 805 1227 1152 1266; x_wconf 75' lang='lat' dir='ltr'><strong>communem</strong></span> <span class='ocrx_word' id='word_1_81' title='bbox 1189 1212 1671 1268; x_wconf 78' lang='lat' dir='ltr'><strong>exatninationem.</strong></span> <span class='ocrx_word' id='word_1_82' title='bbox 1714 1214 1829 1269; x_wconf 80' lang='lat' dir='ltr'><strong>Non</strong></span> <span class='ocrx_word' id='word_1_83' title='bbox 1879 1217 2024 1272; x_wconf 84' lang='lat' dir='ltr'><strong>enim</strong></span> 
     </span>
    </p>
   </div>
   <div class='ocr_carea' id='block_1_14' title="bbox 426 1307 2022 1379">
    <p class='ocr_par' dir='ltr' id='par_1_14' title="bbox 426 1307 2022 1379">
     <span class='ocr_line' id='line_1_14' title="bbox 426 1307 2022 1379; baseline 0.003 -18"><span class='ocrx_word' id='word_1_84' title='bbox 426 1318 546 1361; x_wconf 87' lang='lat' dir='ltr'><strong>erat</strong></span> <span class='ocrx_word' id='word_1_85' title='bbox 569 1307 622 1360; x_wconf 93' lang='lat' dir='ltr'><strong>in</strong></span> <span class='ocrx_word' id='word_1_86' title='bbox 641 1307 721 1361; x_wconf 85' lang='lat' dir='ltr'><strong>eis</strong></span> <span class='ocrx_word' id='word_1_87' title='bbox 763 1307 893 1376; x_wconf 90' lang='lat' dir='ltr'><strong>quid</strong></span> <span class='ocrx_word' id='word_1_88' title='bbox 919 1307 1220 1379; x_wconf 84' lang='lat' dir='ltr'><strong>prohibens</strong></span> <span class='ocrx_word' id='word_1_89' title='bbox 1245 1323 1338 1362; x_wconf 87' lang='lat' dir='ltr'><strong>eos</strong></span> <span class='ocrx_word' id='word_1_90' title='bbox 1367 1307 1547 1363; x_wconf 85' lang='lat' dir='ltr'><strong>facere</strong></span> <span class='ocrx_word' id='word_1_91' title='bbox 1571 1327 1587 1375; x_wconf 87' lang='lat'><strong>;</strong></span> <span class='ocrx_word' id='word_1_92' title='bbox 1615 1317 1670 1363; x_wconf 90' lang='lat' dir='ltr'><strong>et</strong></span> <span class='ocrx_word' id='word_1_93' title='bbox 1697 1311 2022 1378; x_wconf 82' lang='lat' dir='ltr'><strong>credebant;</strong></span> 
     </span>
    </p>
   </div>
   <div class='ocr_carea' id='block_1_15' title="bbox 359 1393 2026 1474">
    <p class='ocr_par' dir='ltr' id='par_1_15' title="bbox 359 1393 2026 1474">
     <span class='ocr_line' id='line_1_15' title="bbox 359 1393 2026 1474; baseline 0.003 -20"><span class='ocrx_word' id='word_1_94' title='bbox 359 1393 362 1397; x_wconf 94' lang='grc' dir='ltr'><strong> </strong></span> <span class='ocrx_word' id='word_1_95' title='bbox 430 1415 576 1461; x_wconf 86' lang='lat' dir='ltr'><strong>vere.</strong></span> <span class='ocrx_word' id='word_1_96' title='bbox 591 1405 742 1471; x_wconf 89' lang='lat' dir='ltr'><strong>quia,</strong></span> <span class='ocrx_word' id='word_1_97' title='bbox 760 1416 882 1470; x_wconf 72' lang='lat' dir='ltr'><strong>qua:</strong></span> <span class='ocrx_word' id='word_1_98' title='bbox 900 1401 1172 1457; x_wconf 90' lang='lat' dir='ltr'><strong>habebant</strong></span> <span class='ocrx_word' id='word_1_99' title='bbox 1191 1402 1289 1469; x_wconf 83' lang='lat' dir='ltr'><strong>ipsi</strong></span> <span class='ocrx_word' id='word_1_100' title='bbox 1312 1399 1619 1468; x_wconf 85' lang='lat' dir='ltr'><strong>manifesta,</strong></span> <span class='ocrx_word' id='word_1_101' title='bbox 1639 1402 1812 1474; x_wconf 85' lang='lat' dir='ltr'><strong>posita</strong></span> <span class='ocrx_word' id='word_1_102' title='bbox 1834 1403 1887 1458; x_wconf 89' lang='lat' dir='ltr'><strong>in</strong></span> <span class='ocrx_word' id='word_1_103' title='bbox 1902 1419 2026 1459; x_wconf 78' lang='lat' dir='ltr'><strong>exa-</strong></span> 
     </span>
    </p>
   </div>
   <div class='ocr_carea' id='block_1_16' title="bbox 429 1495 2028 1566">
    <p class='ocr_par' dir='ltr' id='par_1_16' title="bbox 429 1495 2028 1566">
     <span class='ocr_line' id='line_1_16' title="bbox 429 1495 2028 1566; baseline 0.001 -18"><span class='ocrx_word' id='word_1_104' title='bbox 429 1495 812 1561; x_wconf 87' lang='lat' dir='ltr'><strong>minationem,</strong></span> <span class='ocrx_word' id='word_1_105' title='bbox 831 1495 1012 1550; x_wconf 87' lang='lat' dir='ltr'><strong>adhuc</strong></span> <span class='ocrx_word' id='word_1_106' title='bbox 1049 1495 1422 1552; x_wconf 76' lang='lat' dir='ltr'><strong>manifeStiora</strong></span> <span class='ocrx_word' id='word_1_107' title='bbox 1448 1496 1594 1561; x_wconf 87' lang='lat' dir='ltr'><strong>fient,</strong></span> <span class='ocrx_word' id='word_1_108' title='bbox 1619 1505 1674 1551; x_wconf 87' lang='lat' dir='ltr'><strong>et</strong></span> <span class='ocrx_word' id='word_1_109' title='bbox 1708 1496 1912 1553; x_wconf 88' lang='lat' dir='ltr'><strong>multos</strong></span> <span class='ocrx_word' id='word_1_110' title='bbox 1940 1497 2028 1566; x_wconf 86' lang='lat' dir='ltr'><strong>ju-</strong></span> 
     </span>
    </p>
   </div>
   <div class='ocr_carea' id='block_1_17' title="bbox 429 1587 2026 1658">
    <p class='ocr_par' dir='ltr' id='par_1_17' title="bbox 429 1587 2026 1658">
     <span class='ocr_line' id='line_1_17' title="bbox 429 1587 2026 1658; baseline 0.003 -20"><span class='ocrx_word' id='word_1_111' title='bbox 429 1588 633 1642; x_wconf 86' lang='lat' dir='ltr'><strong>vabunt</strong></span> <span class='ocrx_word' id='word_1_112' title='bbox 657 1605 672 1643; x_wconf 85' lang='lat'><strong>:</strong></span> <span class='ocrx_word' id='word_1_113' title='bbox 694 1604 819 1658; x_wconf 86' lang='lat' dir='ltr'><strong>ergo</strong></span> <span class='ocrx_word' id='word_1_114' title='bbox 859 1596 913 1643; x_wconf 86' lang='lat' dir='ltr'><strong>et</strong></span> <span class='ocrx_word' id='word_1_115' title='bbox 930 1603 1047 1651; x_wconf 87' lang='lat' dir='ltr'><strong>vos,</strong></span> <span class='ocrx_word' id='word_1_116' title='bbox 1067 1588 1110 1643; x_wconf 90' lang='lat' dir='ltr'><strong>si</strong></span> <span class='ocrx_word' id='word_1_117' title='bbox 1130 1587 1384 1643; x_wconf 85' lang='lat' dir='ltr'><strong>similiter</strong></span> <span class='ocrx_word' id='word_1_118' title='bbox 1408 1589 1689 1644; x_wconf 75' lang='lat' dir='ltr'><strong>volueritis</strong></span> <span class='ocrx_word' id='word_1_119' title='bbox 1729 1590 1925 1656; x_wconf 88' lang='lat' dir='ltr'><strong>facere,</strong></span> <span class='ocrx_word' id='word_1_120' title='bbox 1959 1590 2026 1644; x_wconf 89' lang='lat' dir='ltr'><strong>ad</strong></span> 
     </span>
    </p>
   </div>
   <div class='ocr_carea' id='block_1_18' title="bbox 428 1679 2028 1755">
    <p class='ocr_par' dir='ltr' id='par_1_18' title="bbox 428 1679 2028 1755">
     <span class='ocr_line' id='line_1_18' title="bbox 428 1679 2028 1755; baseline 0.003 -20"><span class='ocrx_word' id='word_1_121' title='bbox 428 1682 656 1751; x_wconf 77' lang='lat' dir='ltr'><strong>gloriam</strong></span> <span class='ocrx_word' id='word_1_122' title='bbox 703 1683 857 1736; x_wconf 81' lang='lat' dir='ltr'><strong>vobis</strong></span> <span class='ocrx_word' id='word_1_123' title='bbox 894 1683 1205 1750; x_wconf 74' lang='lat' dir='ltr'><strong>continget.</strong></span> <span class='ocrx_word' id='word_1_124' title='bbox 1241 1679 1422 1738; x_wconf 91' lang='lat' dir='ltr'><strong>Tertia</strong></span> <span class='ocrx_word' id='word_1_125' title='bbox 1463 1683 1600 1737; x_wconf 84' lang='lat' dir='ltr'><strong>ratio</strong></span> <span class='ocrx_word' id='word_1_126' title='bbox 1633 1692 1716 1739; x_wconf 89' lang='lat' dir='ltr'><strong>est</strong></span> <span class='ocrx_word' id='word_1_127' title='bbox 1748 1682 1874 1740; x_wconf 88' lang='lat' dir='ltr'><strong>ista.</strong></span> <span class='ocrx_word' id='word_1_128' title='bbox 1914 1684 2028 1755; x_wconf 82' lang='lat' dir='ltr'><strong>Ego</strong></span> 
     </span>
    </p>
   </div>
   <div class='ocr_carea' id='block_1_19' title="bbox 429 1774 2026 1847">
    <p class='ocr_par' dir='ltr' id='par_1_19' title="bbox 429 1774 2026 1847">
     <span class='ocr_line' id='line_1_19' title="bbox 429 1774 2026 1847; baseline 0.003 -19"><span class='ocrx_word' id='word_1_129' title='bbox 429 1775 654 1838; x_wconf 90' lang='lat' dir='ltr'><strong>quidem</strong></span> <span class='ocrx_word' id='word_1_130' title='bbox 705 1777 887 1830; x_wconf 86' lang='lat' dir='ltr'><strong>sciens</strong></span> <span class='ocrx_word' id='word_1_131' title='bbox 933 1777 1089 1839; x_wconf 83' lang='lat' dir='ltr'><strong>bene.</strong></span> <span class='ocrx_word' id='word_1_132' title='bbox 1128 1774 1352 1830; x_wconf 84' lang='lat' dir='ltr'><strong>Latinos</strong></span> <span class='ocrx_word' id='word_1_133' title='bbox 1399 1792 1681 1847; x_wconf 83' lang='lat' dir='ltr'><strong>nunquam</strong></span> <span class='ocrx_word' id='word_1_134' title='bbox 1721 1777 1790 1832; x_wconf 89' lang='lat' dir='ltr'><strong>de</strong></span> <span class='ocrx_word' id='word_1_135' title='bbox 1826 1778 1906 1832; x_wconf 86' lang='lat' dir='ltr'><strong>eis</strong></span> <span class='ocrx_word' id='word_1_136' title='bbox 1926 1778 2026 1833; x_wconf 86' lang='lat' dir='ltr'><strong>ali-</strong></span> 
     </span>
    </p>
   </div>
   <div class='ocr_carea' id='block_1_20' title="bbox 426 1869 2013 1940">
    <p class='ocr_par' dir='ltr' id='par_1_20' title="bbox 426 1869 2013 1940">
     <span class='ocr_line' id='line_1_20' title="bbox 426 1869 2013 1940; baseline 0.004 -19"><span class='ocrx_word' id='word_1_137' title='bbox 426 1869 570 1938; x_wconf 89' lang='lat' dir='ltr'><strong>quod</strong></span> <span class='ocrx_word' id='word_1_138' title='bbox 603 1870 1048 1938; x_wconf 86' lang='lat' dir='ltr'><strong>biasphemium;</strong></span> <span class='ocrx_word' id='word_1_139' title='bbox 1085 1869 1389 1940; x_wconf 84' lang='lat' dir='ltr'><strong>prudentes</strong></span> <span class='ocrx_word' id='word_1_140' title='bbox 1438 1871 1584 1925; x_wconf 89' lang='lat' dir='ltr'><strong>enim</strong></span> <span class='ocrx_word' id='word_1_141' title='bbox 1643 1870 1788 1927; x_wconf 85' lang='lat' dir='ltr'><strong>viros</strong></span> <span class='ocrx_word' id='word_1_142' title='bbox 1821 1881 1876 1927; x_wconf 90' lang='lat' dir='ltr'><strong>et</strong></span> <span class='ocrx_word' id='word_1_143' title='bbox 1926 1888 2013 1928; x_wconf 88' lang='lat' dir='ltr'><strong>sa-</strong></span> 
     </span>
    </p>
   </div>
   <div class='ocr_carea' id='block_1_21' title="bbox 428 1962 2010 2034">
    <p class='ocr_par' dir='ltr' id='par_1_21' title="bbox 428 1962 2010 2034">
     <span class='ocr_line' id='line_1_21' title="bbox 428 1962 2010 2034; baseline 0.004 -19"><span class='ocrx_word' id='word_1_144' title='bbox 428 1963 806 2034; x_wconf 83' lang='lat' dir='ltr'><strong>pientissimos</strong></span> <span class='ocrx_word' id='word_1_145' title='bbox 832 1963 989 2030; x_wconf 88' lang='lat' dir='ltr'><strong>seio;</strong></span> <span class='ocrx_word' id='word_1_146' title='bbox 1022 1964 1115 2018; x_wconf 90' lang='lat' dir='ltr'><strong>sed</strong></span> <span class='ocrx_word' id='word_1_147' title='bbox 1155 1964 1247 2018; x_wconf 84' lang='lat' dir='ltr'><strong>alii</strong></span> <span class='ocrx_word' id='word_1_148' title='bbox 1278 1962 1479 2026; x_wconf 69' lang='lat' dir='ltr'><strong>Graeci,</strong></span> <span class='ocrx_word' id='word_1_149' title='bbox 1515 1965 1607 2034; x_wconf 89' lang='lat' dir='ltr'><strong>qui</strong></span> <span class='ocrx_word' id='word_1_150' title='bbox 1636 1980 1742 2019; x_wconf 88' lang='lat' dir='ltr'><strong>nott</strong></span> <span class='ocrx_word' id='word_1_151' title='bbox 1775 1976 2010 2021; x_wconf 87' lang='lat' dir='ltr'><strong>noscunt</strong></span> 
     </span>
    </p>
   </div>
   <div class='ocr_carea' id='block_1_22' title="bbox 424 2056 2010 2128">
    <p class='ocr_par' dir='ltr' id='par_1_22' title="bbox 424 2056 2010 2128">
     <span class='ocr_line' id='line_1_22' title="bbox 424 2056 2010 2128; baseline -0.001 -15"><span class='ocrx_word' id='word_1_152' title='bbox 424 2074 522 2113; x_wconf 87' lang='lat' dir='ltr'><strong>eos</strong></span> <span class='ocrx_word' id='word_1_153' title='bbox 562 2056 704 2113; x_wconf 70' lang='lat' dir='ltr'><strong>sicut</strong></span> <span class='ocrx_word' id='word_1_154' title='bbox 733 2071 858 2125; x_wconf 80' lang='lat' dir='ltr'><strong>ego,</strong></span> <span class='ocrx_word' id='word_1_155' title='bbox 888 2057 1092 2120; x_wconf 89' lang='lat' dir='ltr'><strong>dicent,</strong></span> <span class='ocrx_word' id='word_1_156' title='bbox 1124 2056 1276 2128; x_wconf 88' lang='lat' dir='ltr'><strong>quia,</strong></span> <span class='ocrx_word' id='word_1_157' title='bbox 1329 2073 1428 2126; x_wconf 86' lang='lat' dir='ltr'><strong>pro</strong></span> <span class='ocrx_word' id='word_1_158' title='bbox 1483 2056 1793 2124; x_wconf 52' lang='lat' dir='ltr'><strong>timiditatr,</strong></span> <span class='ocrx_word' id='word_1_159' title='bbox 1825 2056 2010 2112; x_wconf 86' lang='lat' dir='ltr'><strong>nolue-</strong></span> 
     </span>
    </p>
   </div>
   <div class='ocr_carea' id='block_1_23' title="bbox 427 2137 2012 2218">
    <p class='ocr_par' dir='ltr' id='par_1_23' title="bbox 427 2137 2012 2218">
     <span class='ocr_line' id='line_1_23' title="bbox 427 2137 2012 2218; baseline 0.001 -12"><span class='ocrx_word' id='word_1_160' title='bbox 427 2160 555 2206; x_wconf 87' lang='lat' dir='ltr'><strong>runt</strong></span> <span class='ocrx_word' id='word_1_161' title='bbox 596 2149 782 2206; x_wconf 88' lang='lat' dir='ltr'><strong>venire</strong></span> <span class='ocrx_word' id='word_1_162' title='bbox 821 2151 889 2204; x_wconf 84' lang='lat' dir='ltr'><strong>ad</strong></span> <span class='ocrx_word' id='word_1_163' title='bbox 919 2137 1410 2215; x_wconf 70' lang='lat' dir='ltr'><strong>examinationem,</strong></span> <span class='ocrx_word' id='word_1_164' title='bbox 1438 2151 1701 2218; x_wconf 88' lang='lat' dir='ltr'><strong>timendo,</strong></span> <span class='ocrx_word' id='word_1_165' title='bbox 1755 2166 1822 2207; x_wconf 89' lang='lat' dir='ltr'><strong>ne</strong></span> <span class='ocrx_word' id='word_1_166' title='bbox 1872 2149 2012 2210; x_wconf 85' lang='lat' dir='ltr'><strong>forte</strong></span> 
     </span>
    </p>
   </div>
   <div class='ocr_carea' id='block_1_24' title="bbox 424 2244 2008 2318">
    <p class='ocr_par' dir='ltr' id='par_1_24' title="bbox 424 2244 2008 2318">
     <span class='ocr_line' id='line_1_24' title="bbox 424 2244 2008 2318; baseline 0.001 -18"><span class='ocrx_word' id='word_1_167' title='bbox 424 2247 718 2301; x_wconf 86' lang='lat' dir='ltr'><strong>videantur</strong></span> <span class='ocrx_word' id='word_1_168' title='bbox 773 2244 948 2300; x_wconf 61' lang='lat' dir='ltr'><strong>Graeci</strong></span> <span class='ocrx_word' id='word_1_169' title='bbox 1002 2245 1186 2300; x_wconf 82' lang='lat' dir='ltr'><strong>dicere</strong></span> <span class='ocrx_word' id='word_1_170' title='bbox 1228 2244 1443 2299; x_wconf 87' lang='lat' dir='ltr'><strong>veriora</strong></span> <span class='ocrx_word' id='word_1_171' title='bbox 1499 2261 1664 2316; x_wconf 88' lang='lat' dir='ltr'><strong>quam</strong></span> <span class='ocrx_word' id='word_1_172' title='bbox 1720 2246 1820 2315; x_wconf 86' lang='lat' dir='ltr'><strong>ipsi</strong></span> <span class='ocrx_word' id='word_1_173' title='bbox 1866 2247 2008 2318; x_wconf 87' lang='lat' dir='ltr'><strong>;qui</strong></span> 
     </span>
    </p>
   </div>
   <div class='ocr_carea' id='block_1_25' title="bbox 423 2338 2006 2408">
    <p class='ocr_par' dir='ltr' id='par_1_25' title="bbox 423 2338 2006 2408">
     <span class='ocr_line' id='line_1_25' title="bbox 423 2338 2006 2408; baseline 0.001 -14"><span class='ocrx_word' id='word_1_174' title='bbox 423 2341 570 2394; x_wconf 82' lang='lat' dir='ltr'><strong>enim</strong></span> <span class='ocrx_word' id='word_1_175' title='bbox 606 2338 836 2395; x_wconf 86' lang='lat' dir='ltr'><strong>conlidit</strong></span> <span class='ocrx_word' id='word_1_176' title='bbox 871 2339 999 2403; x_wconf 82' lang='lat' dir='ltr'><strong>sibi,</strong></span> <span class='ocrx_word' id='word_1_177' title='bbox 1034 2347 1088 2393; x_wconf 90' lang='lat' dir='ltr'><strong>et</strong></span> <span class='ocrx_word' id='word_1_178' title='bbox 1125 2346 1340 2408; x_wconf 80' lang='lat' dir='ltr'><strong>reputat</strong></span> <span class='ocrx_word' id='word_1_179' title='bbox 1374 2339 1603 2394; x_wconf 90' lang='lat' dir='ltr'><strong>ﬁrmiter</strong></span> <span class='ocrx_word' id='word_1_180' title='bbox 1646 2340 1844 2395; x_wconf 85' lang='lat' dir='ltr'><strong>habere</strong></span> <span class='ocrx_word' id='word_1_181' title='bbox 1872 2341 2006 2396; x_wconf 84' lang='lat' dir='ltr'><strong>veri-</strong></span> 
     </span>
    </p>
   </div>
   <div class='ocr_carea' id='block_1_26' title="bbox 424 2434 2012 2503">
    <p class='ocr_par' dir='ltr' id='par_1_26' title="bbox 424 2434 2012 2503">
     <span class='ocr_line' id='line_1_26' title="bbox 424 2434 2012 2503; baseline 0.002 -15"><span class='ocrx_word' id='word_1_182' title='bbox 424 2440 614 2497; x_wconf 84' lang='lat' dir='ltr'><strong>tatem,</strong></span> <span class='ocrx_word' id='word_1_183' title='bbox 643 2447 750 2487; x_wconf 86' lang='lat' dir='ltr'><strong>non</strong></span> <span class='ocrx_word' id='word_1_184' title='bbox 773 2434 960 2503; x_wconf 66' lang='lat' dir='ltr'><strong>eﬁ‘ugit</strong></span> <span class='ocrx_word' id='word_1_185' title='bbox 983 2435 1447 2490; x_wconf 83' lang='lat' dir='ltr'><strong>examinationem</strong></span> <span class='ocrx_word' id='word_1_186' title='bbox 1473 2454 1488 2501; x_wconf 89' lang='lat'><strong>;</strong></span> <span class='ocrx_word' id='word_1_187' title='bbox 1519 2437 1609 2502; x_wconf 88' lang='lat' dir='ltr'><strong>qui</strong></span> <span class='ocrx_word' id='word_1_188' title='bbox 1651 2445 1833 2489; x_wconf 89' lang='lat' dir='ltr'><strong>autem</strong></span> <span class='ocrx_word' id='word_1_189' title='bbox 1868 2434 2012 2491; x_wconf 89' lang='lat' dir='ltr'><strong>hanc</strong></span> 
     </span>
    </p>
   </div>
   <div class='ocr_carea' id='block_1_27' title="bbox 423 2526 2013 2598">
    <p class='ocr_par' dir='ltr' id='par_1_27' title="bbox 423 2526 2013 2598">
     <span class='ocr_line' id='line_1_27' title="bbox 423 2526 2013 2598; baseline -0.001 -16"><span class='ocrx_word' id='word_1_190' title='bbox 423 2526 639 2595; x_wconf 76' lang='lat' dir='ltr'><strong>effugit,</strong></span> <span class='ocrx_word' id='word_1_191' title='bbox 692 2537 918 2597; x_wconf 67' lang='lat' dir='ltr'><strong>praestat</strong></span> <span class='ocrx_word' id='word_1_192' title='bbox 954 2527 1321 2595; x_wconf 89' lang='lat' dir='ltr'><strong>suspicionem</strong></span> <span class='ocrx_word' id='word_1_193' title='bbox 1386 2527 1718 2581; x_wconf 84' lang='lat' dir='ltr'><strong>timiditatis.</strong></span> <span class='ocrx_word' id='word_1_194' title='bbox 1773 2526 1831 2582; x_wconf 84' lang='lat' dir='ltr'><strong>Si</strong></span> <span class='ocrx_word' id='word_1_195' title='bbox 1885 2527 2013 2598; x_wconf 87' lang='lat' dir='ltr'><strong>quis</strong></span> 
     </span>
    </p>
   </div>
   <div class='ocr_carea' id='block_1_28' title="bbox 421 2623 2008 2691">
    <p class='ocr_par' dir='ltr' id='par_1_28' title="bbox 421 2623 2008 2691">
     <span class='ocr_line' id='line_1_28' title="bbox 421 2623 2008 2691; baseline -0.003 -11"><span class='ocrx_word' id='word_1_196' title='bbox 421 2625 594 2689; x_wconf 87' lang='lat' dir='ltr'><strong>enim,</strong></span> <span class='ocrx_word' id='word_1_197' title='bbox 643 2623 924 2679; x_wconf 87' lang='lat' dir='ltr'><strong>cambiens</strong></span> <span class='ocrx_word' id='word_1_198' title='bbox 979 2637 1198 2688; x_wconf 89' lang='lat' dir='ltr'><strong>aurum,</strong></span> <span class='ocrx_word' id='word_1_199' title='bbox 1245 2630 1407 2691; x_wconf 80' lang='lat' dir='ltr'><strong>negat</strong></span> <span class='ocrx_word' id='word_1_200' title='bbox 1461 2623 1694 2691; x_wconf 77' lang='lat' dir='ltr'><strong>experiri</strong></span> <span class='ocrx_word' id='word_1_201' title='bbox 1724 2623 1778 2676; x_wconf 91' lang='lat' dir='ltr'><strong>in</strong></span> <span class='ocrx_word' id='word_1_202' title='bbox 1813 2623 2008 2691; x_wconf 82' lang='lat' dir='ltr'><strong>lapide,</strong></span> 
     </span>
    </p>
   </div>
   <div class='ocr_carea' id='block_1_29' title="bbox 423 2715 2014 2788">
    <p class='ocr_par' dir='ltr' id='par_1_29' title="bbox 423 2715 2014 2788">
     <span class='ocr_line' id='line_1_29' title="bbox 423 2715 2014 2788; baseline -0.001 -15"><span class='ocrx_word' id='word_1_203' title='bbox 423 2734 548 2774; x_wconf 87' lang='lat' dir='ltr'><strong>cum</strong></span> <span class='ocrx_word' id='word_1_204' title='bbox 581 2717 851 2788; x_wconf 62' lang='lat' dir='ltr'><strong>reeipiens</strong></span> <span class='ocrx_word' id='word_1_205' title='bbox 906 2717 1083 2787; x_wconf 89' lang='lat' dir='ltr'><strong>ipsum</strong></span> <span class='ocrx_word' id='word_1_206' title='bbox 1129 2724 1274 2785; x_wconf 84' lang='lat' dir='ltr'><strong>petat</strong></span> <span class='ocrx_word' id='word_1_207' title='bbox 1318 2725 1372 2768; x_wconf 84' lang='lat' dir='ltr'><strong>et</strong></span> <span class='ocrx_word' id='word_1_208' title='bbox 1431 2716 1534 2770; x_wconf 87' lang='lat' dir='ltr'><strong>hoc</strong></span> <span class='ocrx_word' id='word_1_209' title='bbox 1572 2715 1707 2779; x_wconf 85' lang='lat' dir='ltr'><strong>ﬁeri,</strong></span> <span class='ocrx_word' id='word_1_210' title='bbox 1748 2718 2014 2786; x_wconf 84' lang='lat' dir='ltr'><strong>suspicio-</strong></span> 
     </span>
    </p>
   </div>
   <div class='ocr_carea' id='block_1_30' title="bbox 425 2810 2011 2882">
    <p class='ocr_par' dir='ltr' id='par_1_30' title="bbox 425 2810 2011 2882">
     <span class='ocr_line' id='line_1_30' title="bbox 425 2810 2011 2882; baseline -0.001 -15"><span class='ocrx_word' id='word_1_211' title='bbox 425 2829 552 2868; x_wconf 86' lang='lat' dir='ltr'><strong>nem</strong></span> <span class='ocrx_word' id='word_1_212' title='bbox 589 2812 707 2874; x_wconf 87' lang='lat' dir='ltr'><strong>dat.</strong></span> <span class='ocrx_word' id='word_1_213' title='bbox 743 2811 872 2882; x_wconf 78' lang='lat' dir='ltr'><strong>quia</strong></span> <span class='ocrx_word' id='word_1_214' title='bbox 934 2827 1040 2864; x_wconf 91' lang='lat' dir='ltr'><strong>non</strong></span> <span class='ocrx_word' id='word_1_215' title='bbox 1100 2810 1294 2876; x_wconf 86' lang='lat' dir='ltr'><strong>credit,</strong></span> <span class='ocrx_word' id='word_1_216' title='bbox 1356 2824 1556 2879; x_wconf 90' lang='lat' dir='ltr'><strong>purum</strong></span> <span class='ocrx_word' id='word_1_217' title='bbox 1623 2825 1747 2864; x_wconf 77' lang='lat' dir='ltr'><strong>esse</strong></span> <span class='ocrx_word' id='word_1_218' title='bbox 1811 2824 2011 2865; x_wconf 86' lang='lat' dir='ltr'><strong>aurum</strong></span> 
     </span>
    </p>
   </div>
   <div class='ocr_carea' id='block_1_31' title="bbox 423 2902 2015 2973">
    <p class='ocr_par' dir='ltr' id='par_1_31' title="bbox 423 2902 2015 2973">
     <span class='ocr_line' id='line_1_31' title="bbox 423 2902 2015 2973; baseline -0.002 -12"><span class='ocrx_word' id='word_1_219' title='bbox 423 2923 588 2962; x_wconf 84' lang='lat' dir='ltr'><strong>suum</strong></span> <span class='ocrx_word' id='word_1_220' title='bbox 638 2906 768 2962; x_wconf 81' lang='lat' dir='ltr'><strong>:sic</strong></span> <span class='ocrx_word' id='word_1_221' title='bbox 824 2912 879 2959; x_wconf 89' lang='lat' dir='ltr'><strong>et</strong></span> <span class='ocrx_word' id='word_1_222' title='bbox 933 2914 1159 2959; x_wconf 87' lang='lat' dir='ltr'><strong>vocatus</strong></span> <span class='ocrx_word' id='word_1_223' title='bbox 1209 2902 1263 2958; x_wconf 93' lang='lat' dir='ltr'><strong>in</strong></span> <span class='ocrx_word' id='word_1_224' title='bbox 1320 2903 1586 2973; x_wconf 79' lang='lat' dir='ltr'><strong>judicium</strong></span> <span class='ocrx_word' id='word_1_225' title='bbox 1629 2913 1682 2958; x_wconf 90' lang='lat' dir='ltr'><strong>et</strong></span> <span class='ocrx_word' id='word_1_226' title='bbox 1737 2905 2015 2960; x_wconf 80' lang='lat' dir='ltr'><strong>examina-</strong></span> 
     </span>
    </p>
   </div>
   <div class='ocr_carea' id='block_1_32' title="bbox 427 2995 2007 3070">
    <p class='ocr_par' dir='ltr' id='par_1_32' title="bbox 427 2995 2007 3070">
     <span class='ocr_line' id='line_1_32' title="bbox 427 2995 2007 3070; baseline -0.002 -16"><span class='ocrx_word' id='word_1_227' title='bbox 427 3002 628 3056; x_wconf 88' lang='lat' dir='ltr'><strong>tionem</strong></span> <span class='ocrx_word' id='word_1_228' title='bbox 659 3015 758 3070; x_wconf 88' lang='lat' dir='ltr'><strong>pro</strong></span> <span class='ocrx_word' id='word_1_229' title='bbox 791 2998 972 3068; x_wconf 79' lang='lat' dir='ltr'><strong>aliqua</strong></span> <span class='ocrx_word' id='word_1_230' title='bbox 1002 3015 1078 3062; x_wconf 88' lang='lat' dir='ltr'><strong>re,</strong></span> <span class='ocrx_word' id='word_1_231' title='bbox 1113 3007 1166 3052; x_wconf 89' lang='lat' dir='ltr'><strong>et</strong></span> <span class='ocrx_word' id='word_1_232' title='bbox 1191 2997 1384 3053; x_wconf 85' lang='lat' dir='ltr'><strong>nolens</strong></span> <span class='ocrx_word' id='word_1_233' title='bbox 1408 2997 1694 3062; x_wconf 84' lang='lat' dir='ltr'><strong>accedere,</strong></span> <span class='ocrx_word' id='word_1_234' title='bbox 1743 2995 2007 3068; x_wconf 81' lang='lat' dir='ltr'><strong>suspicio-</strong></span> 
     </span>
    </p>
   </div>
   <div class='ocr_carea' id='block_1_33' title="bbox 426 3090 2013 3164">
    <p class='ocr_par' dir='ltr' id='par_1_33' title="bbox 426 3090 2013 3164">
     <span class='ocr_line' id='line_1_33' title="bbox 426 3090 2013 3164; baseline -0.006 -13"><span class='ocrx_word' id='word_1_235' title='bbox 426 3112 549 3151; x_wconf 88' lang='lat' dir='ltr'><strong>nem</strong></span> <span class='ocrx_word' id='word_1_236' title='bbox 577 3094 691 3160; x_wconf 86' lang='lat' dir='ltr'><strong>dat,</strong></span> <span class='ocrx_word' id='word_1_237' title='bbox 721 3093 851 3164; x_wconf 87' lang='lat' dir='ltr'><strong>quia</strong></span> <span class='ocrx_word' id='word_1_238' title='bbox 886 3107 991 3147; x_wconf 88' lang='lat' dir='ltr'><strong>non</strong></span> <span class='ocrx_word' id='word_1_239' title='bbox 1027 3090 1254 3146; x_wconf 83' lang='lat' dir='ltr'><strong>conﬁdit</strong></span> <span class='ocrx_word' id='word_1_240' title='bbox 1286 3090 1339 3145; x_wconf 89' lang='lat' dir='ltr'><strong>itt</strong></span> <span class='ocrx_word' id='word_1_241' title='bbox 1370 3105 1430 3145; x_wconf 85' lang='lat' dir='ltr'><strong>se</strong></span> <span class='ocrx_word' id='word_1_242' title='bbox 1472 3091 1612 3159; x_wconf 83' lang='lat' dir='ltr'><strong>ipso,</strong></span> <span class='ocrx_word' id='word_1_243' title='bbox 1645 3105 1823 3158; x_wconf 90' lang='lat' dir='ltr'><strong>neque</strong></span> <span class='ocrx_word' id='word_1_244' title='bbox 1855 3105 2013 3160; x_wconf 72' lang='lat' dir='ltr'><strong>repu~</strong></span> 
     </span>
    </p>
   </div>
   <div class='ocr_carea' id='block_1_34' title="bbox 2139 461 3732 535">
    <p class='ocr_par' dir='ltr' id='par_1_34' title="bbox 2139 461 3732 535">
     <span class='ocr_line' id='line_1_34' title="bbox 2139 461 3732 535; baseline 0.001 -18"><span class='ocrx_word' id='word_1_245' title='bbox 2139 462 2421 521; x_wconf 85' lang='lat' dir='ltr'><strong>unionem.</strong></span> <span class='ocrx_word' id='word_1_246' title='bbox 2479 462 2557 518; x_wconf 86' lang='lat' dir='ltr'><strong>De</strong></span> <span class='ocrx_word' id='word_1_247' title='bbox 2614 464 2969 535; x_wconf 78' lang='lat' dir='ltr'><strong>precessione</strong></span> <span class='ocrx_word' id='word_1_248' title='bbox 3016 476 3202 518; x_wconf 87' lang='lat' dir='ltr'><strong>autem</strong></span> <span class='ocrx_word' id='word_1_249' title='bbox 3254 461 3493 535; x_wconf 80' lang='lat' dir='ltr'><strong>Spiritus</strong></span> <span class='ocrx_word' id='word_1_250' title='bbox 3552 465 3732 519; x_wconf 86' lang='lat' dir='ltr'><strong>sancti</strong></span> 
     </span>
    </p>
   </div>
   <div class='ocr_carea' id='block_1_35' title="bbox 2136 556 3728 628">
    <p class='ocr_par' dir='ltr' id='par_1_35' title="bbox 2136 556 3728 628">
     <span class='ocr_line' id='line_1_35' title="bbox 2136 556 3728 628; baseline 0 -18"><span class='ocrx_word' id='word_1_251' title='bbox 2136 571 2245 612; x_wconf 92' lang='lat' dir='ltr'><strong>non</strong></span> <span class='ocrx_word' id='word_1_252' title='bbox 2277 557 2589 612; x_wconf 77' lang='lat' dir='ltr'><strong>dividantur</strong></span> <span class='ocrx_word' id='word_1_253' title='bbox 2621 559 2690 613; x_wconf 89' lang='lat' dir='ltr'><strong>ab</strong></span> <span class='ocrx_word' id='word_1_254' title='bbox 2743 557 3022 624; x_wconf 80' lang='lat' dir='ltr'><strong>invicem;</strong></span> <span class='ocrx_word' id='word_1_255' title='bbox 3054 556 3152 613; x_wconf 79' lang='lat' dir='ltr'><strong>sed</strong></span> <span class='ocrx_word' id='word_1_256' title='bbox 3183 558 3462 628; x_wconf 77' lang='lat' dir='ltr'><strong>sapientes</strong></span> <span class='ocrx_word' id='word_1_257' title='bbox 3502 558 3728 627; x_wconf 87' lang='lat' dir='ltr'><strong>quidam</strong></span> 
     </span>
    </p>
   </div>
   <div class='ocr_carea' id='block_1_36' title="bbox 2135 651 3727 724">
    <p class='ocr_par' dir='ltr' id='par_1_36' title="bbox 2135 651 3727 724">
     <span class='ocr_line' id='line_1_36' title="bbox 2135 651 3727 724; baseline -0.001 -18"><span class='ocrx_word' id='word_1_258' title='bbox 2135 651 2309 708; x_wconf 85' lang='lat' dir='ltr'><strong>nostri</strong></span> <span class='ocrx_word' id='word_1_259' title='bbox 2336 668 2466 707; x_wconf 84' lang='lat' dir='ltr'><strong>cum</strong></span> <span class='ocrx_word' id='word_1_260' title='bbox 2496 652 2698 708; x_wconf 83' lang='lat' dir='ltr'><strong>vestris</strong></span> <span class='ocrx_word' id='word_1_261' title='bbox 2733 653 3011 722; x_wconf 87' lang='lat' dir='ltr'><strong>disputent</strong></span> <span class='ocrx_word' id='word_1_262' title='bbox 3048 651 3116 707; x_wconf 86' lang='lat' dir='ltr'><strong>de</strong></span> <span class='ocrx_word' id='word_1_263' title='bbox 3151 652 3254 708; x_wconf 85' lang='lat' dir='ltr'><strong>ista</strong></span> <span class='ocrx_word' id='word_1_264' title='bbox 3283 653 3617 724; x_wconf 72' lang='lat' dir='ltr'><strong>quaestione,</strong></span> <span class='ocrx_word' id='word_1_265' title='bbox 3678 653 3727 706; x_wconf 87' lang='lat' dir='ltr'><strong>si</strong></span> 
     </span>
    </p>
   </div>
   <div class='ocr_carea' id='block_1_37' title="bbox 2131 746 3728 817">
    <p class='ocr_par' dir='ltr' id='par_1_37' title="bbox 2131 746 3728 817">
     <span class='ocr_line' id='line_1_37' title="bbox 2131 746 3728 817; baseline 0.001 -19"><span class='ocrx_word' id='word_1_266' title='bbox 2131 749 2350 804; x_wconf 83' lang='lat' dir='ltr'><strong>volunt.</strong></span> <span class='ocrx_word' id='word_1_267' title='bbox 2394 746 2777 804; x_wconf 87' lang='lat' dir='ltr'><strong>Communiter</strong></span> <span class='ocrx_word' id='word_1_268' title='bbox 2800 762 2934 804; x_wconf 82' lang='lat' dir='ltr'><strong>vero</strong></span> <span class='ocrx_word' id='word_1_269' title='bbox 2989 761 3100 804; x_wconf 89' lang='lat' dir='ltr'><strong>non</strong></span> <span class='ocrx_word' id='word_1_270' title='bbox 3124 746 3459 803; x_wconf 86' lang='lat' dir='ltr'><strong>haberemus</strong></span> <span class='ocrx_word' id='word_1_271' title='bbox 3496 757 3728 817; x_wconf 84' lang='lat' dir='ltr'><strong>propter</strong></span> 
     </span>
    </p>
   </div>
   <div class='ocr_carea' id='block_1_38' title="bbox 2134 839 3722 917">
    <p class='ocr_par' dir='ltr' id='par_1_38' title="bbox 2134 839 3722 917">
     <span class='ocr_line' id='line_1_38' title="bbox 2134 839 3722 917; baseline -0.001 -23"><span class='ocrx_word' id='word_1_272' title='bbox 2134 839 2240 896; x_wconf 87' lang='lat' dir='ltr'><strong>hoc</strong></span> <span class='ocrx_word' id='word_1_273' title='bbox 2274 841 2730 917; x_wconf 36' lang='lat' dir='ltr'><strong>divisionem,‘sed</strong></span> <span class='ocrx_word' id='word_1_274' title='bbox 2765 850 2946 898; x_wconf 86' lang='lat' dir='ltr'><strong>tenete</strong></span> <span class='ocrx_word' id='word_1_275' title='bbox 2974 857 3092 906; x_wconf 84' lang='lat' dir='ltr'><strong>vos,</strong></span> <span class='ocrx_word' id='word_1_276' title='bbox 3127 842 3272 905; x_wconf 85' lang='lat' dir='ltr'><strong>quod</strong></span> <span class='ocrx_word' id='word_1_277' title='bbox 3303 842 3472 896; x_wconf 77' lang='lat' dir='ltr'><strong>vultis</strong></span> <span class='ocrx_word' id='word_1_278' title='bbox 3506 841 3573 895; x_wconf 87' lang='lat' dir='ltr'><strong>de</strong></span> <span class='ocrx_word' id='word_1_279' title='bbox 3593 842 3722 906; x_wconf 82' lang='lat' dir='ltr'><strong>isto,</strong></span> 
     </span>
    </p>
   </div>
   <div class='ocr_carea' id='block_1_39' title="bbox 2130 934 3724 1005">
    <p class='ocr_par' dir='ltr' id='par_1_39' title="bbox 2130 934 3724 1005">
     <span class='ocr_line' id='line_1_39' title="bbox 2130 934 3724 1005; baseline -0.003 -15"><span class='ocrx_word' id='word_1_280' title='bbox 2130 945 2188 990; x_wconf 91' lang='lat' dir='ltr'><strong>et</strong></span> <span class='ocrx_word' id='word_1_281' title='bbox 2243 951 2343 990; x_wconf 89' lang='lat' dir='ltr'><strong>nos</strong></span> <span class='ocrx_word' id='word_1_282' title='bbox 2385 934 2658 1000; x_wconf 69' lang='lat' dir='ltr'><strong>similiter,</strong></span> <span class='ocrx_word' id='word_1_283' title='bbox 2710 942 2764 990; x_wconf 86' lang='lat' dir='ltr'><strong>et</strong></span> <span class='ocrx_word' id='word_1_284' title='bbox 2805 952 2911 989; x_wconf 91' lang='lat' dir='ltr'><strong>non</strong></span> <span class='ocrx_word' id='word_1_285' title='bbox 2962 935 3288 990; x_wconf 80' lang='lat' dir='ltr'><strong>damnemus</strong></span> <span class='ocrx_word' id='word_1_286' title='bbox 3343 945 3566 1005; x_wconf 87' lang='lat' dir='ltr'><strong>propter</strong></span> <span class='ocrx_word' id='word_1_287' title='bbox 3621 934 3724 987; x_wconf 81' lang='lat' dir='ltr'><strong>hor</strong></span> 
     </span>
    </p>
   </div>
   <div class='ocr_carea' id='block_1_40' title="bbox 2132 1025 3722 1098">
    <p class='ocr_par' dir='ltr' id='par_1_40' title="bbox 2132 1025 3722 1098">
     <span class='ocr_line' id='line_1_40' title="bbox 2132 1025 3722 1098; baseline 0 -15"><span class='ocrx_word' id='word_1_288' title='bbox 2132 1029 2492 1094; x_wconf 89' lang='lat' dir='ltr'><strong>alterutrum;</strong></span> <span class='ocrx_word' id='word_1_289' title='bbox 2527 1029 2620 1083; x_wconf 88' lang='lat' dir='ltr'><strong>sed</strong></span> <span class='ocrx_word' id='word_1_290' title='bbox 2678 1030 2881 1084; x_wconf 86' lang='lat' dir='ltr'><strong>factum</strong></span> <span class='ocrx_word' id='word_1_291' title='bbox 2910 1030 2983 1084; x_wconf 90' lang='lat' dir='ltr'><strong>sit</strong></span> <span class='ocrx_word' id='word_1_292' title='bbox 3037 1035 3269 1085; x_wconf 87' lang='lat' dir='ltr'><strong>tantum.</strong></span> <span class='ocrx_word' id='word_1_293' title='bbox 3326 1025 3441 1083; x_wconf 83' lang='lat' dir='ltr'><strong>Vos</strong></span> <span class='ocrx_word' id='word_1_294' title='bbox 3499 1026 3722 1098; x_wconf 82' lang='lat' dir='ltr'><strong>quidem</strong></span> 
     </span>
    </p>
   </div>
   <div class='ocr_carea' id='block_1_41' title="bbox 2131 1120 3722 1193">
    <p class='ocr_par' dir='ltr' id='par_1_41' title="bbox 2131 1120 3722 1193">
     <span class='ocr_line' id='line_1_41' title="bbox 2131 1120 3722 1193; baseline -0.002 -16"><span class='ocrx_word' id='word_1_295' title='bbox 2131 1121 2257 1177; x_wconf 81' lang='lat' dir='ltr'><strong>date</strong></span> <span class='ocrx_word' id='word_1_296' title='bbox 2310 1121 2574 1178; x_wconf 70' lang='lat' dir='ltr'><strong>Ecclesia:</strong></span> <span class='ocrx_word' id='word_1_297' title='bbox 2603 1120 2866 1178; x_wconf 68' lang='lat' dir='ltr'><strong>Romanae</strong></span> <span class='ocrx_word' id='word_1_298' title='bbox 2909 1123 3062 1177; x_wconf 91' lang='lat' dir='ltr'><strong>illum</strong></span> <span class='ocrx_word' id='word_1_299' title='bbox 3103 1123 3397 1190; x_wconf 86' lang='lat' dir='ltr'><strong>honorem,</strong></span> <span class='ocrx_word' id='word_1_300' title='bbox 3433 1137 3592 1193; x_wconf 88' lang='lat' dir='ltr'><strong>quem</strong></span> <span class='ocrx_word' id='word_1_301' title='bbox 3621 1121 3722 1175; x_wconf 82' lang='lat' dir='ltr'><strong>da-</strong></span> 
     </span>
    </p>
   </div>
   <div class='ocr_carea' id='block_1_42' title="bbox 2131 1215 3722 1287">
    <p class='ocr_par' dir='ltr' id='par_1_42' title="bbox 2131 1215 3722 1287">
     <span class='ocr_line' id='line_1_42' title="bbox 2131 1215 3722 1287; baseline -0.001 -17"><span class='ocrx_word' id='word_1_302' title='bbox 2131 1215 2262 1271; x_wconf 84' lang='lat' dir='ltr'><strong>bant</strong></span> <span class='ocrx_word' id='word_1_303' title='bbox 2299 1224 2352 1272; x_wconf 87' lang='lat' dir='ltr'><strong>et</strong></span> <span class='ocrx_word' id='word_1_304' title='bbox 2402 1217 2610 1287; x_wconf 87' lang='lat' dir='ltr'><strong>antiqui</strong></span> <span class='ocrx_word' id='word_1_305' title='bbox 2673 1217 2999 1286; x_wconf 66' lang='lat' dir='ltr'><strong>patriarcha:</strong></span> <span class='ocrx_word' id='word_1_306' title='bbox 3063 1219 3119 1272; x_wconf 88' lang='lat' dir='ltr'><strong>in</strong></span> <span class='ocrx_word' id='word_1_307' title='bbox 3170 1227 3417 1286; x_wconf 88' lang='lat' dir='ltr'><strong>tempore</strong></span> <span class='ocrx_word' id='word_1_308' title='bbox 3475 1216 3722 1281; x_wconf 78' lang='lat' dir='ltr'><strong>nnionis,</strong></span> 
     </span>
    </p>
   </div>
   <div class='ocr_carea' id='block_1_43' title="bbox 2129 1309 3720 1383">
    <p class='ocr_par' dir='ltr' id='par_1_43' title="bbox 2129 1309 3720 1383">
     <span class='ocr_line' id='line_1_43' title="bbox 2129 1309 3720 1383; baseline 0.002 -21"><span class='ocrx_word' id='word_1_309' title='bbox 2129 1327 2296 1383; x_wconf 88' lang='lat' dir='ltr'><strong>quam</strong></span> <span class='ocrx_word' id='word_1_310' title='bbox 2353 1309 2857 1368; x_wconf 86' lang='lat' dir='ltr'><strong>determinavernnt</strong></span> <span class='ocrx_word' id='word_1_311' title='bbox 2883 1322 2937 1366; x_wconf 88' lang='lat' dir='ltr'><strong>et</strong></span> <span class='ocrx_word' id='word_1_312' title='bbox 2997 1313 3140 1382; x_wconf 80' lang='lat' dir='ltr'><strong>leges</strong></span> <span class='ocrx_word' id='word_1_313' title='bbox 3199 1313 3614 1381; x_wconf 85' lang='lat' dir='ltr'><strong>imperatorum.</strong></span> <span class='ocrx_word' id='word_1_314' title='bbox 3667 1322 3720 1366; x_wconf 83' lang='lat' dir='ltr'><strong>et</strong></span> 
     </span>
    </p>
   </div>
   <div class='ocr_carea' id='block_1_44' title="bbox 2129 1403 3717 1475">
    <p class='ocr_par' dir='ltr' id='par_1_44' title="bbox 2129 1403 3717 1475">
     <span class='ocr_line' id='line_1_44' title="bbox 2129 1403 3717 1475; baseline -0.003 -15"><span class='ocrx_word' id='word_1_315' title='bbox 2129 1420 2372 1460; x_wconf 87' lang='lat' dir='ltr'><strong>canones</strong></span> <span class='ocrx_word' id='word_1_316' title='bbox 2398 1413 2715 1459; x_wconf 87' lang='lat' dir='ltr'><strong>sanctorum</strong></span> <span class='ocrx_word' id='word_1_317' title='bbox 2749 1403 2995 1470; x_wconf 82' lang='lat' dir='ltr'><strong>Patrum,</strong></span> <span class='ocrx_word' id='word_1_318' title='bbox 3026 1415 3078 1460; x_wconf 91' lang='lat' dir='ltr'><strong>et</strong></span> <span class='ocrx_word' id='word_1_319' title='bbox 3109 1405 3229 1475; x_wconf 89' lang='lat' dir='ltr'><strong>plus</strong></span> <span class='ocrx_word' id='word_1_320' title='bbox 3266 1421 3375 1459; x_wconf 86' lang='lat' dir='ltr'><strong>non</strong></span> <span class='ocrx_word' id='word_1_321' title='bbox 3421 1403 3658 1474; x_wconf 83' lang='lat' dir='ltr'><strong>petimus</strong></span> <span class='ocrx_word' id='word_1_322' title='bbox 3687 1418 3717 1455; x_wconf 85' lang='lat' dir='ltr'><strong>a</strong></span> 
     </span>
    </p>
   </div>
   <div class='ocr_carea' id='block_1_45' title="bbox 2128 1498 3719 1569">
    <p class='ocr_par' dir='ltr' id='par_1_45' title="bbox 2128 1498 3719 1569">
     <span class='ocr_line' id='line_1_45' title="bbox 2128 1498 3719 1569; baseline -0.003 -14"><span class='ocrx_word' id='word_1_323' title='bbox 2128 1500 2308 1555; x_wconf 80' lang='lat' dir='ltr'><strong>vobis.</strong></span> <span class='ocrx_word' id='word_1_324' title='bbox 2366 1498 2475 1554; x_wconf 85' lang='lat' dir='ltr'><strong>Nos</strong></span> <span class='ocrx_word' id='word_1_325' title='bbox 2521 1508 2703 1555; x_wconf 86' lang='lat' dir='ltr'><strong>autem</strong></span> <span class='ocrx_word' id='word_1_326' title='bbox 2745 1499 2922 1569; x_wconf 80' lang='lat' dir='ltr'><strong>parati</strong></span> <span class='ocrx_word' id='word_1_327' title='bbox 2956 1513 3150 1555; x_wconf 79' lang='lat' dir='ltr'><strong>sumus</strong></span> <span class='ocrx_word' id='word_1_328' title='bbox 3201 1499 3352 1562; x_wconf 83' lang='lat' dir='ltr'><strong>dare,</strong></span> <span class='ocrx_word' id='word_1_329' title='bbox 3383 1505 3440 1554; x_wconf 91' lang='lat' dir='ltr'><strong>ct</strong></span> <span class='ocrx_word' id='word_1_330' title='bbox 3500 1498 3719 1552; x_wconf 85' lang='lat' dir='ltr'><strong>ﬁrmare</strong></span> 
     </span>
    </p>
   </div>
   <div class='ocr_carea' id='block_1_46' title="bbox 2131 1590 3717 1660">
    <p class='ocr_par' dir='ltr' id='par_1_46' title="bbox 2131 1590 3717 1660">
     <span class='ocr_line' id='line_1_46' title="bbox 2131 1590 3717 1660; baseline -0.001 -14"><span class='ocrx_word' id='word_1_331' title='bbox 2131 1591 2392 1648; x_wconf 61' lang='lat' dir='ltr'><strong>Ecclesia</strong></span> <span class='ocrx_word' id='word_1_332' title='bbox 2420 1590 2706 1657; x_wconf 87' lang='lat' dir='ltr'><strong>Orientali,</strong></span> <span class='ocrx_word' id='word_1_333' title='bbox 2737 1601 2790 1646; x_wconf 89' lang='lat' dir='ltr'><strong>et</strong></span> <span class='ocrx_word' id='word_1_334' title='bbox 2818 1592 3133 1660; x_wconf 85' lang='lat' dir='ltr'><strong>specialiter</strong></span> <span class='ocrx_word' id='word_1_335' title='bbox 3165 1591 3424 1647; x_wconf 66' lang='lat' dir='ltr'><strong>Ecclesiae</strong></span> <span class='ocrx_word' id='word_1_336' title='bbox 3447 1590 3717 1646; x_wconf 85' lang='lat' dir='ltr'><strong>Constan-</strong></span> 
     </span>
    </p>
   </div>
   <div class='ocr_carea' id='block_1_47' title="bbox 2131 1683 3712 1755">
    <p class='ocr_par' dir='ltr' id='par_1_47' title="bbox 2131 1683 3712 1755">
     <span class='ocr_line' id='line_1_47' title="bbox 2131 1683 3712 1755; baseline -0.003 -15"><span class='ocrx_word' id='word_1_337' title='bbox 2131 1685 2521 1755; x_wconf 67' lang='lat' dir='ltr'><strong>tinopolitanae,</strong></span> <span class='ocrx_word' id='word_1_338' title='bbox 2545 1693 2599 1741; x_wconf 89' lang='lat' dir='ltr'><strong>et</strong></span> <span class='ocrx_word' id='word_1_339' title='bbox 2623 1683 2855 1755; x_wconf 86' lang='lat' dir='ltr'><strong>imperio</strong></span> <span class='ocrx_word' id='word_1_340' title='bbox 2879 1683 3496 1754; x_wconf 60' lang='lat' dir='ltr'><strong>Constantinottolitano</strong></span> <span class='ocrx_word' id='word_1_341' title='bbox 3525 1685 3712 1737; x_wconf 83' lang='lat' dir='ltr'><strong>omnia</strong></span> 
     </span>
    </p>
   </div>
   <div class='ocr_carea' id='block_1_48' title="bbox 2125 1775 3717 1847">
    <p class='ocr_par' dir='ltr' id='par_1_48' title="bbox 2125 1775 3717 1847">
     <span class='ocr_line' id='line_1_48' title="bbox 2125 1775 3717 1847; baseline -0.002 -16"><span class='ocrx_word' id='word_1_342' title='bbox 2125 1775 2273 1846; x_wconf 79' lang='lat' dir='ltr'><strong>jura,</strong></span> <span class='ocrx_word' id='word_1_343' title='bbox 2328 1793 2449 1847; x_wconf 74' lang='lat' dir='ltr'><strong>qua:</strong></span> <span class='ocrx_word' id='word_1_344' title='bbox 2488 1786 2615 1831; x_wconf 90' lang='lat' dir='ltr'><strong>sunt</strong></span> <span class='ocrx_word' id='word_1_345' title='bbox 2650 1779 2734 1832; x_wconf 87' lang='lat' dir='ltr'><strong>vel</strong></span> <span class='ocrx_word' id='word_1_346' title='bbox 2766 1777 2836 1833; x_wconf 87' lang='lat' dir='ltr'><strong>ab</strong></span> <span class='ocrx_word' id='word_1_347' title='bbox 2888 1777 3111 1847; x_wconf 84' lang='lat' dir='ltr'><strong>antiqua</strong></span> <span class='ocrx_word' id='word_1_348' title='bbox 3156 1776 3580 1841; x_wconf 88' lang='lat' dir='ltr'><strong>consuetudine,</strong></span> <span class='ocrx_word' id='word_1_349' title='bbox 3632 1775 3717 1829; x_wconf 80' lang='lat' dir='ltr'><strong>rei</strong></span> 
     </span>
    </p>
   </div>
   <div class='ocr_carea' id='block_1_49' title="bbox 2127 1869 3715 1941">
    <p class='ocr_par' dir='ltr' id='par_1_49' title="bbox 2127 1869 3715 1941">
     <span class='ocr_line' id='line_1_49' title="bbox 2127 1869 3715 1941; baseline -0.003 -16"><span class='ocrx_word' id='word_1_350' title='bbox 2127 1869 2490 1925; x_wconf 87' lang='lat' dir='ltr'><strong>detertninata</strong></span> <span class='ocrx_word' id='word_1_351' title='bbox 2526 1877 2620 1923; x_wconf 88' lang='lat' dir='ltr'><strong>aut</strong></span> <span class='ocrx_word' id='word_1_352' title='bbox 2657 1887 2688 1925; x_wconf 89' lang='lat' dir='ltr'><strong>a</strong></span> <span class='ocrx_word' id='word_1_353' title='bbox 2723 1869 2932 1941; x_wconf 75' lang='lat' dir='ltr'><strong>legibus</strong></span> <span class='ocrx_word' id='word_1_354' title='bbox 2963 1869 3481 1940; x_wconf 85' lang='lat' dir='ltr'><strong>imperatorum,aut</strong></span> <span class='ocrx_word' id='word_1_355' title='bbox 3532 1886 3563 1925; x_wconf 89' lang='lat' dir='ltr'><strong>a</strong></span> <span class='ocrx_word' id='word_1_356' title='bbox 3617 1883 3715 1922; x_wconf 80' lang='lat' dir='ltr'><strong>ea-</strong></span> 
     </span>
    </p>
   </div>
   <div class='ocr_carea' id='block_1_50' title="bbox 2121 1962 3714 2029">
    <p class='ocr_par' dir='ltr' id='par_1_50' title="bbox 2121 1962 3714 2029">
     <span class='ocr_line' id='line_1_50' title="bbox 2121 1962 3714 2029; baseline 0.001 -13"><span class='ocrx_word' id='word_1_357' title='bbox 2121 1962 2363 2018; x_wconf 89' lang='lat' dir='ltr'><strong>nonihus</strong></span> <span class='ocrx_word' id='word_1_358' title='bbox 2395 1972 2716 2018; x_wconf 87' lang='lat' dir='ltr'><strong>sanctorum</strong></span> <span class='ocrx_word' id='word_1_359' title='bbox 2754 1962 3002 2020; x_wconf 76' lang='lat' dir='ltr'><strong>Patrum.</strong></span> <span class='ocrx_word' id='word_1_360' title='bbox 3043 1963 3151 2020; x_wconf 87' lang='lat' dir='ltr'><strong>Ista</strong></span> <span class='ocrx_word' id='word_1_361' title='bbox 3176 1963 3365 2029; x_wconf 81' lang='lat' dir='ltr'><strong>verba,</strong></span> <span class='ocrx_word' id='word_1_362' title='bbox 3392 1964 3714 2019; x_wconf 83' lang='lat' dir='ltr'><strong>sanctisime</strong></span> 
     </span>
    </p>
   </div>
   <div class='ocr_carea' id='block_1_51' title="bbox 2111 2054 3712 2127">
    <p class='ocr_par' dir='ltr' id='par_1_51' title="bbox 2111 2054 3712 2127">
     <span class='ocr_line' id='line_1_51' title="bbox 2111 2054 3712 2127; baseline 0 -16"><span class='ocrx_word' id='word_1_363' title='bbox 2111 2054 2297 2121; x_wconf 84' lang='lat' dir='ltr'><strong>Pater,</strong></span> <span class='ocrx_word' id='word_1_364' title='bbox 2331 2057 2620 2114; x_wconf 88' lang='lat' dir='ltr'><strong>audientes</strong></span> <span class='ocrx_word' id='word_1_365' title='bbox 2651 2055 2854 2122; x_wconf 61' lang='lat' dir='ltr'><strong>Graeci,</strong></span> <span class='ocrx_word' id='word_1_366' title='bbox 2913 2057 2958 2112; x_wconf 91' lang='lat' dir='ltr'><strong>si</strong></span> <span class='ocrx_word' id='word_1_367' title='bbox 3007 2071 3202 2112; x_wconf 88' lang='lat' dir='ltr'><strong>omnes</strong></span> <span class='ocrx_word' id='word_1_368' title='bbox 3251 2056 3541 2127; x_wconf 88' lang='lat' dir='ltr'><strong>recipient,</strong></span> <span class='ocrx_word' id='word_1_369' title='bbox 3603 2071 3712 2111; x_wconf 87' lang='lat' dir='ltr'><strong>non</strong></span> 
     </span>
    </p>
   </div>
   <div class='ocr_carea' id='block_1_52' title="bbox 2114 2149 3710 2223">
    <p class='ocr_par' dir='ltr' id='par_1_52' title="bbox 2114 2149 3710 2223">
     <span class='ocr_line' id='line_1_52' title="bbox 2114 2149 3710 2223; baseline -0.004 -17"><span class='ocrx_word' id='word_1_370' title='bbox 2114 2167 2337 2223; x_wconf 88' lang='lat' dir='ltr'><strong>possum</strong></span> <span class='ocrx_word' id='word_1_371' title='bbox 2361 2152 2580 2216; x_wconf 81' lang='lat' dir='ltr'><strong>dicere;</strong></span> <span class='ocrx_word' id='word_1_372' title='bbox 2609 2162 2788 2207; x_wconf 87' lang='lat' dir='ltr'><strong>tamen</strong></span> <span class='ocrx_word' id='word_1_373' title='bbox 2817 2152 3002 2216; x_wconf 87' lang='lat' dir='ltr'><strong>credo,</strong></span> <span class='ocrx_word' id='word_1_374' title='bbox 3023 2151 3150 2222; x_wconf 88' lang='lat' dir='ltr'><strong>quia</strong></span> <span class='ocrx_word' id='word_1_375' title='bbox 3175 2149 3393 2221; x_wconf 87' lang='lat' dir='ltr'><strong>plurimi</strong></span> <span class='ocrx_word' id='word_1_376' title='bbox 3417 2149 3710 2218; x_wconf 83' lang='lat' dir='ltr'><strong>recipient,</strong></span> 
     </span>
    </p>
   </div>
   <div class='ocr_carea' id='block_1_53' title="bbox 2113 2240 3711 2315">
    <p class='ocr_par' dir='ltr' id='par_1_53' title="bbox 2113 2240 3711 2315">
     <span class='ocr_line' id='line_1_53' title="bbox 2113 2240 3711 2315; baseline -0.002 -15"><span class='ocrx_word' id='word_1_377' title='bbox 2113 2251 2170 2300; x_wconf 90' lang='lat' dir='ltr'><strong>et</strong></span> <span class='ocrx_word' id='word_1_378' title='bbox 2202 2243 2438 2300; x_wconf 84' lang='lat' dir='ltr'><strong>forsitan</strong></span> <span class='ocrx_word' id='word_1_379' title='bbox 2495 2259 2590 2315; x_wconf 90' lang='lat' dir='ltr'><strong>per</strong></span> <span class='ocrx_word' id='word_1_380' title='bbox 2656 2244 2820 2298; x_wconf 89' lang='lat' dir='ltr'><strong>istum</strong></span> <span class='ocrx_word' id='word_1_381' title='bbox 2874 2241 3097 2297; x_wconf 87' lang='lat' dir='ltr'><strong>modum</strong></span> <span class='ocrx_word' id='word_1_382' title='bbox 3159 2240 3304 2297; x_wconf 89' lang='lat' dir='ltr'><strong>Deus</strong></span> <span class='ocrx_word' id='word_1_383' title='bbox 3347 2241 3498 2296; x_wconf 88' lang='lat' dir='ltr'><strong>dabit</strong></span> <span class='ocrx_word' id='word_1_384' title='bbox 3552 2241 3711 2297; x_wconf 84' lang='lat' dir='ltr'><strong>nobis</strong></span> 
     </span>
    </p>
   </div>
   <div class='ocr_carea' id='block_1_54' title="bbox 2116 2335 3710 2408">
    <p class='ocr_par' dir='ltr' id='par_1_54' title="bbox 2116 2335 3710 2408">
     <span class='ocr_line' id='line_1_54' title="bbox 2116 2335 3710 2408; baseline -0.004 -13"><span class='ocrx_word' id='word_1_385' title='bbox 2116 2341 2403 2395; x_wconf 84' lang='lat' dir='ltr'><strong>uniOnem.</strong></span> <span class='ocrx_word' id='word_1_386' title='bbox 2436 2337 2644 2393; x_wconf 85' lang='lat' dir='ltr'><strong>Tamen</strong></span> <span class='ocrx_word' id='word_1_387' title='bbox 2672 2335 3049 2408; x_wconf 88' lang='lat' dir='ltr'><strong>supplicamus</strong></span> <span class='ocrx_word' id='word_1_388' title='bbox 3068 2345 3308 2391; x_wconf 83' lang='lat' dir='ltr'><strong>vestram</strong></span> <span class='ocrx_word' id='word_1_389' title='bbox 3340 2335 3710 2397; x_wconf 88' lang='lat' dir='ltr'><strong>sanctitatem,</strong></span> 
     </span>
    </p>
   </div>
   <div class='ocr_carea' id='block_1_55' title="bbox 2115 2431 3709 2502">
    <p class='ocr_par' dir='ltr' id='par_1_55' title="bbox 2115 2431 3709 2502">
     <span class='ocr_line' id='line_1_55' title="bbox 2115 2431 3709 2502; baseline -0.004 -11"><span class='ocrx_word' id='word_1_390' title='bbox 2115 2450 2223 2491; x_wconf 91' lang='lat' dir='ltr'><strong>non</strong></span> <span class='ocrx_word' id='word_1_391' title='bbox 2276 2432 2543 2489; x_wconf 87' lang='lat' dir='ltr'><strong>omittatis</strong></span> <span class='ocrx_word' id='word_1_392' title='bbox 2580 2447 2681 2488; x_wconf 87' lang='lat' dir='ltr'><strong>nos</strong></span> <span class='ocrx_word' id='word_1_393' title='bbox 2709 2432 2829 2489; x_wconf 87' lang='lat' dir='ltr'><strong>sine</strong></span> <span class='ocrx_word' id='word_1_394' title='bbox 2875 2443 3096 2502; x_wconf 90' lang='lat' dir='ltr'><strong>portare</strong></span> <span class='ocrx_word' id='word_1_395' title='bbox 3126 2431 3367 2499; x_wconf 89' lang='lat' dir='ltr'><strong>aliquam</strong></span> <span class='ocrx_word' id='word_1_396' title='bbox 3410 2431 3642 2501; x_wconf 80' lang='lat' dir='ltr'><strong>gratiam</strong></span> <span class='ocrx_word' id='word_1_397' title='bbox 3679 2445 3709 2484; x_wconf 91' lang='lat' dir='ltr'><strong>a</strong></span> 
     </span>
    </p>
   </div>
   <div class='ocr_carea' id='block_1_56' title="bbox 2115 2507 3709 2597">
    <p class='ocr_par' dir='ltr' id='par_1_56' title="bbox 2115 2507 3709 2597">
     <span class='ocr_line' id='line_1_56' title="bbox 2115 2507 3709 2597; baseline -0.004 -13"><span class='ocrx_word' id='word_1_398' title='bbox 2115 2528 2277 2584; x_wconf 84' lang='lat' dir='ltr'><strong>vobis</strong></span> <span class='ocrx_word' id='word_1_399' title='bbox 2332 2527 2554 2583; x_wconf 89' lang='lat' dir='ltr'><strong>domino</strong></span> <span class='ocrx_word' id='word_1_400' title='bbox 2618 2543 2740 2583; x_wconf 88' lang='lat' dir='ltr'><strong>meo</strong></span> <span class='ocrx_word' id='word_1_401' title='bbox 2768 2527 3112 2597; x_wconf 86' lang='lat' dir='ltr'><strong>imperatori,</strong></span> <span class='ocrx_word' id='word_1_402' title='bbox 3152 2507 3210 2581; x_wconf 76' lang='lat' dir='ltr'><strong>ui</strong></span> <span class='ocrx_word' id='word_1_403' title='bbox 3242 2535 3485 2597; x_wconf 80' lang='lat' dir='ltr'><strong>Oplalllln</strong></span> <span class='ocrx_word' id='word_1_404' title='bbox 3524 2540 3709 2588; x_wconf 85' lang='lat' dir='ltr'><strong>suum,</strong></span> 
     </span>
    </p>
   </div>
   <div class='ocr_carea' id='block_1_57' title="bbox 2115 2619 3711 2692">
    <p class='ocr_par' dir='ltr' id='par_1_57' title="bbox 2115 2619 3711 2692">
     <span class='ocr_line' id='line_1_57' title="bbox 2115 2619 3711 2692; baseline -0.002 -15"><span class='ocrx_word' id='word_1_405' title='bbox 2115 2619 2263 2692; x_wconf 92' lang='lat' dir='ltr'><strong>quod</strong></span> <span class='ocrx_word' id='word_1_406' title='bbox 2280 2619 2444 2676; x_wconf 86' lang='lat' dir='ltr'><strong>habet</strong></span> <span class='ocrx_word' id='word_1_407' title='bbox 2470 2621 2688 2677; x_wconf 88' lang='lat' dir='ltr'><strong>unionls</strong></span> <span class='ocrx_word' id='word_1_408' title='bbox 2705 2619 2965 2677; x_wconf 69' lang='lat' dir='ltr'><strong>Ecclesiae</strong></span> <span class='ocrx_word' id='word_1_409' title='bbox 2991 2635 3102 2676; x_wconf 91' lang='lat' dir='ltr'><strong>non</strong></span> <span class='ocrx_word' id='word_1_410' title='bbox 3125 2623 3144 2645; x_wconf 80' lang='grc'><strong>⁹</strong></span> <span class='ocrx_word' id='word_1_411' title='bbox 3172 2623 3192 2644; x_wconf 79' lang='grc'><strong><em>⁶</em></strong></span> <span class='ocrx_word' id='word_1_412' title='bbox 3220 2624 3237 2644; x_wconf 86' lang='grc'><strong>·</strong></span> <span class='ocrx_word' id='word_1_413' title='bbox 3261 2621 3355 2675; x_wconf 87' lang='lat' dir='ltr'><strong>sed</strong></span> <span class='ocrx_word' id='word_1_414' title='bbox 3380 2622 3567 2690; x_wconf 87' lang='lat' dir='ltr'><strong>potius</strong></span> <span class='ocrx_word' id='word_1_415' title='bbox 3591 2620 3711 2674; x_wconf 86' lang='lat' dir='ltr'><strong>illu-</strong></span> 
     </span>
    </p>
   </div>
   <div class='ocr_carea' id='block_1_58' title="bbox 2116 2713 3708 2783">
    <p class='ocr_par' dir='ltr' id='par_1_58' title="bbox 2116 2713 3708 2783">
     <span class='ocr_line' id='line_1_58' title="bbox 2116 2713 3708 2783; baseline -0.001 -14"><span class='ocrx_word' id='word_1_416' title='bbox 2116 2716 2409 2770; x_wconf 78' lang='lat' dir='ltr'><strong>minetum</strong></span> <span class='ocrx_word' id='word_1_417' title='bbox 2440 2743 2509 2755; x_wconf 90' lang='lat'><strong>—-</strong></span> <span class='ocrx_word' id='word_1_418' title='bbox 2539 2713 2903 2783; x_wconf 87' lang='lat' dir='ltr'><strong>Supradictus</strong></span> <span class='ocrx_word' id='word_1_419' title='bbox 2931 2713 3190 2770; x_wconf 88' lang='lat' dir='ltr'><strong>dominus</strong></span> <span class='ocrx_word' id='word_1_420' title='bbox 3224 2725 3415 2768; x_wconf 85' lang='lat' dir='ltr'><strong>noster</strong></span> <span class='ocrx_word' id='word_1_421' title='bbox 3457 2730 3708 2768; x_wconf 82' lang='lat' dir='ltr'><strong>summus</strong></span> 
     </span>
    </p>
   </div>
   <div class='ocr_carea' id='block_1_59' title="bbox 2117 2807 3710 2881">
    <p class='ocr_par' dir='ltr' id='par_1_59' title="bbox 2117 2807 3710 2881">
     <span class='ocr_line' id='line_1_59' title="bbox 2117 2807 3710 2881; baseline -0.001 -17"><span class='ocrx_word' id='word_1_422' title='bbox 2117 2808 2383 2880; x_wconf 82' lang='lat' dir='ltr'><strong>pontifex,</strong></span> <span class='ocrx_word' id='word_1_423' title='bbox 2412 2825 2536 2867; x_wconf 89' lang='lat' dir='ltr'><strong>cum</strong></span> <span class='ocrx_word' id='word_1_424' title='bbox 2584 2825 2688 2866; x_wconf 89' lang='lat' dir='ltr'><strong>suo</strong></span> <span class='ocrx_word' id='word_1_425' title='bbox 2709 2807 2941 2881; x_wconf 78' lang='lat' dir='ltr'><strong>collegio</strong></span> <span class='ocrx_word' id='word_1_426' title='bbox 2995 2807 3273 2877; x_wconf 61' lang='lat' dir='ltr'><strong>praedicto,</strong></span> <span class='ocrx_word' id='word_1_427' title='bbox 3330 2809 3710 2879; x_wconf 87' lang='lat' dir='ltr'><strong>respondendo</strong></span> 
     </span>
    </p>
   </div>
   <div class='ocr_carea' id='block_1_60' title="bbox 2117 2904 3704 2977">
    <p class='ocr_par' dir='ltr' id='par_1_60' title="bbox 2117 2904 3704 2977">
     <span class='ocr_line' id='line_1_60' title="bbox 2117 2904 3704 2977; baseline -0.004 -16"><span class='ocrx_word' id='word_1_428' title='bbox 2117 2907 2276 2973; x_wconf 78' lang='lat' dir='ltr'><strong>dixit,</strong></span> <span class='ocrx_word' id='word_1_429' title='bbox 2305 2908 2479 2977; x_wconf 88' lang='lat' dir='ltr'><strong>quod,</strong></span> <span class='ocrx_word' id='word_1_430' title='bbox 2511 2907 2716 2962; x_wconf 90' lang='lat' dir='ltr'><strong>eisdem</strong></span> <span class='ocrx_word' id='word_1_431' title='bbox 2752 2905 3055 2960; x_wconf 88' lang='lat' dir='ltr'><strong>rationibus</strong></span> <span class='ocrx_word' id='word_1_432' title='bbox 3089 2920 3439 2975; x_wconf 83' lang='lat' dir='ltr'><strong>nequaquam</strong></span> <span class='ocrx_word' id='word_1_433' title='bbox 3475 2904 3704 2959; x_wconf 83' lang='lat' dir='ltr'><strong>obstan-</strong></span> 
     </span>
    </p>
   </div>
   <div class='ocr_carea' id='block_1_61' title="bbox 2118 3001 3704 3075">
    <p class='ocr_par' dir='ltr' id='par_1_61' title="bbox 2118 3001 3704 3075">
     <span class='ocr_line' id='line_1_61' title="bbox 2118 3001 3704 3075; baseline -0.002 -17"><span class='ocrx_word' id='word_1_434' title='bbox 2118 3006 2288 3069; x_wconf 86' lang='lat' dir='ltr'><strong>tibus,</strong></span> <span class='ocrx_word' id='word_1_435' title='bbox 2317 3020 2382 3058; x_wconf 80' lang='lat' dir='ltr'><strong>ex</strong></span> <span class='ocrx_word' id='word_1_436' title='bbox 2416 3019 2481 3057; x_wconf 92' lang='lat' dir='ltr'><strong>co</strong></span> <span class='ocrx_word' id='word_1_437' title='bbox 2529 3003 2678 3075; x_wconf 88' lang='lat' dir='ltr'><strong>justa</strong></span> <span class='ocrx_word' id='word_1_438' title='bbox 2725 3002 2984 3074; x_wconf 62' lang='lat' dir='ltr'><strong>praedicta</strong></span> <span class='ocrx_word' id='word_1_439' title='bbox 3040 3002 3232 3072; x_wconf 86' lang='lat' dir='ltr'><strong>petitio</strong></span> <span class='ocrx_word' id='word_1_440' title='bbox 3290 3017 3397 3057; x_wconf 92' lang='lat' dir='ltr'><strong>non</strong></span> <span class='ocrx_word' id='word_1_441' title='bbox 3447 3001 3704 3068; x_wconf 71' lang='lat' dir='ltr'><strong>Videtur;</strong></span> 
     </span>
    </p>
   </div>
   <div class='ocr_carea' id='block_1_62' title="bbox 2115 3089 3707 3169">
    <p class='ocr_par' dir='ltr' id='par_1_62' title="bbox 2115 3089 3707 3169">
     <span class='ocr_line' id='line_1_62' title="bbox 2115 3089 3707 3169; baseline -0.004 -20"><span class='ocrx_word' id='word_1_442' title='bbox 2115 3095 2242 3169; x_wconf 88' lang='lat' dir='ltr'><strong>quia</strong></span> <span class='ocrx_word' id='word_1_443' title='bbox 2271 3097 2317 3152; x_wconf 85' lang='lat' dir='ltr'><strong>si</strong></span> <span class='ocrx_word' id='word_1_444' title='bbox 2359 3094 2659 3162; x_wconf 84' lang='lat' dir='ltr'><strong>fortiﬁcati,</strong></span> <span class='ocrx_word' id='word_1_445' title='bbox 2709 3094 2889 3160; x_wconf 88' lang='lat' dir='ltr'><strong>ditati,</strong></span> <span class='ocrx_word' id='word_1_446' title='bbox 2917 3092 3138 3148; x_wconf 75' lang='lat' dir='ltr'><strong>exaltati</strong></span> <span class='ocrx_word' id='word_1_447' title='bbox 3201 3102 3254 3148; x_wconf 91' lang='lat' dir='ltr'><strong>et</strong></span> <span class='ocrx_word' id='word_1_448' title='bbox 3286 3089 3581 3146; x_wconf 86' lang='lat' dir='ltr'><strong>confortati</strong></span> <span class='ocrx_word' id='word_1_449' title='bbox 3610 3105 3707 3159; x_wconf 87' lang='lat' dir='ltr'><strong>per</strong></span> 
     </span>
    </p>
   </div>
   <div class='ocr_carea' id='block_1_63' title="bbox 428 3182 3708 3262">
    <p class='ocr_par' dir='ltr' id='par_1_63' title="bbox 428 3182 3708 3262">
     <span class='ocr_line' id='line_1_63' title="bbox 428 3182 3708 3262; baseline -0.002 -18"><span class='ocrx_word' id='word_1_450' title='bbox 428 3200 508 3244; x_wconf 88' lang='lat' dir='ltr'><strong>tat</strong></span> <span class='ocrx_word' id='word_1_451' title='bbox 538 3187 795 3255; x_wconf 80' lang='lat' dir='ltr'><strong>ﬁrmiter,</strong></span> <span class='ocrx_word' id='word_1_452' title='bbox 840 3184 1046 3242; x_wconf 84' lang='lat' dir='ltr'><strong>firmari</strong></span> <span class='ocrx_word' id='word_1_453' title='bbox 1083 3185 1136 3240; x_wconf 91' lang='lat' dir='ltr'><strong>in</strong></span> <span class='ocrx_word' id='word_1_454' title='bbox 1185 3186 1436 3241; x_wconf 86' lang='lat' dir='ltr'><strong>veritate.</strong></span> <span class='ocrx_word' id='word_1_455' title='bbox 1468 3182 1750 3238; x_wconf 83' lang='lat' dir='ltr'><strong>Attendite</strong></span> <span class='ocrx_word' id='word_1_456' title='bbox 1779 3197 1932 3253; x_wconf 82' lang='lat' dir='ltr'><strong>ergo,</strong></span> <span class='ocrx_word' id='word_1_457' title='bbox 1968 3182 2015 3238; x_wconf 88' lang='lat' dir='ltr'><strong>si</strong></span> <span class='ocrx_word' id='word_1_458' title='bbox 2041 3191 2093 3257; x_wconf 71' lang='grc' dir='ltr'><strong>ο</strong></span> <span class='ocrx_word' id='word_1_459' title='bbox 2122 3189 2307 3248; x_wconf 74' lang='lat' dir='ltr'><strong>sedem</strong></span> <span class='ocrx_word' id='word_1_460' title='bbox 2341 3189 2719 3262; x_wconf 56' lang='lat' dir='ltr'><strong>apostolicam,</strong></span> <span class='ocrx_word' id='word_1_461' title='bbox 2757 3203 2935 3257; x_wconf 81' lang='lat' dir='ltr'><strong>reges,</strong></span> <span class='ocrx_word' id='word_1_462' title='bbox 2962 3187 3234 3258; x_wconf 77' lang='lat' dir='ltr'><strong>principes</strong></span> <span class='ocrx_word' id='word_1_463' title='bbox 3262 3192 3318 3241; x_wconf 92' lang='lat' dir='ltr'><strong>et</strong></span> <span class='ocrx_word' id='word_1_464' title='bbox 3348 3184 3581 3256; x_wconf 85' lang='lat' dir='ltr'><strong>populos</strong></span> <span class='ocrx_word' id='word_1_465' title='bbox 3611 3199 3708 3240; x_wconf 72' lang='grc' dir='ltr'><strong>εει-</strong></span> 
     </span>
    </p>
   </div>
   <div class='ocr_carea' id='block_1_64' title="bbox 429 3275 2017 3355">
    <p class='ocr_par' dir='ltr' id='par_1_64' title="bbox 429 3275 2017 3355">
     <span class='ocr_line' id='line_1_64' title="bbox 429 3275 2017 3355; baseline -0.003 -17"><span class='ocrx_word' id='word_1_466' title='bbox 429 3286 632 3338; x_wconf 83' lang='lat' dir='ltr'><strong>bonum</strong></span> <span class='ocrx_word' id='word_1_467' title='bbox 659 3292 763 3345; x_wconf 89' lang='lat' dir='ltr'><strong>est,</strong></span> <span class='ocrx_word' id='word_1_468' title='bbox 789 3282 950 3355; x_wconf 84' lang='lat' dir='ltr'><strong>talem</strong></span> <span class='ocrx_word' id='word_1_469' title='bbox 976 3279 1291 3350; x_wconf 87' lang='lat' dir='ltr'><strong>opinionem</strong></span> <span class='ocrx_word' id='word_1_470' title='bbox 1321 3278 1452 3334; x_wconf 88' lang='lat' dir='ltr'><strong>dare</strong></span> <span class='ocrx_word' id='word_1_471' title='bbox 1469 3276 1748 3347; x_wconf 85' lang='lat' dir='ltr'><strong>aliquibus</strong></span> <span class='ocrx_word' id='word_1_472' title='bbox 1765 3275 1832 3332; x_wconf 86' lang='lat' dir='ltr'><strong>de</strong></span> <span class='ocrx_word' id='word_1_473' title='bbox 1861 3275 2017 3333; x_wconf 86' lang='lat' dir='ltr'><strong>vobis</strong></span> 
     </span>
    </p>
   </div>
   <div class='ocr_carea' id='block_1_65' title="bbox 425 3370 2018 3448">
    <p class='ocr_par' dir='ltr' id='par_1_65' title="bbox 425 3370 2018 3448">
     <span class='ocr_line' id='line_1_65' title="bbox 425 3370 2018 3448; baseline -0.008 -11"><span class='ocrx_word' id='word_1_474' title='bbox 425 3375 735 3448; x_wconf 61' lang='lat' dir='ltr'><strong>ittsis,&#39;quia</strong></span> <span class='ocrx_word' id='word_1_475' title='bbox 761 3373 828 3428; x_wconf 87' lang='lat' dir='ltr'><strong>ab</strong></span> <span class='ocrx_word' id='word_1_476' title='bbox 853 3374 1106 3431; x_wconf 86' lang='lat' dir='ltr'><strong>omnibus</strong></span> <span class='ocrx_word' id='word_1_477' title='bbox 1127 3370 1443 3429; x_wconf 87' lang='lat' dir='ltr'><strong>hominibus</strong></span> <span class='ocrx_word' id='word_1_478' title='bbox 1473 3370 2018 3426; x_wconf 81' lang='lat' dir='ltr'><strong>diﬁ&#39;ertissecundum</strong></span> 
     </span>
    </p>
   </div>
   <div class='ocr_carea' id='block_1_66' title="bbox 424 3463 2016 3540">
    <p class='ocr_par' dir='ltr' id='par_1_66' title="bbox 424 3463 2016 3540">
     <span class='ocr_line' id='line_1_66' title="bbox 424 3463 2016 3540; baseline -0.006 -13"><span class='ocrx_word' id='word_1_479' title='bbox 424 3487 604 3528; x_wconf 82' lang='lat' dir='ltr'><strong>meam</strong></span> <span class='ocrx_word' id='word_1_480' title='bbox 631 3469 951 3540; x_wconf 86' lang='lat' dir='ltr'><strong>opinionem</strong></span> <span class='ocrx_word' id='word_1_481' title='bbox 985 3464 1254 3539; x_wconf 81' lang='lat' dir='ltr'><strong>sapientia</strong></span> <span class='ocrx_word' id='word_1_482' title='bbox 1273 3473 1327 3520; x_wconf 91' lang='lat' dir='ltr'><strong>et</strong></span> <span class='ocrx_word' id='word_1_483' title='bbox 1345 3464 1770 3534; x_wconf 81' lang='lat' dir='ltr'><strong>magniﬁcentia.</strong></span> <span class='ocrx_word' id='word_1_484' title='bbox 1810 3463 2016 3530; x_wconf 85' lang='lat' dir='ltr'><strong>Quarta</strong></span> 
     </span>
    </p>
   </div>
   <div class='ocr_carea' id='block_1_67' title="bbox 424 3558 2022 3631">
    <p class='ocr_par' dir='ltr' id='par_1_67' title="bbox 424 3558 2022 3631">
     <span class='ocr_line' id='line_1_67' title="bbox 424 3558 2022 3631; baseline -0.008 -8"><span class='ocrx_word' id='word_1_485' title='bbox 424 3567 565 3624; x_wconf 87' lang='lat' dir='ltr'><strong>ratio</strong></span> <span class='ocrx_word' id='word_1_486' title='bbox 591 3575 674 3621; x_wconf 88' lang='lat' dir='ltr'><strong>est</strong></span> <span class='ocrx_word' id='word_1_487' title='bbox 693 3565 817 3619; x_wconf 87' lang='lat' dir='ltr'><strong>ista.</strong></span> <span class='ocrx_word' id='word_1_488' title='bbox 837 3561 954 3616; x_wconf 81' lang='lat' dir='ltr'><strong>Non</strong></span> <span class='ocrx_word' id='word_1_489' title='bbox 969 3561 1127 3616; x_wconf 77' lang='lat' dir='ltr'><strong>debet</strong></span> <span class='ocrx_word' id='word_1_490' title='bbox 1143 3558 1342 3631; x_wconf 84' lang='lat' dir='ltr'><strong>aliquis</strong></span> <span class='ocrx_word' id='word_1_491' title='bbox 1397 3561 1611 3622; x_wconf 88' lang='lat' dir='ltr'><strong>timere,</strong></span> <span class='ocrx_word' id='word_1_492' title='bbox 1651 3572 1717 3612; x_wconf 87' lang='lat' dir='ltr'><strong>ne</strong></span> <span class='ocrx_word' id='word_1_493' title='bbox 1736 3558 1874 3614; x_wconf 85' lang='lat' dir='ltr'><strong>forte</strong></span> <span class='ocrx_word' id='word_1_494' title='bbox 1890 3573 2022 3614; x_wconf 83' lang='lat' dir='ltr'><strong>con-</strong></span> 
     </span>
    </p>
   </div>
   <div class='ocr_carea' id='block_1_68' title="bbox 425 3650 2018 3728">
    <p class='ocr_par' dir='ltr' id='par_1_68' title="bbox 425 3650 2018 3728">
     <span class='ocr_line' id='line_1_68' title="bbox 425 3650 2018 3728; baseline -0.005 -14"><span class='ocrx_word' id='word_1_495' title='bbox 425 3657 874 3728; x_wconf 74' lang='lat' dir='ltr'><strong>tingatEcelesiue</strong></span> <span class='ocrx_word' id='word_1_496' title='bbox 893 3655 988 3710; x_wconf 89' lang='lat' dir='ltr'><strong>Dei</strong></span> <span class='ocrx_word' id='word_1_497' title='bbox 1014 3668 1080 3709; x_wconf 78' lang='lat' dir='ltr'><strong>ex</strong></span> <span class='ocrx_word' id='word_1_498' title='bbox 1112 3651 1220 3709; x_wconf 87' lang='lat' dir='ltr'><strong>isto</strong></span> <span class='ocrx_word' id='word_1_499' title='bbox 1247 3651 1481 3708; x_wconf 88' lang='lat' dir='ltr'><strong>concilio</strong></span> <span class='ocrx_word' id='word_1_500' title='bbox 1507 3652 1694 3723; x_wconf 88' lang='lat' dir='ltr'><strong>aliqua</strong></span> <span class='ocrx_word' id='word_1_501' title='bbox 1726 3650 2018 3715; x_wconf 87' lang='lat' dir='ltr'><strong>desolatio,</strong></span> 
     </span>
    </p>
   </div>
   <div class='ocr_carea' id='block_1_69' title="bbox 424 3741 2019 3821">
    <p class='ocr_par' dir='ltr' id='par_1_69' title="bbox 424 3741 2019 3821">
     <span class='ocr_line' id='line_1_69' title="bbox 424 3741 2019 3821; baseline -0.006 -13"><span class='ocrx_word' id='word_1_502' title='bbox 424 3750 833 3808; x_wconf 87' lang='lat' dir='ltr'><strong>considerando</strong></span> <span class='ocrx_word' id='word_1_503' title='bbox 883 3748 1016 3821; x_wconf 89' lang='lat' dir='ltr'><strong>quia</strong></span> <span class='ocrx_word' id='word_1_504' title='bbox 1070 3745 1290 3818; x_wconf 89' lang='lat' dir='ltr'><strong>quoties</strong></span> <span class='ocrx_word' id='word_1_505' title='bbox 1362 3745 1566 3800; x_wconf 88' lang='lat' dir='ltr'><strong>factum</strong></span> <span class='ocrx_word' id='word_1_506' title='bbox 1625 3753 1709 3799; x_wconf 88' lang='lat' dir='ltr'><strong>est</strong></span> <span class='ocrx_word' id='word_1_507' title='bbox 1765 3741 2019 3814; x_wconf 76' lang='lat' dir='ltr'><strong>generale</strong></span> 
     </span>
    </p>
   </div>
   <div class='ocr_carea' id='block_1_70' title="bbox 424 3833 2018 3911">
    <p class='ocr_par' dir='ltr' id='par_1_70' title="bbox 424 3833 2018 3911">
     <span class='ocr_line' id='line_1_70' title="bbox 424 3833 2018 3911; baseline -0.006 -11"><span class='ocrx_word' id='word_1_508' title='bbox 424 3834 744 3911; x_wconf 84' lang='lat' dir='ltr'><strong>concilium,</strong></span> <span class='ocrx_word' id='word_1_509' title='bbox 772 3855 988 3910; x_wconf 89' lang='lat' dir='ltr'><strong>semper</strong></span> <span class='ocrx_word' id='word_1_510' title='bbox 1020 3837 1090 3894; x_wconf 87' lang='lat' dir='ltr'><strong>ad</strong></span> <span class='ocrx_word' id='word_1_511' title='bbox 1122 3837 1512 3895; x_wconf 83' lang='lat' dir='ltr'><strong>exaltationem</strong></span> <span class='ocrx_word' id='word_1_512' title='bbox 1547 3845 1600 3892; x_wconf 91' lang='lat' dir='ltr'><strong>et</strong></span> <span class='ocrx_word' id='word_1_513' title='bbox 1631 3835 1892 3891; x_wconf 85' lang='lat' dir='ltr'><strong>honorem</strong></span> <span class='ocrx_word' id='word_1_514' title='bbox 1913 3833 2018 3890; x_wconf 78' lang='lat' dir='ltr'><strong>Ec~</strong></span> 
     </span>
    </p>
   </div>
   <div class='ocr_carea' id='block_1_71' title="bbox 425 3927 2016 4003">
    <p class='ocr_par' dir='ltr' id='par_1_71' title="bbox 425 3927 2016 4003">
     <span class='ocr_line' id='line_1_71' title="bbox 425 3927 2016 4003; baseline -0.006 -12"><span class='ocrx_word' id='word_1_515' title='bbox 425 3936 627 4003; x_wconf 61' lang='lat' dir='ltr'><strong>clesize,</strong></span> <span class='ocrx_word' id='word_1_516' title='bbox 658 3946 712 3991; x_wconf 89' lang='lat' dir='ltr'><strong>ct</strong></span> <span class='ocrx_word' id='word_1_517' title='bbox 751 3934 1018 4002; x_wconf 85' lang='lat' dir='ltr'><strong>majorem</strong></span> <span class='ocrx_word' id='word_1_518' title='bbox 1053 3931 1367 3988; x_wconf 88' lang='lat' dir='ltr'><strong>ﬁrmitatem</strong></span> <span class='ocrx_word' id='word_1_519' title='bbox 1410 3929 1658 3986; x_wconf 81' lang='lat' dir='ltr'><strong>veritatis</strong></span> <span class='ocrx_word' id='word_1_520' title='bbox 1681 3927 1886 3985; x_wconf 87' lang='lat' dir='ltr'><strong>factum</strong></span> <span class='ocrx_word' id='word_1_521' title='bbox 1909 3937 2016 3997; x_wconf 84' lang='lat' dir='ltr'><strong>est;</strong></span> 
     </span>
    </p>
   </div>
   <div class='ocr_carea' id='block_1_72' title="bbox 426 4028 2016 4104">
    <p class='ocr_par' dir='ltr' id='par_1_72' title="bbox 426 4028 2016 4104">
     <span class='ocr_line' id='line_1_72' title="bbox 426 4028 2016 4104; baseline -0.004 -14"><span class='ocrx_word' id='word_1_522' title='bbox 426 4049 559 4104; x_wconf 73' lang='lat' dir='ltr'><strong>ergo</strong></span> <span class='ocrx_word' id='word_1_523' title='bbox 588 4042 644 4091; x_wconf 92' lang='lat' dir='ltr'><strong>ct</strong></span> <span class='ocrx_word' id='word_1_524' title='bbox 676 4050 822 4089; x_wconf 88' lang='lat' dir='ltr'><strong>nunc</strong></span> <span class='ocrx_word' id='word_1_525' title='bbox 846 4032 1176 4089; x_wconf 89' lang='lat' dir='ltr'><strong>credendum</strong></span> <span class='ocrx_word' id='word_1_526' title='bbox 1207 4037 1310 4095; x_wconf 86' lang='lat' dir='ltr'><strong>est,</strong></span> <span class='ocrx_word' id='word_1_527' title='bbox 1345 4029 1495 4101; x_wconf 88' lang='lat' dir='ltr'><strong>quia,</strong></span> <span class='ocrx_word' id='word_1_528' title='bbox 1526 4029 1573 4086; x_wconf 90' lang='lat' dir='ltr'><strong>si</strong></span> <span class='ocrx_word' id='word_1_529' title='bbox 1600 4029 1692 4084; x_wconf 88' lang='lat' dir='ltr'><strong>ﬁat</strong></span> <span class='ocrx_word' id='word_1_530' title='bbox 1719 4028 1787 4084; x_wconf 89' lang='lat' dir='ltr'><strong>de</strong></span> <span class='ocrx_word' id='word_1_531' title='bbox 1814 4043 2016 4100; x_wconf 89' lang='lat' dir='ltr'><strong>propo-</strong></span> 
     </span>
    </p>
   </div>
   <div class='ocr_carea' id='block_1_73' title="bbox 427 4120 2012 4199">
    <p class='ocr_par' dir='ltr' id='par_1_73' title="bbox 427 4120 2012 4199">
     <span class='ocr_line' id='line_1_73' title="bbox 427 4120 2012 4199; baseline -0.004 -17"><span class='ocrx_word' id='word_1_532' title='bbox 427 4129 549 4183; x_wconf 86' lang='lat' dir='ltr'><strong>sitis</strong></span> <span class='ocrx_word' id='word_1_533' title='bbox 576 4125 827 4199; x_wconf 77' lang='lat' dir='ltr'><strong>generale</strong></span> <span class='ocrx_word' id='word_1_534' title='bbox 857 4123 1180 4189; x_wconf 88' lang='lat' dir='ltr'><strong>concilium,</strong></span> <span class='ocrx_word' id='word_1_535' title='bbox 1213 4130 1268 4179; x_wconf 89' lang='lat' dir='ltr'><strong>et</strong></span> <span class='ocrx_word' id='word_1_536' title='bbox 1299 4121 1554 4178; x_wconf 83' lang='lat' dir='ltr'><strong>exaltatio</strong></span> <span class='ocrx_word' id='word_1_537' title='bbox 1589 4137 1787 4192; x_wconf 81' lang='lat' dir='ltr'><strong>magna</strong></span> <span class='ocrx_word' id='word_1_538' title='bbox 1820 4120 2012 4177; x_wconf 85' lang='lat' dir='ltr'><strong>Eccle-</strong></span> 
     </span>
    </p>
   </div>
   <div class='ocr_carea' id='block_1_74' title="bbox 429 4210 2013 4291">
    <p class='ocr_par' dir='ltr' id='par_1_74' title="bbox 429 4210 2013 4291">
     <span class='ocr_line' id='line_1_74' title="bbox 429 4210 2013 4291; baseline -0.003 -15"><span class='ocrx_word' id='word_1_539' title='bbox 429 4223 527 4276; x_wconf 65' lang='lat' dir='ltr'><strong>sia:</strong></span> <span class='ocrx_word' id='word_1_540' title='bbox 551 4232 831 4291; x_wconf 84' lang='lat' dir='ltr'><strong>sequetur.</strong></span> <span class='ocrx_word' id='word_1_541' title='bbox 867 4218 920 4275; x_wconf 90' lang='lat' dir='ltr'><strong>Si</strong></span> <span class='ocrx_word' id='word_1_542' title='bbox 947 4210 1143 4289; x_wconf 84' lang='lat' dir='ltr'><strong>aliquis</strong></span> <span class='ocrx_word' id='word_1_543' title='bbox 1168 4228 1351 4274; x_wconf 84' lang='lat' dir='ltr'><strong>autem</strong></span> <span class='ocrx_word' id='word_1_544' title='bbox 1381 4218 1492 4272; x_wconf 87' lang='lat' dir='ltr'><strong>vult</strong></span> <span class='ocrx_word' id='word_1_545' title='bbox 1520 4217 1722 4281; x_wconf 86' lang='lat' dir='ltr'><strong>dicere,</strong></span> <span class='ocrx_word' id='word_1_546' title='bbox 1751 4216 1880 4288; x_wconf 85' lang='lat' dir='ltr'><strong>quia</strong></span> <span class='ocrx_word' id='word_1_547' title='bbox 1937 4216 2013 4272; x_wconf 86' lang='lat' dir='ltr'><strong>is-</strong></span> 
     </span>
    </p>
   </div>
   <div class='ocr_carea' id='block_1_75' title="bbox 427 4311 2017 4386">
    <p class='ocr_par' dir='ltr' id='par_1_75' title="bbox 427 4311 2017 4386">
     <span class='ocr_line' id='line_1_75' title="bbox 427 4311 2017 4386; baseline -0.001 -18"><span class='ocrx_word' id='word_1_548' title='bbox 427 4318 533 4370; x_wconf 80' lang='lat' dir='ltr'><strong>tud</strong></span> <span class='ocrx_word' id='word_1_549' title='bbox 557 4333 695 4386; x_wconf 83' lang='lat' dir='ltr'><strong>opus</strong></span> <span class='ocrx_word' id='word_1_550' title='bbox 730 4317 935 4386; x_wconf 50' lang='lat' dir='ltr'><strong>indiget</strong></span> <span class='ocrx_word' id='word_1_551' title='bbox 965 4315 1153 4371; x_wconf 89' lang='lat' dir='ltr'><strong>multis</strong></span> <span class='ocrx_word' id='word_1_552' title='bbox 1188 4313 1529 4383; x_wconf 88' lang='lat' dir='ltr'><strong>temporibus</strong></span> <span class='ocrx_word' id='word_1_553' title='bbox 1563 4322 1617 4369; x_wconf 88' lang='lat' dir='ltr'><strong>et</strong></span> <span class='ocrx_word' id='word_1_554' title='bbox 1669 4311 1878 4384; x_wconf 81' lang='lat' dir='ltr'><strong>magnis</strong></span> <span class='ocrx_word' id='word_1_555' title='bbox 1915 4327 2017 4366; x_wconf 71' lang='grc' dir='ltr'><strong>ρι-</strong></span> 
     </span>
    </p>
   </div>
   <div class='ocr_carea' id='block_1_76' title="bbox 429 4410 2010 4481">
    <p class='ocr_par' dir='ltr' id='par_1_76' title="bbox 429 4410 2010 4481">
     <span class='ocr_line' id='line_1_76' title="bbox 429 4410 2010 4481; baseline -0.002 -18"><span class='ocrx_word' id='word_1_556' title='bbox 429 4413 636 4479; x_wconf 82' lang='lat' dir='ltr'><strong>pensis,</strong></span> <span class='ocrx_word' id='word_1_557' title='bbox 694 4411 853 4473; x_wconf 78' lang='lat' dir='ltr'><strong>sciat,</strong></span> <span class='ocrx_word' id='word_1_558' title='bbox 895 4410 1024 4481; x_wconf 88' lang='lat' dir='ltr'><strong>quia</strong></span> <span class='ocrx_word' id='word_1_559' title='bbox 1080 4425 1177 4481; x_wconf 88' lang='lat' dir='ltr'><strong>pro</strong></span> <span class='ocrx_word' id='word_1_560' title='bbox 1237 4411 1346 4464; x_wconf 88' lang='lat' dir='ltr'><strong>isto</strong></span> <span class='ocrx_word' id='word_1_561' title='bbox 1404 4424 1568 4478; x_wconf 88' lang='lat' dir='ltr'><strong>opere</strong></span> <span class='ocrx_word' id='word_1_562' title='bbox 1626 4424 1732 4464; x_wconf 92' lang='lat' dir='ltr'><strong>non</strong></span> <span class='ocrx_word' id='word_1_563' title='bbox 1798 4417 2010 4462; x_wconf 87' lang='lat' dir='ltr'><strong>tantum</strong></span> 
     </span>
    </p>
   </div>
   <div class='ocr_carea' id='block_1_77' title="bbox 427 4503 2008 4576">
    <p class='ocr_par' dir='ltr' id='par_1_77' title="bbox 427 4503 2008 4576">
     <span class='ocr_line' id='line_1_77' title="bbox 427 4503 2008 4576; baseline -0.003 -17"><span class='ocrx_word' id='word_1_564' title='bbox 427 4507 687 4576; x_wconf 79' lang='lat' dir='ltr'><strong>pecunias</strong></span> <span class='ocrx_word' id='word_1_565' title='bbox 727 4517 779 4560; x_wconf 90' lang='lat' dir='ltr'><strong>et</strong></span> <span class='ocrx_word' id='word_1_566' title='bbox 812 4514 1057 4575; x_wconf 82' lang='lat' dir='ltr'><strong>tempora</strong></span> <span class='ocrx_word' id='word_1_567' title='bbox 1103 4520 1200 4573; x_wconf 88' lang='lat' dir='ltr'><strong>pro</strong></span> <span class='ocrx_word' id='word_1_568' title='bbox 1229 4503 1400 4557; x_wconf 89' lang='lat' dir='ltr'><strong>nihilo</strong></span> <span class='ocrx_word' id='word_1_569' title='bbox 1443 4503 1702 4558; x_wconf 87' lang='lat' dir='ltr'><strong>debemus</strong></span> <span class='ocrx_word' id='word_1_570' title='bbox 1732 4511 2008 4572; x_wconf 80' lang='lat' dir='ltr'><strong>reputare.</strong></span> 
     </span>
    </p>
   </div>
   <div class='ocr_carea' id='block_1_78' title="bbox 427 4592 2014 4666">
    <p class='ocr_par' dir='ltr' id='par_1_78' title="bbox 427 4592 2014 4666">
     <span class='ocr_line' id='line_1_78' title="bbox 427 4592 2014 4666; baseline -0.001 -17"><span class='ocrx_word' id='word_1_571' title='bbox 427 4597 522 4650; x_wconf 59' lang='lat' dir='ltr'><strong>sed</strong></span> <span class='ocrx_word' id='word_1_572' title='bbox 561 4606 615 4650; x_wconf 87' lang='lat' dir='ltr'><strong>et</strong></span> <span class='ocrx_word' id='word_1_573' title='bbox 645 4594 964 4665; x_wconf 78' lang='lat' dir='ltr'><strong>sanguinem</strong></span> <span class='ocrx_word' id='word_1_574' title='bbox 1028 4605 1274 4650; x_wconf 76' lang='lat' dir='ltr'><strong>nostrum</strong></span> <span class='ocrx_word' id='word_1_575' title='bbox 1339 4593 1570 4649; x_wconf 89' lang='lat' dir='ltr'><strong>libenter</strong></span> <span class='ocrx_word' id='word_1_576' title='bbox 1624 4602 1846 4666; x_wconf 86' lang='lat' dir='ltr'><strong>propter</strong></span> <span class='ocrx_word' id='word_1_577' title='bbox 1908 4592 2014 4648; x_wconf 88' lang='lat' dir='ltr'><strong>hoc</strong></span> 
     </span>
    </p>
   </div>
   <div class='ocr_carea' id='block_1_79' title="bbox 427 4685 2010 4755">
    <p class='ocr_par' dir='ltr' id='par_1_79' title="bbox 427 4685 2010 4755">
     <span class='ocr_line' id='line_1_79' title="bbox 427 4685 2010 4755; baseline -0.002 -13"><span class='ocrx_word' id='word_1_578' title='bbox 427 4688 725 4754; x_wconf 78' lang='lat' dir='ltr'><strong>emtndere,</strong></span> <span class='ocrx_word' id='word_1_579' title='bbox 770 4687 818 4744; x_wconf 88' lang='lat' dir='ltr'><strong>si</strong></span> <span class='ocrx_word' id='word_1_580' title='bbox 854 4701 1100 4751; x_wconf 73' lang='lat' dir='ltr'><strong>necesse</strong></span> <span class='ocrx_word' id='word_1_581' title='bbox 1138 4685 1373 4752; x_wconf 86' lang='lat' dir='ltr'><strong>fuisset;</strong></span> <span class='ocrx_word' id='word_1_582' title='bbox 1441 4685 1566 4754; x_wconf 76' lang='lat' dir='ltr'><strong>quia</strong></span> <span class='ocrx_word' id='word_1_583' title='bbox 1629 4685 1805 4754; x_wconf 76' lang='lat' dir='ltr'><strong>majus</strong></span> <span class='ocrx_word' id='word_1_584' title='bbox 1849 4698 2010 4755; x_wconf 85' lang='lat' dir='ltr'><strong>opus,</strong></span> 
     </span>
    </p>
   </div>
   <div class='ocr_carea' id='block_1_80' title="bbox 427 4777 2014 4850">
    <p class='ocr_par' dir='ltr' id='par_1_80' title="bbox 427 4777 2014 4850">
     <span class='ocr_line' id='line_1_80' title="bbox 427 4777 2014 4850; baseline -0.002 -15"><span class='ocrx_word' id='word_1_585' title='bbox 427 4799 594 4850; x_wconf 85' lang='lat' dir='ltr'><strong>quam</strong></span> <span class='ocrx_word' id='word_1_586' title='bbox 641 4781 787 4837; x_wconf 91' lang='lat' dir='ltr'><strong>uniri</strong></span> <span class='ocrx_word' id='word_1_587' title='bbox 826 4779 1044 4835; x_wconf 63' lang='lat' dir='ltr'><strong>Griecos</strong></span> <span class='ocrx_word' id='word_1_588' title='bbox 1099 4795 1220 4834; x_wconf 87' lang='lat' dir='ltr'><strong>cum</strong></span> <span class='ocrx_word' id='word_1_589' title='bbox 1278 4777 1506 4844; x_wconf 86' lang='lat' dir='ltr'><strong>Latinis,</strong></span> <span class='ocrx_word' id='word_1_590' title='bbox 1547 4780 1653 4836; x_wconf 83' lang='lat' dir='ltr'><strong>sub</strong></span> <span class='ocrx_word' id='word_1_591' title='bbox 1705 4778 1844 4833; x_wconf 60' lang='lat' dir='ltr'><strong>curio</strong></span> <span class='ocrx_word' id='word_1_592' title='bbox 1903 4793 2014 4832; x_wconf 88' lang='lat' dir='ltr'><strong>non</strong></span> 
     </span>
    </p>
   </div>
   <div class='ocr_carea' id='block_1_81' title="bbox 429 4871 2013 4945">
    <p class='ocr_par' dir='ltr' id='par_1_81' title="bbox 429 4871 2013 4945">
     <span class='ocr_line' id='line_1_81' title="bbox 429 4871 2013 4945; baseline -0.001 -18"><span class='ocrx_word' id='word_1_593' title='bbox 429 4877 633 4945; x_wconf 74' lang='lat' dir='ltr'><strong>poterit</strong></span> <span class='ocrx_word' id='word_1_594' title='bbox 672 4877 837 4932; x_wconf 91' lang='lat' dir='ltr'><strong>homo</strong></span> <span class='ocrx_word' id='word_1_595' title='bbox 868 4873 1138 4931; x_wconf 86' lang='lat' dir='ltr'><strong>invenire.</strong></span> <span class='ocrx_word' id='word_1_596' title='bbox 1173 4872 1345 4940; x_wconf 87' lang='lat' dir='ltr'><strong>Quem</strong></span> <span class='ocrx_word' id='word_1_597' title='bbox 1372 4888 1501 4944; x_wconf 78' lang='lat' dir='ltr'><strong>ergo</strong></span> <span class='ocrx_word' id='word_1_598' title='bbox 1533 4874 1706 4928; x_wconf 89' lang='lat' dir='ltr'><strong>habeo</strong></span> <span class='ocrx_word' id='word_1_599' title='bbox 1731 4871 2013 4927; x_wconf 88' lang='lat' dir='ltr'><strong>residuum</strong></span> 
     </span>
    </p>
   </div>
   <div class='ocr_carea' id='block_1_82' title="bbox 433 4966 2010 5037">
    <p class='ocr_par' dir='ltr' id='par_1_82' title="bbox 433 4966 2010 5037">
     <span class='ocr_line' id='line_1_82' title="bbox 433 4966 2010 5037; baseline 0 -16"><span class='ocrx_word' id='word_1_600' title='bbox 433 4969 657 5021; x_wconf 85' lang='lat' dir='ltr'><strong>modum</strong></span> <span class='ocrx_word' id='word_1_601' title='bbox 699 4969 938 5035; x_wconf 89' lang='lat' dir='ltr'><strong>nnionis,</strong></span> <span class='ocrx_word' id='word_1_602' title='bbox 993 4968 1107 5037; x_wconf 81' lang='lat' dir='ltr'><strong>jam</strong></span> <span class='ocrx_word' id='word_1_603' title='bbox 1143 4969 1320 5033; x_wconf 82' lang='lat' dir='ltr'><strong>diram</strong></span> <span class='ocrx_word' id='word_1_604' title='bbox 1359 4976 1569 5021; x_wconf 81' lang='lat' dir='ltr'><strong>tantum</strong></span> <span class='ocrx_word' id='word_1_605' title='bbox 1609 4966 2010 5035; x_wconf 86' lang='lat' dir='ltr'><strong>protestando,</strong></span> 
     </span>
    </p>
   </div>
   <div class='ocr_carea' id='block_1_83' title="bbox 431 5060 2017 5132">
    <p class='ocr_par' dir='ltr' id='par_1_83' title="bbox 431 5060 2017 5132">
     <span class='ocr_line' id='line_1_83' title="bbox 431 5060 2017 5132; baseline 0.001 -18"><span class='ocrx_word' id='word_1_606' title='bbox 431 5062 561 5132; x_wconf 83' lang='lat' dir='ltr'><strong>quia</strong></span> <span class='ocrx_word' id='word_1_607' title='bbox 587 5061 892 5117; x_wconf 83' lang='lat' dir='ltr'><strong>certissime</strong></span> <span class='ocrx_word' id='word_1_608' title='bbox 926 5060 1147 5131; x_wconf 85' lang='lat' dir='ltr'><strong>quidem</strong></span> <span class='ocrx_word' id='word_1_609' title='bbox 1179 5076 1288 5114; x_wconf 90' lang='lat' dir='ltr'><strong>non</strong></span> <span class='ocrx_word' id='word_1_610' title='bbox 1325 5075 1549 5129; x_wconf 89' lang='lat' dir='ltr'><strong>possum</strong></span> <span class='ocrx_word' id='word_1_611' title='bbox 1586 5060 1787 5125; x_wconf 88' lang='lat' dir='ltr'><strong>dicere,</strong></span> <span class='ocrx_word' id='word_1_612' title='bbox 1821 5060 1866 5115; x_wconf 92' lang='lat' dir='ltr'><strong>si</strong></span> <span class='ocrx_word' id='word_1_613' title='bbox 1923 5060 2017 5115; x_wconf 85' lang='lat' dir='ltr'><strong>ﬁet</strong></span> 
     </span>
    </p>
   </div>
   <div class='ocr_carea' id='block_1_84' title="bbox 433 5153 2016 5229">
    <p class='ocr_par' dir='ltr' id='par_1_84' title="bbox 433 5153 2016 5229">
     <span class='ocr_line' id='line_1_84' title="bbox 433 5153 2016 5229; baseline 0.001 -20"><span class='ocrx_word' id='word_1_614' title='bbox 433 5173 532 5229; x_wconf 73' lang='lat' dir='ltr'><strong>per</strong></span> <span class='ocrx_word' id='word_1_615' title='bbox 564 5158 728 5211; x_wconf 87' lang='lat' dir='ltr'><strong>istum</strong></span> <span class='ocrx_word' id='word_1_616' title='bbox 766 5155 988 5210; x_wconf 89' lang='lat' dir='ltr'><strong>modum</strong></span> <span class='ocrx_word' id='word_1_617' title='bbox 1041 5153 1194 5218; x_wconf 88' lang='lat' dir='ltr'><strong>unio,</strong></span> <span class='ocrx_word' id='word_1_618' title='bbox 1247 5163 1427 5208; x_wconf 84' lang='lat' dir='ltr'><strong>tamen</strong></span> <span class='ocrx_word' id='word_1_619' title='bbox 1480 5157 1663 5223; x_wconf 86' lang='lat' dir='ltr'><strong>credo,</strong></span> <span class='ocrx_word' id='word_1_620' title='bbox 1724 5155 1852 5227; x_wconf 87' lang='lat' dir='ltr'><strong>quia</strong></span> <span class='ocrx_word' id='word_1_621' title='bbox 1904 5155 2016 5210; x_wconf 86' lang='lat' dir='ltr'><strong>Deo</strong></span> 
     </span>
    </p>
   </div>
   <div class='ocr_carea' id='block_1_85' title="bbox 432 5244 2013 5321">
    <p class='ocr_par' dir='ltr' id='par_1_85' title="bbox 432 5244 2013 5321">
     <span class='ocr_line' id='line_1_85' title="bbox 432 5244 2013 5321; baseline 0.001 -22"><span class='ocrx_word' id='word_1_622' title='bbox 432 5247 694 5321; x_wconf 76' lang='lat' dir='ltr'><strong>possibile</strong></span> <span class='ocrx_word' id='word_1_623' title='bbox 745 5256 847 5304; x_wconf 89' lang='lat' dir='ltr'><strong>est.</strong></span> <span class='ocrx_word' id='word_1_624' title='bbox 901 5244 1156 5312; x_wconf 79' lang='lat' dir='ltr'><strong>Potestis,</strong></span> <span class='ocrx_word' id='word_1_625' title='bbox 1190 5246 1235 5300; x_wconf 89' lang='lat' dir='ltr'><strong>si</strong></span> <span class='ocrx_word' id='word_1_626' title='bbox 1294 5246 1476 5312; x_wconf 82' lang='lat' dir='ltr'><strong>vultis,</strong></span> <span class='ocrx_word' id='word_1_627' title='bbox 1534 5248 1748 5302; x_wconf 85' lang='lat' dir='ltr'><strong>mittere</strong></span> <span class='ocrx_word' id='word_1_628' title='bbox 1779 5248 1846 5302; x_wconf 89' lang='lat' dir='ltr'><strong>ad</strong></span> <span class='ocrx_word' id='word_1_629' title='bbox 1877 5262 2013 5317; x_wconf 81' lang='lat' dir='ltr'><strong>qua-</strong></span> 
     </span>
    </p>
   </div>
   <div class='ocr_carea' id='block_1_86' title="bbox 434 5327 2015 5412">
    <p class='ocr_par' dir='ltr' id='par_1_86' title="bbox 434 5327 2015 5412">
     <span class='ocr_line' id='line_1_86' title="bbox 434 5327 2015 5412; baseline -0.001 -13"><span class='ocrx_word' id='word_1_630' title='bbox 434 5354 561 5399; x_wconf 88' lang='lat' dir='ltr'><strong>tuor</strong></span> <span class='ocrx_word' id='word_1_631' title='bbox 593 5327 935 5412; x_wconf 82' lang='lat' dir='ltr'><strong>patriarchas</strong></span> <span class='ocrx_word' id='word_1_632' title='bbox 960 5339 1253 5396; x_wconf 87' lang='lat' dir='ltr'><strong>Orientalis</strong></span> <span class='ocrx_word' id='word_1_633' title='bbox 1285 5329 1567 5407; x_wconf 57' lang='lat' dir='ltr'><strong>Ecelosi&#39;e,</strong></span> <span class='ocrx_word' id='word_1_634' title='bbox 1623 5349 1677 5396; x_wconf 91' lang='lat' dir='ltr'><strong>et</strong></span> <span class='ocrx_word' id='word_1_635' title='bbox 1731 5340 1800 5396; x_wconf 88' lang='lat' dir='ltr'><strong>ad</strong></span> <span class='ocrx_word' id='word_1_636' title='bbox 1843 5341 2015 5411; x_wconf 81' lang='lat' dir='ltr'><strong>impe-</strong></span> 
     </span>
    </p>
   </div>
   <div class='ocr_carea' id='block_1_87' title="bbox 438 5432 2014 5504">
    <p class='ocr_par' dir='ltr' id='par_1_87' title="bbox 438 5432 2014 5504">
     <span class='ocr_line' id='line_1_87' title="bbox 438 5432 2014 5504; baseline -0.001 -14"><span class='ocrx_word' id='word_1_637' title='bbox 438 5445 701 5498; x_wconf 89' lang='lat' dir='ltr'><strong>ratorem,</strong></span> <span class='ocrx_word' id='word_1_638' title='bbox 756 5435 963 5504; x_wconf 62' lang='lat' dir='ltr'><strong>legatos</strong></span> <span class='ocrx_word' id='word_1_639' title='bbox 1000 5444 1231 5498; x_wconf 85' lang='lat' dir='ltr'><strong>vestros,</strong></span> <span class='ocrx_word' id='word_1_640' title='bbox 1295 5433 1580 5490; x_wconf 88' lang='lat' dir='ltr'><strong>dicentes:</strong></span> <span class='ocrx_word' id='word_1_641' title='bbox 1641 5433 1751 5490; x_wconf 79' lang='lat' dir='ltr'><strong>Viri</strong></span> <span class='ocrx_word' id='word_1_642' title='bbox 1792 5432 2014 5503; x_wconf 88' lang='lat' dir='ltr'><strong>fratres,</strong></span> 
     </span>
    </p>
   </div>
   <div class='ocr_carea' id='block_1_88' title="bbox 435 5528 2011 5599">
    <p class='ocr_par' dir='ltr' id='par_1_88' title="bbox 435 5528 2011 5599">
     <span class='ocr_line' id='line_1_88' title="bbox 435 5528 2011 5599; baseline 0 -16"><span class='ocrx_word' id='word_1_643' title='bbox 435 5534 698 5599; x_wconf 81' lang='lat' dir='ltr'><strong>quoniam</strong></span> <span class='ocrx_word' id='word_1_644' title='bbox 731 5540 783 5585; x_wconf 91' lang='lat' dir='ltr'><strong>et</strong></span> <span class='ocrx_word' id='word_1_645' title='bbox 813 5545 909 5586; x_wconf 87' lang='lat' dir='ltr'><strong>vos</strong></span> <span class='ocrx_word' id='word_1_646' title='bbox 938 5538 992 5585; x_wconf 90' lang='lat' dir='ltr'><strong>et</strong></span> <span class='ocrx_word' id='word_1_647' title='bbox 1016 5545 1113 5585; x_wconf 92' lang='lat' dir='ltr'><strong>nos</strong></span> <span class='ocrx_word' id='word_1_648' title='bbox 1144 5530 1474 5585; x_wconf 89' lang='lat' dir='ltr'><strong>conﬁtemur</strong></span> <span class='ocrx_word' id='word_1_649' title='bbox 1506 5529 1560 5584; x_wconf 91' lang='lat' dir='ltr'><strong>in</strong></span> <span class='ocrx_word' id='word_1_650' title='bbox 1611 5528 1818 5585; x_wconf 70' lang='lat' dir='ltr'><strong>divinis</strong></span> <span class='ocrx_word' id='word_1_651' title='bbox 1846 5544 2011 5584; x_wconf 78' lang='lat' dir='ltr'><strong>unam</strong></span> 
     </span>
    </p>
   </div>
   <div class='ocr_carea' id='block_1_89' title="bbox 437 5621 2036 5693">
    <p class='ocr_par' dir='ltr' id='par_1_89' title="bbox 437 5621 2036 5693">
     <span class='ocr_line' id='line_1_89' title="bbox 437 5621 2036 5693; baseline 0 -18"><span class='ocrx_word' id='word_1_652' title='bbox 437 5624 824 5688; x_wconf 85' lang='lat' dir='ltr'><strong>substantiam,</strong></span> <span class='ocrx_word' id='word_1_653' title='bbox 854 5634 907 5678; x_wconf 89' lang='lat' dir='ltr'><strong>et</strong></span> <span class='ocrx_word' id='word_1_654' title='bbox 948 5633 1056 5678; x_wconf 90' lang='lat' dir='ltr'><strong>tres</strong></span> <span class='ocrx_word' id='word_1_655' title='bbox 1089 5637 1375 5693; x_wconf 87' lang='lat' dir='ltr'><strong>personas,</strong></span> <span class='ocrx_word' id='word_1_656' title='bbox 1409 5624 1571 5676; x_wconf 84' lang='lat' dir='ltr'><strong>etiam</strong></span> <span class='ocrx_word' id='word_1_657' title='bbox 1615 5638 1780 5677; x_wconf 89' lang='lat' dir='ltr'><strong>unum</strong></span> <span class='ocrx_word' id='word_1_658' title='bbox 1812 5621 2036 5690; x_wconf 70' lang='lat' dir='ltr'><strong>printzi-&#39;</strong></span> 
     </span>
    </p>
   </div>
   <div class='ocr_carea' id='block_1_90' title="bbox 438 5711 2017 5785">
    <p class='ocr_par' dir='ltr' id='par_1_90' title="bbox 438 5711 2017 5785">
     <span class='ocr_line' id='line_1_90' title="bbox 438 5711 2017 5785; baseline 0.006 -26"><span class='ocrx_word' id='word_1_659' title='bbox 438 5711 587 5779; x_wconf 82' lang='lat' dir='ltr'><strong>pium</strong></span> <span class='ocrx_word' id='word_1_660' title='bbox 611 5727 628 5778; x_wconf 86' lang='lat'><strong>;</strong></span> <span class='ocrx_word' id='word_1_661' title='bbox 654 5723 707 5768; x_wconf 91' lang='lat' dir='ltr'><strong>ct</strong></span> <span class='ocrx_word' id='word_1_662' title='bbox 743 5729 918 5785; x_wconf 89' lang='lat' dir='ltr'><strong>neque</strong></span> <span class='ocrx_word' id='word_1_663' title='bbox 953 5728 1044 5768; x_wconf 88' lang='lat' dir='ltr'><strong>vos</strong></span> <span class='ocrx_word' id='word_1_664' title='bbox 1087 5722 1264 5785; x_wconf 85' lang='lat' dir='ltr'><strong>neque</strong></span> <span class='ocrx_word' id='word_1_665' title='bbox 1291 5729 1393 5771; x_wconf 88' lang='lat' dir='ltr'><strong>nos</strong></span> <span class='ocrx_word' id='word_1_666' title='bbox 1437 5713 1760 5770; x_wconf 86' lang='lat' dir='ltr'><strong>adducimus</strong></span> <span class='ocrx_word' id='word_1_667' title='bbox 1789 5713 1843 5770; x_wconf 89' lang='lat' dir='ltr'><strong>in</strong></span> <span class='ocrx_word' id='word_1_668' title='bbox 1876 5713 2017 5769; x_wconf 81' lang='lat' dir='ltr'><strong>divi-</strong></span> 
     </span>
    </p>
   </div>
   <div class='ocr_carea' id='block_1_91' title="bbox 442 5802 2012 5878">
    <p class='ocr_par' dir='ltr' id='par_1_91' title="bbox 442 5802 2012 5878">
     <span class='ocr_line' id='line_1_91' title="bbox 442 5802 2012 5878; baseline 0.005 -23"><span class='ocrx_word' id='word_1_669' title='bbox 442 5802 529 5858; x_wconf 82' lang='lat' dir='ltr'><strong>uis</strong></span> <span class='ocrx_word' id='word_1_670' title='bbox 560 5813 651 5860; x_wconf 88' lang='lat' dir='ltr'><strong>aut</strong></span> <span class='ocrx_word' id='word_1_671' title='bbox 713 5805 1051 5864; x_wconf 78' lang='lat' dir='ltr'><strong>identitatem</strong></span> <span class='ocrx_word' id='word_1_672' title='bbox 1109 5823 1489 5878; x_wconf 73' lang='lat' dir='ltr'><strong>personarum,</strong></span> <span class='ocrx_word' id='word_1_673' title='bbox 1541 5819 1632 5864; x_wconf 87' lang='lat' dir='ltr'><strong>aut</strong></span> <span class='ocrx_word' id='word_1_674' title='bbox 1684 5807 2012 5866; x_wconf 68' lang='lat' dir='ltr'><strong>divisionem</strong></span> 
     </span>
    </p>
   </div>
   <div class='ocr_carea' id='block_1_92' title="bbox 2125 3276 3705 3349">
    <p class='ocr_par' dir='ltr' id='par_1_92' title="bbox 2125 3276 3705 3349">
     <span class='ocr_line' id='line_1_92' title="bbox 2125 3276 3705 3349; baseline -0.005 -11"><span class='ocrx_word' id='word_1_675' title='bbox 2125 3281 2358 3340; x_wconf 78' lang='lat' dir='ltr'><strong>tholicos</strong></span> <span class='ocrx_word' id='word_1_676' title='bbox 2415 3290 2542 3337; x_wconf 87' lang='lat' dir='ltr'><strong>ante</strong></span> <span class='ocrx_word' id='word_1_677' title='bbox 2580 3279 2901 3335; x_wconf 81' lang='lat' dir='ltr'><strong>reunionem</strong></span> <span class='ocrx_word' id='word_1_678' title='bbox 2947 3276 3286 3349; x_wconf 81' lang='lat' dir='ltr'><strong>praedictam,</strong></span> <span class='ocrx_word' id='word_1_679' title='bbox 3318 3287 3505 3345; x_wconf 86' lang='lat' dir='ltr'><strong>postea</strong></span> <span class='ocrx_word' id='word_1_680' title='bbox 3556 3286 3705 3344; x_wconf 76' lang='lat' dir='ltr'><strong>terga</strong></span> 
     </span>
    </p>
   </div>
   <div class='ocr_carea' id='block_1_93' title="bbox 2122 3367 3705 3431">
    <p class='ocr_par' dir='ltr' id='par_1_93' title="bbox 2122 3367 3705 3431">
     <span class='ocr_line' id='line_1_93' title="bbox 2122 3367 3705 3431; baseline -0.007 0"><span class='ocrx_word' id='word_1_681' title='bbox 2122 3383 2178 3431; x_wconf 91' lang='lat' dir='ltr'><strong>et</strong></span> <span class='ocrx_word' id='word_1_682' title='bbox 2205 3390 2314 3430; x_wconf 88' lang='lat' dir='ltr'><strong>non</strong></span> <span class='ocrx_word' id='word_1_683' title='bbox 2351 3372 2544 3430; x_wconf 79' lang='lat' dir='ltr'><strong>faciem</strong></span> <span class='ocrx_word' id='word_1_684' title='bbox 2571 3380 2851 3428; x_wconf 86' lang='lat' dir='ltr'><strong>verterent</strong></span> <span class='ocrx_word' id='word_1_685' title='bbox 2893 3369 3157 3428; x_wconf 69' lang='lat' dir='ltr'><strong>Romanas</strong></span> <span class='ocrx_word' id='word_1_686' title='bbox 3187 3367 3449 3426; x_wconf 64' lang='lat' dir='ltr'><strong>Ecclesiae</strong></span> <span class='ocrx_word' id='word_1_687' title='bbox 3495 3383 3705 3423; x_wconf 52' lang='lat' dir='ltr'><strong>metuo-</strong></span> 
     </span>
    </p>
   </div>
   <div class='ocr_carea' id='block_1_94' title="bbox 2123 3466 3703 3536">
    <p class='ocr_par' dir='ltr' id='par_1_94' title="bbox 2123 3466 3703 3536">
     <span class='ocr_line' id='line_1_94' title="bbox 2123 3466 3703 3536; baseline -0.003 -12"><span class='ocrx_word' id='word_1_688' title='bbox 2123 3476 2279 3533; x_wconf 77' lang='lat' dir='ltr'><strong>ratte,</strong></span> <span class='ocrx_word' id='word_1_689' title='bbox 2307 3467 2452 3524; x_wconf 87' lang='lat' dir='ltr'><strong>sicut</strong></span> <span class='ocrx_word' id='word_1_690' title='bbox 2481 3469 2638 3532; x_wconf 88' lang='lat' dir='ltr'><strong>alias,</strong></span> <span class='ocrx_word' id='word_1_691' title='bbox 2673 3471 2804 3522; x_wconf 89' lang='lat' dir='ltr'><strong>dum</strong></span> <span class='ocrx_word' id='word_1_692' title='bbox 2833 3467 3201 3522; x_wconf 80' lang='lat' dir='ltr'><strong>credebantur</strong></span> <span class='ocrx_word' id='word_1_693' title='bbox 3253 3466 3476 3530; x_wconf 86' lang='lat' dir='ltr'><strong>reuniti,</strong></span> <span class='ocrx_word' id='word_1_694' title='bbox 3539 3475 3703 3536; x_wconf 89' lang='lat' dir='ltr'><strong>prout</strong></span> 
     </span>
    </p>
   </div>
   <div class='ocr_carea' id='block_1_95' title="bbox 2121 3560 3702 3632">
    <p class='ocr_par' dir='ltr' id='par_1_95' title="bbox 2121 3560 3702 3632">
     <span class='ocr_line' id='line_1_95' title="bbox 2121 3560 3702 3632; baseline -0.002 -16"><span class='ocrx_word' id='word_1_695' title='bbox 2121 3577 2443 3631; x_wconf 77' lang='lat' dir='ltr'><strong>expressum</strong></span> <span class='ocrx_word' id='word_1_696' title='bbox 2500 3570 2580 3617; x_wconf 79' lang='lat' dir='ltr'><strong>est</strong></span> <span class='ocrx_word' id='word_1_697' title='bbox 2622 3561 2898 3632; x_wconf 80' lang='lat' dir='ltr'><strong>superius,</strong></span> <span class='ocrx_word' id='word_1_698' title='bbox 2952 3560 3149 3617; x_wconf 84' lang='lat' dir='ltr'><strong>fecisse</strong></span> <span class='ocrx_word' id='word_1_699' title='bbox 3201 3568 3540 3624; x_wconf 86' lang='lat' dir='ltr'><strong>noscuntur;</strong></span> <span class='ocrx_word' id='word_1_700' title='bbox 3580 3575 3702 3629; x_wconf 78' lang='lat' dir='ltr'><strong>pro—</strong></span> 
     </span>
    </p>
   </div>
   <div class='ocr_carea' id='block_1_96' title="bbox 2121 3651 3702 3726">
    <p class='ocr_par' dir='ltr' id='par_1_96' title="bbox 2121 3651 3702 3726">
     <span class='ocr_line' id='line_1_96' title="bbox 2121 3651 3702 3726; baseline -0.004 -14"><span class='ocrx_word' id='word_1_701' title='bbox 2121 3655 2213 3712; x_wconf 83' lang='lat' dir='ltr'><strong>cul</strong></span> <span class='ocrx_word' id='word_1_702' title='bbox 2237 3656 2404 3713; x_wconf 87' lang='lat' dir='ltr'><strong>dubio</strong></span> <span class='ocrx_word' id='word_1_703' title='bbox 2439 3655 2580 3710; x_wconf 88' lang='lat' dir='ltr'><strong>idem</strong></span> <span class='ocrx_word' id='word_1_704' title='bbox 2627 3654 2886 3711; x_wconf 76' lang='lat' dir='ltr'><strong>dominus</strong></span> <span class='ocrx_word' id='word_1_705' title='bbox 2931 3669 3180 3710; x_wconf 86' lang='lat' dir='ltr'><strong>summus</strong></span> <span class='ocrx_word' id='word_1_706' title='bbox 3212 3652 3478 3726; x_wconf 75' lang='lat' dir='ltr'><strong>pontifex,</strong></span> <span class='ocrx_word' id='word_1_707' title='bbox 3513 3651 3702 3707; x_wconf 77' lang='lat' dir='ltr'><strong>Eccle-</strong></span> 
     </span>
    </p>
   </div>
   <div class='ocr_carea' id='block_1_97' title="bbox 2119 3744 3705 3816">
    <p class='ocr_par' dir='ltr' id='par_1_97' title="bbox 2119 3744 3705 3816">
     <span class='ocr_line' id='line_1_97' title="bbox 2119 3744 3705 3816; baseline -0.002 -11"><span class='ocrx_word' id='word_1_708' title='bbox 2119 3751 2224 3816; x_wconf 85' lang='lat' dir='ltr'><strong>sia,</strong></span> <span class='ocrx_word' id='word_1_709' title='bbox 2266 3762 2319 3804; x_wconf 90' lang='lat' dir='ltr'><strong>et</strong></span> <span class='ocrx_word' id='word_1_710' title='bbox 2348 3748 2535 3804; x_wconf 85' lang='lat' dir='ltr'><strong>ﬁdeles</strong></span> <span class='ocrx_word' id='word_1_711' title='bbox 2572 3749 2664 3803; x_wconf 88' lang='lat' dir='ltr'><strong>alii</strong></span> <span class='ocrx_word' id='word_1_712' title='bbox 2712 3756 3062 3804; x_wconf 86' lang='lat' dir='ltr'><strong>remanerent</strong></span> <span class='ocrx_word' id='word_1_713' title='bbox 3093 3747 3354 3815; x_wconf 87' lang='lat' dir='ltr'><strong>delusi,et</strong></span> <span class='ocrx_word' id='word_1_714' title='bbox 3382 3744 3492 3802; x_wconf 86' lang='lat' dir='ltr'><strong>dici</strong></span> <span class='ocrx_word' id='word_1_715' title='bbox 3521 3751 3705 3816; x_wconf 76' lang='lat' dir='ltr'><strong>posset</strong></span> 
     </span>
    </p>
   </div>
   <div class='ocr_carea' id='block_1_98' title="bbox 2119 3839 3702 3915">
    <p class='ocr_par' dir='ltr' id='par_1_98' title="bbox 2119 3839 3702 3915">
     <span class='ocr_line' id='line_1_98' title="bbox 2119 3839 3702 3915; baseline -0.003 -15"><span class='ocrx_word' id='word_1_716' title='bbox 2119 3843 2474 3915; x_wconf 86' lang='lat' dir='ltr'><strong>opprobrium</strong></span> <span class='ocrx_word' id='word_1_717' title='bbox 2507 3858 2614 3897; x_wconf 90' lang='lat' dir='ltr'><strong>non</strong></span> <span class='ocrx_word' id='word_1_718' title='bbox 2645 3842 2948 3908; x_wconf 89' lang='lat' dir='ltr'><strong>modicum,</strong></span> <span class='ocrx_word' id='word_1_719' title='bbox 2983 3843 3127 3913; x_wconf 91' lang='lat' dir='ltr'><strong>quod</strong></span> <span class='ocrx_word' id='word_1_720' title='bbox 3151 3857 3285 3898; x_wconf 90' lang='lat' dir='ltr'><strong>suos</strong></span> <span class='ocrx_word' id='word_1_721' title='bbox 3315 3851 3370 3897; x_wconf 91' lang='lat' dir='ltr'><strong>et</strong></span> <span class='ocrx_word' id='word_1_722' title='bbox 3398 3840 3525 3896; x_wconf 88' lang='lat' dir='ltr'><strong>ﬁdei</strong></span> <span class='ocrx_word' id='word_1_723' title='bbox 3545 3839 3702 3912; x_wconf 81' lang='lat' dir='ltr'><strong>juve-</strong></span> 
     </span>
    </p>
   </div>
   <div class='ocr_carea' id='block_1_99' title="bbox 2119 3927 3692 4006">
    <p class='ocr_par' dir='ltr' id='par_1_99' title="bbox 2119 3927 3692 4006">
     <span class='ocr_line' id='line_1_99' title="bbox 2119 3927 3692 4006; baseline -0.002 -14"><span class='ocrx_word' id='word_1_724' title='bbox 2119 3947 2246 3992; x_wconf 87' lang='lat' dir='ltr'><strong>rant</strong></span> <span class='ocrx_word' id='word_1_725' title='bbox 2281 3945 2336 3993; x_wconf 90' lang='lat' dir='ltr'><strong>et</strong></span> <span class='ocrx_word' id='word_1_726' title='bbox 2364 3927 2791 3993; x_wconf 82' lang='lat' dir='ltr'><strong>fortiﬁcaverant</strong></span> <span class='ocrx_word' id='word_1_727' title='bbox 2820 3936 3071 3993; x_wconf 86' lang='lat' dir='ltr'><strong>inimicos</strong></span> <span class='ocrx_word' id='word_1_728' title='bbox 3125 3946 3179 3992; x_wconf 90' lang='lat' dir='ltr'><strong>et</strong></span> <span class='ocrx_word' id='word_1_729' title='bbox 3227 3935 3438 4003; x_wconf 89' lang='lat' dir='ltr'><strong>hostes,</strong></span> <span class='ocrx_word' id='word_1_730' title='bbox 3482 3936 3692 4006; x_wconf 79' lang='lat' dir='ltr'><strong>partici—</strong></span> 
     </span>
    </p>
   </div>
   <div class='ocr_carea' id='block_1_100' title="bbox 2118 4029 3700 4106">
    <p class='ocr_par' dir='ltr' id='par_1_100' title="bbox 2118 4029 3700 4106">
     <span class='ocr_line' id='line_1_100' title="bbox 2118 4029 3700 4106; baseline -0.004 -17"><span class='ocrx_word' id='word_1_731' title='bbox 2118 4043 2453 4106; x_wconf 84' lang='lat' dir='ltr'><strong>passentque</strong></span> <span class='ocrx_word' id='word_1_732' title='bbox 2510 4031 2831 4088; x_wconf 86' lang='lat' dir='ltr'><strong>scandalosa</strong></span> <span class='ocrx_word' id='word_1_733' title='bbox 2864 4046 2989 4086; x_wconf 89' lang='lat' dir='ltr'><strong>cum</strong></span> <span class='ocrx_word' id='word_1_734' title='bbox 3017 4031 3137 4096; x_wconf 87' lang='lat' dir='ltr'><strong>eis;</strong></span> <span class='ocrx_word' id='word_1_735' title='bbox 3192 4031 3288 4086; x_wconf 86' lang='lat' dir='ltr'><strong>sed</strong></span> <span class='ocrx_word' id='word_1_736' title='bbox 3335 4031 3379 4085; x_wconf 91' lang='lat' dir='ltr'><strong>si</strong></span> <span class='ocrx_word' id='word_1_737' title='bbox 3415 4046 3513 4100; x_wconf 90' lang='lat' dir='ltr'><strong>per</strong></span> <span class='ocrx_word' id='word_1_738' title='bbox 3547 4029 3700 4084; x_wconf 70' lang='lat' dir='ltr'><strong>illum</strong></span> 
     </span>
    </p>
   </div>
   <div class='ocr_carea' id='block_1_101' title="bbox 2117 4125 3699 4196">
    <p class='ocr_par' dir='ltr' id='par_1_101' title="bbox 2117 4125 3699 4196">
     <span class='ocr_line' id='line_1_101' title="bbox 2117 4125 3699 4196; baseline -0.003 -13"><span class='ocrx_word' id='word_1_739' title='bbox 2117 4128 2210 4196; x_wconf 89' lang='lat' dir='ltr'><strong>qui</strong></span> <span class='ocrx_word' id='word_1_740' title='bbox 2235 4143 2448 4183; x_wconf 87' lang='lat' dir='ltr'><strong>omnem</strong></span> <span class='ocrx_word' id='word_1_741' title='bbox 2484 4126 2762 4181; x_wconf 90' lang='lat' dir='ltr'><strong>hominem</strong></span> <span class='ocrx_word' id='word_1_742' title='bbox 2802 4126 3110 4181; x_wconf 80' lang='lat' dir='ltr'><strong>venientem</strong></span> <span class='ocrx_word' id='word_1_743' title='bbox 3141 4125 3196 4179; x_wconf 92' lang='lat' dir='ltr'><strong>in</strong></span> <span class='ocrx_word' id='word_1_744' title='bbox 3231 4125 3379 4181; x_wconf 88' lang='lat' dir='ltr'><strong>hunc</strong></span> <span class='ocrx_word' id='word_1_745' title='bbox 3431 4125 3699 4179; x_wconf 88' lang='lat' dir='ltr'><strong>mundum</strong></span> 
     </span>
    </p>
   </div>
   <div class='ocr_carea' id='block_1_102' title="bbox 2119 4216 3700 4285">
    <p class='ocr_par' dir='ltr' id='par_1_102' title="bbox 2119 4216 3700 4285">
     <span class='ocr_line' id='line_1_102' title="bbox 2119 4216 3700 4285; baseline -0.001 -10"><span class='ocrx_word' id='word_1_746' title='bbox 2119 4220 2410 4285; x_wconf 83' lang='lat' dir='ltr'><strong>illuminat,</strong></span> <span class='ocrx_word' id='word_1_747' title='bbox 2447 4217 2765 4276; x_wconf 79' lang='lat' dir='ltr'><strong>earumdem</strong></span> <span class='ocrx_word' id='word_1_748' title='bbox 2799 4216 3114 4274; x_wconf 68' lang='lat' dir='ltr'><strong>Graecorum</strong></span> <span class='ocrx_word' id='word_1_749' title='bbox 3151 4217 3431 4282; x_wconf 87' lang='lat' dir='ltr'><strong>cordibus,</strong></span> <span class='ocrx_word' id='word_1_750' title='bbox 3483 4219 3700 4274; x_wconf 82' lang='lat' dir='ltr'><strong>fusione</strong></span> 
     </span>
    </p>
   </div>
   <div class='ocr_carea' id='block_1_103' title="bbox 2117 4311 3695 4382">
    <p class='ocr_par' dir='ltr' id='par_1_103' title="bbox 2117 4311 3695 4382">
     <span class='ocr_line' id='line_1_103' title="bbox 2117 4311 3695 4382; baseline -0.002 -14"><span class='ocrx_word' id='word_1_751' title='bbox 2117 4312 2422 4381; x_wconf 80' lang='lat' dir='ltr'><strong>Spiritualis</strong></span> <span class='ocrx_word' id='word_1_752' title='bbox 2471 4312 2658 4382; x_wconf 75' lang='lat' dir='ltr'><strong>gratia:</strong></span> <span class='ocrx_word' id='word_1_753' title='bbox 2689 4311 3004 4376; x_wconf 85' lang='lat' dir='ltr'><strong>illustratis,</strong></span> <span class='ocrx_word' id='word_1_754' title='bbox 3030 4327 3130 4382; x_wconf 89' lang='lat' dir='ltr'><strong>per</strong></span> <span class='ocrx_word' id='word_1_755' title='bbox 3167 4312 3306 4366; x_wconf 77' lang='lat' dir='ltr'><strong>viam</strong></span> <span class='ocrx_word' id='word_1_756' title='bbox 3367 4321 3570 4366; x_wconf 89' lang='lat' dir='ltr'><strong>rectam</strong></span> <span class='ocrx_word' id='word_1_757' title='bbox 3605 4328 3695 4380; x_wconf 83' lang='lat' dir='ltr'><strong>pet</strong></span> 
     </span>
    </p>
   </div>
   <div class='ocr_carea' id='block_1_104' title="bbox 2115 4403 3687 4473">
    <p class='ocr_par' dir='ltr' id='par_1_104' title="bbox 2115 4403 3687 4473">
     <span class='ocr_line' id='line_1_104' title="bbox 2115 4403 3687 4473; baseline -0.001 -12"><span class='ocrx_word' id='word_1_758' title='bbox 2115 4407 2370 4461; x_wconf 89' lang='lat' dir='ltr'><strong>eumdem</strong></span> <span class='ocrx_word' id='word_1_759' title='bbox 2406 4405 2688 4459; x_wconf 87' lang='lat' dir='ltr'><strong>dominum</strong></span> <span class='ocrx_word' id='word_1_760' title='bbox 2723 4415 2995 4473; x_wconf 72' lang='grc' dir='ltr'><strong>ηοειιιωιι,</strong></span> <span class='ocrx_word' id='word_1_761' title='bbox 3033 4403 3116 4459; x_wconf 88' lang='lat' dir='ltr'><strong>vel</strong></span> <span class='ocrx_word' id='word_1_762' title='bbox 3161 4404 3326 4458; x_wconf 84' lang='lat' dir='ltr'><strong>aliam</strong></span> <span class='ocrx_word' id='word_1_763' title='bbox 3387 4421 3687 4460; x_wconf 81' lang='lat' dir='ltr'><strong>accommo-</strong></span> 
     </span>
    </p>
   </div>
   <div class='ocr_carea' id='block_1_105' title="bbox 2118 4495 3695 4563">
    <p class='ocr_par' dir='ltr' id='par_1_105' title="bbox 2118 4495 3695 4563">
     <span class='ocr_line' id='line_1_105' title="bbox 2118 4495 3695 4563; baseline 0.002 -11"><span class='ocrx_word' id='word_1_764' title='bbox 2118 4499 2241 4552; x_wconf 89' lang='lat' dir='ltr'><strong>dam</strong></span> <span class='ocrx_word' id='word_1_765' title='bbox 2281 4506 2336 4553; x_wconf 91' lang='lat' dir='ltr'><strong>et</strong></span> <span class='ocrx_word' id='word_1_766' title='bbox 2377 4500 2686 4562; x_wconf 84' lang='lat' dir='ltr'><strong>boaestam,</strong></span> <span class='ocrx_word' id='word_1_767' title='bbox 2744 4497 2810 4552; x_wconf 87' lang='lat' dir='ltr'><strong>ad</strong></span> <span class='ocrx_word' id='word_1_768' title='bbox 2870 4495 3264 4563; x_wconf 87' lang='lat' dir='ltr'><strong>obedientiam,</strong></span> <span class='ocrx_word' id='word_1_769' title='bbox 3322 4498 3585 4552; x_wconf 85' lang='lat' dir='ltr'><strong>unitatem</strong></span> <span class='ocrx_word' id='word_1_770' title='bbox 3646 4511 3695 4555; x_wconf 84' lang='lat' dir='ltr'><strong>et</strong></span> 
     </span>
    </p>
   </div>
   <div class='ocr_carea' id='block_1_106' title="bbox 2121 4590 3688 4659">
    <p class='ocr_par' dir='ltr' id='par_1_106' title="bbox 2121 4590 3688 4659">
     <span class='ocr_line' id='line_1_106' title="bbox 2121 4590 3688 4659; baseline 0.001 -12"><span class='ocrx_word' id='word_1_771' title='bbox 2121 4592 2458 4648; x_wconf 82' lang='lat' dir='ltr'><strong>devotionem</strong></span> <span class='ocrx_word' id='word_1_772' title='bbox 2489 4592 2609 4659; x_wconf 85' lang='lat' dir='ltr'><strong>ejus</strong></span> <span class='ocrx_word' id='word_1_773' title='bbox 2636 4590 2921 4646; x_wconf 79' lang='lat' dir='ltr'><strong>.Romanae</strong></span> <span class='ocrx_word' id='word_1_774' title='bbox 2957 4590 3215 4647; x_wconf 78' lang='lat' dir='ltr'><strong>Ecclesia:</strong></span> <span class='ocrx_word' id='word_1_775' title='bbox 3264 4590 3442 4648; x_wconf 91' lang='lat' dir='ltr'><strong>redire</strong></span> <span class='ocrx_word' id='word_1_776' title='bbox 3470 4609 3688 4657; x_wconf 66' lang='lat' dir='ltr'><strong>curare</strong></span> 
     </span>
    </p>
   </div>
   <div class='ocr_carea' id='block_1_107' title="bbox 2120 4686 3696 4757">
    <p class='ocr_par' dir='ltr' id='par_1_107' title="bbox 2120 4686 3696 4757">
     <span class='ocr_line' id='line_1_107' title="bbox 2120 4686 3696 4757; baseline 0.001 -15"><span class='ocrx_word' id='word_1_777' title='bbox 2120 4687 2226 4742; x_wconf 84' lang='lat' dir='ltr'><strong>rint</strong></span> <span class='ocrx_word' id='word_1_778' title='bbox 2279 4703 2402 4743; x_wconf 91' lang='lat' dir='ltr'><strong>cum</strong></span> <span class='ocrx_word' id='word_1_779' title='bbox 2461 4687 2680 4752; x_wconf 86' lang='lat' dir='ltr'><strong>effectu,</strong></span> <span class='ocrx_word' id='word_1_780' title='bbox 2723 4687 2873 4757; x_wconf 87' lang='lat' dir='ltr'><strong>ipsos</strong></span> <span class='ocrx_word' id='word_1_781' title='bbox 2929 4696 3059 4744; x_wconf 89' lang='lat' dir='ltr'><strong>tunc</strong></span> <span class='ocrx_word' id='word_1_782' title='bbox 3113 4686 3303 4744; x_wconf 82' lang='lat' dir='ltr'><strong>effusis</strong></span> <span class='ocrx_word' id='word_1_783' title='bbox 3356 4689 3590 4757; x_wconf 82' lang='lat' dir='ltr'><strong>gaudiis,</strong></span> <span class='ocrx_word' id='word_1_784' title='bbox 3635 4705 3696 4744; x_wconf 81' lang='lat' dir='ltr'><strong>se</strong></span> 
     </span>
    </p>
   </div>
   <div class='ocr_carea' id='block_1_108' title="bbox 2117 4779 3693 4853">
    <p class='ocr_par' dir='ltr' id='par_1_108' title="bbox 2117 4779 3693 4853">
     <span class='ocr_line' id='line_1_108' title="bbox 2117 4779 3693 4853; baseline 0.003 -20"><span class='ocrx_word' id='word_1_785' title='bbox 2117 4780 2308 4851; x_wconf 72' lang='lat' dir='ltr'><strong>gratiis</strong></span> <span class='ocrx_word' id='word_1_786' title='bbox 2352 4789 2405 4835; x_wconf 89' lang='lat' dir='ltr'><strong>et</strong></span> <span class='ocrx_word' id='word_1_787' title='bbox 2454 4779 2731 4835; x_wconf 83' lang='lat' dir='ltr'><strong>favoribus</strong></span> <span class='ocrx_word' id='word_1_788' title='bbox 2775 4779 3018 4852; x_wconf 78' lang='lat' dir='ltr'><strong>largiﬁue</strong></span> <span class='ocrx_word' id='word_1_789' title='bbox 3047 4779 3401 4851; x_wconf 86' lang='lat' dir='ltr'><strong>dispensatis,</strong></span> <span class='ocrx_word' id='word_1_790' title='bbox 3436 4793 3693 4853; x_wconf 80' lang='lat' dir='ltr'><strong>tanquam</strong></span> 
     </span>
    </p>
   </div>
   <div class='ocr_carea' id='block_1_109' title="bbox 2117 4873 3692 4946">
    <p class='ocr_par' dir='ltr' id='par_1_109' title="bbox 2117 4873 3692 4946">
     <span class='ocr_line' id='line_1_109' title="bbox 2117 4873 3692 4946; baseline 0.001 -18"><span class='ocrx_word' id='word_1_791' title='bbox 2117 4873 2186 4928; x_wconf 87' lang='lat' dir='ltr'><strong>de</strong></span> <span class='ocrx_word' id='word_1_792' title='bbox 2216 4875 2440 4945; x_wconf 75' lang='lat' dir='ltr'><strong>regione</strong></span> <span class='ocrx_word' id='word_1_793' title='bbox 2469 4873 2937 4930; x_wconf 86' lang='lat' dir='ltr'><strong>dissimilitudinis</strong></span> <span class='ocrx_word' id='word_1_794' title='bbox 2961 4882 3320 4941; x_wconf 84' lang='lat' dir='ltr'><strong>revertentes,</strong></span> <span class='ocrx_word' id='word_1_795' title='bbox 3355 4875 3470 4946; x_wconf 88' lang='lat' dir='ltr'><strong>ipse</strong></span> <span class='ocrx_word' id='word_1_796' title='bbox 3507 4875 3692 4930; x_wconf 88' lang='lat' dir='ltr'><strong>Domi-</strong></span> 
     </span>
    </p>
   </div>
   <div class='ocr_carea' id='block_1_110' title="bbox 2118 4954 3693 5037">
    <p class='ocr_par' dir='ltr' id='par_1_110' title="bbox 2118 4954 3693 5037">
     <span class='ocr_line' id='line_1_110' title="bbox 2118 4954 3693 5037; baseline -0.001 -13"><span class='ocrx_word' id='word_1_797' title='bbox 2118 4983 2222 5024; x_wconf 89' lang='lat' dir='ltr'><strong>nus</strong></span> <span class='ocrx_word' id='word_1_798' title='bbox 2257 4979 2446 5022; x_wconf 88' lang='lat' dir='ltr'><strong>noster</strong></span> <span class='ocrx_word' id='word_1_799' title='bbox 2478 4975 2534 5022; x_wconf 91' lang='lat' dir='ltr'><strong>et</strong></span> <span class='ocrx_word' id='word_1_800' title='bbox 2566 4967 2868 5035; x_wconf 86' lang='lat' dir='ltr'><strong>apostolica</strong></span> <span class='ocrx_word' id='word_1_801' title='bbox 2915 4966 3050 5023; x_wconf 84' lang='lat' dir='ltr'><strong>ﬁdes</strong></span> <span class='ocrx_word' id='word_1_802' title='bbox 3083 4954 3474 5037; x_wconf 15' lang='lat' dir='ltr'><strong>recipiant‘eos</strong></span> <span class='ocrx_word' id='word_1_803' title='bbox 3515 4968 3693 5022; x_wconf 66' lang='lat' dir='ltr'><strong>Citali&#39;</strong></span> 
     </span>
    </p>
   </div>
   <div class='ocr_carea' id='block_1_111' title="bbox 2118 5060 3693 5130">
    <p class='ocr_par' dir='ltr' id='par_1_111' title="bbox 2118 5060 3693 5130">
     <span class='ocr_line' id='line_1_111' title="bbox 2118 5060 3693 5130; baseline 0 -14"><span class='ocrx_word' id='word_1_804' title='bbox 2118 5060 2304 5116; x_wconf 84' lang='lat' dir='ltr'><strong>tativis</strong></span> <span class='ocrx_word' id='word_1_805' title='bbox 2329 5060 2569 5115; x_wconf 85' lang='lat' dir='ltr'><strong>brachiis</strong></span> <span class='ocrx_word' id='word_1_806' title='bbox 2600 5061 2984 5129; x_wconf 69' lang='lat' dir='ltr'><strong>amplexando,</strong></span> <span class='ocrx_word' id='word_1_807' title='bbox 3036 5076 3144 5115; x_wconf 89' lang='lat' dir='ltr'><strong>non</strong></span> <span class='ocrx_word' id='word_1_808' title='bbox 3204 5060 3382 5116; x_wconf 90' lang='lat' dir='ltr'><strong>solum</strong></span> <span class='ocrx_word' id='word_1_809' title='bbox 3436 5077 3600 5130; x_wconf 80' lang='lat' dir='ltr'><strong>super</strong></span> <span class='ocrx_word' id='word_1_810' title='bbox 3627 5065 3693 5118; x_wconf 71' lang='lat' dir='ltr'><strong>i’s</strong></span> 
     </span>
    </p>
   </div>
   <div class='ocr_carea' id='block_1_112' title="bbox 2116 5153 3686 5224">
    <p class='ocr_par' dir='ltr' id='par_1_112' title="bbox 2116 5153 3686 5224">
     <span class='ocr_line' id='line_1_112' title="bbox 2116 5153 3686 5224; baseline -0.001 -17"><span class='ocrx_word' id='word_1_811' title='bbox 2116 5169 2238 5224; x_wconf 69' lang='lat' dir='ltr'><strong>quae</strong></span> <span class='ocrx_word' id='word_1_812' title='bbox 2265 5160 2476 5223; x_wconf 89' lang='lat' dir='ltr'><strong>petunt,</strong></span> <span class='ocrx_word' id='word_1_813' title='bbox 2493 5154 2586 5208; x_wconf 90' lang='lat' dir='ltr'><strong>sed</strong></span> <span class='ocrx_word' id='word_1_814' title='bbox 2613 5153 2923 5224; x_wconf 57' lang='lat' dir='ltr'><strong>supeﬁaliis</strong></span> <span class='ocrx_word' id='word_1_815' title='bbox 2947 5169 3136 5211; x_wconf 87' lang='lat' dir='ltr'><strong>eorum</strong></span> <span class='ocrx_word' id='word_1_816' title='bbox 3156 5155 3686 5223; x_wconf 62' lang='lat' dir='ltr'><strong>opportunitatibus,</strong></span> 
     </span>
    </p>
   </div>
   <div class='ocr_carea' id='block_1_113' title="bbox 2115 5245 3694 5314">
    <p class='ocr_par' dir='ltr' id='par_1_113' title="bbox 2115 5245 3694 5314">
     <span class='ocr_line' id='line_1_113' title="bbox 2115 5245 3694 5314; baseline 0 -13"><span class='ocrx_word' id='word_1_817' title='bbox 2115 5245 2411 5302; x_wconf 78' lang='lat' dir='ltr'><strong>exbibituri</strong></span> <span class='ocrx_word' id='word_1_818' title='bbox 2463 5255 2611 5309; x_wconf 91' lang='lat' dir='ltr'><strong>tunc,</strong></span> <span class='ocrx_word' id='word_1_819' title='bbox 2673 5257 2932 5314; x_wconf 83' lang='lat' dir='ltr'><strong>quantum</strong></span> <span class='ocrx_word' id='word_1_820' title='bbox 2983 5263 3106 5302; x_wconf 87' lang='lat' dir='ltr'><strong>cum</strong></span> <span class='ocrx_word' id='word_1_821' title='bbox 3165 5246 3275 5302; x_wconf 89' lang='lat' dir='ltr'><strong>Deo</strong></span> <span class='ocrx_word' id='word_1_822' title='bbox 3306 5258 3358 5302; x_wconf 91' lang='lat' dir='ltr'><strong>et</strong></span> <span class='ocrx_word' id='word_1_823' title='bbox 3412 5249 3694 5302; x_wconf 82' lang='lat' dir='ltr'><strong>honestate</strong></span> 
     </span>
    </p>
   </div>
   <div class='ocr_carea' id='block_1_114' title="bbox 2118 5339 3691 5410">
    <p class='ocr_par' dir='ltr' id='par_1_114' title="bbox 2118 5339 3691 5410">
     <span class='ocr_line' id='line_1_114' title="bbox 2118 5339 3691 5410; baseline 0 -16"><span class='ocrx_word' id='word_1_824' title='bbox 2118 5339 2234 5394; x_wconf 86' lang='lat' dir='ltr'><strong>ﬁeri</strong></span> <span class='ocrx_word' id='word_1_825' title='bbox 2292 5340 2531 5410; x_wconf 86' lang='lat' dir='ltr'><strong>poterit,</strong></span> <span class='ocrx_word' id='word_1_826' title='bbox 2572 5341 2797 5405; x_wconf 80' lang='lat' dir='ltr'><strong>auxilia,</strong></span> <span class='ocrx_word' id='word_1_827' title='bbox 2831 5342 3060 5395; x_wconf 82' lang='lat' dir='ltr'><strong>consilia</strong></span> <span class='ocrx_word' id='word_1_828' title='bbox 3115 5350 3169 5397; x_wconf 89' lang='lat' dir='ltr'><strong>et</strong></span> <span class='ocrx_word' id='word_1_829' title='bbox 3228 5340 3463 5398; x_wconf 81' lang='lat' dir='ltr'><strong>favores.</strong></span> <span class='ocrx_word' id='word_1_830' title='bbox 3520 5340 3691 5396; x_wconf 86' lang='lat' dir='ltr'><strong>Porro</strong></span> 
     </span>
    </p>
   </div>
   <div class='ocr_carea' id='block_1_115' title="bbox 2117 5434 3692 5504">
    <p class='ocr_par' dir='ltr' id='par_1_115' title="bbox 2117 5434 3692 5504">
     <span class='ocr_line' id='line_1_115' title="bbox 2117 5434 3692 5504; baseline 0 -15"><span class='ocrx_word' id='word_1_831' title='bbox 2117 5441 2240 5504; x_wconf 83' lang='lat' dir='ltr'><strong>post</strong></span> <span class='ocrx_word' id='word_1_832' title='bbox 2265 5436 2543 5502; x_wconf 68' lang='lat' dir='ltr'><strong>praemissa</strong></span> <span class='ocrx_word' id='word_1_833' title='bbox 2569 5435 2748 5489; x_wconf 83' lang='lat' dir='ltr'><strong>dictus</strong></span> <span class='ocrx_word' id='word_1_834' title='bbox 2775 5434 3009 5498; x_wconf 82' lang='lat' dir='ltr'><strong>Barlatn,</strong></span> <span class='ocrx_word' id='word_1_835' title='bbox 3040 5435 3133 5504; x_wconf 88' lang='lat' dir='ltr'><strong>qui</strong></span> <span class='ocrx_word' id='word_1_836' title='bbox 3165 5437 3229 5488; x_wconf 86' lang='lat' dir='ltr'><strong>ad</strong></span> <span class='ocrx_word' id='word_1_837' title='bbox 3261 5448 3441 5501; x_wconf 86' lang='lat' dir='ltr'><strong>partes</strong></span> <span class='ocrx_word' id='word_1_838' title='bbox 3467 5437 3692 5491; x_wconf 56' lang='lat' dir='ltr'><strong>Graeciaa</strong></span> 
     </span>
    </p>
   </div>
   <div class='ocr_carea' id='block_1_116' title="bbox 2116 5523 3692 5596">
    <p class='ocr_par' dir='ltr' id='par_1_116' title="bbox 2116 5523 3692 5596">
     <span class='ocr_line' id='line_1_116' title="bbox 2116 5523 3692 5596; baseline 0.001 -18"><span class='ocrx_word' id='word_1_839' title='bbox 2116 5526 2402 5596; x_wconf 68' lang='lat' dir='ltr'><strong>praedictas</strong></span> <span class='ocrx_word' id='word_1_840' title='bbox 2442 5535 2578 5587; x_wconf 88' lang='lat' dir='ltr'><strong>erat,</strong></span> <span class='ocrx_word' id='word_1_841' title='bbox 2647 5532 2704 5576; x_wconf 91' lang='lat' dir='ltr'><strong>nt</strong></span> <span class='ocrx_word' id='word_1_842' title='bbox 2760 5525 3020 5587; x_wconf 88' lang='lat' dir='ltr'><strong>asseruit,</strong></span> <span class='ocrx_word' id='word_1_843' title='bbox 3083 5523 3380 5589; x_wconf 86' lang='lat' dir='ltr'><strong>rediturus,</strong></span> <span class='ocrx_word' id='word_1_844' title='bbox 3435 5525 3692 5594; x_wconf 74' lang='lat' dir='ltr'><strong>quamvis</strong></span> 
     </span>
    </p>
   </div>
   <div class='ocr_carea' id='block_1_117' title="bbox 2117 5613 3689 5687">
    <p class='ocr_par' dir='ltr' id='par_1_117' title="bbox 2117 5613 3689 5687">
     <span class='ocr_line' id='line_1_117' title="bbox 2117 5613 3689 5687; baseline -0.003 -15"><span class='ocrx_word' id='word_1_845' title='bbox 2117 5616 2527 5687; x_wconf 81' lang='lat' dir='ltr'><strong>responsionem</strong></span> <span class='ocrx_word' id='word_1_846' title='bbox 2577 5613 2887 5683; x_wconf 88' lang='lat' dir='ltr'><strong>bujusmodi</strong></span> <span class='ocrx_word' id='word_1_847' title='bbox 2939 5616 3148 5686; x_wconf 78' lang='lat' dir='ltr'><strong>justam</strong></span> <span class='ocrx_word' id='word_1_848' title='bbox 3200 5625 3253 5672; x_wconf 90' lang='lat' dir='ltr'><strong>et</strong></span> <span class='ocrx_word' id='word_1_849' title='bbox 3306 5615 3689 5670; x_wconf 86' lang='lat' dir='ltr'><strong>rationabilem</strong></span> 
     </span>
    </p>
   </div>
   <div class='ocr_carea' id='block_1_118' title="bbox 2114 5710 3691 5782">
    <p class='ocr_par' dir='ltr' id='par_1_118' title="bbox 2114 5710 3691 5782">
     <span class='ocr_line' id='line_1_118' title="bbox 2114 5710 3691 5782; baseline 0 -15"><span class='ocrx_word' id='word_1_850' title='bbox 2114 5721 2412 5782; x_wconf 84' lang='lat' dir='ltr'><strong>reputaret,</strong></span> <span class='ocrx_word' id='word_1_851' title='bbox 2442 5713 2585 5766; x_wconf 87' lang='lat' dir='ltr'><strong>viam</strong></span> <span class='ocrx_word' id='word_1_852' title='bbox 2610 5718 2788 5765; x_wconf 86' lang='lat' dir='ltr'><strong>tamen</strong></span> <span class='ocrx_word' id='word_1_853' title='bbox 2823 5725 2986 5780; x_wconf 90' lang='lat' dir='ltr'><strong>quam</strong></span> <span class='ocrx_word' id='word_1_854' title='bbox 3018 5710 3086 5766; x_wconf 88' lang='lat' dir='ltr'><strong>de</strong></span> <span class='ocrx_word' id='word_1_855' title='bbox 3109 5710 3390 5766; x_wconf 89' lang='lat' dir='ltr'><strong>mittendis</strong></span> <span class='ocrx_word' id='word_1_856' title='bbox 3412 5727 3511 5781; x_wconf 87' lang='lat' dir='ltr'><strong>pro</strong></span> <span class='ocrx_word' id='word_1_857' title='bbox 3537 5723 3691 5780; x_wconf 86' lang='lat' dir='ltr'><strong>parte</strong></span> 
     </span>
    </p>
   </div>
   <div class='ocr_carea' id='block_1_119' title="bbox 2115 5804 3689 5876">
    <p class='ocr_par' dir='ltr' id='par_1_119' title="bbox 2115 5804 3689 5876">
     <span class='ocr_line' id='line_1_119' title="bbox 2115 5804 3689 5876; baseline -0.002 -14"><span class='ocrx_word' id='word_1_858' title='bbox 2115 5804 2428 5864; x_wconf 75' lang='lat' dir='ltr'><strong>Grmcorum</strong></span> <span class='ocrx_word' id='word_1_859' title='bbox 2497 5806 2881 5876; x_wconf 68' lang='lat' dir='ltr'><strong>prmdiciorum</strong></span> <span class='ocrx_word' id='word_1_860' title='bbox 2943 5806 3279 5876; x_wconf 84' lang='lat' dir='ltr'><strong>sapientibus</strong></span> <span class='ocrx_word' id='word_1_861' title='bbox 3344 5813 3568 5873; x_wconf 81' lang='lat' dir='ltr'><strong>iactam,</strong></span> <span class='ocrx_word' id='word_1_862' title='bbox 3632 5814 3689 5860; x_wconf 89' lang='lat' dir='ltr'><strong>ut</strong></span> 
     </span>
    </p>
   </div>
  </div>
