4122 6240
532 306 663 376 1241

1607 322 1888 385 E'l‘HlCA
1926 321 2350 385 SECUNDUM
2389 324 2718 386 STOlCOS.

3647 330 3797 393 135?;

528 428 901 494 praemittitur,
933 431 1205 503 diﬁieilem
1239 449 1336 490 seu
1370 433 1767 506 impossibilem
1801 439 2104 512 existimat,
2139 448 2184 501 Α
2214 440 2518 497 voluissent
2550 441 2774 509 venire;
2809 448 2866 497 et
2921 442 3074 512 dato,
3134 444 3284 516 quod
3332 445 3445 518 jam
3493 448 3800 507 venissent.

526 518 632 575 nisi
672 522 834 589 Ocus,
865 525 957 578 cui
991 524 1126 579 nihil
1150 535 1236 583 est
1264 528 1626 598 impossibile,
1669 529 1818 584 illam
1850 532 1963 585 sola
1999 550 2098 588 sua

526 614 726 668 virtute
785 617 1048 686 perlicere
1106 620 1463 690 dignaretur:
1509 637 1706 678 causas
1764 623 2098 686 difﬁcultatis

524 705 843 777 lajusmodi
908 713 1268 783 exprimendo
1320 733 1416 788 per
1473 722 1766 789 quamdam
1827 722 2097 788 cedulam,

523 817 690 870 quam
711 818 766 857 in
787 804 1006 874 scriptis
1025 805 1361 867 tradiditsub
1383 814 1482 870 bac
1507 815 1682 870 forma
1700 833 1714 871 :
1731 846 1802 861 —
1825 815 2102 872 «Sanctis-

522 892 660 949 sime
697 894 878 963 Pater,
906 901 1153 969 quamvis
1186 907 1484 973 receperint
1537 923 1565 960 a
1599 908 1750 963 vobis
1796 910 2101 980 perfectum

527 994 1089 1059 responsnui,adbuc
1145 999 1400 1069 supplico
1455 1011 1650 1058 vestrae
1705 1005 2007 1070 sanctitati,
2042 1014 2104 1060 ut

521 1082 781 1152 dignetur
810 1086 1002 1142 audire
1059 1099 1114 1146 et
1148 1090 1249 1146 ista
1303 1109 1480 1164 pauca
1517 1097 1724 1164 verba;
1786 1098 2102 1153 necessaria

521 1175 667 1232 enim
707 1186 858 1246 sunt,
887 1189 941 1235 et
972 1181 1104 1236 mihi
1130 1183 1312 1240 dicere
1337 1196 1392 1241 et
1425 1188 1579 1244 vobis
1610 1182 1770 1245 scire.
1805 1190 1959 1257 Quod
1984 1191 2102 1261 jam

521 1279 704 1326 vestra
736 1273 1000 1330 sanctitas
1056 1277 1191 1333 mihi
1237 1279 1448 1336 dixerat
1478 1298 1647 1352 super
1691 1282 1837 1341 facto
1879 1284 2103 1340 anionis

524 1363 779 1421 Ecclesim
809 1368 1149 1438 orthodoxae,
1203 1383 1260 1428 ut
1296 1374 1516 1430 veniant
1541 1393 1603 1432 ex
1626 1377 2000 1448 partibusillis
2023 1378 2104 1433 le-

521 1453 659 1524 gati,
722 1450 986 1513 habentes
1026 1461 1241 1518 litteras
1307 1463 1622 1533 imperiales
1681 1475 1735 1519 et
1787 1464 2102 1536 synodicas,

523 1563 691 1603 exoro
715 1549 976 1615 Deum,ut
1006 1552 1168 1610 faciat
1198 1555 1339 1611 istud
1372 1557 1655 1627 possibile,
1689 1564 1815 1628 quia
1838 1572 1900 1613 ex
1936 1574 1994 1614 se
2019 1567 2103 1615 est

523 1637 681 1691 valde
735 1637 974 1703 ditlicile,
1036 1643 1222 1697 multis
1280 1645 1346 1700 de
1398 1648 1605 1702 causis.
1642 1647 1936 1713 Videlicet,
1973 1650 2101 1720 quia

522 1728 822 1798 imperator
873 1749 979 1787 non
1050 1736 1214 1791 audet
1262 1739 1612 1794 manifestare
1661 1757 1740 1804 se,
1799 1740 1943 1810 quod
1974 1741 2104 1796 velit

525 1825 669 1878 nniri
727 1826 1052 1896 vobiscum;
1107 1833 1394 1902 quoniam,
1456 1834 1506 1890 si
1561 1834 1971 1893 manifestasset
2020 1852 2100 1902 se.

522 1918 679 1972 multi
702 1933 764 1973 ex
794 1922 1133 1992 principibus
1153 1927 1291 1989 suis,
1311 1926 1475 1984 etiam
1494 1944 1559 1984 ex
1581 1931 1801 1999 populo,
1823 1932 2100 2000 timentes,

2213 541 2261 586 et
2300 548 2492 587 omnes
2523 533 2863 589 unanimiter
2901 536 3332 592 colicordassent
3375 538 3445 592 ad
3476 539 3800 593 mittendum

2210 629 2413 698 legatos
2451 645 2612 699 super
2664 629 2963 701 prmdictis.
3017 629 3120 702 ipsi
3169 646 3279 686 non
3324 630 3513 686 darent
3557 648 3797 700 unquam

2210 722 2430 791 plenum
2491 739 2649 792 posse
2683 739 2849 794 super
2880 724 2984 780 hoc
3019 725 3226 780 talibus
3275 723 3491 795 legatis,
3531 741 3631 779 nec
3664 740 3796 794 pro-

2206 814 2503 881 mitterent,
2530 814 2662 871 illud
2692 817 2838 886 quod
2880 816 3084 871 factum
3116 816 3316 872 fuisset
3351 833 3448 887 per
3474 819 3624 886 ipsos
3655 817 3798 885 lega-

2207 915 2293 963 tos
2324 918 2502 963 ratum
2546 908 2767 968 habere.
2807 910 2914 964 nisi
2954 910 3057 965 sub
3082 913 3252 966 certis
3296 911 3546 966 articulis
3581 910 3793 979 pactis-

2205 1015 2356 1071 que;
2393 1016 2517 1070 quae
2550 1013 2703 1072 pacta
2739 1019 2835 1059 vos
2869 1002 3190 1060 nullatenus
3218 1003 3610 1059 admitteretis.
3643 1003 3799 1069 Qua-

2207 1105 2432 1164 pr0pter
2457 1095 2670 1150 videtur
2700 1096 2859 1163 mihi,
2894 1097 3042 1167 quod
3075 1098 3212 1153 tales
3243 1097 3409 1167 legati
3479 1096 3798 1168 aliqualiter

2206 1203 2317 1243 non
2352 1187 2620 1254 venirent,
2651 1204 2717 1244 eo
2750 1189 2894 1260 quod
2923 1189 3025 1258 ipsi
3052 1190 3278 1256 scirent,
3317 1198 3606 1260 pactorum
3658 1189 3796 1244 arti-

2203 1284 2327 1340 cula
2362 1297 2458 1354 per
2510 1298 2605 1338 vos
2637 1283 2950 1340 nullatenus
2981 1283 3338 1340 admittenda.
3375 1281 3552 1351 Unde,
3576 1284 3623 1338 si
3660 1284 3798 1338 tales

2205 1377 2415 1449 legatos
2452 1377 2733 1448 contingat
2781 1379 2850 1433 ad
2881 1387 3118 1433 vestram
3177 1377 3525 1432 sanctitatem
3578 1375 3788 1438 venire,

2207 1471 2455 1528 habeatis
2483 1474 2628 1542 quod
2651 1486 2717 1527 ex
2746 1470 2855 1527 Deo
2901 1482 3005 1535 est.
3038 1472 3125 1528 cui
3165 1470 3384 1527 difﬁcile
3416 1470 3552 1525 nihil
3583 1479 3685 1525 est.
3738 1470 3796 1524 Si

2208 1573 2392 1619 autem
2437 1579 2547 1619 non
2603 1564 2848 1631 veniant,
2907 1580 3018 1621 non
3077 1564 3380 1635 imputetur
3453 1562 3796 1634 imperatori,

2206 1671 2382 1727 neque
2413 1658 2750 1728 suspicetur,
2781 1654 2927 1728 quod
2949 1655 3068 1725 ejus
3095 1655 3432 1728 negligentia
3471 1655 3544 1710 sit
3571 1655 3625 1709 in
3668 1669 3799 1708 cau-

2204 1766 2287 1814 sa,
2319 1765 2442 1804 cum
2488 1750 2607 1820 ipse
2664 1749 2759 1804 diu
2818 1751 2887 1805 ad
2943 1748 3256 1820 praedictam
3323 1748 3578 1804 unionem
3637 1746 3801 1800 fuerit

2206 1843 2503 1898 animatus.
2534 1842 2744 1914 Adiecit
2782 1856 3006 1913 quoque
3056 1838 3406 1912 postmodum
3463 1839 3797 1894 vet-botenus

2205 1932 2419 1990 Barlam
2473 1934 2842 2005 supradictus,
2876 1933 3026 2006 quod
3058 1947 3166 1988 non
3197 1932 3473 1998 obstante,
3512 1931 3682 2003 quod,
3738 1941 3804 1985 ut

523 2025 590 2065 ne
619 2009 759 2103 forte
784 2014 830 2068 si
871 2014 989 2084 ipse
1021 2016 1200 2085 vellet,
1232 2019 1377 2075 sicut
1407 2020 1532 2078 fecit
1577 2023 1711 2092 ipsis
1743 2023 1969 2079 Michael
1997 2024 2102 2080 Pa-
2137 2022 2179 2078 Β
2208 2029 2482 2099 promisit,
2543 2028 2826 2103 praemissa
2862 2034 2921 2083 et.
2980 2025 3224 2084 difﬁcilia
3286 2025 3370 2082 vel
3430 2022 3798 2094 impossibilia

523 2102 816 2175 laaologus,
851 2121 1160 2177 quaererent
1213 2115 1676 2183 opportunitatem
1739 2115 2102 2173 interficiendi

523 2194 704 2252 illum.
759 2196 1030 2258 Pra—terea
1069 2202 1316 2260 Ecclesia
1351 2207 1960 2280 Constantinopolitana
1993 2225 2104 2266 non

525 2289 830 2348 remitteret
861 2295 927 2349 ad
959 2295 1062 2352 b’oc
1095 2301 1374 2369 negotium
1425 2300 1633 2370 legatos
1661 2317 1793 2358 suos
1820 2303 1942 2360 sine
1969 2317 2105 2359 cun-

523 2385 647 2442 silio
676 2397 729 2444 et
757 2403 1030 2448 consensu
1061 2394 1523 2463 patriarcharum,
1575 2393 1954 2465 Alexandrini,
1987 2398 2102 2455 An-

523 2478 763 2536 tiocheni
821 2491 877 2539 et
929 2482 1454 2558 Hierosolymitaul;
1511 2506 1683 2561 quare
1711 2503 1964 2565 oportere
2011 2507 2105 2550 eos

524 2568 748 2627 insimul
800 2588 1175 2648 congregare;
1227 2581 1378 2648 quod
1435 2591 1520 2638 est
1581 2583 1800 2640 difficile
1879 2594 2106 2656 propter

521 2677 769 2735 goat-ras.
792 2667 857 2723 Et
879 2680 1079 2740 praeter
1095 2671 1203 2728 hoc
1221 2673 1490 2731 incertum
1515 2685 1623 2741 est,
1650 2677 1697 2733 si
1722 2679 1898 2734 vocati
1923 2679 2102 2735 adhuc

2207 2121 2518 2187 vidcantur,
2551 2119 2667 2189 ipse
2708 2128 2888 2176 tamen
2921 2119 3069 2176 circa
3089 2135 3150 2177 ea
3188 2118 3417 2174 fideliter
3442 2117 3738 2174 laborabit.
3773 2135 3795 2168 ι

2204 2244 2280 2255 -
2300 2214 2362 2270 Et
2395 2214 2480 2271 sic
2509 2215 2581 2270 ab
2610 2214 2800 2270 eodem
2823 2213 3048 2270 domino
3070 2222 3263 2269 nostro
3281 2227 3500 2268 summo
3517 2210 3796 2282 pontifice,

2206 2308 2515 2377 explicante
2544 2306 2878 2377 expressius,
2928 2303 3077 2377 quod
3129 2304 3290 2361 aliter
3328 2305 3504 2359 eidem
3537 2303 3799 2370 dictoque

2206 2399 2439 2470 collegio
2500 2413 2661 2470 posse
2698 2413 2806 2454 non
2846 2397 3156 2463 videbatur,
3213 2394 3320 2451 nisi
3353 2407 3513 2466 prout
3543 2391 3799 2462 superius

2207 2492 2441 2561 dixerat,
2471 2501 2528 2548 et
2553 2492 2828 2562 tetigerat,
2857 2490 3131 2561 negotium
3169 2490 3354 2557 perlici
3389 2487 3793 2560 supradit-tum;

2209 2583 2452 2649 rediens,
2478 2592 2538 2638 ut
2565 2583 2724 2650 dixit,
2763 2581 3028 2653 praefatus
3066 2579 3279 2637 Barium
3313 2581 3379 2636 ad
3436 2587 3619 2651 partes
3646 2574 3797 2633 Grae-

2208 2679 2309 2737 ciae
2343 2679 2629 2750 praedictas
2665 2676 2937 2734 discessit.

532 2852 2742 2885 Mm

1088 2988 1624 3109 ETI-IICA
1713 2994 2492 3113 SECUNDUM
2575 2988 3234 3108 STOlCOS.

1204 3324 1317 3414 D.
1364 3323 2102 3417 BARLAAMUM
2170 3327 2332 3424 DE
2380 3321 3111 3420 SEMINABIA.

1711 3514 2105 3575 EPISCOPUM
2135 3514 2224 3571 GY
2234 3514 2604 3571 RACENSEM

801 3682 891 3743 Ex
924 3679 1217 3759 pluribus
1253 3677 1696 3744 voluminibus
1727 3679 2116 3745 earumdem
2150 3677 2512 3744 Stoicorum
2539 3680 2662 3742 sub
2693 3676 3080 3758 compendio
3138 3676 3516 3755 composita.

1745 3860 2039 3953 PARS
2136 3863 2557 3955 PRIMA.

2133 4091 2205 4104 ..-

2143 4224 2190 4283 C
2223 4219 2404 4276 solum
2434 4228 2521 4275 est
2571 4229 2767 4276 contra
2815 4234 3143 4274 communes
3176 4219 3429 4276 notiones
3459 4261 3475 4284 ,
3513 4220 3605 4276 sed
3638 4221 3800 4276 etiam

2220 4312 2361 4368 tollit
2392 4326 2613 4366 omnem
2653 4309 2975 4381 appetitum.
3034 4309 3317 4379 Siquidem
3366 4314 3801 4381 expetendorum

2218 4413 2526 4459 extremum
2565 4417 2674 4458 non
2717 4410 2823 4466 est,
2848 4401 2940 4456 ubi
2959 4417 3016 4456 se
3038 4403 3311 4472 appetitus
3333 4404 3630 4461 novissime
3653 4407 3799 4471 ligat.

2220 4497 2375 4553 llunc
2424 4496 2591 4566 igitur
2639 4495 2961 4561 terminum,
3019 4505 3074 4550 et
3121 4497 3260 4550 hanc
3324 4495 3612 4563 optimam,
3646 4508 3804 4566 piunt

2217 4586 2482 4656 possibile
2514 4596 2620 4650 est,
2657 4585 2900 4641 hominis
2929 4587 3118 4652 vitam,
3171 4602 3280 4641 uno
3331 4587 3518 4654 verbo,
3572 4590 3710 4642 sicut
3749 4597 3802 4640 et

2220 4678 2339 4744 alii,
2370 4680 2766 4735 beatitudinem
2805 4680 3164 4750 appellantes,
3193 4696 3511 4749 quaeramus
3544 4680 3672 4749 quid
3707 4682 3801 4744 sit,

2220 4784 2277 4830 et
2312 4774 2364 4828 in
2420 4774 2626 4844 quibus
2653 4773 2944 4829 consistat.
3004 4771 3136 4829 lude
3189 4783 3371 4828 autem
3431 4772 3803 4842 suscipiamus

2220 4869 2535 4923 exordium.

837 4221 966 4280 Car.
996 4221 1039 4279 l.
1077 4221 1364 4278 Beatitudo
1397 4222 1525 4291 quid
1570 4222 1808 4278 dicatur.

607 4359 902 4416 Hominum
937 4357 1104 4413 alium
1134 4359 1267 4424 alio,
1299 4357 1600 4413 secundum
1632 4356 1782 4428 quod
1812 4356 1980 4412 homo
2007 4365 2112 4424 est,

535 4455 734 4511 melius
758 4454 938 4510 vivere
958 4461 1215 4525 putamus
1237 4495 1251 4520 ,
1288 4461 1342 4508 et
1369 4459 1614 4508 statuum
1638 4450 1924 4506 hominum
1945 4451 2115 4506 alium

533 4547 946 4622 eligibiliorem,
977 4546 1144 4601 alium
1183 4545 1366 4600 minus
1402 4541 1714 4615 eligendum
1755 4543 2116 4600 arbitramur.

533 4643 681 4712 Ergo
712 4657 838 4697 cum
873 4650 1070 4696 natura
1101 4647 1294 4694 nostra
1325 4638 1396 4694 sit
1425 4639 1602 4703 finita,
1632 4647 1689 4694 et
1744 4627 1855 4694 non
1892 4637 1964 4694 sit
1995 4637 2118 4692 inli-

534 4736 663 4791 nita:
691 4733 956 4790 bonitatis
972 4747 1168 4802 capax,
1199 4731 1363 4787 aliam
1393 4731 1499 4786 alia
1530 4730 1819 4786 meliorem
1839 4729 2006 4784 vitam
2032 4744 2122 4783 ra-

535 4831 684 4887 tione
707 4814 1013 4891 sumentes,
1045 4841 1155 4880 non
1190 4825 1255 4880 ad
1289 4826 1564 4880 infinitum
1597 4824 1987 4895 procedemus,
2019 4822 2113 4879 sed

536 4923 921 4997 perveniemus
951 4933 1232 4994 postremo
1267 4920 1333 4974 ad
1369 4919 1609 4989 aliquem
1645 4917 1941 4973 terminum
1980 4917 2122 4971 bene

537 5016 778 5078 vivendi.
814 5029 979 5087 quem
1010 5016 1123 5086 jam
1176 5012 1570 5068 transcendere
1602 5019 1798 5066 natura
1829 5019 2016 5065 nostra
2054 5008 2122 5063 de

535 5114 620 5169 sui
653 5109 974 5167 conditione
1007 5107 1232 5163 minime
1282 5103 1481 5161 valeat.
1518 5103 1779 5171 Quamvis
1832 5104 1976 5160 enim
2009 5117 2119 5158 non
2297 5101 2498 5158 Veram
2522 5103 2762 5160 hominis
2781 5104 3172 5160 beatitudinem
3199 5105 3500 5175 quaerimus
3525 5123 3539 5161 :
3562 5106 3684 5161 talis
3707 5123 3803 5161 an-

539 5193 863 5272 habeamus,
900 5221 1068 5278 quem
1106 5202 1541 5276 assignabimus,
1571 5218 1706 5274 pnre
1739 5203 1806 5258 ad
1837 5216 1963 5257 eum
2003 5218 2127 5271 per-
2225 5208 2333 5254 tem
2367 5213 2474 5252 non
2513 5205 2692 5269 potest
2721 5214 2864 5261 esse.
2895 5197 3001 5255 nisi
3037 5198 3106 5255 sit
3137 5198 3378 5254 hominis
3411 5208 3465 5255 ut
3500 5199 3815 5255 homo-ess.

541 5304 761 5359 venisse
784 5319 804 5360 ι
857 5312 1042 5356 tamen
1071 5297 1204 5370 quia
1228 5295 1601 5353 substantiam
1637 5303 1690 5349 et
1724 5295 1892 5352 vitam
1927 5306 2122 5350 natura
2224 5292 2364 5349 Nam
2405 5293 2450 5348 si
2492 5293 2899 5362 assignabimus
2935 5293 3177 5349 hominis
3233 5294 3651 5357 beatitudinem,
3684 5309 3806 5363 quis

537 5396 829 5453 limitatam
881 5394 1174 5454 habemus,
1208 5405 1434 5446 necesse
1485 5397 1570 5445 est
1603 5389 1795 5454 etiam,
1840 5404 2121 5444 sumntum
2227 5405 2336 5443 non
2368 5387 2473 5442 erit
2497 5387 2757 5450 hominis,
2792 5397 2849 5441 nt
2875 5386 3040 5441 homo
3069 5397 3153 5442 est
3174 5427 3192 5452 ,
3222 5403 3330 5441 non
3363 5396 3465 5440 (ξι-ιι
3485 5400 3633 5440 vera.
3664 5385 3814 5456 Ergo

539 5491 771 5564 gradum
797 5499 998 5543 nostra:
1029 5483 1407 5556 perfectionis,
1434 5493 1488 5539 et
1507 5481 1778 5552 Optimum
1806 5492 2009 5538 statum
2043 5483 2126 5539 vi.
2228 5489 2443 5554 oportet
2472 5490 2532 5535 ut
2560 5487 2778 5535 constet
2806 5493 2871 5534 cx
2901 5477 3159 5534 omnibus
3189 5479 3300 5533 illis
3326 5479 3503 5544 bouis,
3526 5494 3650 5550 qua:
3677 5491 3812 5536 sunt

537 5584 726 5643 νθηδίι
755 5581 1062 5637 κταηάυιη
1096 5580 1241 5648 «μιοά
1268 5576 1755 5648 Ρτοροτιίοηειιὶῑθε
1784 5585 1972 5633 nostra
2001 5577 2119 5631 exi-
2149 5595 2198 5656 ο
2222 5577 2486 5639 hominis,
2519 5576 2575 5631 in
2612 5581 2875 5643 quantum
2899 5571 3064 5626 homo
3091 5580 3193 5648 est.
3221 5570 3360 5638 Quia
3391 5569 3441 5626 si.
3465 5585 3530 5625 ex
3566 5571 3715 5638 aliis,
3752 5582 3806 5629 t‘l

540 5678 644 5748 git,
672 5675 867 5732 ralem
926 5683 1120 5727 natura
1160 5670 1442 5740 praefixum
1475 5679 1529 5722 et
1569 5678 1759 5723 notum
1795 5685 1936 5724 esse.
1978 5668 2114 5726 Nam
2227 5684 2338 5728 non
2385 5683 2453 5723 ex
2492 5665 2695 5722 talibus
2723 5705 2744 5729 ,.
2775 5679 2883 5717 non
2916 5662 3264 5726 habebimus,
3309 5662 3455 5733 quod
3484 5665 3804 5734 quarimus.

538 5769 757 5843 opinari
786 5768 993 5823 (initam
1033 5775 1284 5820 naturam
1315 5762 1385 5818 ad
1422 5763 1696 5818 infinitum
1733 5764 2020 5837 proficere,
2064 5774 2119 5820 et
2230 5763 2440 5820 Etenim
2472 5763 2522 5818 si
2544 5777 2650 5817 non
2678 5777 2743 5814 ea
2768 5757 3026 5813 omnibus
3059 5758 3377 5828 bujnsmodi
3405 5759 3568 5818 bonis
3588 5770 3782 5817 consta

537 5862 752 5936 perlici,
790 5877 927 5921 suos
978 5876 1092 5917 non
1141 5857 1458 5918 excedenda
1493 5857 1718 5926 limites,
1754 5873 1912 5931 posse
1945 5899 1962 5926 ,
2004 5875 2114 5914 non
2223 5857 2322 5928 bit,
2357 5872 2467 5914 non
2496 5853 2598 5914 erit
2624 5865 2898 5909 summum
2922 5851 3147 5921 bonum,
3183 5851 3314 5924 quia
3346 5851 3390 5910 si
3420 5868 3530 5926 qua
3565 5864 3646 5912 est
3677 5854 3804 5912 bea-

2292 4984 2424 5040 Csr.
2453 4983 2518 5040 ll.
2559 4982 2695 5040 Vera
2756 4985 3025 5039 beatitudo
3078 4985 3324 5053 hominis,
3357 4995 3414 5039 ut
3444 4987 3602 5042 homo
3633 4995 3737 5044 est.
