4086 6228
387 337 526 401 1342

1477 329 1873 389 BARLAAMI
1919 327 2016 386 DE
2061 331 2206 387 SEM
2226 330 2496 388 INARIA

3507 321 3654 389 1344

381 452 576 514 titudo,
598 447 1101 517 euidesuntaliqua
1119 443 1384 508 hominis,
1412 443 1464 497 in
1489 454 1756 514 quantmn
1792 448 1956 498 homo
1987 449 2032 504 Α
2065 444 2295 496 formam
2329 441 2683 496 beatitudinis
2715 440 3013 509 pertinent.
3043 432 3356 495 Sicutenim
3389 437 3442 491 in
3469 452 3653 492 omm-

376 555 479 604 est,
523 542 876 596 manifestum
910 549 1013 602 est,
1050 541 1196 608 quod
1246 539 1355 592 illis
1401 539 1602 592 additis
1647 539 1956 606 augebitnr.

376 640 481 693 Sed
535 637 682 707 quod
713 639 902 702 augeri
940 644 1136 705 potest,
1179 651 1458 688 summum
1493 651 1600 688 non
1634 647 1752 699 est;
1783 634 1960 688 beati-

377 732 620 784 tudinem
657 746 805 790 vero,
843 745 1005 797 quam
1040 730 1364 797 qu:crimus,
1401 743 1680 782 summum
1715 727 1960 781 hominis

373 824 576 877 bunum
623 838 748 876 esse
785 823 1063 876 volumus.

446 915 615 981 Igitur
647 929 711 966 ex
741 914 1003 968 onmibus
1041 913 1204 968 dictis
1233 912 1392 965 bonis
1423 912 1721 976 constabit,
1744 926 1808 965 ac
1831 924 1960 965 vero

372 1023 436 1060 ex
467 1009 621 1062 solis.
661 1009 799 1073 Quia
831 1009 876 1062 si
913 1025 1016 1076 qua
1069 1019 1199 1063 sunt
1233 1010 1338 1061 alia
1375 1009 1513 1062 bona
1551 1009 1814 1071 hominis,
1852 1023 1959 1061 non

375 1111 558 1153 tamen
600 1113 656 1152 ut
689 1102 854 1154 homo
895 1111 1000 1166 est,
1036 1101 1386 1155 manifestum
1420 1112 1524 1160 est,
1563 1101 1706 1168 quod
1744 1102 1832 1153 illa
1868 1102 1963 1153 ad-

375 1192 489 1244 dita
525 1192 598 1244 illi
635 1193 980 1259 beatitudini,
1012 1209 1132 1262 qua:
1167 1201 1385 1246 constat
1408 1208 1472 1245 ex
1509 1191 1669 1246 bonis
1698 1192 1960 1253 hominis,

378 1295 435 1336 ut
478 1284 640 1337 homo
668 1295 782 1348 est,
837 1302 944 1338 non
980 1287 1260 1354 augebunt
1291 1300 1435 1347 eam,
1469 1295 1526 1336 ut
1565 1294 1852 1352 propterea
1891 1282 1962 1334 sit

381 1377 556 1446 magis
581 1377 861 1431 beatitudo
890 1377 1156 1442 hominis,
1194 1389 1252 1431 ut
1277 1377 1444 1431 homo
1473 1387 1595 1432 est:
1623 1376 1749 1445 quia
1776 1378 1829 1428 in
1865 1373 1962 1428 tali

373 1469 539 1520 etiam
566 1470 968 1535 compositione
1005 1479 1117 1523 tota
1152 1485 1220 1524 ex
1239 1470 1527 1538 utriusque
1563 1469 1964 1539 generisbo-is

376 1562 686 1630 complexio
726 1577 836 1615 non
893 1563 1192 1625 diceretur,
1255 1577 1352 1615 nec
1393 1560 1820 1628 intelligeretur,
1864 1578 1966 1618 nec

373 1665 521 1708 essu
551 1655 831 1709 beatitudo
857 1654 1120 1720 hominis,
1153 1665 1210 1708 ut
1247 1656 1411 1708 homo
1442 1664 1546 1715 est,
1576 1654 1680 1707 nisi
1715 1671 1778 1708 cx
1810 1663 1966 1722 parte

375 1738 594 1800 illorum
651 1749 923 1803 bonorum
957 1748 1220 1809 hominis.
1245 1764 1366 1818 quae
1397 1756 1582 1803 essent
1611 1746 1754 1801 bona
1783 1748 1964 1802 homi-

376 1842 484 1901 nis,
523 1842 574 1894 in
607 1849 873 1909 quantum
911 1842 1075 1894 homo
1109 1850 1210 1895 est.

483 1954 613 2010 CAP.
649 1954 736 2009 llI.
781 1955 917 2010 Vera
963 1955 1232 2009 beatitudo
1278 1956 1465 2025 augeri
1511 1973 1615 2012 non
1662 1966 1853 2028 potest.

454 2066 592 2123 Vera
631 2086 760 2137 ergo
791 2070 1073 2125 beatitudo
1128 2071 1327 2125 additis
1366 2072 1472 2126 illis
1504 2076 1692 2142 augeri
1727 2089 1834 2128 non
1869 2089 1966 2144 po-

376 2170 506 2216 test.
529 2162 595 2216 Et
625 2166 840 2218 merito.
871 2163 1030 2218 Nulla
1058 2166 1203 2218 enim
1234 2166 1547 2234 aggregatio
1571 2168 1755 2236 augeri
1785 2176 1964 2236 potest

378 2255 660 2308 additioue
696 2256 928 2310 aliarum
965 2273 1148 2310 rerum
1201 2273 1399 2327 genere
1431 2258 1800 2315 diversarum.
1853 2257 1965 2315 Nec

375 2349 524 2402 enim
564 2349 718 2402 linea:
754 2349 954 2402 additis
987 2350 1206 2418 punctis
1231 2391 1246 2416 ,
1285 2367 1388 2405 nec
1415 2351 1732 2419 superﬁcies
1761 2351 1962 2407 additis

379 2441 536 2497 lineis
563 2481 579 2507 ,
620 2458 717 2496 nec
743 2443 916 2496 solida
949 2443 1148 2497 additis
1170 2444 1588 2512 superliciebus,
1627 2457 1750 2501 “nec
1782 2445 1965 2500 diver-

387 2550 574 2589 sorum
613 2534 964 2588 humidorum
998 2535 1311 2590 commistio
1343 2536 1541 2592 additis
1574 2537 1851 2593 coloribus
1877 2539 1964 2594 vel

377 2627 673 2696 saporibus
709 2634 1002 2695 augentur.

379 2735 508 2788 (Ian.
546 2734 634 2792 IV.
667 2735 1244 2813 Bealiludohominis,
1279 2748 1336 2792 ut
1368 2739 1520 2794 homo
1545 2749 1645 2806 est,
1677 2758 1743 2797 ea:
1769 2742 1960 2813 quibus

873 2809 1206 2876 potissimum
1242 2819 1466 2865 constet.

451 2918 593 2988 Ergo
625 2919 669 2975 si
714 2920 857 2974 bona
892 2920 1154 2984 hominis,
1193 2931 1252 2976 ιιι
1299 2922 1466 2977 homo
1516 2932 1620 2989 est,
1652 2941 1848 2995 genere
1877 2926 1966 2981 di-

379 3027 542 3067 versa
579 3021 708 3066 sunt
735 3017 803 3067 ab
835 3012 942 3068 illis
974 3030 1096 3082 qua:
1120 3030 1226 3069 non
1268 3025 1397 3070 sunt
1429 3017 1687 3083 hominis,
1714 3026 1772 3071 ut
1801 3019 1966 3074 homo

379 3116 483 3165 est.
521 3105 876 3160 manifestum
918 3118 1001 3161 est
1038 3109 1184 3177 quod
1237 3109 1538 3175 beatitudo,
1588 3128 1709 3181 quae
1748 3123 1964 3168 constat

382 3215 445 3252 ex
476 3199 635 3254 bonis
665 3200 932 3263 hominis,
968 3211 1028 3254 ut
1061 3203 1224 3255 homo
1254 3213 1356 3266 est,
1397 3219 1506 3257 non
1541 3206 1830 3272 augebitur
1867 3206 1964 3259 ad-

377 3293 617 3359 jecticne
656 3291 876 3347 illorum
911 3293 1206 3358 bonorum,
1240 3311 1364 3363 quae
1395 3313 1506 3349 non
1533 3307 1663 3350 sunt
1698 3297 1964 3363 hominis,

386 3385 439 3438 in
480 3394 742 3451 quantum
797 3387 964 3440 homo
1001 3396 1106 3441 est.
1145 3387 1335 3458 Itaque
1375 3389 1612 3458 perlecta
1649 3399 1704 3444 et
1751 3406 1964 3445 summa

385 3475 626 3531 hominis
663 3477 938 3532 beatitudo
985 3494 1050 3532 ex
1086 3479 1194 3535 illis
1247 3481 1384 3536 solis
1417 3481 1716 3547 constabit,
1751 3492 1810 3534 ut
1853 3481 1966 3550 jam

387 3569 665 3637 possimus
721 3569 952 3624 formant
1012 3571 1176 3641 hujus
1231 3572 1586 3628 beatitudinis
1641 3574 1968 3630 brevissime

385 3663 932 3730 comprehendenti-3,
957 3665 1115 3718 talem
1145 3666 1267 3732 ejus
1302 3668 1677 3722 deﬁnitionem
1722 3669 1790 3723 ad
1819 3685 1972 3739 quan-

389 3753 553 3807 renda
592 3763 647 3808 et
676 3753 1104 3809 demonstranda
1139 3772 1474 3826 supponere.

386 3867 514 3920 CAP.
545 3866 611 3921 Υ.
645 3863 783 3930 Quid
837 3878 914 3922 est
966 3871 1237 3953 beatitudo
1281 3873 1510 3954 hominis
1561 3889 1707 3939 vera,
1761 3881 1812 3928 et
1842 3873 1971 3946 quid

991 3958 1105 4011 ejus
1134 3958 1372 3996 miserm.

459 4056 651 4112 Veram
705 4057 1099 4112 beatitudinem
1151 4056 1392 4111 hominis
1446 4073 1570 4112 esse
1628 4059 1966 4115 cumulatam

389 4152 819 4222 complexionem
845 4150 1092 4204 omnium
1121 4150 1388 4204 bonorum
1427 4150 1686 4214 hominis,
1714 4161 1774 4205 ut
1801 4155 1968 4208 homo

388 4255 504 4310 est;
538 4262 601 4299 ac
631 4261 730 4313 per
757 4259 1122 4313 consequens,
1155 4258 1427 4297 summam
1482 4245 1757 4300 ntiseriam
1794 4247 1974 4301 homi-

392 4342 473 4393 nis
516 4355 636 4394 che
699 4339 1034 4393 cumulatam
1103 4337 1534 4406 complexionem
1573 4339 1819 4392 omnium
1855 4355 1974 4393 ma-

390 4432 564 4485 lorum
602 4432 865 4493 hominis,
902 4441 962 4485 ut
996 4431 1155 4484 homo
1186 4439 1304 4484 est:
1339 4441 1398 4484 ut
1436 4431 1522 4484 cui
1559 4431 1662 4484 hoc
1694 4431 1836 4485 inest
1868 4432 1972 4485 mi-

391 4530 652 4582 serrimus
689 4528 1107 4581 bomodieatur.
1138 4527 1233 4581 Est
1257 4534 1436 4578 autem
1466 4525 1746 4579 beatitudo
1780 4540 1875 4594 per
1906 4538 1967 4579 se
2001 4532 2046 4586 ι)

393 4623 714 4692 expetenda,
746 4628 800 4675 et
830 4619 1048 4674 miseria
1083 4616 1361 4685 fugienda.

857 4731 986 4786 CAP.
1014 4729 1101 4785 VI.
1142 4729 1324 4783 Virtus
1360 4729 1506 4800 quid.

464 4849 816 4919 Supponalur
848 4848 1011 4900 etiam
1043 4853 1097 4901 et
1134 4845 1351 4901 virtutis
1383 4845 1652 4913 deﬁnitio,
1692 4862 1812 4915 qua:
1848 4846 1972 4901 talis

394 4943 697 4997 secundum
733 4956 920 4993 omnes
955 4940 1406 5007 philosophantes
1441 4947 1546 4992 est.

472 5036 733 5088 Virtutem
757 5049 877 5088 esse
910 5033 1169 5100 optimam
1209 5031 1549 5083 ali‘eetionem
1581 5028 1746 5082 animi
1772 5045 1836 5082 ex
1865 5045 1974 5098 qua

399 5130 828 5194 proficiscuntur
866 5125 1020 5178 bona:
1059 5134 1110 5177 et
1143 5124 1448 5176 laudabiles
1484 5124 1813 5185 voluntates,
1846 5138 1974 5176 seu-

400 5223 600 5281 tentiae,
634 5220 875 5274 actiones
899 5235 911 5271 :
935 5235 1168 5286 quarunt
1197 5217 1452 5286 qualibet
1477 5234 1580 5271 suo
1617 5219 1736 5272 loco
1769 5217 1976 5286 optima

400 5326 484 5370 est
517 5333 530 5380 ;
559 5310 677 5384 qtu’e
697 5322 748 5366 et
772 5326 890 5376 eos,
922 5311 973 5362 in
1005 5311 1208 5378 quibus
1244 5319 1348 5374 est,
1384 5311 1556 5364 bonos
1583 5319 1635 5364 et
1673 5310 1978 5365 laudabiles

401 5407 579 5463 el'licit.

401 5545 529 5597 (lar.
563 5541 670 5596 VII.
711 5543 751 5596 A
785 5541 1106 5596 beatitudine
1141 5541 1369 5592 hominis
1405 5580 1419 5599 ,
1450 5554 1500 5591 ut
1543 5542 1696 5593 homo
1733 5549 1832 5601 est,
1871 5556 1982 5591 ont-

862 5631 950 5667 nes
985 5627 1121 5667 artes
1152 5612 1525 5666 excluduntur.

480 5726 573 5779 llis
614 5727 928 5794 prmanissis,
971 5739 1133 5796 patet,
1181 5729 1332 5796 quod
1375 5742 1567 5780 omnes
1612 5735 1660 5777 et
1716 5725 1981 5776 universa:

413 5819 667 5880 opilicum
710 5830 855 5876 artes
890 5821 1252 5876 eacluduntur
1287 5821 1353 5875 ab
1392 5821 1496 5874 illis
1535 5818 1713 5884 bouis,
1768 5835 1885 5888 quae
1918 5821 1980 5871 ad

2068 537 2170 590 bus
2203 537 2325 589 aliis
2368 537 2456 589 illa
2502 537 2640 587 bona
2679 534 3044 603 intelligimus
3100 531 3656 600 uniuscujuscunque

2071 631 2170 692 rei,
2212 642 2270 682 ut
2307 629 2394 682 illa
2437 645 2522 683 res
2557 636 2659 691 est,
2694 643 2814 696 qua:
2855 627 3031 697 ipsam
3069 641 3184 679 rem
3221 626 3416 679 bonam
3451 633 3504 678 et
3539 624 3654 676 lau-

2065 723 2303 775 (labilem
2335 721 2566 784 faciunt,
2597 731 2648 776 et
2669 736 2697 774 a
2730 721 2928 788 quibus
2953 720 3068 788 ipsa
3108 734 3194 773 res
3222 719 3345 790 jure
3377 718 3651 783 laudatur,

2065 822 2119 867 et
2152 815 2291 867 bona
2320 815 2623 882 appellatur
2656 829 2668 866 :
2714 814 2786 867 ita
2824 825 2878 866 et
2915 811 3153 865 hominis
3179 813 3344 874 bona,
3391 823 3450 863 ttt
3483 813 3649 864 homo

2065 917 2171 968 est,
2207 907 2296 960 illa
2333 917 2543 960 tantum
2582 908 2956 973 intelligimus,
2994 922 3112 975 qua:
3147 907 3324 974 ipsum
3364 905 3645 957 hominem

2067 997 2270 1051 bonum
2315 1007 2368 1050 et
2405 998 2728 1050 laudabilem
2760 998 2991 1062 iaciunt,
3021 1007 3072 1052 et
3106 1013 3134 1052 a
3163 997 3510 1067 quibusjme
3535 999 3650 1049 lau-

2068 1090 2254 1152 datur,
2288 1102 2344 1144 et
2378 1092 2555 1144 bonus
2582 1093 2906 1161 appellatur.

2067 1229 2199 1284 CAP.
2229 1228 2363 1284 VIII.
2410 1227 2545 1281 Vera
2585 1230 2856 1282 beatitudo
2890 1229 3137 1292 hominis,
3171 1238 3228 1282 ut
3268 1231 3422 1283 homo
3459 1241 3560 1293 est,
3594 1232 3649 1281 in

2491 1301 2677 1370 quibus
2712 1302 3047 1366 potissimum
3095 1301 3221 1353 sita.

2142 1414 2246 1468 Sed
2278 1415 2560 1469 beatitudo
2603 1415 2844 1470 hominis
2876 1417 2978 1468 sita
3005 1424 3092 1469 e-t
3118 1415 3170 1469 in
3198 1415 3307 1469 illis
3341 1415 3497 1469 bonis
3533 1424 3655 1467 tan-

2071 1519 2208 1573 tum,
2244 1526 2364 1577 qua:
2399 1519 2522 1562 sunt
2554 1510 2812 1571 hominis,
2839 1520 2896 1563 ut
2925 1510 3089 1562 homo
3113 1520 3196 1563 est
3225 1527 3238 1564 :
3265 1510 3378 1562 sola
3402 1524 3532 1577 ergo
3555 1509 3648 1561 illa

2073 1603 2375 1656 I'ormaliter
2405 1604 2692 1672 perliciunt
2731 1605 2948 1657 beatam
2990 1604 3183 1666 vitam,
3221 1619 3342 1672 quae
3373 1603 3650 1656 hominem

2071 1713 2198 1750 vere
2234 1698 2434 1749 bonum
2467 1709 2520 1751 et
2550 1698 2873 1752 laudabilem
2910 1697 3116 1750 faciunt
3141 1739 3155 1762 ,
3187 1705 3240 1750 et
3272 1707 3492 1764 propter
3528 1712 3652 1764 qua:

1997 1796 2036 1848 Β
2063 1797 2189 1858 jure
2209 1791 2485 1852 laudatur,
2513 1791 2758 1844 ethonus
2783 1791 3109 1860 appellatur.
3135 1787 3240 1843 Sed
3263 1805 3325 1843 ex
3359 1789 3502 1842 nulla
3532 1788 3654 1858 opi-

2076 1885 2241 1938 ﬁcum
2305 1894 2423 1938 arte
2460 1886 2572 1938 hmc
2623 1885 2786 1939 homo
2837 1897 3096 1938 meretur.
3151 1883 3653 1951 Quantumcunque

2074 1979 2216 2032 enim
2250 1987 2333 2033 est
2363 1979 2528 2032 homo
2553 1979 2916 2042 labet-bonus,
2935 1989 3026 2031 aut
3045 1978 3234 2038 cerdo.
3261 1987 3354 2031 aut
3375 1978 3612 2045 scriptor
3631 2017 3648 2041 ,

2076 2087 2184 2126 non
2219 2082 2399 2126 tamen
2445 2072 2661 2125 ratione
2700 2072 2862 2142 hujus
2913 2072 3048 2126 artis
3078 2072 3258 2125 bonus
3305 2071 3652 2140 appellatur;

2071 2164 2222 2226 velut
2271 2163 2491 2230 sapiens
2523 2162 2706 2227 homo,
2743 2171 2838 2216 aut
2870 2164 3130 2233 prudens,
3187 2171 3282 2216 aut
3341 2163 3656 2232 intelligens

2073 2255 2401 2323 simpliciter
2443 2255 2720 2309 laudatur.
2754 2255 2894 2324 Ergo
2930 2257 2993 2309 ad
3032 2254 3265 2308 formam
3295 2255 3654 2310 beatitudinis

2073 2348 2328 2416 opilicum
2363 2357 2508 2400 artes
2539 2344 2762 2400 minime
2786 2357 2912 2402 sunt
2941 2347 3224 2402 vocandze.

2044 2490 2046 2493 τ
2073 2459 2202 2514 CAP.
2238 2459 2328 2514 IX.
2359 2459 2600 2515 Scientia
2630 2461 2681 2514 in
2715 2461 2861 2514 bonis
2887 2461 3118 2513 hominis
3148 2461 3366 2514 minime
3397 2459 3656 2514 locanda.

2147 2577 2524 2648 Similiterque
2553 2577 2934 2644 scientiarum,
2967 2591 3204 2646 quarum
3240 2576 3364 2631 linis
3417 2586 3502 2632 est
3544 2593 3654 2631 non

2068 2672 2415 2728 extrinsecus
2447 2671 2708 2737 eﬂ‘ectus,
2740 2674 2834 2726 sed
2865 2672 3164 2727 intrinseca
3195 2672 3336 2726 visio
3362 2673 3609 2726 veritatis
3637 2689 3653 2736 ;

2074 2766 2204 2820 licet
2225 2765 2278 2821 in
2301 2765 2458 2822 bonis
2477 2766 2650 2834 ipsius
2663 2766 2889 2830 mentis,
2907 2773 2966 2820 ut
2990 2780 3143 2820 mens
3160 2773 3266 2830 est,
3281 2766 3464 2819 omnis
3482 2765 3659 2820 scien-

2071 2857 2146 2916 tia
2175 2867 2522 2929 computetur
2550 2877 2565 2914 :
2597 2866 2776 2913 tamen
2797 2872 3136 2927 quaecunque
3159 2858 3298 2911 tales
3325 2869 3475 2923 sunt,
3499 2867 3556 2911 ut
3583 2857 3651 2910 ab

2077 2951 2158 3008 eis
2198 2968 2307 3008 non
2363 2952 2540 3021 possit
2574 2952 2741 3006 homo
2769 2951 3093 3022 simpliciter
3126 2952 3305 3008 bonus
3364 2954 3651 3022 appellari,

2081 3046 2163 3100 vel
2212 3054 2272 3099 ut
2321 3046 2485 3100 homo
2520 3045 2739 3114 sapiens
2782 3057 2836 3099 et
2871 3045 3204 3114 intelligens,
3255 3053 3352 3098 aut
3407 3044 3653 3114 prudens

1990 3143 2033 3200 (ζ
2063 3138 2186 3209 jure
2211 3138 2423 3192 laudari
2456 3161 2469 3194 :
2500 3153 2607 3192 non
2635 3147 2764 3192 sunt
2798 3137 2851 3191 in
2888 3137 2996 3192 illis
3029 3137 3187 3192 bonis
3229 3137 3656 3208 habendae,qu:e

2070 3231 2465 3286 beatitudinem
2496 3231 2667 3300 ipsius
2697 3231 2958 3297 hominis,
2987 3231 3041 3285 in
3061 3243 3330 3301 quantum
3360 3231 3524 3284 homo
3545 3241 3652 3294 est,

2072 3327 2439 3378 constituunt.
2473 3322 2763 3379 IIominem
2789 3324 2934 3378 enim
2967 3339 3074 3378 non
3099 3323 3271 3392 ipsam
3299 3332 3534 3377 mentem
3559 3333 3652 3376 aut

2071 3418 2340 3472 rationem
2367 3418 2733 3487 appellamus,
2765 3419 2858 3472 sed
2883 3416 3089 3471 animal
3119 3416 3349 3471 rationis
3369 3426 3424 3470 et
3454 3417 3652 3471 mentis

2071 3511 2364 3582 particeps,
2387 3512 2545 3580 cujus
2579 3526 2726 3567 nunc
2769 3512 3160 3566 beatitudinem
3191 3513 3511 3582 quaerimus,
3539 3527 3653 3566 rem

2071 3605 2347 3671 videlicet,
2380 3621 2487 3674 qua
2540 3608 2767 3677 Optime,
2816 3605 2944 3660 dum
2985 3605 3210 3672 vivitur,
3245 3605 3354 3660 vita
3384 3605 3503 3673 eius
3548 3605 3652 3658 du-

2073 3712 2254 3754 catur.

2072 3837 2204 3895 Car.
2236 3835 2445 3902 X.Qua'
2474 3837 2772 3890 hominibus
2793 3845 2842 3888 et
2882 3835 3061 3890 bestiis
3094 3833 3419 3901 communia,
3453 3850 3554 3888 non
3601 3835 3658 3888 in

2288 3911 2434 3962 bonis
2458 3909 2708 3974 hominis,
2733 3918 2787 3959 ut
2808 3910 2962 3959 homo
2980 3916 3080 3970 est,
3108 3905 3443 3961 collocanda.

2145 4025 2215 4077 At
2242 4039 2370 4078 vero
2405 4063 2421 4088 ,
2457 4039 2558 4078 nec
2582 4036 2926 4092 quaecunque
2958 4030 3108 4084 sunt,
3134 4030 3228 4075 aut
3250 4036 3373 4075 esse
3403 4029 3656 4090 possunt,

2074 4117 2385 4172 communia
2407 4115 2644 4171 hominis
2672 4127 2727 4170 et
2743 4116 3040 4170 bestiarum
3069 4157 3084 4181 ,
3116 4117 3172 4169 in
3207 4115 3318 4170 illis
3350 4114 3508 4169 bonis
3530 4123 3662 4167 sunt

2076 4211 2348 4276 habenda,
2380 4226 2444 4263 ex
2487 4208 2692 4278 quibus
2719 4207 2954 4262 hominis
2985 4205 3271 4261 beatitudo
3301 4215 3541 4261 constat.
3563 4206 3659 4259 Illa

2074 4303 2220 4357 enim
2258 4303 2463 4367 omnia,
2489 4313 2546 4356 ut
2578 4301 2972 4370 przedeliuitum
3004 4310 3110 4362 est,
3134 4307 3264 4353 sunt
3299 4299 3441 4353 bona
3477 4301 3660 4353 humi—

2076 4397 2186 4458 nis,
2215 4406 2275 4450 ut
2316 4395 2481 4448 homo
2523 4403 2626 4448 est.
2666 4393 2772 4447 Sed
2807 4393 2893 4446 illa
2925 4408 3048 4460 qua:
3079 4401 3229 4456 sunt,
3261 4402 3355 4445 aut
3381 4408 3502 4446 esse
3537 4408 3663 4459 pos-

2074 4498 2203 4540 sunt
2229 4487 2540 4540 communia
2573 4484 2816 4538 hominis
2869 4495 2922 4538 et
2953 4485 3254 4539 bestiarum
3285 4525 3301 4549 ,
3336 4496 3384 4538 et
3411 4500 3507 4553 per
3527 4501 3662 4538 con-

2071 4594 2312 4648 sequens
2345 4595 2467 4648 qure
2537 4579 2710 4648 gratia
2747 4578 2974 4632 istorum
3019 4580 3398 4646 requiruntur,
3445 4592 3504 4630 ut
3533 4578 3660 4630 etle-

2076 4670 2240 4735 ctiva,
2274 4678 2368 4722 aut
2399 4670 2871 4732 conservativa,et
2907 4669 2950 4722 si
2985 4683 3105 4736 quze
3135 4667 3455 4720 corumdem
3492 4669 3664 4718 virtu-

2075 4771 2156 4816 tes
2187 4777 2310 4817 esse
2333 4763 2611 4829 dicuntur,
2643 4777 2750 4815 non
2778 4768 2907 4814 sunt
2927 4761 3069 4814 bona
3102 4760 3370 4821 hominis,
3404 4770 3464 4813 ut
3500 4760 3667 4812 homo

2075 4865 2180 4917 est,
2214 4863 2265 4910 et
2291 4855 2410 4909 ideo
2442 4870 2537 4908 m-c
2571 4857 2621 4909 in
2648 4856 2757 4909 illis
2790 4857 2947 4910 bonis
2975 4865 3105 4910 sunt
3137 4853 3408 4918 habenda,
3440 4869 3560 4923 quae
3592 4854 3660 4906 ad

2077 4947 2473 5002 beatitudinem
2504 4950 2801 5017 pertinent.

2079 5081 2207 5136 CAP.
2257 5080 2344 5135 XI.
2392 5081 2684 5136 Miserrimi
2737 5083 2997 5151 deﬁnitio,
3030 5093 3122 5136 aut
3178 5084 3267 5154 qui
3333 5098 3450 5136 rere
3507 5083 3668 5136 miser

2758 5157 2984 5207 dicatur.

2152 5265 2307 5328 Item,
2362 5267 2489 5336 quia
2534 5266 2880 5320 miserrimus
2927 5267 3092 5319 homo
3150 5280 3251 5319 nec
3290 5264 3379 5319 ille
3432 5272 3539 5326 est,
3568 5269 3662 5332 qui

2083 5374 2355 5426 nusquam
2391 5368 2474 5413 est
2500 5399 2514 5422 ,
2545 5375 2642 5414 nec
2674 5361 2783 5426 ille,
2820 5360 2910 5429 qui
2963 5361 3126 5413 homo
3161 5375 3269 5414 non
3305 5368 3392 5414 est
3433 5377 3447 5413 :
3491 5374 3668 5426 equus

2083 5454 2229 5507 enim
2267 5467 2372 5504 non
2415 5453 2618 5507 dicitur
2662 5457 2825 5506 homo
2867 5453 3217 5507 miserrimus
3251 5469 3266 5506 :
3303 5452 3663 5506 manifestum

2086 5555 2189 5606 est,
2227 5547 2370 5611 quod
2414 5555 2543 5600 sunt
2580 5547 2760 5615 aliqua
2813 5545 3130 5599 communia
3165 5544 3407 5598 hominis
3438 5544 3579 5598 beati
3611 5555 3670 5599 et

2089 5638 2408 5692 miserrimi.
2436 5637 2572 5691 Cum
2607 5652 2734 5690 vero
2787 5637 3133 5691 miserrimus
3162 5635 3399 5701 dicatur,
3439 5633 3531 5704 qui
3566 5641 3668 5688 ba-

2089 5726 2181 5780 bet
2207 5727 2394 5780 omnia
2421 5727 2567 5779 mala
2603 5725 2864 5791 hominis,
2891 5735 2951 5780 ut
2983 5727 3147 5780 homo
3188 5734 3292 5789 est,
3335 5725 3408 5779 ita
3445 5735 3502 5778 ut
3531 5724 3668 5778 nihil

2092 5817 2216 5872 boni
2255 5819 2518 5885 hominis,
2559 5828 2615 5871 ut
2647 5818 2810 5873 homo
2847 5828 2948 5885 est,
2987 5820 3034 5874 ei
3072 5819 3452 5888 relinquatur:
3483 5814 3664 5886 sequi-
