4122 6240
502 279 638 342 1345

1577 274 1852 335 ETlIICA
1892 275 2317 336 SECUNDUM
2365 275 2699 338 STOICOS.

3623 281 3758 345 1346

499 404 587 449 tur
619 394 753 448 nihil
804 410 991 449 eorum
1027 410 1147 463 qua:
1180 403 1328 458 sunt,
1381 403 1476 448 aut
1509 410 1630 449 esse
1665 408 1893 464 possunt
1925 411 2072 449 com-
2100 401 2151 456 Α
2177 395 2416 448 externis
2442 435 2455 457 ,
2483 410 2603 463 quae
2636 392 2877 448 secunda
2928 404 2983 448 et
3018 393 3180 449 tertia
3235 406 3527 461 vocantur,
3561 412 3755 467 magna

499 487 684 541 tnttnia
718 485 861 540 beati
894 495 947 539 et
977 487 1292 550 miserrimi,
1319 502 1546 555 qumque
1574 489 1746 556 gratia
1773 501 1962 540 eorum
1993 503 2074 541 re-

497 577 815 645 quiruntur,
844 575 1046 630 bonum
1072 590 1194 629 esse
1221 576 1485 638 hominis,
1507 587 1562 630 ut
1590 579 1750 629 homo
1770 586 1871 628 est.
1898 573 2078 641 Quare

501 687 599 724 nec
638 671 689 722 in
735 668 842 723 illis
881 669 1192 738 hujusmodi
1245 679 1371 723 sunt
1401 669 1672 732 haben-la,
1708 685 1828 738 qua:
1885 669 2077 722 defini-

501 767 644 816 tione
690 762 1048 816 beatitudinis
1087 762 1650 831 comprehenduntur.

499 879 629 932 Car.
666 876 782 932 XII.
831 877 962 940 Qua:
1005 875 1059 928 in
1089 875 1239 929 bonis
1284 875 1506 929 hominis
1537 875 1655 945 jure
1687 874 1930 929 habenda
1962 892 2076 930 cen-

1165 957 1410 1004 seantur,

568 1063 722 1125 Item,
753 1065 796 1118 si
817 1063 908 1118 illa
933 1064 1072 1118 bona
1094 1072 1302 1117 tantum
1333 1062 1536 1115 faciant
1564 1076 1660 1130 per
1694 1076 1754 1114 se
1788 1062 2068 1114 hominem

499 1153 744 1218 beatum,
767 1170 887 1222 quze
908 1154 1088 1223 ipsum
1122 1154 1420 1218 hominem,
1456 1159 1516 1205 ut
1537 1162 1818 1206 ostensum
1842 1158 1947 1212 est,
1981 1150 2076 1202 bo-

499 1261 626 1298 nunt
664 1246 990 1314 simpliciter
1025 1255 1079 1300 et
1108 1245 1438 1299 laudabilem
1484 1243 1718 1306 faciunt,
1755 1249 1809 1295 et
1850 1249 2072 1309 propter

496 1353 616 1406 qua:
657 1339 779 1404 jure
824 1339 1102 1403 laudatur,
1135 1347 1187 1392 ct
1251 1339 1414 1392 homo
1479 1341 1657 1389 bonus
1703 1334 2066 1404 appellatur;

495 1431 677 1483 omnia
710 1446 838 1482 vero
887 1429 1200 1498 huiusmodi
1235 1441 1363 1484 sunt
1402 1428 1737 1489 voluntaria,
1771 1435 1820 1479 et
1874 1425 1927 1478 in
1971 1440 2070 1494 po-

496 1531 693 1574 testate
729 1521 969 1574 hominis
996 1520 1261 1588 jacentia,
1289 1530 1343 1574 et
1369 1519 1546 1574 amitti
1574 1518 1763 1572 invitis
1787 1531 2072 1585 nequeun-

497 1614 568 1666 tia
598 1630 611 1666 :
642 1614 849 1666 nullum
877 1627 1004 1681 ergo
1033 1612 1244 1682 fragile,
1269 1609 1699 1676 etcaducum,et
1721 1615 2066 1666 extraneum.

494 1705 548 1758 in
595 1716 782 1759 nostra
812 1713 1082 1775 potestate
1129 1720 1235 1760 non
1263 1703 1559 1767 exsistens,
1594 1711 1646 1756 et
1672 1700 1948 1771 exstingui
2012 1705 2067 1754 et

2180 495 2261 542 cst
2302 489 2554 555 quaestio.

2261 581 2492 644 Quidam
2523 579 2666 632 enim
2695 581 2768 633 nil
2795 588 2988 648 pra'ter
3017 581 3266 643 virtutes,
3286 582 3524 635 hominis
3552 582 3753 636 bonum

2179 685 2319 735 esse,
2351 671 2406 722 in
2441 680 2706 739 quantum
2744 672 2909 724 homo
2940 684 3043 736 est,
3085 687 3196 726 non
3225 673 3498 736 dubitant,
3527 674 3618 727 sed
3646 674 3754 724 adi-

2179 773 2390 818 mentes
2427 766 2698 832 praedicta:
2761 765 3088 826 definitioni,
3138 772 3467 832 postremam
3515 765 3751 818 additio-

2177 871 2324 917 netu,
2357 867 2408 909 et
2461 856 2790 924 simpliciter
2844 864 3107 925 ponentes
3147 857 3563 920 beatitudinem,
3600 873 3755 911 com-

2176 949 2486 1018 plexionem
2519 965 2640 1004 esse
2674 952 2942 1003 bonorum
2980 951 3222 1005 hominis
3244 990 3258 1014 ,
3286 951 3534 1004 ttitttntttr
3564 967 3754 1017 aggre-

2175 1057 2304 1112 gare
2325 1042 2389 1095 ad
2422 1043 2628 1096 beatam
2661 1044 2825 1096 vitam
2859 1030 3214 1111 explendam,
3247 1052 3303 1096 et
3336 1058 3594 1112 corporea
3634 1059 3753 1096 om.

2179 1134 2288 1195 nia,
2319 1144 2371 1186 ct
2398 1141 2651 1195 externa,
2684 1134 2838 1204 quasi
2887 1135 3004 1188 sine
3038 1133 3156 1189 istis
3181 1149 3522 1204 nequaquam
3555 1135 3645 1188 illa
3673 1136 3754 1187 in-

2179 1233 2326 1290 tegra
2373 1226 2554 1278 valeat
2597 1239 2740 1278 esse.
2771 1225 2875 1290 Qui
2914 1225 3263 1280 vehementer
3296 1240 3482 1281 errare
3523 1226 3750 1280 convin-

2175 1324 2396 1380 Cuntur,
2425 1330 2490 1368 ex
2540 1315 2626 1369 his
2673 1331 2794 1384 qua:
2831 1316 3198 1370 communiter
3232 1326 3286 1370 et
3325 1304 3649 1370 naturaliter
3683 1318 3749 1371 de

2173 1407 2330 1462 beata
2359 1408 2469 1462 vita
2524 1412 2814 1464 sentimus.
2865 1409 3261 1464 Beatitudinem
3301 1411 3446 1465 enim
3488 1420 3744 1480 tanquam

2173 1519 2449 1558 summum
2486 1505 2688 1559 bonum
2719 1520 2913 1559 omnes
2944 1504 3339 1574 intelligimus;
3367 1519 3475 1573 quo
3507 1504 3623 1572 ipsa
3657 1518 3746 1558 res

2175 1611 2392 1652 summe
2422 1596 2562 1650 bona
2589 1612 2689 1651 suo
2724 1613 2919 1666 genere
2943 1586 3194 1653 eﬂicitur.
3227 1598 3368 1667 Ergo
3389 1607 3441 1652 et
3473 1612 3745 1652 summum

2171 1688 2412 1744 hominis
2443 1688 2642 1744 bonum
2677 1689 3086 1760 intelligendum
3129 1701 3234 1755 est,
3268 1689 3428 1757 cujus
3453 1691 3746 1760 praesentia

492 1797 668 1851 amitti
716 1809 909 1866 potens
943 1798 1157 1861 invitis,
1193 1797 1500 1851 habendum
1544 1797 1702 1852 estin
1742 1810 1806 1852 eo
1845 1808 2060 1866 genere,

2175 1781 2339 1836 homo
2366 1797 2580 1836 sumine
2611 1783 2788 1838 bonus
2818 1784 2976 1837 homo
3013 1782 3273 1838 efficitur.
3311 1783 3452 1838 Sola:
3477 1797 3603 1851 ergo
3636 1783 3746 1836 vir-

492 1892 639 1960 quod
661 1893 771 1947 vita
803 1892 960 1948 beata
987 1891 1394 1962 complectitur.

491 2031 619 2088 CAP.
650 2030 788 2086 XIII.
828 2030 977 2084 Bona
1022 2047 1273 2102 corporea
1316 2042 1532 2085 externa
1567 2031 1638 2084 ad
1678 2029 2063 2084 beatitudinem

701 2105 944 2166 hominis,
972 2105 1212 2156 ut'liorno
1247 2113 1345 2168 est,
1369 2119 1472 2156 non
1501 2103 1782 2170 pertinent.

563 2214 718 2270 Patet
749 2217 915 2285 igitur
947 2231 1010 2269 ex
1052 2214 1366 2279 conclusis,
1404 2215 1551 2285 quod
1599 2230 1698 2269 nec
1738 2215 2062 2291 indolentia,

494 2325 597 2365 nec
625 2325 890 2376 corporea
918 2311 1191 2378 voluptas,
1224 2323 1326 2362 nec
1349 2310 1578 2362 omnino
1614 2307 1820 2377 aliquid
1869 2322 2060 2363 eorum

494 2423 616 2477 qua:
643 2407 902 2461 dicuntur
948 2418 1208 2474 corporea
1241 2404 1382 2458 bona
1409 2415 1462 2457 ct
1487 2412 1711 2457 externa
1741 2445 1755 2468 ,
1786 2401 1853 2456 ad
1883 2401 2083 2456 beati-.

495 2499 759 2562 tudinem,
798 2513 958 2568 quam
993 2497 1316 2568 quaerimus,
1345 2495 1602 2566 pertinet.
1629 2492 1866 2557 {Horum
1913 2495 2060 2551 enim

494 2595 598 2647 alia
654 2602 781 2645 sunt
822 2591 1137 2644 communia
1175 2589 1412 2642 hominis
1458 2596 1512 2642 et
1545 2587 1893 2642 bestiarum:
1933 2588 2058 2654 alia,

491 2682 632 2736 beati
669 2683 903 2736 hominis
948 2689 1000 2734 et
1034 2679 1368 2739 miserrimi;
1402 2685 1456 2731 et
1486 2677 1669 2732 omnia
1697 2679 2062 2731 communiter

488 2786 616 2829 sunt
659 2787 814 2830 extra
861 2785 1102 2828 nostram
1152 2780 1500 2839 potestatem,
1529 2780 1581 2824 et
1607 2769 1843 2838 fragilia,
1886 2779 1940 2824 et
1968 2785 2061 2824 ca-

488 2866 650 2932 duca,
692 2877 746 2920 et
781 2866 1050 2933 exstingui
1081 2863 1329 2918 etamitti
1355 2861 1541 2916 invitis
1589 2870 1855 2930 possunt;
1881 2870 2059 2916 etnec

488 2963 668 3016 omnia
706 2959 892 3022 simul,
926 2973 1022 3012 nec
1055 2957 1236 3024 aliqua
1271 2956 1491 3009 illorum
1521 2971 1617 3008 sua
1645 2955 1933 3023 praesentia
1959 2953 2058 3007 ho-

489 3055 691 3108 ntinem
713 3053 916 3105 bonum
947 3051 1174 3114 faciunt,
1206 3048 1288 3102 vel
1321 3047 1388 3102 ab
1415 3047 1495 3101 eis
1519 3048 1682 3100 homo
1707 3049 1831 3114 jure
1861 3045 2054 3098 lauda-

489 3154 658 3208 tur,et
689 3144 866 3197 bonus
899 3142 1227 3211 appellatur.
1269 3140 1407 3209 Ergo
1439 3154 1563 3194 cum
1595 3138 1908 3207 hujusntodi
1934 3153 2052 3191 om-
2082 3119 2127 3176 C-

487 3241 576 3293 nia
607 3240 830 3294 exclusa
863 3245 1048 3291 essent
1074 3250 1104 3288 a
1134 3233 1472 3289 beatitudine
1501 3271 1516 3299 ,
1549 3241 1604 3288 et
1637 3233 1757 3302 ipsa
1789 3246 2056 3302 corporea

485 3342 541 3388 et
563 3342 787 3388 externa
817 3329 1132 3385 necessario
1165 3326 1557 3383 excluduntur.

556 3468 684 3524 Car.
716 3464 860 3523 XIV.
881 3465 1012 3533 Quae
1039 3466 1214 3536 [arma
1245 3463 1590 3520 beatitudinis
1618 3461 1983 3516 includantur.

556 3585 743 3654 Itaque
759 3581 1193 3652 circumscriptis
1211 3580 1468 3635 omnibus
1483 3579 1626 3646 aliis,
1651 3580 1716 3634 de
1735 3577 1933 3648 quibus
1957 3575 2056 3630 du-

487 3677 650 3730 bitari
677 3676 870 3744 possit,
894 3690 962 3728 ne
986 3675 1041 3727 in
1069 3673 1242 3727 forma
1274 3671 1626 3727 beatitudinis
1657 3669 2050 3732 includantur;

489 3765 690 3820 relictis
721 3780 849 3819 vero
877 3765 1010 3818 solis
1040 3763 1209 3817 animi
1236 3762 1548 3828 virtutibus,
1572 3772 1833 3816 eteorum
1863 3759 2051 3813 lauda-

489 3859 688 3913 bilibus
719 3858 1052 3922 actionibus,
1101 3872 1223 3928 quae
1260 3857 1512 3912 videlicet
1565 3871 1663 3909 nec
1699 3853 1962 3917 hominis,
1997 3861 2053 3906 et

485 3951 811 4015 belluarum,
847 3966 947 4005 nec
975 3951 1117 4005 beati
1151 3961 1204 4004 et
1237 3951 1534 4004 miserrimi
1570 3963 1892 4004 communes
1929 3962 2053 4002 esse

486 4054 736 4116 possunt,
770 4055 822 4098 et
854 4043 1028 4097 atnitti
1063 4043 1243 4097 invitis
1269 4043 1424 4096 nobis
1466 4058 1572 4096 non
1604 4049 1857 4110 possunt.
1905 4055 2054 4108 quac-

484 4153 590 4207 quc
627 4153 758 4192 vero
788 4137 1063 4190 hominem
1116 4138 1324 4188 bonum
1358 4143 1410 4188 et
1455 4134 1778 4188 laudabilem
1817 4133 2048 4195 faciunt,

483 4241 536 4285 et
556 4247 586 4283 a
617 4231 818 4301 quibus
851 4233 1014 4283 homo
1043 4228 1166 4297 jure
1194 4228 1444 4281 laudatur
1469 4266 1485 4292 ,
1520 4237 1570 4279 ct
1599 4229 1772 4280 bonus
1802 4227 2048 4295 appella-

483 4335 570 4377 tur
597 4341 609 4379 :
645 4323 992 4377 manifestum
1018 4331 1119 4385 est,
1149 4321 1290 4391 quod
1319 4321 1370 4371 in
1387 4319 1500 4372 sola
1524 4319 1631 4371 vita
1657 4319 1897 4373 virtuosa
1920 4320 2050 4375 bea-

483 4418 658 4472 titudo
700 4416 944 4470 consistit
977 4433 990 4479 ;
1028 4424 1081 4468 et
1113 4414 1288 4467 virtus
1316 4413 1497 4481 seipsa
1560 4421 1642 4464 est
1670 4422 1947 4475 contenta,
1979 4412 2044 4466 ad

486 4509 625 4563 bene
660 4508 924 4576 beateque
965 4507 1274 4560 vivendum.

559 4600 910 4667 Reliquorum
971 4613 1097 4651 vero
1155 4598 1288 4650 nihil
1323 4595 1391 4650 ad
1429 4611 1612 4649 veram
1656 4595 2044 4649 beatitudinem

488 4693 719 4760 pertinet
747 4707 764 4757 ;
797 4692 887 4744 sed
923 4691 1049 4744 dum
1084 4691 1244 4744 homo
1281 4690 1574 4742 virtutibus
1601 4697 1682 4742 est
1715 4687 1976 4750 imbutus,
1998 4698 2050 4742 ct

487 4800 676 4839 OIIIIICS
707 4799 838 4839 suas
869 4784 1223 4850 cogitationes
1273 4790 1326 4834 et
1359 4781 1624 4838 actiones.
1651 4789 1703 4832 et
1745 4780 1904 4832 vitam
1941 4781 2048 4832 vir-

489 4880 695 4932 tutibus
727 4876 1045 4946 regulariter
1077 4885 1130 4929 et
1167 4876 1499 4937 moderatur,
1533 4883 1584 4926 et
1611 4874 1794 4941 dirigit
1824 4890 1836 4925 :
1874 4873 2054 4926 omni-

489 4971 587 5022 bus
610 4970 730 5022 aliis
750 4969 911 5021 rebus
932 4967 1281 5020 nascentibus
1303 4976 1356 5018 et
1383 4965 1723 5027 cadentibus,
1751 4975 1804 5018 ct
1830 4980 2049 5032 quoquo

487 5066 646 5116 modo
679 5078 735 5116 se
779 5061 1104 5115 habentibus
1134 5100 1148 5123 ,
1201 5060 1272 5111 nil
1300 5058 1555 5112 adimitur
1587 5068 1680 5111 aut
1714 5059 1928 5110 additur
1975 5058 2045 5122 ei,

486 5169 592 5222 quo
623 5153 795 5223 magis
843 5152 1089 5206 minusve
1114 5151 1180 5204 sit
1205 5150 1411 5204 beatus.

483 5296 608 5350 Cm.
647 5293 759 5348 XV.
806 5292 1049 5346 Secunda
1096 5299 1143 5342 ct
1193 5289 1371 5349 tertia,
1429 5304 1545 5354 qua:
1600 5298 1870 5348 racantur,
1929 5305 2049 5339 num

558 5368 742 5434 {ormw
775 5364 1073 5432 quwrendte
1116 5359 1459 5413 beatitudinis
1488 5360 1688 5409 includi
1736 5359 1977 5410 debeant.

558 5479 630 5532 De
659 5475 904 5531 scientiis
932 5474 1149 5542 quidem
1185 5481 1239 5525 et
1270 5471 1503 5530 artibus,
1535 5468 1668 5521 nulli
1705 5467 2053 5538 philosopho-

488 5582 605 5620 rum
645 5565 915 5629 dnbitant,
949 5572 1132 5616 utrum
1186 5562 1556 5615 necessarium
1595 5558 1666 5611 sit
1717 5569 1810 5610 aut
1865 5575 2055 5613 omnes

485 5659 762 5721 scientias,
781 5667 872 5710 aut
899 5657 1109 5725 aliquas
1137 5665 1296 5718 artes,
1321 5655 1371 5706 in
1402 5652 1570 5707 forma
1607 5651 2051 5719 qttznt‘CtttItulit‘a-

485 5753 733 5806 titudinis
767 5750 992 5805 includi.
1031 5749 1099 5804 De
1117 5749 1279 5804 dictis
1312 5763 1440 5802 vero
1479 5745 1758 5813 corporeis
1790 5745 1947 5798 bonis
2001 5757 2052 5798 ct

2173 1881 2318 1929 tutcs
2354 1874 2711 1929 beatitudinis
2754 1875 3002 1928 obtinent
3034 1877 3422 1944 principatum.

2417 1989 2544 2044 CAP.
2578 1987 2719 2045 XVI.
2745 1987 2944 2043 Beatus
2965 1988 3136 2058 qualis
3157 2005 3264 2042 esse
3292 1988 3496 2044 debeat.

2239 2100 2375 2157 Itent
2407 2102 2661 2156 volumus
2689 2101 2862 2164 illum,
2892 2115 3054 2169 quem
3082 2100 3315 2170 perfecte
3334 2101 3555 2156 beatum
3576 2101 3739 2158 intel-

2167 2195 2617 2263 ligimus,'tutum
2659 2193 3319 2262 esse,inexpugnabiletn,
3353 2203 3592 2263 septum,
3620 2212 3739 2248 mu-

2166 2286 2364 2353 nitum,
2395 2287 2512 2342 suis
2533 2285 2691 2340 bonis
2716 2285 3076 2340 inerrabiliter
3106 2285 3492 2347 confidentem,
3525 2301 3738 2356 semper

2166 2380 2368 2434 habere
2385 2379 2533 2448 quod
2558 2378 2750 2442 vult,et
2780 2378 3242 2447 nunquam,quod
3278 2391 3384 2430 non
3415 2377 3526 2430 vult
3560 2396 3573 2430 :
3600 2394 3740 2431 nun-

2165 2485 2330 2540 quam
2363 2469 2829 2533 dubitare,utrum
2865 2467 3018 2521 adest
3053 2465 3157 2520 sibi
3201 2465 3406 2535 integre
3435 2466 3732 2528 beatitudo,

2164 2579 2232 2617 an
2260 2577 2366 2616 non
2395 2579 2410 2625 ;
2446 2576 2727 2630 nunquam
2765 2561 2972 2621 timere.
3004 2574 3073 2613 ue
3101 2558 3305 2612 invitus
3328 2559 3539 2612 amittat
3568 2574 3685 2614 eam
3719 2576 3734 2625 ;

2164 2654 2312 2718 forti,
2350 2662 2403 2708 et
2449 2655 2696 2717 robusto,
2720 2661 2776 2707 et
2801 2651 3037 2714 excelso,
3074 2663 3127 2704 et
3156 2665 3354 2718 magno
3384 2653 3570 2705 animo
3589 2667 3733 2714 esse,

2162 2761 2488 2814 semperque
2523 2746 2574 2799 in
2617 2746 2802 2798 animo
2856 2743 3330 2813 tranquillitatem,
3357 2751 3409 2798 et
3468 2744 3735 2798 securita-

2161 2846 2292 2901 tem,
2319 2847 2374 2892 et
2407 2835 2830 2905 placidissimam
2866 2849 3075 2904 pacem,
3111 2843 3166 2889 et
3212 2843 3554 2890 constantem
3601 2838 3735 2890 hila-

2161 2932 2375 2984 ritatem
2414 2927 2638 2989 habere,
2663 2936 2717 2980 et
2748 2925 3050 2982 terroribus
3080 2935 3134 2980 et
3165 2931 3463 2995 angoribus
3504 2938 3556 2983 et
3602 2941 3734 2982 nia:-

2159 3021 2305 3078 stitia
2346 3035 2580 3075 vacuum
2612 3034 2756 3074 esse.

2299 3133 2434 3188 Car.
2459 3132 2624 3189 XVII.
2659 3132 2800 3199 Quid
2834 3132 2890 3185 in
2919 3147 2973 3186 se
3002 3131 3264 3185 contineat
3301 3133 3587 3188 beatitudo.

2229 3245 2356 3302 Haac
2409 3257 2589 3302 autem
2629 3245 2815 3300 omnia
2867 3246 3113 3301 continet
3147 3245 3415 3300 sententia
3460 3246 3727 3299 confectae

2163 3339 2557 3396 conclusionis.
2618 3339 2751 3394 Nam
2789 3340 2835 3394 sl
2863 3339 3011 3407 quis,
3073 3356 3194 3394 cum
3228 3340 3297 3393 sit
3327 3339 3624 3404 virtttosus,
3657 3339 3728 3392 ita

2158 3432 2476 3486 conclusam
2515 3432 2580 3486 de
2608 3431 2943 3485 beatitudine
2976 3431 3327 3494 sententiam,
3360 3432 3534 3484 vivam
3562 3443 3614 3484 et
3637 3431 3716 3484 ef-

2155 3527 2377 3581 ficacem
2409 3527 2592 3590 habet,
2623 3535 2675 3580 et
2699 3534 2870 3580 totum
2904 3529 3150 3578 animum
3195 3540 3291 3593 per
3318 3539 3511 3578 omnes
3539 3533 3724 3594 partes

2155 3627 2555 3688 penetrantem,
2618 3625 2676 3670 ut
2715 3625 2768 3670 et
2815 3618 2998 3670 omnis
3032 3616 3305 3683 appetitus
3354 3616 3426 3669 sit
3448 3630 3722 3669 consonus

2158 3713 2260 3774 illi,
2288 3722 2341 3765 et
2396 3711 2580 3779 aliqua
2622 3723 2933 3777 repugnans
2975 3707 3162 3776 opinio
3185 3723 3291 3759 non
3327 3707 3402 3760 sit
3431 3707 3616 3760 animo
3641 3707 3718 3759 la-

2156 3817 2295 3869 tens,
2325 3819 2444 3872 qua:
2482 3802 2658 3870 possit
2696 3801 2994 3870 aliquando
3045 3799 3109 3852 ad
3135 3798 3470 3852 contrarium
3512 3798 3728 3868 appeti-

2155 3909 2268 3952 tunt
2294 3898 2535 3950 animum
2578 3893 2922 3948 distrahere:
2956 3893 3046 3947 hic
3079 3907 3201 3945 cum
3241 3890 3382 3944 nihil
3440 3891 3634 3944 habeat
3669 3892 3720 3944 in

2155 3991 2314 4044 bonts
2340 3987 2444 4042 nisi
2496 3989 2776 4052 virtutem,
2832 3986 3056 4053 etquod
3093 4001 3153 4037 ea
3191 3995 3383 4053 agatur
3412 4022 3426 4046 ,
3483 3984 3722 4053 reliqua—

2154 4099 2274 4136 rum
2303 4096 2434 4133 vero
2476 4097 2680 4143 rerum,
2708 4079 2842 4132 nihil
2879 4078 2981 4131 sibi
3007 4081 3207 4131 bonum
3246 4079 3329 4131 vel
3371 4077 3572 4129 malunt
3635 4093 3721 4129 re-

2155 4183 2329 4244 putet,
2354 4173 2642 4241 vitlt-atque
2667 4172 2814 4241 quod
2842 4171 3020 4225 solum
3053 4170 3256 4224 bonum
3301 4171 3471 4229 novit,
3507 4183 3713 4237 semper

2155 4271 2254 4323 sibi
2293 4279 2461 4321 totum
2513 4284 2773 4337 przescns,
2829 4265 3083 4320 ctarnitti
3137 4266 3307 4319 invito
3339 4281 3445 4318 non
3486 4267 3719 4333 patiens,

2155 4378 2379 4416 necesse
2395 4362 2744 4415 estntomnia
2772 4361 2859 4413 illa
2883 4360 2928 4412 ei
2954 4360 3286 4426 contingant,
3317 4373 3436 4426 quae
3464 4360 3719 4427 exposui-

2079 4462 2126 4520 ι)
2157 4468 2276 4504 mus
2307 4452 2670 4503 communiter
2692 4466 2814 4502 vere
2846 4449 2912 4502 de
2944 4451 3101 4502 beato
3125 4448 3368 4514 intelligi.
3405 4447 3549 4502 Talis
3577 4449 3718 4501 enim

2154 4554 2302 4596 tutus
2336 4552 2438 4603 est,
2468 4540 2932 4609 inexpugnabilis,
2957 4539 3587 4608 inerrabiliterillisqnn:
3621 4557 3717 4594 sua

2154 4637 2292 4689 bona
2318 4634 2441 4696 scit,
2502 4633 2822 4686 conlidens:
2869 4647 3088 4700 semper
3122 4631 3280 4683 habet
3326 4633 3471 4699 quod
3510 4633 3641 4695 vult,
3666 4646 3717 4684 et

2154 4744 2458 4796 nunquam,
2505 4725 2649 4794 quod
2681 4741 2786 4778 non
2838 4724 2970 4777 vult.
3021 4723 3188 4776 Vacat
3215 4723 3358 4775 cnim
3397 4724 3566 4786 vitiis,
3599 4743 3715 4792 illnc

2154 4837 2259 4873 non
2293 4821 2406 4872 vult
2428 4820 2650 4882 habere,
2680 4828 2732 4871 et
2764 4817 3087 4880 siterrores,
3123 4823 3178 4869 et
3219 4815 3515 4877 maestitia},
3549 4827 3600 4868 et
3624 4834 3717 4865 an-

2154 4931 2334 4982 gores,
2368 4923 2426 4966 et
2459 4914 2578 4965 alite
2609 4911 3067 4979 perturbationes,
3109 4925 3230 4979 qua:
3255 4912 3580 4979 contingunt
3655 4929 3716 4962 o-

2156 5012 2414 5072 minibus,
2447 5019 2661 5076 propter
2709 5024 2997 5076 corporeas
3026 5021 3081 5063 et
3131 5020 3388 5064 externas
3425 5025 3544 5064 res:
3592 5014 3715 5079 quia

2154 5111 2340 5170 putant
2387 5116 2479 5153 eos
2517 5100 2684 5151 malas
2713 5103 2794 5151 vel
2838 5100 3009 5153 bonas
3041 5116 3182 5165 esse,
3236 5111 3290 5154 et
3347 5101 3623 5170 pertinere
3654 5105 3717 5155 ad

2155 5210 2313 5248 suum
2348 5193 2546 5247 bonunt
2595 5193 2677 5245 vel
2725 5193 2926 5244 malum
2959 5203 3200 5249 statum:
3237 5194 3579 5248 manifestum
3616 5207 3716 5259 est,

2153 5288 2296 5357 quod
2338 5289 2381 5339 si
2413 5287 2533 5355 quis
2572 5285 3213 5353 huiusmodiopinionem
3247 5298 3299 5338 ct
3328 5287 3624 5353 appetitum
3653 5287 3720 5339 ab

2156 5382 2349 5434 iisdem
2383 5382 2542 5433 rebus
2573 5380 2792 5448 penitus
2820 5381 3140 5442 removcrit,
3165 5379 3296 5432 nihil
3319 5395 3542 5447 quoquo
3563 5379 3722 5432 modo

2157 5473 2437 5534 acciderit,
2511 5483 2714 5523 terrere
2773 5480 2826 5523 et
2859 5471 3175 5539 perturbare
3216 5486 3336 5521 cum
3378 5471 3593 5533 valebit,
3629 5482 3722 5523 aut

2157 5565 2300 5632 angi,
2338 5577 2389 5615 et
2431 5579 2456 5614 a
2483 5562 2789 5614 constantia
2830 5564 3036 5628 egredi,
3082 5570 3136 5614 ct
3170 5577 3400 5614 ηιωι-υιε
3437 5560 3617 5615 faciet.
3658 5561 3722 5615 Et

2158 5655 2278 5707 iieo
2336 5670 2552 5721 semper
2610 5654 2713 5704 erit
2762 5655 3088 5719 tranquillus
3177 5653 3392 5722 sibique
3454 5655 3719 5722 placatus.

2159 5748 2444 5816 I’roptcrea
2485 5745 2640 5799 fortis
2678 5745 3191 5815 magnanimusque,
3220 5760 3439 5814 semper
3464 5746 3719 5810 invictus,
