4086 6228
331 222 352 283 1
364 225 469 288 34⁸7

1461 206 1857 273 BARLAAMJ
1910 205 2006 265 DE
2049 201 2479 268 SEMINARIA

3482 198 3623 264 1548

330 353 360 390 a
380 332 531 388 nullo
551 329 721 402 frangi
740 337 794 387 et
810 325 1231 385 demittianimo
1255 324 1485 394 patiens.
1515 323 1748 378 Maxime
1767 316 1912 376 enim
1942 325 1987 378 Λ
2016 317 2105 373 illa
2117 332 2240 389 qua
2256 319 2506 374 videntur
2523 330 2645 373 esse
2667 317 3056 374 excellentior:
3075 317 3348 388 corporis,
3367 325 3623 372 etexter-

331 427 722 489 seitburnanas
752 437 843 478 res
880 430 1260 483 contemnere,
1281 426 1336 471 et
1383 416 1452 471 ab
1479 415 1561 470 eis
1605 429 1704 468 nec
1737 412 1918 468 efferri

334 537 434 576 nec
464 518 678 585 frangi:
715 514 812 584 qui
843 529 941 571 eas
977 528 1079 570 nec
1107 513 1285 568 bonas
1316 524 1416 565 nec
1447 508 1625 565 malas
1639 507 1721 562 sui
1745 510 1916 578 gratia

327 614 559 686 iudicat.
577 609 845 667 Similiter
869 617 928 665 et
946 619 1291 678 quascunque
1309 602 1418 658 alia
1442 602 1510 657 de
1528 601 1691 657 beato
1714 599 1922 655 intelli-

330 714 551 777 gentes,
597 703 876 774 praedicta:
934 697 1282 759 conclusioni
1331 697 1492 770 plene
1554 702 1918 752 concurrunt.

328 818 459 874 Car.
505 815 696 872 XVIII.
739 813 824 872 Ad
879 813 1168 884 perfectam
1235 809 1613 884 beatitudinem
1662 823 1787 862 num
1837 825 1924 865 se-

640 888 818 942 cunda
847 898 896 942 et
926 883 1086 941 tertia
1115 886 1225 938 sint
1257 883 1587 938 necessaria.

399 985 458 1041 Si
488 999 623 1041 vero
677 995 1057 1054 supponamus
1119 980 1356 1050 aliquem
1395 994 1519 1033 cum
1552 978 1714 1033 bonis
1748 975 1920 1034 animi

332 1080 498 1137 etiam
533 1094 654 1149 qum
676 1077 941 1133 dicuntur
968 1074 1109 1130 bona
1139 1072 1420 1144 corporis,
1463 1080 1518 1128 et
1539 1080 1770 1128 externa
1799 1087 1920 1126 om-

334 1175 425 1230 nia
457 1173 679 1238 habere,
719 1180 772 1224 et
808 1169 880 1224 sit
909 1166 1014 1224 sibi
1071 1167 1164 1222 illa
1195 1168 1252 1222 in
1303 1165 1490 1220 animo
1529 1164 1801 1221 sententia
1836 1163 1925 1220 in-

335 1270 464 1328 sita.
490 1275 547 1322 et
590 1265 867 1334 appetitus
897 1261 1188 1318 sententiae
1214 1274 1509 1332 congruos.
1537 1259 1684 1330 quod
1703 1258 1807 1314 ista
1833 1274 1925 1315 se-

335 1361 513 1418 cunda
555 1369 608 1415 et
648 1361 803 1414 tertia
836 1357 902 1412 ad
942 1355 1331 1427 perficiendam
1375 1353 1593 1424 plenam
1624 1350 1920 1408 beatitudi-

334 1471 458 1511 nem
485 1463 611 1508 sunt
638 1450 985 1507 necessaria:
1037 1447 1383 1519 impossibile
1417 1457 1504 1503 est
1535 1445 1581 1501 ei
1605 1448 1792 1501 omnia
1828 1445 1920 1500 illa

337 1562 688 1613 concurrere,
721 1561 844 1615 qum
874 1547 939 1598 de
972 1544 1133 1597 beato
1166 1541 1551 1611 intelligimus.
1584 1537 1651 1593 Et
1671 1539 1793 1595 ideo
1823 1553 1920 1609 per

337 1655 705 1709 consequens,
731 1653 856 1691 cum
886 1636 1075 1692 credat
1101 1635 1303 1689 habere
1339 1650 1397 1689 se
1430 1631 1614 1687 omnia
1639 1647 1765 1703 qua:
1790 1647 1925 1701 sup-

336 1741 523 1802 petant
571 1732 636 1785 ad
681 1731 896 1785 beatam
942 1727 1131 1788 vitam.
1180 1742 1287 1781 non
1342 1726 1447 1781 erit
1489 1733 1676 1780 tamen
1709 1725 1923 1782 beatus.

338 1826 475 1881 Nam
515 1839 635 1878 cum
665 1823 805 1879 sciat
838 1820 1005 1885 vires,
1052 1820 1444 1887 valetudinem,
1485 1818 1806 1886 sanitatem,
1835 1834 1928 1872 ve-

338 1916 646 1980 locitatem,
682 1923 1049 1978 venustatem,
1101 1912 1470 1983 integritatem
1504 1925 1791 1979 sensuum,
1834 1927 1929 1965 va-

340 2012 600 2066 cuitatem
649 2007 881 2071 doloris,
933 2007 1170 2076 denique
1211 2006 1382 2061 vitam
1419 2005 1628 2076 ipsam;
1660 2010 1924 2074 praeterea
1966 2012 1969 2014 ’

342 2119 532 2174 regna,
585 2102 834 2172 imperia,
871 2099 1253 2171 magistratus,
1293 2099 1616 2171 dignitates,
1668 2097 1930 2159 honores,

343 2197 653 2262 facultates,
680 2195 898 2266 copias,
921 2210 1077 2265 opes,
1109 2194 1407 2264 potentias,
1436 2193 1653 2248 divitias
1683 2232 1700 2260 ,
1731 2190 1931 2248 subdi-

343 2302 526 2345 torum
585 2288 1060 2354 benevdlentiam,
1123 2290 1459 2358 optimorum
1519 2285 1826 2342 amicorum
1877 2295 1931 2341 et

341 2383 886 2456 consanguineorum
933 2383 1256 2440 societatem
1313 2398 1329 2437 :
1360 2382 1476 2439 hmo
1507 2380 1692 2438 omnia
1727 2379 1936 2436 caduca

346 2489 546 2535 natura
594 2493 696 2535 sua
749 2492 896 2544 esse,
931 2487 986 2533 et
1018 2477 1189 2535 simul
1241 2477 1415 2532 invito
1441 2473 1625 2534 amitti
1656 2487 1842 2547 posse,
1877 2489 1934 2530 et

343 2588 535 2630 eorum
563 2572 842 2628 contraria
905 2570 1171 2628 evenire:
1201 2569 1482 2642 quomodo
1515 2570 1705 2624 beatus
1733 2568 1858 2637 erit,
1891 2568 1938 2624 si

344 2677 429 2724 tot
461 2666 641 2730 bonis,
675 2665 795 2720 sine
825 2664 1030 2736 quibus
1064 2680 1174 2720 non
1206 2672 1428 2735 reputat
1461 2664 1730 2734 integram
1766 2664 1926 2720 beati-

346 2761 592 2816 tudinem
617 2759 723 2814 sibi
745 2775 907 2830 posse
936 2760 1155 2823 adesse,
1183 2773 1291 2813 non
1342 2757 1572 2813 confidit
1591 2797 1609 2826 ,
1641 2767 1697 2813 et
1725 2766 1942 2830 totque

346 2861 565 2924 reputat
585 2868 709 2910 esse
739 2852 880 2907 mala
907 2861 963 2909 et
990 2852 1380 2908 beatitudinem
1410 2851 1672 2909 violantia
1697 2839 1805 2911 sibi
1839 2857 1943 2911 im-

346 2948 585 3018 pendere
629 2945 813 3002 videti
871 2945 951 3001 Ita
981 2948 1131 3002 enim
1173 2946 1396 3018 sapiens
1429 2947 1494 3002 et'
1520 2946 1857 3020 intelligens,
1887 2957 1946 3004 et

344 3039 438 3097 illa
461 3042 603 3134 bona
637 3053 965 3110 permanere
1026 3039 1163 3134 sibi,
1192 3049 1248 3094 et
1275 3055 1384 3095 non
1418 3038 1596 3096 delabi
1647 3050 1935 3113 appetens.
1969 3071 2016 3134 ο

346 3149 474 3190 cum
505 3133 619 3188 vult
650 3147 773 3188 esse
809 3148 1026 3202 semper
1057 3132 1252 3188 beatus
1299 3149 1315 3188 :
1349 3136 1628 3204 quomodo
1652 3152 1762 3192 non
1789 3153 1941 3194 sem-

349 3244 450 3297 per
484 3236 782 3293 terrorum,
816 3234 873 3281 et
921 3240 1207 3298 angorum,
1256 3234 1312 3282 et
1377 3226 1766 3285 sollicitudinis
1826 3233 1943 3302 ple-

350 3339 481 3378 num
515 3321 761 3376 animum
802 3319 1070 3376 habebit?
1097 3319 1166 3375 At
1195 3334 1325 3376 vero
1351 3336 1454 3376 nec
1482 3327 1837 3380 contemnere
1889 3334 1944 3380 et

346 3414 642 3484 despicere
680 3429 767 3469 res
797 3413 1068 3468 humanas
1101 3413 1264 3470 facile
1299 3416 1521 3485 poterit,
1553 3416 1648 3490 qui
1674 3418 1740 3473 ad
1774 3418 1944 3474 beati-

345 3507 597 3564 tudinem
644 3507 729 3562 vel
763 3507 1042 3563 miseriam
1075 3509 1300 3580 aliquod
1342 3512 1557 3580 pondus
1614 3528 1709 3569 eas
1739 3513 1944 3570 habere

348 3606 667 3662 crediderit.
725 3603 829 3663 Sed
863 3605 984 3662 sine
1033 3605 1398 3679 despicientia
1452 3623 1638 3664 rerum
1672 3610 1946 3666 humana~

352 3716 506 3766 rum,
568 3700 833 3755 fortitudo
863 3709 916 3754 et
971 3686 1396 3771 magnanimitas
1433 3713 1486 3757 et
1514 3704 1804 3760 excelsitas
1831 3722 1942 3760 non

351 3793 612 3848 videntur
642 3809 802 3864 posse
831 3796 884 3848 in
928 3795 1116 3848 animo
1146 3797 1400 3866 generari
1432 3817 1444 3852 :
1483 3799 1685 3867 quibus
1720 3801 1946 3856 virtuti-

352 3884 454 3941 bus
481 3885 781 3940 instructus
817 3886 1098 3940 virtuosus
1130 3887 1185 3939 in
1235 3887 1623 3943 omnifortuna
1661 3893 1944 3960 aequabili-

353 3987 520 4032 tatem
574 3985 889 4032 conservat.
937 3977 1165 4033 Carehit
1221 3979 1415 4049 igitur,
1453 3981 1548 4052 qui
1616 3981 1842 4037 beatum
1885 4000 1944 4038 sc

354 4082 478 4124 csse
516 4076 696 4138 putat,
730 4067 854 4124 istis
881 4068 1201 4126 virtutibus.

425 4170 504 4215 Ac
529 4162 695 4215 etiam
753 4175 936 4231 potest
997 4163 1315 4234 contingere
1336 4179 1539 4233 casus,
1564 4165 1619 4221 in
1655 4184 1788 4239 quo,
1820 4184 1944 4224 cum

353 4252 505 4309 salva
565 4254 678 4308 sint
735 4255 840 4309 sibi
905 4256 1092 4310 omnia
1155 4257 1296 4311 bona
1329 4262 1946 4334 externa.tamenipse

356 4349 594 4419 ignoret,
647 4358 836 4402 utrum
875 4348 1024 4403 salva
1062 4349 1194 4412 sint,
1232 4366 1444 4421 necne;
1487 4356 1760 4412 dubitabit
1791 4374 1943 4426 ergo,

359 4450 542 4493 utrum
579 4439 737 4493 adest
782 4440 888 4494 sibi
948 4440 1158 4512 integra
1190 4442 1492 4499 beatitudo.
1525 4446 1669 4517 Ergo
1698 4465 1806 4504 non
1846 4451 1946 4504 iia-
1982 4427 2024 4480 θ

374 4533 522 4588 behit
544 4533 689 4602 quod
723 4533 880 4589 vult:
913 4534 1074 4589 vellet
1098 4539 1244 4590 enim
1279 4554 1386 4595 non
1412 4539 1687 4598 dubitare.
1721 4542 1943 4599 Concu-

360 4633 535 4687 tictur
561 4646 694 4701 ergo
723 4632 1096 4701 tranquillitas
1127 4645 1180 4688 et
1211 4650 1312 4705 pax
1353 4637 1522 4692 animi
1557 4640 1717 4695 istius
1739 4657 1768 4695 a
1805 4657 1942 4698 con-

360 4727 565 4780 stantia
602 4742 720 4782 sua.
747 4725 865 4781 Non
907 4742 1038 4796 ergo
1073 4737 1245 4794 tutus,
1282 4739 1342 4784 ut
1388 4732 1644 4789 dominus
1673 4733 1944 4794 bonorum

359 4835 627 4876 suorum:
688 4835 796 4875 non
850 4821 1319 4892 inexpugnabilis,
1379 4837 1489 4881 non
1551 4831 1812 4899 quietus;
1848 4848 1947 4888 nec

381 4926 556 4968 tentus
588 4930 738 4984 ergo.
803 4913 1086 4971 Sententia
1120 4933 1253 4987 ergo
1290 4919 1402 4980 illa,
1442 4938 1564 4990 qua:
1598 4940 1862 4989 corporea
1894 4935 1948 4982 ct

365 5015 586 5060 externa
617 5017 873 5076 aggregat
909 5013 975 5061 ad
1012 5009 1431 5075 beatitudinem,
1472 5030 1634 5082 quem
1675 5019 1945 5087 supponi-

363 5113 487 5152 tnus
558 5113 679 5151 esse
732 5101 973 5164 beatum,
1031 5100 1166 5156 facit
1205 5118 1311 5156 non
1343 5118 1463 5158 esse
1524 5107 1769 5174 beatum;
1811 5108 1947 5166 falsa

360 5206 492 5262 ergo
527 5201 630 5246 cst.
660 5190 807 5245 Nihil
837 5196 981 5248 enim
1018 5211 1206 5249 verum
1236 5207 1343 5260 est,
1365 5211 1430 5250 ex
1467 5212 1578 5268 quo
1604 5200 1949 5272 impossibile

361 5287 558 5338 oritur.
595 5283 764 5356 Magis
788 5296 968 5340 autem
1003 5287 1246 5356 dignitas
1274 5297 1331 5342 et
1355 5287 1613 5358 splendor
1634 5297 1946 5364 sententias,

363 5392 527 5445 quam
563 5376 934 5444 defendimus,
964 5379 1087 5433 inde
1116 5381 1425 5451 apparebit.

469 5492 595 5547 Car.
655 5489 802 5546 XlX.
839 5491 1075 5549 Collatia
1122 5494 1350 5550 duorum
1389 5515 1494 5553 non
1543 5501 1837 5558 beatorum.

435 5613 829 5680 Suppouan'ur
882 5621 992 5669 duo
1050 5633 1154 5670 non
1191 5617 1357 5683 beati,
1395 5620 1630 5676 similem
1665 5622 1942 5683 defectum

368 5703 655 5768 inanimo,
699 5706 752 5758 in
797 5722 1028 5776 corpore
1083 5721 1133 5763 et
1186 5712 1238 5766 in
1271 5713 1518 5768 cisternis
1552 5717 1852 5783 patientes:
1891 5731 1946 5777 «.t

2027 422 2246 473 norum,
2309 423 2652 480 nequaquam
2683 408 2972 472 habentes,
2999 411 3054 462 et
3083 408 3397 478 aliquorum
3416 422 3484 462 ex
3516 405 3620 470 eis,

2027 516 2150 571 quae
2179 501 2404 568 desunt,
2436 501 2722 571 desperata
2748 501 2821 556 sit
2845 499 3173 571 acquisitio,
3208 509 3264 556 et
3308 500 3382 555 ita
3445 499 3625 553 omni-

2027 593 2129 649 bus
2158 608 2280 665 quae
2320 595 2541 661 mentis,
2567 609 2690 667 quae
2730 606 2964 661 naturai,
3003 609 3125 664 quae
3171 593 3410 648 fortuna:
3470 600 3624 658 sunt,

2028 701 2127 757 per
2158 687 2340 744 omnia
2373 687 2698 758 adaequatis,
2741 687 2813 744 sit
2847 686 2943 742 uni
3001 687 3218 742 illorum
3269 699 3620 757 persuasum.

2029 784 2176 857 quod
2210 794 2326 842 tota
2353 784 2633 841 beatitudo
2655 786 2709 839 in
2730 784 3030 840 virtutibus
3053 783 3223 838 animi
3258 778 3626 847 vertitur,al.i

2030 894 2163 934 vero
2196 880 2465 952 tripartita
2499 880 2591 934 illa
2627 878 2918 946 sententia,
2950 889 3007 934 et
3035 878 3275 932 habeant
3305 891 3492 947 parem
3525 889 3627 945 ap-

2030 972 2260 1043 petitum
2299 972 2705 1028 beatitudinis:
2740 973 3100 1028 manifestum
3148 971 3319 1043 igitur
3343 982 3449 1035 est,
3473 969 3625 1040 quod

2031 1065 2245 1137 primus
2278 1064 2462 1121 minus
2480 1079 2647 1136 aegre,
2674 1068 2935 1122 etminus
2982 1066 3169 1133 anxie,
3189 1074 3246 1121 et
3299 1064 3621 1138 jucundius,

2032 1167 2088 1214 et
2109 1159 2466 1230 tranquillius
2495 1160 2847 1221 ducetsuam
2874 1162 3074 1228 vitam,
3103 1175 3270 1231 quam
3304 1159 3619 1223 secundus;

2033 1254 2210 1310 tribus
2235 1269 2303 1312 ex
2335 1255 2542 1312 causis.
2566 1254 2726 1322 Quod
2753 1256 2968 1313 minora
3001 1257 3103 1310 sibi
3143 1256 3295 1311 videt
3327 1257 3521 1312 deesse
3548 1255 3618 1310 ad

2032 1349 2250 1419 plenam
2300 1349 2733 1413 beatitudinem;
2769 1359 2824 1405 et
2879 1351 3025 1421 quod
3060 1365 3170 1405 non
3203 1360 3290 1407 est
3323 1351 3615 1420 desperata

2033 1442 2138 1498 sibi
2170 1442 2390 1498 illorum
2423 1443 2748 1512 acquisitio;
2779 1452 2833 1498 et
2864 1446 3006 1512 quod
3045 1459 3236 1500 eorum
3270 1460 3390 1515 qute
3427 1444 3616 1504 habet.

2035 1545 2297 1605 tanquam
2361 1537 2692 1607 pertinentia
2723 1537 2792 1592 ad
2831 1539 3253 1602 beatitudinem,
3283 1554 3394 1593 non
3428 1539 3624 1592 existi-

2034 1637 2148 1683 mat
2173 1629 2355 1700 aliqua
2387 1630 2580 1686 essein
2616 1639 2888 1703 potestate
2921 1631 3198 1697 fortuna;
3232 1631 3436 1703 quibus
3465 1631 3620 1686 dela-

2031 1722 2146 1793 psis
2195 1723 2452 1780 miserior
2492 1724 2609 1795 ipse
2659 1726 2754 1782 sit.
2802 1725 2898 1782 ille
2961 1741 3092 1783 vero
3127 1740 3236 1781 non
3265 1726 3430 1781 modo
3463 1727 3621 1795 plura

2031 1819 2226 1874 deesse
2251 1817 2361 1874 sibi
2386 1818 2456 1874 ad
2485 1819 2810 1889 explendam
2863 1820 3262 1876 beatitudinem
3287 1820 3456 1886 videt,
3479 1831 3536 1875 et
3555 1823 3624 1874 de

2031 1911 2160 1977 illis,
2215 1927 2340 1984 quae
2390 1915 2576 1980 habet,
2618 1915 2800 1987 aliqua
2861 1917 3031 1972 sentit
3087 1931 3249 1986 posse
3278 1915 3480 1984 delabi,
3517 1930 3626 1984 quo

1981 2043 1984 2046 ~
2032 2005 2150 2077 ipse
2177 2007 2251 2062 sit
2282 2007 2562 2075 miserior,
2603 2009 2696 2065 sed
2722 2010 2887 2065 etiam
2919 2011 2988 2066 ad
3037 2009 3306 2082 integram
3332 2011 3624 2081 provenire

2035 2100 2331 2176 aliquando
2349 2103 2767 2172 beatitudinem,
2785 2104 3136 2176 desperatum
3155 2112 3240 2163 est
3256 2107 3478 2177 penitus
3495 2105 3624 2162 sibi.

2036 2237 2166 2295 Car.
2217 2236 2337 2294 XX.
2369 2238 2665 2308 {Virtutum
2721 2242 2999 2312 acquisitio
3055 2242 3168 2296 utri
3231 2241 3529 2312 difﬁcilior.

2110 2353 2181 2407 At
2209 2366 2340 2406 vero
2369 2360 2424 2408 et
2457 2352 2754 2420 acquisitio
2813 2355 3075 2407 virtutum
3131 2352 3316 2424 plures
3377 2352 3541 2408 habet
3572 2352 3625 2406 in

2041 2449 2145 2502 isto
2209 2445 2604 2512 difficultates,
2668 2463 2832 2518 quam
2897 2449 2950 2502 in
3026 2448 3136 2503 illo.
3209 2448 3393 2503 Prima
3478 2449 3626 2504 enim

2054 2539 2354 2594 difﬁcultas
2411 2547 2517 2609 est,
2565 2554 2733 2612 posse
2781 2555 3142 2612 cognoscere,
3174 2552 3443 2612 quantum
3482 2543 3626 2598 bona

2044 2630 2238 2696 animi,
2293 2629 2361 2685 ad
2426 2632 2811 2702 compiendam
2882 2632 3304 2698 beatitudinem,
3355 2636 3628 2691 excellunt

2046 2725 2196 2780 bona
2225 2727 2510 2798 corporis,
2539 2734 2595 2781 et
2621 2725 2723 2782 ista
2751 2734 2980 2783 externa
3007 2746 3023 2795 ;
3053 2737 3108 2784 et
3137 2730 3631 2800 proportionaliter

2045 2813 2355 2886 dispartiri.
2390 2822 2450 2871 et
2478 2830 2841 2884 cetnpensare
2889 2818 3013 2874 istis
3051 2821 3354 2891 appetitum
3388 2821 3630 2877 beatitu-

2036 2906 2216 2966 dinis.
2262 2906 2356 2963 Ille
2397 2922 2532 2963 vero
2563 2921 2774 2974 noster,
2825 2925 2948 2967 eum
3010 2911 3372 2970 beatitudinis
3407 2925 3634 2971 senten-

2050 2999 2279 3065 tiam,et
2310 3007 2484 3054 totum
2521 2989 2822 3071 appetitum
2848 3001 2914 3055 ad
2948 3003 3095 3057 solas
3154 3005 3386 3062 virtutes
3411 3005 3588 3061 mittat
3609 3045 3630 3071 ,

2047 3096 2122 3152 nil
2141 3097 2192 3151 ei
2218 3095 2541 3166 huiusmodi
2573 3096 2914 3153 difﬁcultatis
2933 3109 3063 3166 est;
3096 3100 3229 3172 quin
3265 3100 3432 3158 etiam
3465 3104 3631 3159 vehe-

2047 3191 2368 3248 mentiorem
2408 3192 2714 3263 appetitum
2749 3199 2815 3249 ad
2851 3193 3080 3250 virtutes
3129 3195 3322 3262 habet,
3354 3197 3635 3268 quamille

2046 3285 2140 3354 qui
2169 3284 2382 3355 aliquas
2431 3295 2617 3358 partes
2648 3286 2801 3356 paris
2835 3289 3132 3358 appetitus,
3191 3289 3476 3361 corporeis
3537 3291 3636 3347 tri-

2049 3379 2170 3435 buit
2200 3387 2256 3436 et
2289 3379 2554 3436 externis.
2591 3383 2658 3435 At
2681 3390 2738 3437 et
2782 3382 2887 3439 hoc
2933 3382 3288 3440 manifestum
3347 3393 3450 3450 est,
3485 3386 3634 3455 quod

2046 3483 2254 3545 quanto
2283 3473 2523 3545 amplius
2583 3474 2888 3545 diliguntur
2954 3493 3219 3548 corporea
3280 3489 3339 3533 et
3382 3487 3633 3543 externa,

2051 3577 2206 3622 tanto
2241 3566 2419 3638 magis
2474 3568 2776 3639 impeditur
2837 3571 2904 3624 ad
2965 3570 3328 3642 acquirendas
3386 3572 3632 3628 virtutes.

2049 3658 2289 3715 Facilior
2325 3670 2408 3715 est
2463 3675 2594 3731 ergo
2619 3670 2810 3717 nostro
2840 3661 3105 3716 virtutum
3141 3664 3460 3734 acquisitio.

2159 3800 2290 3853 CAP.
2327 3798 2472 3854 XXI.
2518 3797 2582 3852 In
2613 3801 2867 3854 virtutum
2905 3803 3249 3873 acquisitione
3281 3814 3397 3858 uter
3421 3804 3635 3872 fortior.

2121 3918 2232 3974 Nec
2301 3917 2434 3972 illud
2470 3916 2692 3971 dubium
2737 3925 2838 3983 est,
2865 3918 2993 3988 quin
3034 3918 3124 3972 ille
3171 3921 3399 3976 nili-rtus
3441 3924 3635 3988 animi,

2049 4012 2140 4082 qui
2185 4013 2259 4068 ita
2299 4013 2371 4066 sit
2401 4019 2759 4066 constructus
2785 4022 2838 4066 et
2869 4013 3081 4077 firmus,
3114 4021 3174 4067 ut
3207 4019 3381 4082 possit
3403 4017 3456 4069 in
3488 4019 3636 4072 omni

2049 4119 2177 4157 casu
2207 4111 2262 4157 et
2294 4102 2512 4156 fortuna
2565 4091 2995 4171 atquabilitate‘m
3029 4120 3375 4173 conservare,
3401 4107 3472 4159 ita
3491 4109 3637 4178 quod

2050 4211 2153 4250 nec
2210 4195 2638 4250 adversitatibus
2679 4193 3005 4264 frangatur,
3056 4198 3140 4251 vel
3202 4199 3364 4254 molle
3428 4200 3637 4268 aliquid

2048 4295 2105 4340 et
2133 4285 2440 4356 abiectum,
2509 4296 2566 4341 et
2607 4286 2977 4343 cﬂeminatum
3009 4298 3062 4343 et
3092 4294 3313 4344 anxium
3347 4293 3582 4358 patiatur
3619 4308 3638 4349 :

2054 4395 2155 4434 nec
2185 4379 2448 4435 secundis
2504 4381 2670 4434 rebus
2694 4381 2865 4436 effusa
2924 4383 3106 4438 laetitia
3144 4386 3365 4453 gestiat,
3394 4389 3640 4443 levitate.

2051 4491 2159 4546 que
2193 4476 2261 4533 ad
2289 4475 2658 4546 arrogantiam
2694 4486 2747 4530 et
2800 4479 3112 4546 superbiam
3149 4494 3211 4535 se
3266 4480 3496 4536 efferat:
3533 4483 3641 4540 iste

2053 4569 2306 4638 inquam,
2355 4567 2587 4624 aﬂectus
2627 4569 2824 4623 melior
2867 4579 2921 4623 et
2958 4569 3174 4625 beatior
3215 4572 3307 4635 sit,
3335 4588 3499 4644 quam
3525 4575 3638 4641 ille,

2051 4656 2146 4727 qui
2179 4672 2287 4711 non
2321 4664 2485 4712 tantae
2515 4660 2837 4713 constantia:
2869 4669 2974 4714 est.
3006 4659 3110 4716 Sed
3147 4663 3495 4721 manifestum
3529 4677 3636 4735 est,

2052 4749 2198 4821 quod
2223 4750 2460 4805 duorum
2526 4753 2934 4821 suppositarum
2982 4756 3227 4812 virorum
3260 4771 3450 4816 nostro
3479 4763 3638 4818 facil-

2052 4842 2244 4895 limum
2277 4850 2380 4905 cst,
2417 4841 2812 4897 exercitatione
2835 4852 2888 4897 et
2927 4847 3324 4902 consuetudine
3357 4848 3634 4919 adjuncta,

2053 4933 2339 5004 pervenire
2364 4934 2429 4986 ad
2461 4933 2730 5003 ejusmodi
2787 4935 3066 4994 aﬂectum.
3089 4937 3164 4994 Illi
3196 4955 3330 4996 vero
3357 4944 3636 5014 tripartito

2051 5033 2148 5081 aut
2183 5025 2531 5097 impossibile
2555 5037 2652 5080 aut
2683 5027 3064 5084 ditiicillimum
3113 5041 3224 5087 est.
3302 5034 3445 5104 Ergo
3469 5038 3513 5089 si
3541 5054 3636 5090 no-

2052 5131 2164 5173 stra
2194 5118 2297 5173 ista
2342 5119 2612 5174 sententia
2633 5122 2686 5174 in
2731 5122 2958 5177 meliore
2986 5123 3298 5181 omnimode
3323 5130 3641 5184 conditione

2054 5210 2187 5266 facit
2240 5227 2362 5267 esse
2391 5212 2689 5279 hominem,
2726 5232 2890 5284 quam
2925 5218 3014 5271 illa
3063 5218 3356 5288 tripertita,
3392 5239 3499 5276 non
3542 5227 3639 5276 du-

2053 5306 2202 5360 bium
2223 5314 2330 5369 est,
2363 5322 2481 5375 quae
2509 5310 2680 5376 magis
2713 5321 2798 5362 est
2840 5311 3221 5378 approbauda.

2124 5443 2252 5498 Car.
2281 5443 2457 5499 XXII.
2493 5445 2752 5500 Virtutum
2794 5449 2933 5501 actio
2961 5448 3013 5499 in
3037 5450 3222 5518 quibus
3248 5451 3583 5518 potissimum

2627 5518 2773 5569 bonis
2800 5520 3076 5573 comistat.

2125 5628 2192 5684 At
2217 5646 2342 5684 vero
2373 5647 2470 5685 nec
2490 5632 2636 5686 illum
2673 5650 2913 5687 errorem
2937 5645 3147 5705 oportet
3176 5635 3471 5702 incurrere.
3493 5644 3638 5711 quod

2057 5728 2298 5779 actiones
2332 5726 2592 5779 virtutum
2633 5728 2683 5780 iu
2723 5727 2854 5782 solis
2908 5730 3064 5786 bonis
3094 5734 3340 5802 corporis
3371 5744 3424 5787 ct
3453 5748 3638 5788 ester-
