4122 6240
492 320 629 386 1349

1547 312 1822 374 ΕΤΙΙῙΕᾹ
1865 310 2292 372 SECUNDUM
2338 310 2682 375 STOIClis.

3622 313 3758 380 1350

483 439 569 492 nis
600 442 928 488 versantur;
959 430 1012 484 in
1074 428 1368 484 contrariis
1393 442 1522 481 vero
1552 443 1659 481 non
1691 445 1703 480 :
1742 434 1802 480 ut
1832 425 1877 481 si
1914 428 2070 482 beate
2103 439 2142 493 Α
2175 430 2380 485 minem
2421 444 2567 490 esse.
2596 439 2650 484 et
2675 428 2938 483 miserum
2991 420 3269 483 hominem
3319 444 3471 492 esse,
3515 439 3575 484 ut
3634 431 3760 499 ipse

481 530 669 583 vivere
696 536 780 582 est
826 527 1071 579 virtuose
1124 539 1329 592 agere:
1377 522 1481 575 hoc
1510 532 1716 574 .autem
1757 535 1864 574 non
1890 528 2070 588 potest

490 637 636 685 esse,
682 620 785 674 nisi
818 621 870 672 in
903 619 1062 672 bouis
1087 616 1338 681 corporis
1370 622 1427 669 et
1457 615 1720 677 externis,
1752 612 2071 668 necessario

485 713 869 770 concludatur.
929 721 1133 779 quanto
1175 710 1275 764 ista
1331 708 1667 771 dilabuntur,
1729 714 1878 760 tanto
1905 706 2070 762 vitam

487 811 701 861 beatam
735 804 912 859 deliri.
947 801 1078 856 Nam
1115 817 1224 855 non
1262 809 1344 855 est
1370 815 1535 854 casus
1570 799 1624 852 iu
1656 799 1786 863 vita,
1823 811 1923 854 nec
1950 796 2071 851 for-

489 912 640 962 tuna,
676 914 776 952 nee
801 907 1040 965 tempus,
1080 895 1133 947 in
1165 909 1273 962 quo
1301 908 1408 946 non
1436 892 1608 961 possit
1643 892 1724 942 vir
1752 890 1935 945 bonus
1962 890 2072 943 vir-

491 1002 647 1044 tuose
670 1006 851 1060 agere.
871 991 1138 1044 Deeenter
1155 985 1298 1039 enim
1331 973 1384 1038 et
1415 983 1817 1037 rationabiliter
1858 981 2070 1050 cogita-

492 1101 568 1148 re,
589 1085 788 1151 jacere,
817 1083 1028 1146 sedere,
1052 1089 1219 1143 stare,
1238 1079 1540 1144 ambulare,
1560 1086 1764 1142 tacere,
1786 1076 1955 1146 loqui,
1975 1074 2077 1129 tri-

493 1180 659 1232 lmere
701 1175 918 1246 corpori
958 1170 1494 1236 n'cccssaria,videre
1513 1170 1594 1224 vel
1621 1169 1810 1223 audire
1834 1168 2065 1238 aliquid.

491 1270 733 1326 membra
754 1268 1001 1336 corporis
1022 1281 1262 1329 movere,
1283 1263 1447 1319 alicui
1471 1265 1744 1318 assentire
1762 1271 1816 1316 et
1841 1277 2034 1332 parere
2057 1281 2072 1327 ;

493 1362 575 1416 vel
604 1377 702 1431 pro
721 1361 1096 1416 conservanda
1119 1359 1428 1410 constantia
1453 1364 1508 1409 et
1532 1354 1634 1410 (ide
1647 1354 1868 1409 dolores
1900 1363 1953 1408 et
1980 1353 2078 1407 da-

492 1460 1019 1512 mnanon'recusare
1041 1471 1054 1506 :
1080 1451 1280 1520 quibus
1304 1465 1412 1504 non
1435 1458 1609 1517 potest
1641 1451 1925 1503 virtuosus
1962 1447 2075 1502 ullo

495 1559 739 1617 tempore
759 1546 984 1599 omnino
1002 1557 1225 1600 carere:
1247 1543 1490 1598 actiones
1512 1543 1768 1596 virtutum
1787 1548 1952 1606 'sunt,
1971 1551 2024 1596 et
2043 1557 2074 1596 a

495 1645 696 1697 virtute
733 1642 1179 1710 proﬁciscuntur.
1202 1639 1408 1694 Omitto
1421 1640 1602 1695 dicere
1620 1639 1760 1709 quod
1783 1639 2073 1704 fortitudo,

493 1746 548 1791 et
571 1732 905 1805 magnitudo,
929 1729 1529 1786 etexcelsitasanimiin
1551 1729 1797 1784 adversis
1816 1730 1978 1786 rebus
1994 1739 2077 1784 to-

2179 525 2346 577 homo
2382 522 2606 592 utrique
2629 523 2732 579 sub
2760 520 2829 576 ici
2867 521 3043 575 valeat
3077 539 3092 588 ;
3127 524 3382 592 sequitur
3416 522 3759 587 necessario,

2176 617 2324 688 quod
2354 625 2410 672 et
2437 618 2554 688 ipsa
2583 616 2726 671 bona
2750 630 3012 686 corporea
3065 627 3122 672 et
3183 629 3434 682 externa,
3489 634 3636 687 quze,
3698 627 3762 672 ut

2179 709 2506 779 simpliciter
2537 710 2712 764 simus
2755 718 2809 765 et
2847 709 3120 776 vivamus,
3165 711 3546 778 requiruntur,
3608 711 3763 765 simi-

2180 803 2302 858 liter
2331 804 2442 857 sint
2461 811 2519 857 et
2541 803 2899 856 nominentur
2929 802 3074 856 bona
3105 809 3202 856 :ut
3225 801 3481 858 videlicet
3539 818 3649 856 non
3705 805 3760 857 in

2179 898 2356 952 forma
2392 895 2746 951 beatitudinis
2777 905 3070 964 ponantur,
3091 895 3188 951 sed
3217 905 3478 966 tanquam
3510 910 3765 949 comnm-

2180 989 2270 1043 nia
2303 987 2539 1042 miserim
2570 987 2895 1042 beatitudini
2919 986 3345 1041 submittantur.
3375 986 3571 1054 itaque
3619 987 3764 1041 sicut

2180 1088 2432 1134 nostrum
2457 1093 2579 1134 esse
2602 1077 2848 1132 refertur
2864 1077 3083 1146 quidem
3116 1079 3185 1132 ad
3209 1067 3626 1140 beatitudinem,
3655 1094 3762 1132 non

2182 1183 2369 1229 tamen
2409 1182 2466 1227 ut
2495 1187 2621 1242 pars
2653 1213 2666 1236 ,
2697 1172 2788 1226 sed
2822 1181 2880 1224 ut
2905 1170 3235 1237 subjectum,
3260 1172 3378 1226 sine
3420 1186 3532 1240 quo
3582 1170 3762 1224 forma

2182 1283 2287 1322 non
2337 1265 2594 1321 exsistit:
2635 1264 2804 1319 simili
2860 1267 3026 1317 modo
3051 1273 3107 1318 et
3165 1265 3254 1318 illa
3305 1265 3474 1331 bona,
3518 1279 3640 1332 qua:
3693 1265 3762 1318 ad

2179 1359 2358 1429 ipsum
2427 1367 2675 1411 nostrum
2733 1371 2858 1412 esse
2919 1355 3260 1424 referuntur,
3322 1357 3598 1410 mediante
3642 1355 3766 1423 ipso

2179 1460 2372 1508 nostro
2402 1467 2544 1516 esse,
2566 1450 2631 1505 ad
2661 1449 3053 1520 beatitudinem
3085 1449 3372 1503 referenda
3402 1459 3552 1504 sunt.
3592 1449 3767 1514 Igitur

2180 1545 2434 1616 sicutqui
2466 1557 2568 1608 est,
2596 1547 2649 1600 in
2684 1554 2951 1615 quantum
2983 1553 3090 1608 est,
3118 1561 3226 1598 non
3257 1551 3340 1598 est
3369 1544 3586 1597 beatior
3642 1543 3758 1604 illo,
3799 1603 3806 1610 ν

2179 1639 2275 1710 qui
2306 1655 2412 1693 non
2443 1649 2526 1693 est
2563 1656 2578 1695 :
2614 1639 2684 1694 ita
2718 1648 2772 1693 et
2797 1639 2889 1708 qui
2923 1638 3087 1692 habet
3114 1637 3294 1707 plura,
3327 1637 3394 1690 de
3446 1634 3762 1707 huiusmodi

2181 1733 2363 1792 bonis.
2408 1748 2515 1787 non
2549 1733 2671 1788 ideo
2704 1742 2787 1789 est
2812 1734 2986 1804 magis
3014 1733 3232 1798 beatus,
3253 1746 3420 1800 quam
3449 1730 3542 1799 qui
3597 1729 3764 1784 habet

498 1836 605 1881 tam
635 1842 792 1880 suam
840 1826 945 1878 vim
981 1825 1203 1888 habent,
1237 1824 1488 1892 scireque
1507 1821 2081 1878 beneadversitatibus
2113 1816 2153 1870 Β
2185 1827 2466 1895 pauciora.
2507 1825 2707 1880 Beatus
2733 1825 2879 1880 enim
2916 1833 2973 1878 et
3004 1823 3186 1880 minus
3218 1823 3410 1879 beatus
3434 1822 3601 1877 homo
3650 1820 3766 1876 em—

499 1921 602 1984 uti,
630 1935 861 1977 summa;
894 1918 1194 1989 prudentia:
1216 1927 1321 1972 est.
1355 1915 1469 1972 Nec
1492 1931 1598 1971 non
1624 1919 1820 1976 multa.
1849 1930 1971 1985 qua:
1997 1913 2077 1967 vi-

501 2013 700 2065 dentur
751 2025 872 2064 esse
901 2008 1230 2077 negationis,
1253 2008 1429 2061 locum
1487 2007 1686 2060 habent
1731 2019 2072 2060 summarum

499 2105 808 2170 aetionum,
832 2102 966 2156 Cum
998 2102 1142 2154 enim
1171 2099 1470 2165 virtuosus,
1495 2108 1773 2168 pauperet
1795 2097 2074 2167 ignobilis,

500 2195 780 2258 deformis,
812 2204 865 2248 et
902 2193 1130 2247 claudus
1173 2200 1222 2246 ct
1254 2191 1528 2255 inllrmus,
1554 2189 1767 2244 nobiles
1799 2197 1854 2243 et
1885 2187 2082 2245 divites

499 2287 830 2347 admiretur,
889 2295 1247 2354 potentesque
1303 2292 1357 2337 et
1387 2297 1589 2337 sanos:
1624 2295 1676 2336 et
1713 2296 1772 2336 se
1794 2281 2080 2345 miserum,

499 2391 553 2435 et
614 2381 738 2434 illos
791 2380 980 2432 beatos
1033 2388 1086 2431 et
1121 2378 1304 2431 felices
1329 2385 1561 2445 reputet,
1594 2383 1647 2430 et
1679 2375 1801 2430 ideo
1832 2375 1957 2428 odio
1985 2389 2080 2428 eos

503 2473 719 2538 habeat,
752 2482 805 2524 ct
838 2471 1080 2524 invideat
1117 2471 1205 2532 iis,
1237 2469 1644 2539 cupiditathue
1675 2467 1945 2522 immensa
1985 2483 2076 2522 ar-

503 2570 647 2629 drat,
679 2576 732 2618 et
758 2561 961 2635 angore
995 2574 1051 2620 et
1097 2565 1316 2618 tristitia
1358 2572 1414 2618 et
1461 2575 1700 2616 mmrore
1758 2561 2000 2614 tabescat
2028 2568 2082 2612 et

502 2660 882 2729 deprimatttr,’
928 2658 1277 2723 divinumque
1330 2653 1758 2716 Providentiam,
1803 2651 2081 2721 opinionis

502 2767 710 2817 errore,
767 2762 860 2804 aut
895 2751 1123 2812 nullam,
1165 2749 1537 2819 autinjustam
1593 2761 1716 2800 esse
1743 2745 2022 2800 existimet
2059 2761 2075 2798 :

506 2842 588 2896 vir
637 2843 816 2896 bonus
868 2852 919 2895 et
951 2850 1099 2896 totus
1147 2848 1346 2894 nostra:
1394 2835 1705 2901 sententiae,
1743 2850 1870 2890 cum
1915 2834 1970 2888 in
2004 2834 2082 2888 si-

505 2935 767 2988 milirasu
792 2944 897 2998 est,
944 2932 1018 2986 nil
1054 2932 1286 2987 istorum
1323 2930 1548 3000 patitur,
1576 2943 1678 2983 nec
1709 2935 1928 2997 reputat
1955 2925 2079 2979 illos

507 3033 560 3084 in
593 3029 808 3084 melim-i
843 3044 966 3083 esse
999 3027 1340 3090 conditione,
1369 3041 1534 3094 quam
1564 3041 1645 3079 se.
1689 3023 1756 3078 Et
1788 3024 1910 3078 ideo
1926 3030 2081 3076 tran-

506 3122 678 3192 quillo
732 3123 862 3176 vivit
917 3121 1123 3185 animo,
1154 3129 1207 3175 et
1270 3118 1495 3173 minime
1536 3116 1889 3178 turbulento,
1921 3123 1978 3168 et
2010 3111 2078 3168 ad

508 3215 794 3268 interiores
821 3215 1092 3273 actiones,
1121 3222 1172 3265 et
1197 3212 1242 3266 si
1284 3226 1407 3281 qua:
1431 3219 1560 3265 sunt
1594 3207 1922 3272 exteriores,
1961 3219 2082 3260 ma-

508 3307 653 3359 xime
699 3306 973 3375 expedito.
1024 3303 1142 3358 Tali
1176 3305 1339 3374 igitur
1393 3302 1640 3357 ﬁrmitati
1678 3310 1733 3356 et
1752 3299 2083 3354 constantia:

511 3401 986 3461 animi.actiones,
1029 3415 1168 3469 quas
1203 3399 1413 3468 possint
1444 3412 1604 3466 agere
1627 3394 1860 3449 virtuosi
1882 3394 2083 3448 divites

513 3509 567 3551 et
597 3506 871 3566 potentes,
910 3511 1016 3548 non
1064 3502 1188 3548 sunt
1221 3489 1633 3562 postponendae.
1667 3489 1803 3542 Dum
1831 3501 1964 3555 ergo
1993 3485 2088 3538 bo-

511 3607 614 3646 nus
663 3589 744 3644 vir
771 3589 903 3642 vivit
948 3596 1126 3651 etest,
1165 3601 1271 3639 non
1331 3591 1492 3639 vacat
1524 3580 1786 3636 virtuosis
1845 3578 2087 3632 actioni-

514 3686 634 3740 bus.
687 3682 868 3749 Quare
922 3695 1022 3734 nec
1049 3679 1155 3733 isto
1187 3677 1348 3731 modo
1386 3673 1634 3744 corporis
1666 3685 1789 3741 qua:
1820 3671 2082 3726 dicuntur

510 3789 804 3834 etexterna
834 3778 996 3834 bona,
1018 3788 1158 3828 verat
1191 3768 1546 3826 beatitudinis
1583 3775 1766 3837 partes
1793 3774 1978 3820 erunt.

513 3920 642 3972 ttae.
695 3913 890 3968 XXIII.
951 3911 1149 3964 Divisio
1220 3909 1472 3962 bonorum
1535 3903 1815 3973 corporis,
1873 3910 1923 3956 et
1970 3915 2087 3969 qua:

1042 3991 1260 4035 επιειηα
1281 3988 1561 4032 vocantur.

589 4105 660 4162 Ut
687 4115 866 4160 autem
901 4117 1010 4160 non
1040 4101 1325 4155 videamur
1360 4097 1430 4152 de
1465 4096 1690 4150 nomine
1742 4101 1956 4147 tantum
2016 4089 2092 4143 la-

517 4201 646 4256 bora
657 4215 713 4253 rc
737 4196 896 4260 velle,
912 4195 1196 4254 commoda
1217 4192 1581 4254 nominantes,
1601 4203 1722 4257 quae
1737 4201 1932 4240 omnes
1951 4185 2089 4238 bona

519 4293 834 4363 appellant,
873 4300 930 4344 ut
955 4287 1207 4342 vocabuli
1229 4285 1533 4339 mutatione
1565 4299 1592 4334 a
1649 4281 1988 4336 beatitudine
2012 4279 2091 4334 vi-

519 4387 750 4440 dcantur
781 4380 1092 4449 segregari,
1127 4381 1197 4432 ita
1225 4380 1296 4433 sit
1337 4376 1771 4448 procedendum.

589 4479 865 4543 Omnium,
895 4492 1017 4546 qua:
1036 4477 1177 4530 bona
1205 4473 1450 4540 corporis
1478 4479 1530 4526 et
1555 4481 1778 4524 externa
1807 4469 2088 4535 dicuntur,

523 4557 625 4630 alia
683 4573 999 4626 referuntur
1048 4569 1112 4622 ad
1173 4578 1415 4622 nostram
1478 4567 1653 4634 ipsam
1708 4563 2090 4619 substantiam.

525 4669 655 4733 Qua:
679 4667 896 4734 quidem
931 4667 1002 4716 ita
1029 4679 1086 4719 sc
1119 4663 1344 4724 habent,
1383 4673 1440 4714 ut
1474 4663 1594 4716 sine
1625 4658 1736 4714 illis
1763 4673 1886 4714 esse
1907 4666 1963 4713 et
2012 4656 2096 4712 vi-

523 4775 652 4812 wre
688 4773 796 4811 non
828 4755 1123 4808 valeamus.

599 4851 714 4904 Alta
748 4863 876 4902 vero
912 4849 978 4899 ad
1026 4846 1127 4898 hoc
1161 4844 1362 4896 habent
1412 4859 1566 4896 suam
1600 4842 1732 4904 vim,
1798 4849 1857 4894 ut
1911 4839 2096 4892 minus

529 4947 759 4996 moleste
792 4951 842 4993 et
868 4937 1241 4992 «lelectabilius
1281 4936 1442 4988 vitam
1467 4935 1758 4988 ducamus.
1799 4932 1930 4998 Quae
1973 4931 2097 5000 qui-

525 5036 645 5086 dem
673 5036 737 5085 ad
766 5031 1112 5085 indelentiatn
1150 5028 1341 5082 ultimo
1364 5035 1417 5080 et
1450 5027 1803 5092 voluptatem,
1853 5040 1972 5092 qua:
1995 5039 2089 5093 per

529 5141 828 5196 corporeus
860 5139 1059 5177 sensus
1086 5121 1408 5190 percipitur,
1439 5118 1778 5172 referuntur.

780 5238 914 5293 Car.
973 5232 1159 5290 XXIV.
1230 5233 1300 5286 De
1351 5232 1584 5287 membro
1608 5232 1798 5296 primo.

606 5355 749 5425 Ergo
778 5366 835 5408 ut
867 5356 933 5414 de
967 5354 1145 5423 primo
1177 5351 1424 5404 membro
1481 5350 1633 5417 prius
1679 5348 1911 5408 dicatur,
1971 5347 2098 5416 quia

533 5447 835 5508 substantia
865 5455 1049 5500 nostra
1075 5453 1128 5496 et
1183 5442 1360 5509 ipsum
1410 5455 1533 5494 esse
1585 5452 1832 5493 nostrum
1896 5441 2096 5494 bonum

534 5544 755 5616 quidem
786 5539 942 5595 nobis
981 5546 1067 5592 est
1106 5555 1118 5590 :
1152 5537 1256 5590 tale
1308 5549 1438 5590 vero
1502 5533 1724 5593 bonum,
1769 5541 1962 5588 utnon
2034 5531 2105 5584 sit

536 5638 718 5704 aliqua
751 5647 878 5702 pars
909 5630 1098 5684 fortnze
1125 5627 1514 5688 beatitudinis,
1559 5627 1655 5679 sed
1692 5633 1749 5678 ut
1800 5624 2106 5680 communi-

535 5736 617 5779 ter
645 5737 750 5776 tam
787 5737 1013 5775 summa!
1043 5721 1293 5782 miseriae,
1337 5734 1500 5788 quam
1552 5715 1878 5772 beatitudini
1929 5715 2104 5785 subji-

532 5817 729 5870 ciatur.
773 5813 958 5866 Dill'crt
982 5813 1126 5866 enim
1160 5810 1435 5865 hominem
1465 5825 1609 5876 esse,
1645 5821 1697 5867 et
1721 5810 1938 5865 beatum
2005 5809 2101 5863 bo-

2183 1919 2349 1984 citur,
2377 1919 2662 1974 auditione
2689 1927 2741 1974 et
2791 1920 3166 1975 subtractione
3216 1918 3432 1972 illorum
3470 1918 3764 1980 bonorum,

2184 2026 2307 2082 quae
2339 2021 2467 2065 stmt
2511 2021 2694 2080 partes
2758 2012 2946 2066 forma:
3017 2010 3396 2067 beatitudinis.
3443 2009 3764 2064 Nostrorum

2185 2113 2312 2152 vero
2335 2113 2475 2163 esse,
2515 2113 2567 2153 et
2601 2100 2739 2153 bona
2767 2139 2782 2165 ,
2813 2113 2935 2169 qua:
2959 2100 3023 2153 ad
3055 2100 3228 2169 ipsum
3262 2100 3600 2161 referuntur,
3659 2112 3764 2152 non

2185 2200 2522 2260 suutpartes
2587 2191 2774 2246 forma:
2827 2192 3206 2254 beatitudinis.
3264 2182 3426 2258 prout
3473 2202 3759 2246 ostensum

2184 2291 2288 2339 est.
2319 2283 2425 2337 Sed
2469 2284 2743 2347 videatur,
2788 2285 2832 2338 si
2877 2285 3069 2355 placet,
3126 2286 3396 2356 reliquum
3458 2287 3764 2338 membrum

2183 2377 2482 2445 prmmissaa
2505 2377 2814 2433 divisionis.

2182 2497 2310 2547 Car.
2367 2492 2532 2548 XXV.
2575 2492 2876 2550 Secundum
2922 2495 3234 2548 membrum.
3303 2494 3608 2549 Iudolmtia
3715 2503 3765 2548 ct

2627 2567 2894 2634 voluptas,
2914 2583 3015 2619 non
3045 2567 3334 2620 beatitudo.

2258 2654 2316 2709 Et
2354 2654 2587 2722 primum
2612 2659 3010 2713 ostendendum
3038 2659 3129 2721 sit,
3165 2660 3312 2726 quod
3352 2659 3654 2714 indolentia
3710 2670 3764 2711 et

2182 2749 2433 2817 voluptas
2462 2749 2712 2819 corporis
2742 2749 2796 2804 in
2835 2749 3012 2805 forma
3069 2751 3424 2804 beatitudinis
3481 2751 3609 2820 poni
3662 2752 3763 2805 mi-

2184 2841 2334 2895 nime
2362 2849 2612 2910 possunt.
2665 2839 2773 2896 Nec
2802 2841 2948 2896 enim
3000 2856 3125 2896 eum
3187 2843 3484 2897 virtutibus
3541 2842 3761 2898 beatam

2183 2935 2347 2987 vitam
2377 2933 2595 3002 explere
2638 2943 2893 3004 possunt,
2943 2948 3044 2989 nec
3066 2934 3187 2990 sine
3235 2933 3551 2988 virtutibus.
3607 2933 3764 3000 Quod

2185 3025 2230 3080 si
2268 3026 2387 3081 sine
2404 3026 2722 3092 virtutibus,
2749 3027 2804 3082 in
2829 3043 3045 3083 summa
3075 3028 3202 3082 sede
3229 3036 3588 3095 ponerentur,
3632 3043 3766 3082 cou-

2186 3118 2420 3188 tingeret
2445 3118 2864 3176 vitiosissimum
2891 3120 3172 3175 hominem
3213 3130 3268 3175 et
3301 3120 3522 3190 penitus
3571 3124 3767 3188 deprao

2187 3221 2372 3267 vatum
2400 3221 2453 3269 ct
2479 3221 2796 3283 corruptum
2828 3213 3074 3268 animum
3109 3214 3399 3270 habentem
3437 3221 3604 3284 atque
3657 3213 3762 3266 im-

2188 3304 2336 3375 pium
2365 3315 2418 3359 et
2459 3304 2886 3367 inconstantem,
2924 3305 3141 3360 beatum
3167 3320 3292 3360 esse
3327 3304 3506 3372 :quod
3530 3312 3612 3360 est
3635 3318 3769 3359 con-

2188 3406 2270 3452 tra
2305 3413 2622 3453 communes
2649 3398 2919 3453 notiones.
2962 3397 3030 3451 At
3065 3413 3198 3452 vero
3226 3413 3326 3454 nec
3360 3414 3484 3453 cum
3554 3398 3773 3451 virtuti-

2187 3490 2290 3544 bus
2319 3489 2710 3543 beatitudinem
2745 3489 2957 3544 eﬂicere
2987 3501 3252 3559 possunt;
3286 3506 3411 3546 cum
3435 3491 3580 3546 enim
3635 3492 3768 3545 bea-

2191 3581 2364 3635 titudo
2392 3580 2462 3635 sit
2495 3580 2734 3651 optimus
2763 3581 2928 3635 latius
2962 3581 3085 3636 vita:
3149 3590 3349 3644 status,
3403 3591 3637 3652 oportet,
3711 3592 3768 3636 ut

2190 3681 2424 3733 constet.
2459 3688 2565 3728 non
2597 3688 2665 3728 ex
2714 3672 3156 3742 discrepantibus
3191 3675 3463 3729 interdum
3497 3685 3550 3730 et
3611 3691 3767 3746 repu-

2191 3767 2624 3836 gnantibugsed
2655 3784 2718 3822 ex
2749 3767 3113 3822 concordibus
3152 3783 3368 3836 semper
3398 3777 3453 3822 et
3483 3771 3769 3824 consonis.

2193 3861 2341 3915 Bona
2367 3861 2510 3914 enim
2547 3861 2729 3915 omnia
2788 3860 3029 3915 amicitia
3096 3869 3150 3915 et
3198 3862 3500 3915 concordia
3551 3876 3770 3931 semper

2193 3955 2450 4027 gaudent.
2489 3953 2592 4010 Sed
2622 3954 2763 4009 inter
2811 3954 3192 4018 indolentiam,
3219 3964 3276 4010 et
3334 3955 3667 4025 voluptatem
3718 3968 3771 4011 et

2194 4051 2425 4106 virtutes
2457 4065 2652 4119 magna
2715 4048 3072 4120 repugnantia
3105 4061 3163 4102 ut
3203 4049 3501 4119 plurimum
3556 4060 3662 4108 est.
3712 4051 3771 4106 in

2194 4144 2477 4213 plerisque
2501 4142 2648 4197 enim
2678 4142 3014 4212 impossibile
3045 4151 3130 4196 est
3164 4142 3519 4197 indolentiam
3555 4152 3610 4198 ct
3671 4158 3770 4198 vo-

2195 4237 2456 4305 luptatem
2492 4233 2778 4303 consequi,
2833 4234 2938 4289 nisi
2985 4238 3307 4289 omittamus
3373 4235 3666 4289 honestum
3719 4244 3774 4288 et

2195 4329 2479 4396 decorum,
2502 4337 2557 4383 et
2578 4328 2986 4382 committamus
3012 4338 3166 4396 turpe
3181 4336 3235 4382 et
3272 4325 3614 4382 indecorum.
3637 4324 3774 4380 Nam

2197 4423 2241 4478 si
2284 4421 2483 4492 ubique
2513 4420 2766 4485 velimus,
2795 4436 2917 4490 qua:
2950 4419 3091 4473 ratio
3127 4418 3484 4481 fortitudinis,
3513 4418 3764 4488 jttstitiae,

2125 4528 2169 4581 ι)
2199 4514 2592 4583 temperantis,
2621 4522 2675 4568 et
2704 4514 2929 4568 omnino
2949 4523 3140 4566 natura
3172 4512 3388 4566 honesti
3421 4513 3615 4579 exigit,
3637 4528 3773 4567 con-

2201 4608 2387 4678 sequi:
2436 4607 2809 4661 necessarium
2870 4611 2974 4666 est,
3051 4619 3158 4658 non
3223 4605 3400 4658 solum
3461 4605 3776 4671 voluptates

2205 4710 2528 4769 postponere
2553 4736 2570 4760 ,
2603 4700 2696 4751 sed
2732 4697 2899 4751 etiam
2951 4711 3179 4765 magnos
3211 4697 3402 4751 subire
3434 4697 3670 4763 labores,
3718 4709 3775 4750 et

2201 4795 2426 4848 acerbos
2453 4793 2724 4848 sustinere
2753 4790 2990 4844 dolores.
3050 4790 3115 4843 Et
3141 4804 3174 4845 e
3205 4791 3501 4853 contrario,
3569 4792 3612 4843 si
3671 4791 3775 4844 hoc

2206 4896 2570 4942 statueremus
2604 4884 2656 4937 in
2701 4883 2882 4946 nobis,
2919 4891 2976 4935 ut
3002 4882 3259 4936 omnibus
3313 4883 3490 4936 modis
3526 4883 3779 4951 volupta~

2208 4986 2314 5029 tem
2348 4976 2592 5044 corporis
2647 4983 2695 5028 et
2733 4975 3086 5028 indolentiam
3133 4988 3524 5041 sequeremur,
3567 4974 3775 5028 nullum

2207 5069 2389 5124 scelus
2417 5077 2576 5131 esset,
2617 5066 2821 5120 nttllum
2863 5065 3098 5129 facinus,
3130 5065 3342 5118 nullum
3393 5065 3633 5136 denique
3662 5081 3776 5119 ma-

2206 5161 2343 5222 lum,
2375 5160 2440 5213 ad
2473 5158 2614 5229 quod
2649 5157 3076 5229 suscipiendum,
3097 5157 3311 5212 licentia
3343 5159 3641 5227 proposita,
3668 5175 3774 5212 non

2209 5251 2628 5321 impelleremur.
2655 5251 2765 5306 Nec
2800 5265 2929 5320 ergo
2964 5265 3085 5303 cum
3117 5248 3436 5310 virtutibus,
3473 5264 3573 5302 nec
3633 5249 3776 5312 sine,

2211 5346 2459 5414 voluptas
2491 5354 2544 5398 et
2575 5345 2874 5398 indolentia
2907 5346 2959 5397 in
2993 5343 3164 5397 forma
3196 5343 3552 5398 beatitudinis
3597 5342 3778 5394 valent

2212 5437 2614 5493 connumerari.
2650 5435 2713 5489 Et
2739 5435 2864 5490 ideo
2897 5441 3078 5489 omnia
3116 5451 3379 5503 carporea
3417 5437 3553 5487 bona
3594 5443 3645 5487 et
3675 5449 3776 5486 ex-

2217 5539 2393 5595 terna,
2429 5528 2482 5582 lu
2519 5536 2784 5595 quantum
2820 5528 3130 5583 referuntur
3165 5528 3235 5581 a1
3300 5527 3477 5594 ipsam
3529 5524 3779 5578 indolen-

2217 5621 2346 5675 tiam
2374 5628 2428 5675 et
2455 5619 2807 5688 voluptatem,
2838 5618 3168 5688 segreganda
3203 5627 3331 5671 sunt
3366 5632 3393 5669 ιι
3421 5616 3595 5670 forma
3654 5617 3777 5669 ben.

2216 5715 2485 5769 titudinis.
2547 5713 2837 5768 ostensum
2895 5720 2978 5766 est
3044 5719 3224 5764 autem
3289 5726 3408 5766 esse
3479 5711 3578 5763 hoc
3636 5709 3776 5762 idem

2215 5811 2402 5864 etiam.
2425 5808 2479 5860 in
2507 5804 3118 5877 quantumreferuntur
3148 5803 3212 5856 ad
3244 5803 3416 5873 ipsam
3455 5804 3764 5857 essentiam-
