4086 6228
462 228 604 316 i351

1554 256 1951 317 BARIJIAMI
1995 259 2093 319 DE
2135 260 2572 321 SEMINARIA

3596 261 3617 324 Ξ
3627 263 3730 325 352

460 364 692 419 Penitus
735 376 870 433 ergo
920 375 1273 432 segregantur
1310 363 1376 419 ab
1424 365 1532 422 illis
1576 370 1758 437 bonis,
1785 364 2038 441 quail‘or-
2070 382 2114 438 Α
2141 374 2272 430 Car.
2318 373 2513 429 XXIX.
2572 372 2719 446 Non,
2752 375 3058 437 commoda,
3116 374 3208 429 sed
3239 376 3464 446 a/j'eclus
3500 392 3623 441 erqa
3658 391 3727 430 ea

463 472 611 511 mam
643 453 1000 509 beatitudinis
1032 455 1398 510 constituunt.

465 572 596 626 CAP.
648 568 843 624 XXVI.
896 568 974 620 De
996 567 1148 622 bonis
1197 576 1568 653 etcommodis
1598 592 1718 643 qua:
1763 578 2044 645 tripliciter

1125 654 1385 699 eveniunt.

531 755 635 809 Ista
672 755 1026 827 itaque,qu:e
1063 769 1262 827 pra-ter
1287 760 1517 814 virtutes
1545 760 1710 830 vulgo
1758 762 1902 815 bona
1956 764 2041 818 di-

460 858 685 912 cuntur,
722 859 775 903 et
805 864 835 903 a
870 850 1074 904 Stoicis
1108 852 1399 905 commoda
1432 855 1801 923 appellantur,
1833 871 1885 910 et
1908 874 2042 912 con-

458 941 627 995 traria
654 939 1026 1006 incommoda,
1066 943 1266 1012 triplici
1308 945 1469 999 modo
1495 949 1755 1001 eveniunt
1782 966 1795 1002 :
1820 965 1883 1003 ex
1932 951 2040 1004 vir-

454 1041 593 1095 tute,
630 1048 698 1087 ex
728 1034 913 1103 culpa,
946 1049 1012 1089 ex
1042 1044 1261 1091 neutro.

525 1123 603 1179 Ex
638 1127 837 1180 virtute
881 1127 962 1197 (ut
1013 1143 1041 1179 a
1074 1128 1380 1184 commodis
1409 1129 1719 1202 incipiam),
1749 1143 1810 1189 ut
1882 1152 2033 1204 qum-

453 1230 675 1285 cunque
728 1218 938 1271 homini
1000 1220 1070 1272 ab
1121 1221 1438 1276 hominibus
1504 1233 1729 1293 propter
1779 1224 2037 1281 virtutem

453 1306 792 1363 tribuuntur.
818 1307 936 1377 Vel,
973 1311 1019 1365 si
1047 1314 1171 1381 quis
1202 1314 1473 1384 optimum
1505 1316 1675 1371 lilium
1695 1317 1890 1385 habet,
1912 1336 2037 1375 cum

454 1395 569 1463 ipse
592 1412 720 1451 eum
761 1401 896 1454 bene
936 1401 1286 1458 educavisset
1326 1419 1343 1459 :
1384 1405 1492 1469 vel,
1518 1421 1610 1461 res
1642 1407 1931 1464 familiaris
1966 1424 2034 1466 ex

453 1488 763 1556 prudentia,
800 1492 920 1545 sine
956 1493 1165 1562 injuria
1227 1496 1500 1567 acquisita
1548 1509 1605 1554 et
1652 1501 1983 1572 ampliﬁcata
2016 1520 2033 1560 :

452 1580 558 1647 vel,
592 1582 845 1639 sanitatis
877 1596 930 1640 et
964 1588 1164 1643 virium
1199 1604 1265 1645 ex
1292 1591 1624 1648 abstinentia
1678 1604 1755 1650 et
1787 1596 2032 1666 diligenti

451 1673 723 1743 regimine
751 1681 1131 1745 conservatio,
1168 1682 1292 1737 etsi
1330 1698 1437 1753 qua
1467 1685 1692 1743 similia.

521 1765 600 1819 Ex
624 1768 805 1837 culpa,
839 1779 899 1825 ut
928 1771 975 1825 si
1006 1773 1130 1845 quis
1162 1787 1226 1827 ex
1247 1774 1524 1831 adulterio
1555 1777 1759 1833 bonum
1784 1783 2033 1850 genuerit

450 1855 623 1910 lilium
655 1876 670 1923 ;
698 1868 796 1913 aut
827 1860 1168 1918 detrahendo
1193 1863 1395 1936 injuria
1436 1881 1568 1923 suas
1609 1884 1698 1925 res
1738 1884 1956 1943 augeat,
1978 1876 2032 1929 et

448 1947 495 2003 si
519 1964 628 2018 qua
658 1951 1000 2020 hujusmodi.

518 2041 598 2096 Ex
623 2054 838 2110 neutro,
872 2055 1293 2119 utquzecunque
1322 2061 1544 2118 natura,
1585 2053 1833 2121 fortuna,
1869 2072 2024 2122 casu,

446 2138 822 2201 successione,
859 2138 1151 2206 divinitus,
1176 2144 1263 2198 vel
1283 2159 1510 2216 quoquo
1528 2148 1693 2201 modo
1723 2148 1887 2203 alicui
1907 2151 2029 2204 sine

448 2241 620 2298 Opera
647 2246 746 2285 sua
796 2234 1081 2290 eveniunt.

620 2344 753 2401 Car.
814 2345 1036 2405 XXVII.
1100 2350 1570 2408 lucommodorum
1622 2354 1833 2410 divisio.

514 2457 650 2513 Item
684 2460 753 2513 de
785 2462 1153 2519 incommodis
1176 2468 1365 2522 eadem
1392 2469 1591 2526 divisio
1625 2482 1729 2528 est.
1767 2471 1904 2527 Nam
1958 2490 2022 2529 ex

440 2548 645 2603 virtute
674 2551 1019 2621 Contingunt,
1055 2563 1115 2608 ut
1145 2572 1490 2629 quaecunque
1523 2562 1724 2620 damna
1778 2566 2026 2621 dolores-

440 2655 550 2709 que
579 2641 742 2696 alicui
779 2643 1115 2712 inl'eruntur,
1146 2660 1371 2718 propter
1414 2652 1644 2722 justitim
1672 2654 2019 2713 instantiam.

445 2725 558 2791 Vel,
588 2729 633 2783 si
664 2731 789 2799 quis
866 2748 1070 2803 pauper
1120 2748 1228 2805 est,
1279 2754 1404 2796 cum
1451 2758 1582 2799 snas
1630 2744 1921 2801 facultates
1955 2748 2022 2802 ad

439 2835 606 2889 opera
639 2821 865 2891 iustitiae
906 2836 961 2880 et
989 2827 1338 2888 liberalitatis
1382 2824 1778 2905 transtulisset,
1807 2839 1892 2894 vel
1926 2840 2023 2895 tle-

441 2910 550 2965 Iabi
578 2927 695 2980 eas,
726 2914 911 2970 studio
936 2918 1231 2975 meliorum
1260 2938 1469 2990 rerum,
1498 2925 1821 2983 dimisisset.

2372 447 2583 514 faciunt
2603 447 2672 498 ad
2705 445 3088 499 beatitudinem
3114 446 3193 500 vel
3215 450 3512 500 miseriam.

2227 555 2385 613 Nune
2433 569 2615 614 autem
2682 535 2817 613 illud
2858 559 2933 613 sit
2988 557 3367 621 manifestum,
3438 558 3583 627 quod
3625 573 3728 612 nec

2142 649 2431 706 commoda
2456 649 2832 717 beatitudinis,
2859 663 2959 704 nec
2980 649 3319 705 incommoda
3341 651 3572 706 miseriae
3599 669 3725 721 par-

2144 755 2228 800 tes
2259 743 2517 811 sint;sed
2562 743 2813 808 allectus,
2847 756 2902 799 et
2951 755 3130 811 actus,
3156 756 3208 799 et
3266 761 3400 799 usus
3451 747 3725 801 virtucsus

2143 839 2230 892 vel
2256 840 2512 904 vitiosus,
2568 839 2720 893 circa
2762 848 2998 906 utraque
3046 839 3405 907 acquirenda,
3433 842 3720 908 sumenda,

2146 926 2367 989 tuenda,
2393 925 2646 991 ferenda,
2674 929 2877 982 utenda
2906 938 2960 981 et
2984 929 3283 983 amittenda
3326 931 3396 984 ad
3434 928 3721 987 beatitudi-

2144 1034 2267 1074 nem
2310 1019 2391 1074 vel
2425 1021 2703 1075 miseriam
2740 1021 2999 1090 pertinet.

2216 1111 2357 1168 Sunt
2387 1113 2573 1182 itaque
2624 1116 2909 1168 commoda
2949 1116 3308 1185 acquirenda,
3340 1128 3395 1172 et
3430 1118 3721 1184 tuenda,et

2144 1206 2370 1273 utenda,
2406 1206 2536 1260 dum
2567 1206 2696 1262 licet
2746 1217 2896 1264 recte
2928 1209 3043 1263 haec
3079 1210 3219 1274 lieri,
3251 1222 3305 1264 et
3335 1212 3559 1268 minime
3592 1213 3720 1283 reji—

2140 1301 2351 1368 cienda,
2388 1303 2494 1359 nisi
2527 1311 2623 1357 aut
2654 1302 2725 1357 ad
2752 1306 3147 1374 comparandas
3201 1308 3285 1363 vel
3317 1310 3581 1377 gerendas
3629 1327 3719 1365 res

2140 1395 2399 1451 meliores
2433 1436 2449 1461 ,
2488 1406 2583 1450 aut
2619 1396 2688 1451 ad
2738 1397 3085 1453 serviendum
3128 1400 3435 1467 hominum,
3484 1420 3713 1473 quorum

2137 1486 2317 1554 decet,
2341 1487 2585 1542 utilitati.
2623 1487 2667 1541 E
2696 1499 2887 1544 contra
2917 1506 3049 1547 vero
3074 1492 3419 1549 incommoda
3448 1505 3545 1550 aut
3583 1508 3716 1551 sunt

2141 1580 2459 1651 rejicientla,
2484 1591 2581 1635 aut
2612 1597 2770 1651 mquo
2791 1583 2975 1638 animo
3010 1585 3255 1653 ferenda,
3280 1586 3383 1642 nisi
3407 1597 3501 1643 aut
3529 1590 3595 1644 ad
3622 1591 3718 1644 de-

2064 1711 2109 1769 n
2138 1673 2393 1728 clinanda
2445 1674 2879 1729 incommodiora
2914 1684 2972 1730 et
3004 1677 3185 1746 pejora
3216 1721 3233 1745 ,
3263 1688 3361 1733 aut
3406 1680 3474 1733 ad
3514 1698 3716 1737 consu-

2132 1764 2354 1819 lendum
2382 1765 2638 1820 decenter
2662 1764 2949 1822 hominum
2996 1771 3243 1827 utilitati.
3276 1770 3380 1827 Sed
3405 1774 3471 1828 ad
3502 1775 3710 1845 reliqua

2135 1869 2450 1927 pergamus.

2475 1972 2610 2029 Car.
2644 1973 2813 2030 XXX.
2846 1975 3137 2031 Honestum
3181 1976 3334 2048 quid.

2201 2084 2448 2140 Positum
2484 2097 2570 2143 est
2611 2089 2667 2143 itt
2696 2090 2973 2160 principio
3011 2092 3155 2159 quod
3193 2091 3471 2145 beatitudo
3525 2108 3621 2161 per
3649 2109 3711 2147 se

2129 2179 2454 2246 expetenda.
2489 2179 2554 2233 Et
2585 2194 2669 2235 est
2695 2193 3000 2246 ostensum,
3028 2183 3172 2253 quod
3206 2183 3317 2238 vita
3350 2185 3505 2238 bt-ata
3568 2188 3705 2240 idem

2129 2278 2233 2335 est,
2265 2272 2412 2340 quod
2470 2274 2717 2327 virtuosa
2761 2294 2777 2328 :
2811 2274 2921 2329 vita
2954 2289 3088 2345 ergo
3117 2277 3360 2331 virtuosa
3399 2293 3495 2346 per
3522 2294 3582 2333 se
3624 2290 3707 2333 est

2127 2362 2453 2427 expetenda.
2488 2361 2584 2418 Est
2617 2378 2801 2420 autem
2835 2375 2889 2421 et
2923 2367 3231 2433 laudabilis,
3261 2379 3321 2422 ut
3354 2370 3516 2424 situtn
3546 2384 3625 2426 est
3651 2362 3719 2427 in’

2128 2442 2444 2509 deﬁnitione
2460 2456 2707 2514 virtutis.
2744 2457 2850 2513 Sed
2877 2461 3024 2529 quod
3049 2470 3130 2515 est
3165 2462 3239 2514 ita
3277 2462 3501 2529 bonum,
3536 2469 3705 2519 utde-

2127 2554 2300 2602 tracto
2326 2548 2475 2613 omni
2501 2551 2887 2618 emolumento,
2920 2555 3048 2624 jure
3082 2555 3298 2611 laudari
3334 2569 3387 2611 et
3408 2561 3585 2627 expeti
3611 2576 3705 2629 per

2127 2651 2187 2691 se
2220 2638 2397 2706 ipsum
2428 2642 2634 2709 possit:
2662 2641 2788 2697 illttd
2814 2655 2917 2709 est,
2937 2648 3082 2714 quod
3105 2646 3388 2702 honestum
3415 2653 3700 2709 sentimus.

2127 2726 2248 2781 Vita
2280 2743 2413 2799 ergo
2438 2730 2703 2795 vit-tunsa,
2724 2734 2913 2788 eadem
2945 2744 3029 2790 est
3057 2739 3309 2795 honesta.
3344 2741 3410 2794 Et
3440 2743 3565 2812 quia
3594 2745 3701 2800 vita

2126 2818 2273 2874 bona
2308 2831 2362 2876 et
2388 2822 2567 2887 beata,
2588 2825 2780 2879 eadem
2814 2838 2899 2882 est
2924 2828 3167 2885 virtuosa
3200 2849 3214 2887 :
3250 2832 3358 2886 vita
3392 2849 3523 2903 ergo
3562 2835 3702 2892 bona

2125 2922 2178 2967 et
2215 2914 2393 2983 beata,
2430 2917 2620 2971 eadem
2652 2928 2738 2974 est
2777 2918 3026 2977 honesta.
3061 2924 3127 2979 Et
3152 2926 3283 2995 quia
3333 2927 3481 2997 quod
3530 2928 3703 2984 hone-

507 3025 587 3079 ΕΚ
615 3027 772 3079 cum“
800 3032 1127 3079 conﬁngunt
1153 3075 1167 3079 Α
1200 3046 1259 3079 m
1305 3053 1661 3079 mmmmmm
1713 3043 1877 3079 an“:
1936 3044 2013 3079 εκ
2046 3059 2089 3079 Α
2128 3014 2273 3061 stum
2292 3017 2401 3071 est,
2421 3008 2563 3064 idem
2591 3025 2714 3067 esse
2731 3012 2932 3067 bonum
2968 3030 3128 3070 nemo
3150 3016 3362 3073 dubitat
3386 3036 3401 3074 :
3423 3021 3701 3077 concludi-

558 3042 587 3080 x
615 3027 772 3097 culpa
800 3032 1169 3102 contingunt,
1200 3046 1261 3090 ut
1305 3053 1661 3108 quacunque:
1711 3043 1878 3100 alicui
1936 3044 2013 3099 in-
2046 3059 2090 3118 α

436 3121 722 3171 commoda
754 3119 1086 3188 inferuntur,
1114 3136 1337 3193 prapter
1363 3130 1433 3183 ab
1464 3144 1529 3182 eo
1579 3141 1857 3188 atttcactas
1877 3134 2022 3206 injus-

439 3210 583 3268 rias;
616 3222 671 3263 et
703 3212 749 3263 si
778 3211 894 3279 ipse
923 3213 1104 3283 aliqua
1138 3220 1550 3284 perturbatione
1571 3225 1900 3295 concitatus,
1924 3238 2020 3284 aut

435 3314 544 3352 nun
580 3303 927 3370 ρτοριιίεειγίι
956 3305 1238 3362 interitum
1274 3325 1303 3364 a
1347 3312 1827 3373 charissitniscutn
1888 3336 2017 3390 pos-

434 3404 561 3459 set;
590 3405 684 3449 attt
708 3397 824 3465 ipse
851 3396 1038 3455 intulit
1068 3402 1149 3457 eis
1190 3402 1473 3459 interitum
1507 3423 1521 3473 ;
1560 3420 1654 3463 aut
1676 3412 1753 3465 rei
1782 3411 2017 3471 familia-

434 3489 531 3551 ris,
565 3490 811 3565 pigritia,
838 3494 1055 3554 inertia.
1091 3499 1305 3566 ignavia
1338 3502 1633 3570 delapsus;
1663 3517 1719 3561 et
1763 3511 2015 3578 corporis

432 3583 870 3651 connuodorum,
907 3589 1187 3657 voluptate
1212 3592 1447 3660 devicto,
1470 3609 1533 3649 ex
1558 3613 1723 3666 pravo
1750 3601 2014 3669 regimine

432 3674 680 3741 amissio,
708 3684 765 3733 et
803 3680 970 3733 multa
1000 3682 1151 3738 talia.

505 3783 729 3843 Neutro.
764 3787 895 3854 Qua:
921 3809 1022 3849 nec
1045 3795 1266 3863 virtute,
1292 3816 1393 3856 nec
1454 3802 1609 3868 vitio,
1648 3821 1745 3859 nec
1794 3806 2011 3871 penitus

428 3892 495 3931 ex
533 3879 716 3948 aliqua
744 3898 907 3951 opera
945 3889 1280 3959 contingunt
1312 3910 1326 3947 :
1361 3904 1421 3948 ut
1453 3911 2000 3965 corporeorum'na-

430 3973 636 4027 turales
672 3973 939 4049 defectus,
971 3988 1025 4034 et
1051 3997 1392 4054 quaecunque
1443 3988 1789 4046 incommoda
1853 4008 2006 4060 casu,

430 4064 670 4132 fortuna,
699 4069 780 4121 vel
802 4071 869 4124 ab
902 4072 1225 4131 hominibus
1254 4078 1454 4149 injuria
1511 4084 1801 4137 commotis
1872 4084 2009 4138 inie-

430 4169 648 4215 runtur.

426 4271 559 4329 Car.
640 4277 884 4334 XXVIII.
935 4281 1282 4359 Commodum
1321 4289 1595 4345 exvirtute
1627 4293 1858 4359 veniens,
1910 4314 2002 4351 ex-

862 4355 1251 4419 petendumest,
1278 4369 1327 4410 et
1359 4376 1542 4427 quare.

499 4463 576 4518 Ex
612 4465 785 4518 tribus
809 4465 1192 4535 igiturtnodis,
1227 4472 1456 4540 primus,
1497 4491 1607 4543 quo
1631 4468 1829 4534 virtute
1852 4498 2003 4535 com-
2037 4452 2079 4503 υ

426 4561 585 4612 moda
616 4559 697 4612 vel
722 4559 1088 4627 incommoda,
1118 4578 1241 4617 cum
1265 4568 1569 4632 evenerint,
1604 4585 1703 4623 sua
1763 4589 2002 4642 praesen-

425 4655 498 4709 tia
534 4664 731 4722 augent
764 4671 856 4724 per
875 4671 933 4710 se
963 4656 1354 4713 beatitudinem
1384 4661 1511 4726 ;sed
1539 4674 1760 4731 propter
1782 4680 1997 4730 eorum,

424 4742 569 4795 circa
598 4759 803 4810 eorum.
843 4746 1233 4814 suntptionetu,
1269 4751 1566 4806 virtnosam
1584 4754 1998 4823 dispositionem

438 4844 493 4886 et
520 4834 822 4891 actionem.
1398 4836 1399 4839 “

498 4945 780 5003 Secundus
810 4954 1024 5017 modus,
1061 4969 1169 5024 quo
1202 4972 1264 5010 ex
1298 4960 1458 5029 culpa
1492 4966 1773 5019 commoda
1803 4966 1882 5021 vel
1914 4967 1999 5020 in-

427 5042 713 5094 comntotla
746 5055 1058 5110 sumuntur,
1087 5048 1377 5118 fugiendus
1398 5065 1451 5108 et
1479 5058 1809 5114 miserabilis
1868 5070 1988 5127 est;

427 5140 646 5199 propter
680 5133 929 5188 similiter
957 5140 1102 5193 circa
1138 5142 1327 5196 eadem
1355 5145 1605 5201 vitiosam
1676 5152 1995 5221 dispositio-

421 5242 543 5281 nem
570 5238 625 5283 et
656 5231 946 5285 actionem.

494 5342 709 5400 Tertius
740 5348 951 5410 modus,
997 5366 1105 5419 quo
1130 5368 1229 5405 nec.
1255 5355 1455 5411 virtute
1477 5376 1575 5415 nec
1602 5362 1781 5432 culpa,
1802 5367 1987 5419 eadem

415 5441 764 5509 contingunt,
800 5459 899 5497 nec
922 5444 987 5498 ad
1020 5445 1436 5514 beatitudinem,
1470 5469 1569 5507 nec
1595 5456 1660 5507 ad
1711 5458 1986 5512 miseriam

416 5531 619 5599 aliquid
665 5534 921 5601 ponderis
954 5534 1117 5591 habet
1157 5558 1169 5593 :
1199 5540 1295 5594 sed
1325 5558 1447 5596 cum
1478 5546 1589 5597 sint
1612 5557 1825 5615 sumpta
1853 5564 1986 5618 qne-

418 5639 526 5693 quo
563 5625 723 5679 modo
743 5632 1031 5684 commoda
1065 5631 1148 5686 vel
1190 5622 1560 5704 incommoda,
1604 5641 1840 5704 qualiter
1903 5652 1989 5697 est

417 5716 499 5771 eis
533 5719 815 5787 utendum,
837 5721 1065 5799 dicetur,
1107 5725 1195 5780 ubi
1222 5728 1287 5782 de
1322 5730 1616 5786 \irtutibus
1640 5734 1982 5791 tractabitur.

2127 3104 2219 3153 tur
2251 3114 2283 3155 e
2304 3116 2595 3171 converso,
2624 3106 2769 3174 quod
2803 3122 2924 3175 qua:
2955 3107 3181 3164 honesta
3222 3113 3333 3167 vita
3370 3122 3476 3179 est,
3504 3116 3693 3170 eadem

2123 3199 2209 3244 est
2242 3188 2405 3253 bona,
2435 3200 2490 3247 et
2523 3192 2680 3248 beata
2740 3204 2795 3249 et
2831 3198 3097 3253 virtuosa.

2193 3285 2273 3338 Ac
2318 3286 2506 3350 etiam,
2560 3287 2608 3344 si
2640 3289 2900 3344 decorum
2934 3300 3038 3358 est,
3091 3298 3233 3363 quod
3264 3310 3688 3356 consentaneum

2119 3384 2206 3429 est
2243 3374 2488 3430 hominis
2523 3378 2876 3445 excellentiae,
2911 3382 2966 3436 in
3001 3399 3086 3450 eo,
3122 3386 3176 3440 in
3210 3404 3320 3458 quo
3354 3401 3548 3446 natura
3573 3394 3691 3464 ejus

2119 3480 2152 3520 a
2182 3465 2409 3537 reliquis
2432 3470 2808 3527 animantibus
2859 3474 3075 3543 dil'l‘ert;
3113 3488 3167 3534 et
3197 3481 3373 3551 ipsum
3410 3484 3687 3553 decorum,

2117 3570 2169 3613 et
2189 3561 2333 3631 quod
2361 3561 2535 3623 decet.
2562 3563 2705 3618 idem
2740 3566 2928 3623 virtuti
2953 3581 3008 3624 et
3037 3570 3310 3630 boneStati
3336 3577 3583 3637 cilicitur.

2359 3677 2490 3732 Car.
2530 3677 2723 3734 XXXI.
2767 3679 2933 3749 Utile,
2960 3694 3008 3739 et
3034 3685 3243 3752 inutile,
3271 3692 3413 3760 quid.

2187 3786 2393 3845 Deinde
2427 3792 2491 3846 de
2533 3795 2653 3848 utili
2687 3806 2744 3849 et
2796 3797 2974 3852 inutili
3010 3801 3299 3858 dicendum
3340 3808 3429 3861 sit.
3470 3807 3684 3880 Duplici

2115 3881 2280 3950 igitur
2307 3886 2465 3940 modo
2501 3896 2790 3958 utrumque
2813 3892 3033 3949 dicitur.
3069 3892 3209 3962 Uno,
3259 3900 3374 3968 ipsa
3402 3908 3685 3961 commoda

2112 3974 2194 4026 vel
2222 3976 2589 4043 incommoda,
2623 3992 2681 4036 ut
2712 3986 2929 4053 domus,
2970 4005 3169 4057 equus,
3206 4009 3419 4061 servus,
3460 4000 3602 4056 vires
3629 4012 3686 4055 et

2109 4064 2309 4120 similia
2344 4085 2358 4121 ε
2390 4084 2512 4137 quae
2558 4072 2809 4129 videlicet
2846 4079 2913 4131 ad
2952 4078 3093 4134 idem
3126 4096 3251 4139 cum
3299 4087 3544 4144 honestis
3600 4091 3682 4146 vel

2109 4158 2413 4216 inhonestis
2445 4177 2553 4217 non
2576 4165 3064 4227 veniunt.Nullum
3090 4175 3235 4229 enim
3268 4186 3679 4241 commodorum
3738 4238 3741 4241 .

2106 4259 2202 4302 aut
2228 4249 2708 4310 incommodorum
2728 4261 3021 4317 honestum
3053 4266 3141 4319 vel
3165 4275 3346 4339 turpe,
3375 4276 3558 4344 quoad
3587 4277 3685 4332 ho-

2106 4342 2270 4397 minis
2294 4344 2723 4413 beatitudinem,
2764 4362 2869 4408 est.

2178 4437 2300 4490 Alio
2325 4438 2489 4493 modo
2520 4442 2671 4495 utilia
2694 4453 2749 4499 et
2769 4447 2976 4502 inutilia
3002 4449 3265 4506 dicuntur
3289 4455 3415 4526 ipsa:
3442 4459 3680 4516 hominis

2108 4530 2380 4596 actiones,
2416 4549 2538 4601 qua:
2570 4547 2697 4589 sunt
2720 4538 2867 4593 circa
2898 4547 3186 4601 commoda
3216 4550 3300 4602 vel
3334 4551 3679 4611 incommoda

2104 4621 2389 4685 sumenda,
2414 4631 2638 4690 utenda,
2662 4628 3023 4700 disponenda,
3044 4633 3297 4703 ferenda,
3316 4643 3398 4695 vel
3427 4645 3697 4714 rejicicn-'

2102 4713 2191 4766 da.
2226 4714 2357 4781 Qtfze
2392 4717 2543 4771 utilia
2569 4722 2650 4775 vel
2676 4724 3119 4790 inutilia,eadem
3152 4744 3279 4787 sunt
3299 4751 3422 4805 qua:
3449 4713 3677 4795 honesta

2102 4814 2156 4858 et
2179 4808 2377 4875 turpia.
2410 4808 2544 4863 Nam
2580 4812 2626 4867 si
2650 4816 2829 4871 omnis
2855 4820 3032 4889 turpis
3064 4823 3211 4876 actio
3240 4840 3272 4879 a
3314 4828 3530 4886 defectu
3562 4835 3675 4888 vir-

2104 4898 2236 4953 tutis
2254 4902 2648 4969 proﬁciscitur:
2669 4906 2910 4964 defectus
2929 4927 3058 4967 vero
3084 4914 3304 4974 virtutis
3331 4920 3477 4976 laedit
3507 4927 3679 4981 beati-

2100 4992 2446 5057 tudiucm,ac
2476 5000 2679 5053 nemini
2702 5002 2834 5056 utile
2857 5014 3033 5070 potest
3054 5022 3197 5076 esse,
3221 5012 3363 5080 quod
3397 5015 3468 5069 sit
3486 5027 3675 5075 contra

2100 5101 2256 5138 suam
2288 5087 2936 5148 beatitudinem:nemini
2974 5111 3107 5168 ergo
3137 5104 3313 5173 turpis
3348 5108 3493 5160 actio
3525 5110 3673 5165 utilis

2095 5187 2198 5231 est.
2218 5180 2386 5233 Porro
2428 5185 2574 5249 quod
2633 5185 2751 5239 sine
2803 5188 3143 5256 turpitudine
3191 5196 3395 5251 utiliter
3438 5201 3669 5265 lit,idem

2098 5273 2494 5326 rationabiliter
2518 5285 2573 5328 et
2603 5288 2750 5331 recte
2796 5278 2874 5334 lit.
2928 5281 3033 5337 Sed
3072 5290 3219 5355 quod
3276 5292 3673 5350 rationabiliter

2093 5371 2320 5429 et‘rccle
2356 5365 2433 5423 lit.
2466 5366 2627 5418 etiam
2661 5369 2887 5426 honeste
2921 5374 3000 5427 lit.
3039 5376 3116 5429 Ex
3148 5380 3351 5447 quibus
3380 5386 3669 5440 cencludi-

2094 5464 2201 5519 tur,
2227 5456 2373 5523 quod
2407 5460 2588 5513 omnis
2636 5462 2784 5515 utilis
2819 5466 2965 5519 actio
3003 5468 3233 5525 honesta
3261 5485 3363 5528 est.
3405 5478 3483 5531 Ac
3505 5478 3664 5533 etiam

2092 5547 2138 5600 si
2171 5548 2325 5608 illud.
2367 5550 2513 5617 quod
2545 5554 2839 5609 honestum
2883 5556 3026 5612 iactu
3054 5572 3159 5625 est,
3192 5572 3246 5618 et
3281 5567 3346 5619 ad
3373 5570 3665 5624 beatitudi-

2094 5655 2215 5692 nem
2234 5644 2498 5709 pertinet,
2522 5660 2748 5701 summae
2769 5649 3021 5708 utilitatis
3035 5666 3155 5722 est;
3181 5659 3488 5725 Conficitur,
3517 5668 3660 5733 qnutl

2090 5737 2274 5793 omnis
2309 5738 2535 5794 honesta
2558 5742 2698 5797 actio
2728 5747 2874 5807 utilis
2904 5758 3012 5805 est.
3042 5750 3164 5806 Sola
3196 5770 3325 5824 ergo
3357 5756 3582 5814 [maesta
3607 5771 3657 5817 ct
