4086 6228
347 163 488 233 I353

1413 163 1700 227 ETHICA
1740 156 2171 225 SECUNDUM
2204 161 2539 227 STOICOS.

3475 167 3612 234 I355

343 281 596 339 vittuosa
628 279 764 351 vita,
787 279 938 338 utilis
963 279 1078 338 vita
1101 287 1206 348 est,
1236 288 1293 337 et
1313 280 1432 338 sola
1458 280 1746 338 inhonesta
1769 288 1825 338 et
1851 283 1932 336 vl—
1958 287 2004 344 Α
2104 281 2184 335 Ac
2208 278 2376 334 etiam
2408 279 2574 336 iidem
2607 276 2880 336 Platonici
2914 278 3080 337 multa
3115 283 3281 350 bona,
3335 291 3611 352 naturam,

346 373 489 432 tioaa
513 374 745 431 inutiiis.
770 372 948 446 Igitur
967 388 1066 432 sex
1095 379 1214 431 hac
1246 391 1262 430 :
1295 375 1526 443 bonum,
1547 374 1926 440 beatum,vir-

344 475 463 525 tute
481 466 819 537 coniectum,
838 467 1156 530 honestum,
1187 467 1446 524 decorum
1473 477 1524 524 et
1558 467 1689 524 utile
1720 485 1735 522 :
1764 467 1924 532 adde,

345 561 392 618 si
426 560 529 626 vis,
564 570 802 628 rectum,
848 561 1176 618 rationabile
1209 579 1226 628 ;
1258 561 1326 614 ad
1383 561 1528 616 idem
1582 559 1831 623 veniunt,
1873 567 1929 615 et

345 652 490 710 idem
525 654 638 709 fere
665 661 885 708 sonant.
920 651 986 707 Et
1005 649 1130 707 ideo
1161 650 1418 723 Opposita
1450 665 1664 716 eorum,
1689 647 1926 714 scilicet,

348 745 582 810 malum,
615 745 903 811 miserum,
956 744 1241 809 vitiosum,
1293 744 1674 805 inhonestum,
1709 741 1931 797 indeco-

345 855 490 905 rum,
525 848 706 909 turpe,
734 839 950 906 inutile,
981 847 1289 910 peccatum,
1322 837 1719 894 irrationabile.
1750 835 1927 903 Adde,

347 930 394 988 si
428 932 533 997 vis,
563 929 1192 1003 pravum,liagitiosum,
1227 931 1458 997 foedum,
1501 937 1728 993 tetrum,
1772 928 1928 984 dete-

345 1024 540 1081 stabile
558 1045 574 1079 :
592 1024 774 1079 omnia
796 1023 1165 1093 hmcejusdcm
1189 1023 1684 1079 suntcalamitatis.
1704 1021 1786 1077 Ex
1806 1018 1928 1077 Om-

346 1118 514 1176 nibus
541 1119 729 1188 itaque
763 1120 1148 1190 superioribus
1183 1117 1244 1173 Ilt
1277 1116 1518 1188 denique
1572 1117 1751 1172 ﬁnalis
1794 1131 1924 1173 con-

345 1212 546 1281 clusio,
585 1225 686 1283 pro
712 1225 822 1284 qua
844 1210 1027 1266 omnia
1046 1210 1102 1266 in
1134 1209 1240 1266 hac
1263 1210 1476 1267 ratione
1505 1217 1926 1282 praecesserunt,

347 1306 464 1362 hac
491 1324 507 1362 :

422 1397 726 1458 Conclusio.
746 1397 905 1468 Quod
935 1399 984 1457 si
1015 1401 1140 1470 quis
1169 1399 1339 1455 vitam
1367 1397 1839 1455 dueitvirtuosam
1873 1406 1929 1454 et

346 1494 661 1560 honestam,
679 1492 1181 1564 quomodocunque
1199 1490 1492 1548 commoda
1503 1501 1559 1547 et
1581 1489 1928 1547 incommoda

349 1587 480 1645 huic
511 1587 862 1658 contingunt,
899 1587 1058 1643 modo
1087 1603 1196 1643 non
1239 1601 1340 1643 sua
1367 1585 1522 1657 culpa
1553 1601 1570 1640 :
1606 1585 1744 1640 nihil
1770 1585 1929 1642 deest

2030 378 2087 427 et
2101 381 2300 440 artem,
2317 380 2373 428 et
2399 372 2854 428 consuetudinem
2879 373 3225 443 excellentia,
3253 375 3505 433 homines
3530 377 3615 432 di-

2032 464 2242 522 vinitus
2269 465 2534 537 cOnsequi
2570 479 2734 537 posse
2769 464 3044 523 aﬂirmaut
3076 483 3094 522 :
3127 467 3274 524 sicut
3306 467 3426 539 ipse
3455 467 3613 524 Plato

2031 559 2099 614 de
2126 558 2342 629 poetica
2375 569 2430 616 et
2461 560 2802 616 divinatione
2830 570 2886 615 et
2934 574 3121 617 amore
3153 562 3211 616 in
3237 559 3471 617 Phaedro
3497 569 3614 616 tra-

2031 653 2134 709 dit.
2167 655 2280 709 Non
2325 662 2507 711 tamen
2537 655 2666 711 ideo
2696 655 3032 725 prohibitum
3066 655 3194 723 erit,
3223 654 3468 711 ultimum
3499 665 3610 710 ter-

2029 747 2265 814 minum,
2278 748 2537 820 ad.qucm
2553 750 2852 807 ascendere
2868 758 3050 822 potest
3070 751 3151 806 vis
3169 750 3459 814 naturalis,
3483 747 3615 806 be-ao

2029 841 2320 900 titudinem
2356 844 2617 914 appellari
2644 861 2661 900 :
2691 847 2996 917 prznsertim
3037 859 3165 900 cunt
3190 844 3270 901 ita
3293 844 3364 900 sit
3389 846 3494 901 hoc
3517 858 3613 898 vo-

2030 934 2292 992 cabulum
2327 939 2471 1008 apud
2511 937 2698 1008 plures
2731 937 3020 1006 usitatum,
3050 948 3104 994 et
3133 954 3244 996 non
3283 946 3480 996 natura
3513 953 3614 995 no«

2032 1029 2180 1084 mina
2219 1029 2382 1086 rebus
2415 1029 2616 1100 posita,
2649 1030 2743 1087 sed
2776 1033 3046 1088 utentium
3080 1032 3445 1102 beneplacito.

2296 1168 2430 1226 Car.
2468 1167 2713 1224 XXXIII.
2749 1168 3103 1227 Bcatitudiuis
3135 1171 3351 1228 divisio.

2103 1287 2293 1359 Itaque
2314 1287 2490 1358 prima
2512 1286 2582 1343 sit
2604 1286 2906 1354 beatitudo,
2930 1288 3049 1359 ipse
3083 1287 3328 1360 Optimus
3343 1287 3466 1345 vitae
3501 1299 3613 1346 sta.

2030 1389 2155 1448 tus;
2180 1395 2342 1454 quem
2362 1380 2556 1437 ultimo
2572 1381 2867 1436 ascendere
2891 1395 3205 1452 possumus,
3223 1382 3617 1438 transcendere

2031 1488 2162 1530 vero
2193 1473 2248 1528 vi
2278 1474 2513 1529 naturali
2550 1489 2658 1529 non
2688 1475 2957 1540 valemus,
3003 1475 3071 1531 de
3114 1489 3221 1547 qua
3274 1476 3615 1532 beatitudine

2031 1565 2089 1623 in
2110 1566 2194 1624 his
2219 1566 2373 1623 libris
2402 1575 2689 1622 tractatur.

349 1680 429 1736 illi
455 1679 526 1736 ad
551 1696 738 1737 veram
771 1679 1193 1738 beatitudinem.
1238 1678 1304 1734 Et
1343 1693 1442 1750 per
1470 1692 1844 1749 consequens,
1879 1675 1926 1733 si
1960 1665 2005 1724 Β
2103 1659 2356 1716 secum“
2387 1662 2483 1724 εἷεν
2517 1675 2641 1734 qui”
2659 1662 2834 1732 Prima
2851 1663 3137 1736 ευββοείίι
3158 1664 3339 1719 “huc
3363 1678 3617 1735 COI'lPre‘

347 1773 476 1846 quis
503 1783 588 1829 est
616 1773 688 1829 ita
719 1774 1055 1844 depravatus
1087 1781 1143 1828 et
1182 1780 1499 1846 corruptus,
1538 1780 1599 1827 ut
1626 1785 1731 1827 nec
1768 1770 1929 1828 vesti-

351 1867 502 1940 gium
538 1866 758 1936 aliquod
787 1866 1007 1922 virtutis
1036 1875 1092 1922 et
1123 1866 1432 1922 honcsmtis
1479 1866 1536 1922 in
1572 1879 1640 1920 eo
1671 1863 1929 1930 exsistat,

349 1963 501 2028 huic,
531 1975 850 2033 quanquam
877 1959 1138 2018 omnibus
1168 1960 1414 2016 abundet
1440 1958 1767 2024 commodis,
1791 1957 1928 2013 nihil

346 2055 504 2112 deest
533 2053 601 2110 ad
635 2069 911 2110 summam
947 2052 1253 2109 miseriam.

347 2171 484 2228 CAP.
512 2166 733 2226 XXXII.
755 2166 982 2226 Beatam
1017 2167 1225 2222 nullum
1256 2169 1312 2222 in
1343 2171 1441 2222 hac
1467 2173 1599 2233 vita,
1637 2170 1927 2224 secundum

975 2238 1311 2296 Platonicos.

421 2333 526 2393 Hic
559 2334 787 2408 quidam
836 2333 1129 2401 Platonici,
1186 2332 1586 2388 immortalitati
1614 2333 1926 2388 animorum

349 2444 571 2502 operam
604 2428 824 2495 dantes,
842 2437 898 2483 et
923 2442 1113 2482 eorum
1140 2426 1436 2497 quamdam
1468 2427 1822 2482 excellentem
1850 2424 1927 2481 fe-

351 2522 616 2579 Iicitatem
651 2521 1036 2593 imaginantes,
1059 2519 1221 2591 eique
1241 2522 1406 2574 vitam
1435 2520 1578 2574 hanc
1604 2524 1928 2590 comparan-

351 2627 456 2687 tes,
487 2617 828 2688 impossiblle
852 2625 1130 2680 asserunt,
1154 2615 1206 2671 in
1229 2616 1332 2670 bac
1357 2616 1463 2670 vita
1489 2616 1704 2672 beatum
1743 2615 1927 2669 itomi.

351 2725 478 2766 nem
506 2725 654 2765 esse.
684 2708 900 2775 Quibus
930 2707 1089 2762 multi
1121 2721 1410 2768 assensum
1462 2709 1787 2777 praebentes,
1827 2722 1927 2761 nos

351 2817 384 2857 a
415 2803 645 2858 veritate
669 2810 928 2874 reputant
955 2801 1198 2857 deviare.
1233 2798 1330 2857 Est
1363 2811 1543 2855 autem
1577 2799 1722 2856 inter
1751 2815 1850 2853 nos
1873 2807 1926 2854 et

352 2899 502 2968 ipsos
545 2896 741 2952 nonin
790 2909 850 2951 re
885 2896 1283 2961 controversia,
1332 2893 1426 2948 sed
1466 2895 1520 2947 in
1557 2893 1776 2947 nomine
1808 2902 1924 2945 tan-

2033 1750 2224 1807 hendit
2250 1767 2593 1824 quaecunque
2623 1755 2943 1811 excellentia
2966 1757 3110 1811 bona
3136 1755 3422 1826 acquirere
3445 1757 3614 1812 homo

2029 1843 2198 1900 etiam
2232 1841 2289 1898 in
2311 1846 2415 1901 hac
2440 1847 2552 1900 vita
2575 1845 2762 1901 divina
2785 1847 3122 1917 aspiratione
3147 1856 3350 1920 potest,
3379 1858 3439 1903 nt
3463 1850 3616 1904 Plato

2030 1937 2085 1993 in
2111 1934 2342 1993 Phtidro
2368 1939 2549 1997 docet.

2100 2029 2286 2087 Tertia
2321 2033 2412 2099 sit,
2442 2049 2566 2105 qua:
2595 2035 2828 2106 suscipit
2880 2046 3009 2107 post
3047 2046 3283 2095 mortem
3313 2037 3610 2109 sapientes,

2030 2134 2091 2180 ut
2122 2125 2265 2181 idem
2299 2125 2456 2182 Plato
2495 2129 2550 2182 in
2595 2128 2859 2186 Phaedone
2889 2131 3076 2188 tradit.

2101 2220 2278 2290 Igitur
2326 2221 2460 2291 quia
2495 2222 2571 2276 illi
2619 2224 2919 2278 secundam
2951 2234 3009 2279 et
3055 2227 3272 2280 tertiam
3308 2234 3609 2291 merentur,

2028 2312 2124 2384 qui
2153 2313 2342 2384 primas
2387 2315 2686 2388 participes
2716 2317 3071 2384 exstitetunt,
3107 2319 3306 2371 merito
3343 2321 3408 2372 de
3436 2321 3613 2389 prima

2030 2415 2240 2463 tantum
2269 2409 2415 2465 hunc
2437 2410 2678 2465 laborem
2710 2410 2969 2467 duximus
2999 2412 3434 2483 suscipiendum.

2030 2521 2162 2580 CAP.
2202 2522 2446 2580 XXXIV.
2504 2522 2797 2599 Naturalia
2831 2525 2992 2592 bona,
3042 2529 3306 2599 quomodo
3359 2531 3411 2583 in
3456 2532 3607 2585 nobis

2630 2598 2995 2665 perﬁciantur.

2098 2709 2410 2768 Notandum
2430 2729 2560 2768 vero
2588 2715 2657 2770 sit
2689 2723 2741 2768 et
2770 2713 2925 2777 illud,
2950 2714 3094 2785 quod
3124 2720 3424 2770 secundum
3449 2732 3608 2772 eum.

2031 2802 2155 2858 dem
2181 2802 2486 2866 Platonem.
2510 2820 2608 2859 nec
2629 2805 2740 2874 ipsa
2764 2805 3036 2861 naturalia
3057 2807 3197 2861 bona
3219 2807 3406 2877 perlici
3427 2808 3482 2862 in
3511 2824 3614 2864 uo-

2031 2893 2118 2949 bis
2147 2908 2384 2966 possunt
2435 2895 2558 2950 sine
2591 2895 2780 2949 divino
2812 2896 3039 2950 auxilio.
3079 2895 3217 2951 Nam
3257 2913 3321 2953 ex
3351 2915 3465 2969 quo
3494 2915 3614 2955 em-

349 3001 492 3047 tum.
513 2987 636 3045 Non
667 2989 815 3045 enim
843 2989 1092 3044 eamdem
1134 3003 1250 3045 rem
1282 2986 1503 3057 utrique
1527 2985 1921 3042 beatitudinem
1951 3027 1996 3087 c
2033 2989 2123 3041 nia
2175 2987 2384 3042 habent
2412 3003 2557 3051 esse,
2595 3004 2661 3041 ex
2717 2988 2908 3042 eodem
2944 2998 2998 3065 et
3029 3004 3186 3045 suam
3218 2993 3608 3063 perfectionem

353 3084 711 3157 appellamus,
740 3093 800 3140 ut
831 3083 901 3140 de
950 3082 1144 3140 eodem
1173 3083 1390 3155 egatio
1414 3091 1471 3138 et
1501 3080 1789 3137 allirtnatio
1827 3081 1920 3135 sit.

351 3175 601 3248 Namque
625 3193 730 3234 nos
758 3178 1021 3249 Optimam
1049 3178 1240 3239 vitam,
1273 3192 1394 3246 quae
1430 3177 1670 3232 maxime
1702 3190 1926 3243 compo-

348 3269 460 3326 sito
494 3269 775 3340 competit,
806 3267 1113 3338 secundum
1159 3269 1302 3338 quod
1336 3269 1579 3324 hominis
1607 3279 1799 3322 natura
1835 3283 1929 3321 ea-

351 3374 454 3430 pax
501 3371 606 3425 est,
641 3361 1035 3417 beatitudinem
1081 3361 1442 3432 appellantes,
1475 3363 1553 3426 fet
1583 3359 1658 3413 nil
1687 3360 1926 3412 alienum

350 3452 438 3510 vel
459 3452 824 3525 incongruum
859 3453 910 3508 ei
940 3451 1226 3519 addentes,
1261 3455 1403 3506 hanc
1435 3452 1686 3506 homines
1737 3467 1930 3506 conse-

350 3551 445 3624 qui
477 3564 641 3621 posse
659 3549 980 3606 asserimus.

420 3642 504 3701 Illi
561 3658 690 3700 vero
745 3652 1124 3714 separatorum
1179 3642 1485 3696 animorum
1525 3641 1923 3696 beatitudinem

349 3736 787 3806 considerantes,
816 3738 1016 3792 merito
1039 3735 1106 3791 ad
1137 3733 1291 3789 illum
1313 3735 1589 3790 hominem
1623 3735 1675 3789 in
1693 3736 1795 3789 hac
1816 3735 1925 3788 vita

349 3829 704 3885 exsistentem
728 3838 927 3899 negant
958 3829 1243 3898 pervenire
1263 3843 1444 3899 posse.
1470 3826 1611 3899 Ergo
1633 3833 1928 3897 utrumque

348 3932 539 3975 verum
560 3927 664 3976 est.
687 3918 797 3975 Nec
811 3919 957 3975 enim
985 3935 1085 3975 nos
1115 3920 1202 3974 illa
1234 3919 1568 3974 beatitudine
1590 3917 1732 3974 beati
1766 3917 1928 3983 eﬂici,

349 4010 405 4067 vl
443 4010 704 4076 naturali,
733 4010 862 4065 dum
886 4011 1141 4078 vivimus,
1177 4025 1498 4082 possumus.
1548 4011 1662 4067 Nec
1697 4010 1803 4066 illis
1834 4025 1932 4063 no-

351 4114 465 4163 stra
495 4104 769 4176 congruit,
794 4106 877 4161 vel
905 4101 1108 4160 sufﬁcit
1138 4104 1436 4160 beatitudo.

2032 3080 2229 3134 habere
2260 3094 2484 3135 necesse
2498 3090 2602 3136 est.
2633 3075 2825 3135 Omnia
2850 3097 2980 3136 vero
3003 3084 3303 3138 secundum
3331 3083 3608 3140 Platonem

2027 3186 2092 3224 ex
2124 3170 2235 3226 Deo
2287 3172 2489 3227 habent
2529 3187 2673 3227 esse.
2704 3171 2837 3227 Item
2894 3174 2947 3230 in
2986 3173 3209 3241 Timazo,
3247 3192 3372 3231 cum
3415 3193 3613 3250 prope.

2027 3273 2214 3319 sucrat
2240 3265 2307 3320 de
2329 3276 2522 3320 natura
2551 3266 2763 3333 mundi,
2791 3277 2846 3323 et
2874 3278 3023 3337 ortu,
3042 3282 3093 3325 et
3123 3270 3470 3326 connexione
3495 3288 3615 3328 οιυδ

2028 3357 2179 3410 nium
2217 3371 2246 3409 a
2278 3359 2453 3426 primo
2489 3360 2757 3430 principio
2781 3362 2965 3418 dicere
2999 3379 3014 3416 :
3047 3364 3245 3429 oravit,
3281 3374 3335 3419 et
3362 3367 3612 3423 divinum

2028 3447 2096 3500 ad
2129 3450 2410 3519 proposita
2445 3450 2757 3519 imploravit
2791 3453 3131 3522 adiutorium
3166 3474 3181 3512 :
3215 3473 3529 3528 quanquam
3552 3459 3610 3514 in

2026 3538 2136 3594 illis
2169 3541 2244 3595 nil
2271 3542 2543 3598 excellens
2560 3545 2805 3598 naturale
2837 3557 3083 3600 nostrum
3118 3547 3396 3617 ingenium
3423 3550 3608 3605 dictu-

2031 3651 2127 3690 rus
2167 3646 2304 3701 erat,
2328 3641 2422 3692 sed
2453 3651 2562 3691 non
2597 3645 2748 3705 putat
2783 3651 2841 3693 se
2870 3639 2959 3692 illa
2993 3643 3256 3709 consequi
3280 3658 3440 3711 posse
3467 3645 3610 3698 divi-

2031 3728 2182 3782 nitus
2213 3744 2320 3782 non
2350 3729 2621 3799 adiutum.
2652 3730 2722 3784 At
2749 3731 2793 3785 si
2815 3732 3119 3787 secundum
3151 3734 3405 3789 eumdem
3433 3735 3490 3789 in
3516 3736 3610 3791 illo

2033 3835 2253 3876 summo
2299 3821 2465 3887 bono,
2499 3823 2668 3878 totius
2698 3823 2982 3890 bonitatis,
3012 3825 3368 3896 perfectionis
3402 3839 3456 3883 et
3485 3828 3611 3885 bea-

2031 3913 2282 3970 titudinis
2304 3913 2478 3970 instar
2513 3922 2619 3981 est,
2649 3913 2721 3970 ita
2751 3927 2942 3972 nostra
2972 3918 3282 3973 substantia
3304 3919 3608 3989 perilcitur,

2031 4008 2102 4061 ita
2143 4007 2517 4076 beatiilcatur;
2547 4009 2593 4065 si
2623 4010 2692 4065 ad
2728 4009 2857 4064 illud
2885 4011 3080 4076 tendit,
3114 4012 3245 4067 illud
3278 4014 3522 4085 respicit,
3549 4024 3608 4071 et

2032 4102 2162 4156 illud
2193 4103 2455 4157 imitetur.

1512 4520 1802 4609 PARS
1872 4522 2238 4610 SECUN
2261 4523 2446 4608 DA.

1929 4739 2008 4762 τι.

704 4878 835 4938 Csr.
877 4879 920 4935 I.
963 4878 1144 4934 Animi
1191 4879 1264 4934 vis
1303 4879 1612 4954 quotuplez.

421 4997 635 5070 Duplex
664 5004 748 5052 est
788 4995 874 5051 vis
912 4992 1083 5050 animi
1113 4995 1316 5052 nostri.
1349 4994 1465 5050 Una
1500 5011 1609 5068 qua
1662 4994 1921 5065 intelligi-

352 5103 477 5144 mus
498 5087 561 5144 et
605 5101 794 5141 verum
831 5084 1189 5153 inquirimus,
1221 5095 1275 5140 et
1307 5100 1340 5140 a
1365 5085 1507 5142 falso
1537 5085 1924 5148 discernimus,

349 5193 406 5240 et
436 5198 466 5238 a
495 5182 680 5238 dubiis
709 5183 776 5235 ad
816 5177 1104 5235 manifesta
1133 5179 1436 5234 transimus
1469 5195 1484 5233 :
1511 5187 1568 5235 et
1596 5177 1652 5233 in
1683 5176 1766 5234 eis
1793 5177 1922 5248 quid

348 5288 721 5347 consequens,
771 5272 905 5345 quid
959 5285 1272 5343 repugnans
1318 5271 1712 5341 conspicimus.
1770 5267 1838 5324 Et
1869 5271 1923 5326 in

351 5368 598 5441 agendis,
630 5367 761 5439 quid
802 5366 958 5433 titile,
998 5365 1130 5438 quid
1171 5365 1399 5432 inutile;
1431 5365 1564 5436 quid
1607 5367 1836 5434 bonum,
1867 5375 1925 5420 et

349 5461 477 5533 quid
505 5460 708 5514 malum
735 5477 752 5528 ;
785 5469 840 5514 et
863 5458 973 5524 cui,
1006 5468 1061 5513 et
1095 5470 1385 5530 quantum,
1420 5468 1472 5513 ct
1497 5457 1656 5528 quale
1687 5458 1925 5528 inquiri-

352 5569 475 5609 mus
509 5563 565 5608 et
607 5552 944 5623 iudicamus.
988 5551 1118 5619 Quae
1171 5553 1256 5608 vis
1296 5565 1423 5607 cum
1452 5552 1524 5608 sit
1560 5551 1919 5618 intellectiva,

351 5661 504 5703 mens
544 5645 800 5716 appellari
835 5646 993 5700 solet.

615 5746 885 5802 Pa'rnon.
926 5742 1041 5802 Gn.
1103 5741 1252 5814 CLI,

1956 4881 2008 4944 ο
2104 4875 2224 4930 Alia
2249 4883 2354 4942 est,
2400 4889 2506 4946 qua
2533 4875 2675 4931 bona
2718 4880 2805 4933 vel
2843 4877 2986 4933 maia
3022 4876 3076 4932 in
3104 4878 3331 4949 agendis
3357 4879 3599 4950 iudicata

2033 4970 2273 5041 placent,
2303 4968 2384 5023 vel
2411 4969 2916 5042 displicent_nobis.
2949 4969 3018 5026 Et
3047 4971 3139 5026 illa
3168 4972 3390 5042 quidem
3414 4989 3608 5046 accepr-

2033 5070 2238 5123 tamus,
2291 5057 2674 5128 amplexamur
2733 5069 2788 5115 et
2852 5063 3256 5131 amplectimur.
3317 5064 3606 5121 Contraria

2033 5164 2165 5204 vero
2196 5164 2556 5220 aspernamur
2612 5159 2668 5207 et
2714 5151 3000 5224 fugimus;
3044 5169 3165 5225 quae
3197 5156 3279 5212 vis
3308 5158 3608 5228 appetitiva

2032 5241 2288 5311 appellari
2315 5242 2472 5299 solet.
2501 5243 2676 5311 Hujus
2698 5255 2880 5301 autem
2907 5256 3092 5302 motus
3116 5247 3196 5301 vel
3228 5258 3382 5304 actus
3407 5251 3459 5303 in
3487 5250 3606 5305 ani-

2033 5351 2124 5390 mo
2154 5348 2208 5390 et
2243 5335 2382 5390 bene
2404 5345 2460 5391 et
2486 5337 2627 5392 male
2656 5348 2834 5407 potest
2863 5341 3202 5412 contingere.
3231 5342 3386 5407 Quod
3420 5355 3475 5397 ut
3497 5344 3612 5398 dis--

2035 5434 2313 5491 cernatur,
2342 5427 2729 5498 distinguenda
2777 5441 2906 5487 sunt
2941 5435 3095 5503 prius
3127 5433 3335 5503 aliqua,
3384 5449 3504 5506 qua:
3537 5433 3607 5490 ad

2036 5519 2197 5575 istum
2235 5521 2412 5577 iocum
2449 5522 2749 5594 pertinent.

3209 5731 3286 5792 b3
