4122 6240
445 369 588 444 135⁸1

1520 357 1808 424 EI‘HICA
1836 355 2260 425 SECUNDUM
2298 357 2640 423 S'I'OICDS.

3571 357 3709 428 1358

443 490 648 559 placet,
678 476 765 540 vel
785 481 1062 553 displicet,
1093 490 1149 535 et
1181 456 1306 536 vere
1332 478 1641 551 iudicatum
1673 480 1762 546 sit,
1789 488 1843 536 et
1870 495 2025 535 meos
2056 488 2098 542 Α
2131 477 2442 533 obscuratio
2477 477 2702 541 tuentis,
2753 490 2878 532 cum
2913 488 3039 533 vero
3076 477 3289 547 judicio
3337 476 3544 545 objecti
3579 479 3709 534 boni

441 582 684 650 aliquam
719 576 1106 647 caligationem
1145 592 1252 631 non
1281 573 1552 639 incurrat,
1581 584 1637 630 et
1655 573 1900 630 benefica
1934 591 2026 632 vo-

439 673 624 729 luntas
658 670 714 724 in
741 669 929 723 animo
968 669 1062 724 sit.
1095 666 1253 733 Quod
1287 681 1413 721 eum
1448 667 1531 730 lit,
1586 665 1898 721 constantia
1931 681 2025 735 ap-

442 767 696 837 pellatur.
735 765 919 820 Potest
961 763 1108 815 enim
1161 760 1301 826 fieri,
1344 768 1405 814 ut
1439 759 1692 830 opposita
1736 758 1856 813 istis
1887 774 2022 813 con-

445 859 658 927 tingant
695 874 710 909 :
754 865 811 910 ut
862 865 916 909 et
954 853 1098 908 male
1137 853 1206 908 de
1238 851 1470 922 objectis
1519 853 1739 916 sentiat,
1791 861 1847 905 et
1877 851 2023 906 acies

444 951 643 1006 mentis
673 948 1101 1005 obumbratioue
1130 946 1489 1013 ohtumlatur,
1523 954 1577 1000 et
1623 946 1875 999 voluntas
1904 959 2024 1017 ma-

442 1045 598 1099 letica
632 1046 782 1100 insit.
811 1040 999 1099 Potest
1023 1057 1155 1097 vero
1178 1042 1319 1111 fieri,
1357 1040 1504 1110 quod
1535 1040 1646 1095 duo
1674 1041 1786 1095 sint
1815 1055 1878 1094 ex
1912 1053 2026 1093 ma-

445 1138 516 1194 lis
550 1148 602 1193 et
643 1154 810 1193 unum
843 1152 911 1191 ex
945 1136 1147 1202 bonis;
1191 1135 1338 1204 quod
1373 1132 1665 1203 tripliciter
1692 1131 1892 1186 variari
1929 1148 2025 1200 po-

447 1243 572 1298 test,
599 1232 682 1287 vel
708 1249 738 1286 e
766 1245 1070 1296 converso;
1105 1233 1214 1284 duo
1243 1242 1306 1282 ex
1325 1226 1509 1294 bonis,
1536 1242 1703 1281 unum
1734 1242 1798 1282 ex
1828 1226 2024 1284 malis;

445 1327 590 1396 quod
626 1326 881 1379 similiter
921 1322 1212 1394 tripliciter
1236 1323 1316 1386 fit.

552 1422 689 1495 Car.
724 1440 813 1493 Vl.
850 1437 1242 1492 Pro-dictorum
1267 1447 1461 1508 septem
1495 1437 1904 1506 complexiones.

517 1553 719 1607 Przeter
776 1554 939 1624 igitur
983 1552 1353 1608 constantiam
1390 1553 1598 1625 septem
1650 1552 1843 1606 horum
1889 1550 2027 1605 fiunt

443 1647 870 1716 wmpiexioues.
899 1645 1225 1703 Constantia
1255 1660 1474 1715 nempe,
1517 1645 1644 1716 quia
1677 1645 2027 1715 aequabilitas

443 1741 645 1793 mentis
672 1741 724 1792 in
753 1748 876 1795 actu
908 1737 1238 1809 appetitivte,
1267 1753 1394 1792 cum
1422 1753 1548 1792 vera
1579 1737 1776 1808 objecti
1806 1747 2030 1792 senten-

2132 570 2218 625 vel
2253 569 2406 635 mali,
2439 580 2493 626 et
2546 570 2787 626 beneﬁca
2822 571 3129 627 voluntate.
3162 572 3292 638 Qme
3341 582 3609 642 quantum
3643 578 3711 630 ad

2129 664 2435 721 exteriores
2471 667 2738 731 actiones,
2772 665 2816 722 si
2852 669 3013 722 modo
3048 666 3100 721 in
3151 668 3231 723 eis
3262 679 3556 724 conservet
3601 683 3715 723 me-

2127 751 2496 819 diocritatem,
2532 746 2788 825 magnum
2826 759 3026 812 bonum
3070 769 3173 814 est.

2200 845 2455 904 Secunda
2483 851 2576 914 sit,
2606 867 2727 921 quae
2756 863 2843 907 est
2873 853 3190 909 obscuratio
3216 847 3711 911 nicntis'cuml‘al-

2129 953 2186 994 sa
2209 942 2468 1011 Opinione
2497 955 2551 998 et
2581 945 2821 999 benefica
2854 947 3155 1003 voluntate.

2201 1029 2388 1085 Tertia
2419 1034 2508 1096 sit,
2544 1050 2667 1104 qua:
2701 1044 2787 1090 est
2831 1037 3149 1094 obscuratio
3190 1033 3391 1096 mentis
3421 1033 3548 1097 cum
3581 1059 3711 1100 vero

2124 1121 2335 1192 judicio
2365 1131 2419 1177 ct
2458 1125 2703 1181 malellca
2736 1128 3035 1185 voluntate.

2199 1211 2404 1278 Quarta
2429 1215 2523 1278 sit,
2558 1232 2680 1286 quae
2714 1231 2799 1273 est
2832 1220 3149 1276 obscuratio
3178 1225 3378 1279 mentis
3413 1238 3538 1280 cum
3573 1226 3710 1284 falsa

2128 1302 2389 1372 opinione
2421 1315 2478 1361 et
2504 1307 2747 1363 malefica
2789 1311 3088 1367 voluntate.
3134 1313 3268 1380 Quae
3315 1319 3560 1373 omnium
3591 1333 3714 1390 peto

2130 1397 2506 1455 turbationum
2536 1412 2620 1458 est
2644 1405 2906 1475 pessima,
2938 1408 3079 1463 sicut
3108 1425 3273 1479 supra
3309 1423 3558 1468 nutatum
3589 1426 3693 1471 est.

2399 1513 2528 1570 CAP.
2566 1515 2636 1572 Χ.
2670 1515 2996 1577 Earumdem
3024 1523 3211 1580 divisio
3245 1528 3434 1584 altera.

2197 1628 2330 1686 item
2361 1633 2663 1689 secundum
2697 1637 2859 1693 aliam
2896 1641 3245 1709 divisionem,
3275 1660 3516 1718 quatuor
3548 1667 3712 1720 gene-

2128 1738 2188 1778 ra
2215 1725 2690 1794 perturbationum
2735 1741 2884 1786 sunt.
2912 1736 3052 1801 Quia
3091 1738 3236 1794 cnim
3284 1744 3463 1797 multis
3496 1757 3711 1812 pertur-

442 1823 621 1902 ua’.el
657 1832 901 1887 beneﬁca
950 1832 1256 1896 mmmam,
1299 1847 1406 1886 non
1465 1830 1692 1886 dubium
1725 1840 1830 1894 ρει,
1888 1833 2019 1900 qui"
2052 1857 2100 1917 Β
2129 1818 2276 1872 batio
2308 1830 2389 1873 est
2421 1820 2730 1878 obscuritas
2786 1829 3008 1894 tuentis,
3064 1845 3318 1900 suscepta
3349 1851 3412 1888 ex
3443 1837 3706 1905 opinione

428 1927 770 1997 simpliciter
800 1926 1004 1981 bonum
1049 1934 1105 1981 et
1136 1925 1415 1981 laudabile
1469 1925 1561 1981 sit.
1600 1923 1665 1979 Et
1715 1925 1841 1996 quia
1877 1925 2021 1981 sicut

438 2023 492 2074 in
524 2021 696 2091 prima
729 2030 885 2090 parte
916 2017 1318 2090 praedetinitum
1350 2028 1457 2086 est,
1496 2019 1776 2074 beatitudo
1805 2028 1890 2074 est
1920 2033 2022 2074 cu-

439 2114 642 2166 mulata
696 2112 1003 2183 complexio
1024 2113 1286 2169 .omnium
1325 2113 1595 2168 bonorum
1656 2111 1921 2177 hominis,
1959 2122 2021 2168 ut

437 2208 604 2260 homo
628 2215 729 2262 est.
763 2206 856 2262 Est
891 2215 1074 2261 autem
1105 2216 1165 2262 et
1194 2207 1312 2285 ipsa
1341 2207 1678 2272 constantia,
1711 2207 2017 2263 secundum

436 2298 774 2366 assignatum
809 2313 1058 2363 sensum,
1091 2285 1296 2355 bonum
1332 2299 1594 2366 hominis,
1629 2310 1688 2354 ut
1719 2301 1884 2354 homo
1911 2306 2016 2356 est.

435 2388 530 2444 ille
561 2404 694 2460 ergo
732 2404 896 2460 quem
934 2392 1255 2460 quaerimus,
1309 2407 1472 2460 quem
1521 2391 1767 2463 perfecte
1798 2393 2016 2447 beatum

438 2481 818 2552 intelligimus,
854 2499 1201 2555 nequaquam
1236 2486 1446 2540 carebit
1490 2487 1818 2543 constantiae
1848 2487 2016 2543 bono.

437 2574 667 2644 Semper
700 2576 868 2646 igitur
899 2587 1161 2636 constans
1213 2581 1338 2634 erit.

623 2692 749 2748 Car.
781 2693 895 2749 VII.
938 2695 1012 2749 De
1057 2698 1590 2763 perturbationibus;
1622 2707 1675 2753 et
1698 2714 1817 2769 qua

820 2769 1256 2835 perturbationes
1289 2769 1641 2839 appellentur.

513 2878 584 2930 De
616 2887 819 2951 septem
855 2883 1336 2953 complexionibus
1369 2885 1497 2952 illm,
1533 2886 1734 2956 quibus
1763 2899 2016 2958 compre-

444 2971 700 3025 henditur
733 2972 1051 3030 obscuratio
1105 2977 1326 3045 mentis,
1383 2981 1532 3049 quod
1584 2978 2016 3049 quadrupliciter

437 3063 745 3133 contingit,
811 3068 1253 3134 perturbationes
1326 3071 1694 3142 appellantur.
1764 3072 2011 3139 Quarum

434 3155 655 3233 quidem
681 3160 918 3227 pessima
954 3170 1057 3228 est,
1091 3176 1213 3217 cum
1269 3165 1342 3218 ita
1380 3163 1575 3234 placet,
1614 3173 1709 3220 aut
1755 3164 2011 3235 displicet

2125 1916 2254 1973 boni
2295 1920 2580 1991 placentis,
2617 1925 2697 1979 vel
2728 1927 3208 1986 maliolfendcntis
3239 1951 3252 1986 :
3293 1933 3432 1988 bona
3461 1950 3592 1991 vero
3626 1937 3708 1990 vel

2126 2012 2288 2076 mala,
2331 2030 2452 2084 qua:
2487 2000 2697 2072 homini
2729 2021 3015 2089 eveniunt,
3045 2032 3138 2077 aut
3165 2037 3293 2079 sunt
3319 2027 3431 2098 jam
3464 2032 3710 2098 przeteti-

2126 2111 2201 2170 ta,
2233 2114 2327 2160 aut
2357 2110 2667 2177 praesentia,
2718 2123 2813 2166 aut
2850 2113 3032 2168 latura
3066 2134 3081 2171 ε
3120 2117 3209 2172 illa
3243 2117 3464 2188 quidem
3495 2133 3710 2192 pertur-

2123 2198 2296 2268 batio,
2332 2217 2455 2273 quae
2484 2207 2721 2274 percutit
2752 2215 2807 2262 et
2836 2209 3094 2277 caliginat
3127 2213 3371 2269 animum
3400 2231 3463 2271 ex
3495 2216 3710 2286 opinio-

2123 2308 2193 2348 ne
2223 2297 2506 2364 praateriti,
2540 2300 2626 2353 vel
2666 2303 2951 2368 praesentis
2980 2304 3132 2370 mali,
3159 2304 3363 2361 dicitur
3413 2307 3702 2380 aegritudo.

2123 2387 2255 2456 Quae
2289 2392 2332 2446 si
2371 2392 2540 2448 nimia
2593 2405 2699 2459 est,
2735 2397 2938 2452 dicitur
2985 2416 3196 2471 angor;
3228 2401 3274 2456 si
3317 2418 3451 2458 vero
3483 2421 3550 2459 ex
3581 2405 3706 2476 epi-

2122 2490 2290 2547 nione
2325 2488 2663 2560 suscipiatur
2703 2491 2898 2557 futuri,
2933 2496 3140 2551 dicitur
3175 2507 3352 2554 metus
3396 2499 3481 2554 vel
3515 2501 3701 2555 timor.

2193 2584 2326 2640 ltem
2351 2584 2398 2640 si
2429 2583 2691 2655 opinione
2718 2589 2978 2656 praeteriti
3011 2591 3092 2645 vel
3114 2594 3401 2661 praesentis
3424 2594 3551 2648 boni
3575 2612 3706 2650 con-

2123 2679 2304 2750 tingit,
2339 2678 2506 2733 multa
2543 2679 2764 2750 quidem
2811 2683 3060 2749 nomina,
3117 2699 3308 2755 parum
3360 2687 3700 2755 diilerentia,

2120 2781 2182 2826 ut
2212 2770 2425 2834 laetitia,
2447 2772 2793 2842 jucunditas,
2821 2775 3114 2833 delectatio
3151 2788 3207 2832 et
3232 2779 3362 2847 alia,
3389 2781 3484 2835 sed
3520 2796 3708 2837 suu'a.

2122 2872 2212 2918 tur
2242 2863 2431 2920 laetitia
2459 2883 2474 2932 ;
2506 2865 2552 2920 si
2574 2881 2707 2922 vero
2732 2882 2794 2922 ex
2817 2869 3080 2938 opinione
3107 2869 3274 2926 iuturi
3311 2873 3462 2937 boni,
3499 2875 3705 2931 dicitur

2120 2958 2418 3027 cupiditas,
2455 2969 2502 3015 et
2536 2958 2713 3016 libido
2753 2961 2834 3016 vel
2865 2962 3226 3018 desiderium.
3253 2963 3498 3022 Vertitur
3537 2970 3701 3028 etiam

2120 3051 2175 3106 in
2207 3052 2446 3122 opinatis
2477 3052 2640 3132 bonis
2664 3055 2887 3112 dilectio
2915 3069 2969 3112 et
3001 3074 3177 3112 amor.

2381 3167 2512 3223 (ἸΑΡ.
2539 3167 2632 3226 XI.
2666 3168 3136 3230 Perturbationum
3164 3176 3424 3245 deﬁnitio.

433 3251 590 3316 Ποθίε
617 3252 822 3322 “mlum
864 3272 880 3310 τ
913 3265 972 3310 υί
1003 3270 1128 3310 cum
1180 3256 1572 3331 obscuratione
1599 3261 1801 3315 mentis
1827 3259 1902 3314 είι
1954 3261 2007 3315 ί¹¹
2037 3244 2083 3305 c
2190 3279 2531 3338 Deﬂniantur
2560 3285 2729 3355 igitur
2755 3285 2862 3342 ista
2887 3299 3126 3359 quatuor
3153 3306 3352 3362 genera
3382 3294 3484 3362 sic.
3515 3293 3702 3366 Αἰμί-

434 3344 615 3366 HL---
653 3356 694 3366 _.
733 3346 861 3366 ._.__
905 3347 1078 3366 ,μη
1281 3349 1316 3366 -.
1406 3361 1419 3366 -
1549 3353 1564 3366 .
1606 3351 1634 3366 ,ι
1790 3352 1804 3366 .

432 3344 619 3398 animo
648 3356 699 3400 et
732 3346 869 3402 falsa
897 3347 1088 3419 Opinio
1117 3349 1340 3421 objecti,
1371 3361 1426 3406 et
1456 3351 1701 3408 malefica
1737 3352 1805 3406 ad
1842 3366 2011 3423 agen-

429 3434 560 3491 dum
600 3439 872 3496 voluntas.
916 3441 1095 3499 Minus
1128 3459 1257 3499 vero
1294 3444 1435 3500 mala
1476 3445 1594 3514 est,’
1619 3447 1837 3515 quando
1884 3461 2008 3502 cum

429 3532 820 3590 obscuratione
867 3536 1090 3603 mentis,
1137 3553 1304 3593 unum
1357 3539 1702 3609 reliquorum
1738 3539 2006 3594 malorum

428 3624 593 3685 inest.
627 3627 822 3684 etalio
877 3632 1097 3687 animus
1141 3626 1321 3687 vacat.
1379 3631 1533 3698 Quod
1582 3632 1874 3704 dupliciter
1909 3632 2008 3701 lit;

429 3717 519 3771 illa
559 3709 685 3773 vero
717 3721 1060 3790 perturbatio
1102 3723 1390 3778 minimum
1430 3723 1635 3779 malum
1663 3733 1768 3790 est,
1809 3724 1862 3778 in
1900 3738 2008 3795 qua

429 3809 746 3866 obscuratio
803 3814 1002 3868 tuentis
1035 3830 1182 3869 cum.
1209 3832 1345 3872 vera
1379 3818 1649 3873 sententia
1680 3817 1828 3874 illius
1859 3820 2006 3889 quod

428 3903 606 3973 placet
639 3907 720 3961 vel
753 3907 1002 3987 ollendit,
1033 3921 1087 3964 et
1116 3913 1360 3968 benefica
1400 3913 1468 3969 ad
1503 3913 1776 3970 actionem
1806 3916 2008 3974 volun~

428 4007 557 4065 tate,
593 4000 898 4071 'conjuncta
934 4017 1040 4058 est.
1087 4002 1270 4070 Quare
1300 4007 1344 4062 si
1378 4007 1523 4077 quis,
1576 4023 1699 4063 cum
1751 4021 1897 4065 esset
1929 4008 2007 4064 ita

428 4088 747 4160 dispositus,
785 4104 844 4148 ut
877 4095 1186 4151 incurreret
1221 4097 1366 4152 illam
1395 4099 1694 4169 pessimam
1724 4102 2011 4170 perturba-

427 4181 675 4253 tionem',
713 4188 1131 4243 mutavit'suam
1162 4189 1434 4260 ejusmodi
1481 4193 1902 4263 dispositionem
1939 4194 2008 4249 ad

429 4274 572 4329 hanc
600 4280 1093 4345 perturbatimiem,
1126 4297 1290 4351 quam
1319 4283 1607 4339 minitnum
1644 4287 1848 4340 malum
1883 4301 2008 4343 esse

427 4366 540 4421 dixi
575 4385 589 4422 :
628 4385 735 4424 non
765 4386 958 4441 parum
988 4374 1292 4430 melioravit
1330 4392 1486 4437 suum
1523 4379 1791 4433 animum.

589 4485 720 4542 CAP.
769 4485 899 4544 Vill.
948 4488 1071 4544 Tres
1113 4493 1496 4567 complexiones
1532 4495 1747 4567 reliqua:
1780 4495 1853 4550 ad

1063 4564 1186 4632 quid
1215 4566 1392 4620 utiles.

503 4645 728 4703 Restant
776 4661 886 4706 tres
914 4655 1348 4723 complexiones,
1387 4667 1586 4727 praeter
1632 4658 2003 4713 constantiam

425 4752 468 4792 et
498 4741 951 4810 quadripartitam
981 4747 1473 4812 perturbationem.
1505 4747 1645 4816 Una,
1669 4766 1792 4804 cum
1818 4765 2002 4818 aequa-

428 4833 610 4888 liilitas
647 4839 841 4891 mentis
900 4837 970 4890 sit
1003 4841 1274 4894 associata
1329 4856 1452 4894 cum
1487 4842 1621 4898 falsa
1655 4842 1917 4913 opinione
1949 4853 2003 4898 et

425 4927 670 4980 tttztlelii'a
703 4929 1007 4995 voluntate,
1049 4949 1169 5000 qum
1195 4934 1500 5004 appellatur
1529 4935 1841 5007 elythiotes.
1879 4937 2004 4996 (γε.

420 5019 619 5082 Sunia.)
1226 5016 1231 5021 l

495 5112 772 5178 Secunda,
806 5130 930 5170 cum
962 5120 1307 5187 aequabilius
1343 5124 1543 5178 mentis
1576 5124 1711 5179 falsa
1743 5127 2003 5196 opinione

419 5215 594 5271 taret,
630 5207 879 5265 malefica
909 5225 1038 5265 vero
1064 5212 1346 5270 voluntate
1368 5232 1478 5271 non
1505 5233 1520 5270 :
1551 5233 1672 5288 qua:
1694 5221 2004 5290 appellatur

420 5300 649 5354 tualtia.

493 5390 678 5446 Tertia
711 5401 816 5460 est,
841 5411 963 5451 cum
991 5398 1335 5468 aequabilitas
1359 5405 1560 5458 mentis
1584 5416 1730 5461 caret
1754 5409 1997 5464 maleﬁca

416 5482 740 5550 voluntate;
775 5487 938 5542 habet
963 5497 1144 5544 tamen
1183 5491 1253 5547 de
1293 5494 1511 5564 objecta
1555 5496 1746 5552 falsam
1781 5496 1996 5569 opinio“-

414 5591 539 5630 nctu
577 5593 587 5629 :
615 5593 737 5649 qua
771 5579 971 5636 dicitur
996 5582 1157 5638 ai‘elia
1200 5587 1601 5661 (simplicitas).

705 5692 832 5751 CAP.
876 5695 966 5751 IX.
1005 5696 1471 5758 I‘erturbatiunum
1500 5706 1711 5761 divisio.

488 5782 562 5838 lie
594 5787 1102 5853 perturbationibus
1127 5805 1333 5862 autem,
1363 5798 1624 5868 quoniam
1672 5798 1992 5872 quadrupli-

413 5874 552 5928 citer
589 5878 894 5947 variantur,
931 5895 988 5935 ut
1028 5886 1231 5941 dictum
1259 5899 1378 5958 est,
1430 5896 1602 5965 prima
1641 5898 1732 5954 sit.
1763 5911 1884 5965 qtta‘
1912 5911 1993 5955 est

2117 3375 2248 3430 tudo
2283 3386 2370 3431 est
2416 3381 2756 3447 perturbatio
2793 3383 2985 3449 animi,
3023 3401 3089 3439 ex
3121 3387 3382 3455 opinione
3418 3394 3702 3459 wwscutis

2114 3464 2198 3518 vel
2235 3468 2495 3534 praeteriti
2531 3471 2682 3536 mali,
2713 3473 2973 3529 mordens
3019 3469 3261 3533 animum
3293 3491 3345 3534 et
3380 3481 3696 3540 dcmittens.

2112 3556 2310 3624 Metus,
2343 3571 2427 3616 est
2461 3565 2808 3632 perturbatio
2862 3569 3034 3623 animi
3073 3585 3138 3624 ex
3184 3574 3444 3643 opinione
3486 3577 3700 3648 impen-

2112 3650 2298 3706 dentis
2333 3654 2485 3720 mali,
2511 3654 2838 3714 humilitatis
2870 3669 3034 3732 atque
3064 3663 3322 3736 frangens
3350 3668 3620 3737 atiitnum,
3646 3685 3700 3727 et

2114 3761 2399 3802 recessum
2465 3752 2762 3821 quemdam
2815 3763 2870 3809 et
2913 3756 3097 3826 fugam
3124 3759 3297 3815 animi
3345 3761 3610 3829 cllieicns,
3644 3780 3699 3823 ct

2112 3840 2178 3892 ad
2208 3831 2756 3899 declinaudum'iilud
2789 3849 2934 3918 quod
2962 3853 3248 3920 metuitur,
3287 3854 3561 3913 hominem
3593 3861 3696 3915 im-

2112 3932 2342 4003 pellens.
2383 3933 2589 3992 La-titia
2633 3945 2714 3994 est
2749 3943 3094 4009 perturbatio
3134 3947 3304 4003 animi
3330 3965 3398 4004 ex
3433 3954 3696 4020 Opinime

2111 4027 2376 4094 prattcriti
2410 4028 2493 4084 vel
2516 4034 2804 4100 prtesentis
2822 4033 2992 4103 boni;
3026 4041 3184 4109 quasi
3214 4057 3336 4097 cum
3372 4047 3589 4101 animus
3613 4027 3695 4102 ei—

2111 4114 2236 4174 fuse
2263 4120 2528 4188 exsultat,
2582 4126 2832 4194 qnwdam
2882 4129 3137 4204 voluptas
3167 4137 3414 4207 geSIicns
3447 4149 3499 4194 ct
3523 4142 3689 4208 elata,

2112 4211 2393 4280 perfusam
2433 4215 2764 4275 hilaritatem
2798 4220 3066 4288 elﬁciens.
3124 4226 3320 4286 Libido
3348 4244 3434 4287 est
3473 4246 3692 4303 pertur-

2112 4303 2262 4360 batio
2302 4307 2498 4374 animi,
2553 4327 2618 4365 ex
2651 4312 2912 4384 opinione
2953 4317 3120 4374 futuri
3158 4323 3307 4390 boni,
3359 4341 3482 4381 cum
3513 4330 3581 4382 all
3614 4330 3691 4395 id,

2111 4399 2259 4467 quod
2295 4403 2514 4458 videtur
2572 4407 2800 4473 bonum,
2841 4410 3175 4470 inﬂammata
3225 4420 3494 4489 rapiatur.
3554 4423 3695 4479 Sunt

2112 4491 2281 4561 igitur
2305 4497 2650 4568 singulorum
2668 4514 2939 4574 generum
2963 4512 3147 4565 multae
3179 4522 3234 4566 et
3259 4515 3422 4570 variae
3441 4521 3690 4590 species:

2040 4601 2085 4660 ι)
2113 4603 2249 4656 quas
2282 4606 2392 4644 non
2430 4601 2514 4648 est
2550 4600 2924 4685 necessarium
2957 4607 3214 4672 praesenti
3256 4621 3421 4677 Opere
3447 4612 3691 4668 discute.

2113 4697 2191 4746 re,
2229 4683 2323 4737 sed
2365 4694 2577 4743 tantum
2645 4691 2698 4744 in
2759 4693 2843 4748 eis
2876 4683 3190 4752 natandum
3230 4698 3321 4767 sit,
3379 4706 3524 4773 quod
3562 4719 3694 4764 sunt

2111 4771 2364 4844 qutrdatn
2411 4796 2534 4851 qua:
2589 4799 2695 4839 non
2756 4800 2990 4854 possunt
3028 4794 3252 4861 variari,
3321 4813 3417 4867 per
3448 4809 3690 4870 quatuor

2110 4871 2312 4939 gradus
2353 4877 2606 4944 superius
2645 4878 2976 4952 assignatos,
3013 4888 3107 4940 sed
3160 4888 3214 4943 in
3247 4906 3417 4944 unum
3476 4903 3687 4949 tantum

2107 4968 2332 5031 cadunt,
2370 4968 2423 5022 in
2466 4987 2578 5038 quo
2630 4958 2952 5032 obscuratio
3019 4983 3220 5038 mentis
3267 4996 3355 5039 est
3416 4989 3688 5046 associata

2109 5073 2233 5113 cum
2268 5059 2402 5114 falsa
2441 5063 2702 5130 opinione
2731 5076 2787 5121 et
2819 5070 3062 5126 malefica
3101 5073 3419 5142 voluntate;
3450 5083 3542 5150 qui
3575 5099 3689 5135 tuo-

2107 5152 2210 5207 tius
2263 5154 2508 5210 omnium
2543 5168 2660 5212 erat
2712 5163 3014 5230 pessimus.
3044 5167 3204 5225 Tales
3242 5175 3688 5242 perturbationes

2106 5248 2293 5315 itaque
2326 5259 2474 5316 sunt,
2511 5261 2572 5305 ιιι
2624 5253 2677 5307 in
2719 5271 2920 5324 genere
2976 5262 3343 5330 aegritudinis,
3379 5268 3686 5337 invidentia

2101 5349 2158 5393 et
2192 5341 2520 5398 obtrectatio
2552 5360 2567 5399 :
2605 5354 2660 5400 et
2692 5346 2747 5401 in
2795 5365 2994 5417 genere
3035 5354 3258 5420 ltetitiac,
3293 5359 3683 5424 malivolentia,

2098 5434 2330 5504 jactatio
2363 5446 2417 5491 et
2451 5441 2707 5507 suparhia
2743 5458 2760 5497 :
2813 5443 2868 5499 in
2905 5461 3106 5516 genere
3140 5450 3406 5514 libidinis,
3445 5453 3686 5510 inimici-

2101 5528 2198 5591 tia,
2227 5530 2527 5586 discordia.
2575 5532 2667 5589 lite
2696 5536 2844 5592 enim
2883 5555 2948 5594 ex
2988 5529 3266 5610 opinionis
3297 5558 3507 5608 errore,
3536 5562 3685 5600 scm-

2102 5634 2219 5691 pcr,
2252 5633 2304 5675 et
2337 5625 2581 5682 maleﬁca
2619 5630 2901 5686 voluntate
2930 5630 3174 5687 animum
3210 5636 3557 5705 perturbant.

2171 5712 2456 5771 Suntitem
2489 5719 2629 5785 alim,
2654 5737 2776 5791 qua!
2810 5739 2906 5792 per
2933 5740 3123 5780 omnes
3146 5730 3434 5783 variantur
3461 5733 3686 5798 gratius,

2100 5818 2159 5861 ut
2201 5811 2604 5877 misericordia,
2660 5817 3006 5887 poenitentia,
3047 5819 3151 5885 ira,
3183 5836 3364 5891 amor,
3415 5833 3468 5879 et
3517 5825 3686 5879 ἰιιηη-

2101 5902 2391 5958 tnerabilcs
2416 5905 2560 5962 aliae.
2583 5906 2739 5974 Nam,
2770 5921 2827 5966 ut
2853 5926 2951 5981 pro
2974 5912 3232 5970 omnibus
3255 5914 3323 5970 de
3353 5931 3457 5972 una
3482 5917 3680 5984 dicam,
