4122 6240
524 285 656 351 1359

1633 297 2028 362 BARLAAMI
2056 302 2157 364 DE
2189 306 2618 370 SEMINARIA

3611 303 3758 373 1360

518 420 642 462 cum
679 406 751 460 sit
771 401 1167 461 misericordia
1196 407 1462 477 aegritudo
1511 411 1680 466 animi
1710 429 1775 468 ex
1822 415 2078 484 opinrone
2107 419 2152 481 Α
2182 417 2255 473 ita
2288 427 2346 474 ut
2385 435 2513 475 vere
2564 420 2866 491 judicatum
2919 420 2990 477 sit
3030 420 3255 486 bonum,
3289 429 3345 477 et
3385 419 3533 477 acies
3563 419 3762 476 mentis

520 500 753 557 miseria:
784 502 1010 557 alterius
1043 501 1246 570 injuria
1277 503 1601 571 laborantis,
1628 516 1807 576 potest
1842 508 1979 572 ﬁeri,
2023 518 2084 564 ut

519 594 610 662 qui
643 593 1018 663 perturbatur,
1047 611 1145 650 nec
1184 611 1310 652 vere
1339 599 1599 667 opinatus
1630 601 1702 657 sit
1735 602 1803 657 de
1837 602 1979 658 malo
2006 603 2088 657 al-

517 685 715 749 terius,
764 701 864 740 nec
904 687 1201 742 beneﬁcam
1237 689 1302 744 ad
1360 688 1753 760 adiuvandum,
1804 708 1928 748 cum
1968 710 2090 762 pos-

519 783 628 837 set,
666 776 1002 832 voluntatem
1057 779 1272 838 habeat.
1310 780 1496 839 Potest
1531 794 1713 839 autem
1770 783 1906 850 ﬁeri,
1940 794 2000 840 ut
2033 787 2087 839 in

520 866 777 935 opinione
812 868 957 922 illius
979 870 1199 934 quidem
1229 874 1371 941 quod
1398 876 1700 943 perturbat,
1728 891 1834 930 non
1865 877 2091 933 falsctur

523 961 574 1015 in
605 962 905 1030 opinando,
940 962 1137 1017 habeat
1178 973 1357 1021 tamen
1392 968 1457 1022 ad
1489 968 1857 1038 adiuvandum
1889 968 2093 1024 beneﬁ-

519 1068 640 1108 cam
691 1054 1049 1113 voluntatem.
1089 1053 1274 1114 Potest
1301 1075 1430 1117 vero
1482 1059 1624 1124 ﬁeri,
1677 1069 1735 1115 ut
1777 1062 2093 1117 obscurat':o

523 1153 743 1211 mentis.
779 1151 833 1204 in
871 1150 973 1207 hoc
1000 1151 1293 1220 accidenti,
1322 1164 1466 1209 etex
1521 1169 1652 1209 vero
1697 1153 1911 1224 judicio
1958 1171 2090 1225 pen-

521 1242 669 1306 deat,
699 1253 751 1296 et
784 1245 942 1300 bona:
977 1245 1241 1301 voluntati
1268 1246 1560 1318 conjuncta
1595 1247 1686 1304 sit.
1719 1247 1876 1314 Quod
1931 1249 1976 1303 si
2036 1248 2090 1303 ia

526 1337 741 1391 actione
779 1339 958 1393 valeat
983 1340 1413 1396 mediocritatem
1452 1357 1802 1408 conservare,
1831 1358 2091 1414 magnum

523 1427 729 1483 bonum
765 1441 870 1486 est.
905 1432 1048 1488 Idem
1079 1434 1148 1489 de
1184 1435 1288 1501 i-t'a,
1316 1435 1384 1490 de
1413 1435 1756 1506 paenitentia,
1785 1436 1853 1492 de
1886 1450 2093 1502 amore,

524 1533 581 1580 et
609 1526 676 1581 de
706 1527 830 1582 aliis
854 1527 1263 1598 intelligendum
1297 1540 1402 1585 est.
1437 1532 1570 1584 Nam
1603 1530 1879 1600 quzelibet,
1916 1531 1960 1586 si
1995 1531 2096 1597 ob-

526 1619 774 1674 scuratio
810 1619 1030 1686 mentis,
1071 1637 1172 1676 nec
1210 1637 1277 1677 ex
1307 1622 1514 1678 erroris
1542 1622 1800 1692 opinione
1851 1623 2096 1678 concita-

528 1721 635 1778 tttr,
664 1721 719 1767 et
749 1713 994 1768 maleﬁca
1027 1723 1180 1769 vacat
1213 1715 1517 1780 voluntate,
1550 1726 1602 1768 et
1631 1716 1684 1769 in
1727 1714 1944 1770 actione
1975 1731 2094 1771 me-

2189 511 2254 567 ad
2281 513 2688 582 intelligendum
2717 531 2823 570 non
2852 515 3208 580 obtundatur,
3231 523 3282 570 et
3305 513 3545 569 beneﬁca
3569 514 3766 568 volun-

2192 611 2275 658 tas
2309 606 2380 660 sit
2410 606 2674 660 inanimo
2713 625 2728 673 ;
2769 622 2933 676 quam
2966 608 3276 662 dicebamus
3309 621 3432 661 esse
3467 605 3765 675 appetitum

2191 696 2424 753 faciendi
2449 699 2612 769 quod,
2643 709 2695 754 et
2719 715 2826 753 non
2858 697 3229 754 committendi
3267 700 3409 770 quod
3436 712 3544 752 non
3586 697 3764 750 decet.

2193 788 2257 846 Et
2281 792 2384 845 iste
2409 807 2566 846 amor
2591 791 2806 848 dicatur
2861 792 3022 862 primi
3058 791 3258 862 gradus
3306 790 3544 858 desuper
3574 784 3768 855 incipi-

2191 885 2414 940 entibus
2462 905 2476 952 ;
2515 888 2860 955 postmodum
2911 886 3114 942 relictis
3147 886 3200 940 in
3257 885 3440 939 animo
3475 898 3601 939 vera
3644 898 3768 937 sen-

2195 979 2365 1033 tentia
2426 989 2479 1033 et
2511 981 2749 1036 benefica
2787 981 3091 1043 voluntate,
3155 977 3542 1047 caligationem
3573 990 3768 1044 quam-

2195 1069 2318 1124 dam
2368 1081 2420 1125 et
2474 1072 2916 1127 obscurationem
2967 1073 3169 1127 mentis
3213 1071 3267 1125 in
3317 1069 3553 1126 amando
3581 1069 3768 1124 incur-

2197 1171 2278 1213 rnl
2318 1180 2330 1213 :
2372 1172 2426 1217 et
2456 1164 2543 1217 bie
2582 1178 2738 1218 amor
2767 1163 2993 1219 secundi
3024 1162 3095 1219 sit
3125 1162 3348 1233 gradus.

2268 1256 2399 1310 ltem
2437 1257 2623 1312 relicta
2672 1256 2726 1311 in
2758 1256 2993 1312 amando
3023 1253 3266 1312 beneﬁca
3299 1256 3606 1318 voluntate,
3643 1252 3772 1307 insit

2198 1352 2252 1408 in
2291 1353 2498 1416 animo,
2543 1369 2667 1407 cum
2699 1352 2924 1407 turbido
2957 1360 3106 1407 motu
3185 1350 3412 1414 mentis,
3460 1349 3623 1403 etiam
3675 1345 3774 1401 fal-

2198 1462 2320 1503 sum
2347 1447 2635 1515 judicium,
2663 1447 2733 1500 de
2761 1460 2849 1508 eo,
2878 1444 3024 1515 quod
3063 1453 3279 1499 amatur
3313 1460 3330 1510 ;
3363 1452 3415 1497 et
3446 1442 3518 1497 sit
3576 1441 3758 1510 hujus-

2198 1540 2345 1595 modi
2380 1556 2532 1594 amur
2557 1539 2700 1594 tertii
2747 1539 2968 1609 gradus.
3010 1538 3068 1592 Si
3116 1553 3248 1592 vero
3279 1536 3330 1589 in
3369 1532 3600 1589 amando
3634 1532 3774 1601 judi-

2200 1634 2346 1688 cium
2417 1632 2634 1703 quidem
2685 1648 2878 1688 sanum
2932 1639 3035 1696 est,
3063 1630 3130 1686 de
3159 1629 3250 1684 illo
3306 1627 3451 1699 quod
3506 1634 3718 1681 amatur
3756 1667 3774 1691 ,

2199 1726 2293 1782 sed
2381 1741 2505 1781 cum
2569 1725 2961 1781 obscuratione
3019 1725 3240 1787 mentis,
3289 1722 3455 1778 etiam
3507 1720 3647 1774 inest
3708 1718 3774 1774 ad

528 1806 872 1862 diocritatem
899 1807 1283 1876 consequitur,
1323 1823 1578 1877 magnum
1613 1809 1816 1863 bonum
1853 1817 1960 1867 est.
1993 1807 2100 1863 Ha-
2132 1799 2176 1856 Β
2203 1819 2469 1888 agenda...
2537 1817 2781 1875 maleﬁca
2825 1817 3102 1882 νοιυηιεε,
3161 1831 3284 1887 qua;
3343 1823 3462 1869 εηι
3505 1812 3778 1882 amemus

530 1902 623 1956 bet
657 1901 801 1955 enim
839 1903 890 1954 in
948 1901 1133 1956 animo
1189 1900 1304 1956 duo
1342 1903 1484 1957 bona
1518 1921 1535 1969 ;
1572 1902 1781 1968 scilicet
1811 1903 2096 1959 veritatem

530 1992 597 2046 de
627 1991 840 2062 objecta
868 2009 948 2058 re,
989 2003 1039 2049 et
1093 1993 1159 2048 ad
1191 1995 1465 2050 actionem
1498 1994 1801 2050 benelicam
1837 1998 2101 2050 volunta-

534 2095 665 2147 tem,
694 2085 971 2155 gignitque
1005 2095 1155 2140 extra
1187 2087 1450 2155 optimam
1503 2090 1796 2141 actionem.
1828 2088 1942 2144 Cur
1972 2103 2100 2142 vero

535 2194 642 2233 non
667 2180 803 2242 dixi,
838 2182 1136 2234 tnaxituum
1171 2180 1543 2244 essebonum,
1575 2182 1666 2236 sed
1701 2196 1977 2251 magnum,
2007 2196 2103 2250 ap-

533 2273 746 2340 parebit
777 2289 902 2328 cum
936 2273 1005 2328 de
1034 2273 1361 2329 constantiis
1388 2275 1603 2332 dixero.

903 2408 1036 2464 CAP.
1076 2405 1186 2464 ΧΠ.
1235 2408 1548 2466 Constantia
1583 2408 1737 2480 quid.

601 2527 923 2582 Constantia
953 2526 1157 2597 itaque,
1181 2527 1306 2596 quia
1329 2535 1416 2581 est
1438 2525 1809 2594 tranquillitas
1835 2535 1890 2580 et
1924 2539 2102 2594 mqua-

533 2623 723 2679 bilitas
773 2623 972 2678 mentis
1007 2624 1060 2676 in
1091 2636 1160 2678 eo
1210 2622 1353 2693 quod
1382 2621 1628 2692 judicata
1668 2623 1806 2674 bona
1840 2618 1922 2675 vel
1961 2619 2102 2676 mala

536 2724 917 2786 acceptautur,
968 2725 1020 2770 et
1053 2714 1297 2786 placent,
1326 2715 1410 2767 vel
1462 2713 1753 2784 displicent
1786 2729 1910 2768 cum
1973 2728 2102 2768 vera

534 2809 832 2875 sententia,
861 2816 916 2864 et
944 2807 1188 2864 beneﬁca
1225 2807 1504 2863 voluntate
1535 2825 1552 2861 :
1587 2804 1766 2860 varias
1796 2814 1850 2859 et
1882 2804 1994 2873 ipsa
2022 2818 2108 2858 sc-

536 2904 776 2959 cundum
812 2902 1164 2970 temporalem
1199 2900 1516 2954 varietatem
1548 2900 1818 2954 bonorum
1853 2906 1907 2952 et
1940 2897 2107 2951 malo-

539 3011 683 3063 rum,
747 3003 802 3049 et
851 2991 1143 3048 nonnullas
1202 2992 1339 3046 alias
1387 2991 1709 3045 eorumdem
1769 2988 2108 3043 diﬂ'erentias

537 3097 719 3153 partes
755 3085 937 3141 habet.
973 3084 1093 3140 Non
1122 3096 1302 3140 tamen
1341 3083 1580 3153 propriis
1630 3082 1949 3138 nominibus
1980 3095 2106 3136 om-

540 3194 636 3234 nes
661 3179 1033 3248 assignantur,
1059 3178 1154 3232 sed
1190 3185 1250 3231 ut
1273 3176 1567 3247 plurimum
1600 3174 1802 3230 eisdem
1838 3188 1962 3260 cum
1990 3188 2110 3242 per-
2133 3164 2180 3228 C

543 3272 969 3328 turbationibus.
1015 3268 1150 3326 Nam
1182 3270 1230 3326 si
1265 3269 1430 3336 mala,
1472 3285 1594 3337 qua:
1632 3277 1947 3323 constanter
1994 3265 2111 3321 dis-

543 3368 765 3437 plicent,
815 3365 1089 3438 praeterita
1130 3375 1282 3432 sunt,
1317 3373 1372 3418 ct
1407 3380 1437 3417 a
1468 3378 1528 3418 se
1555 3362 1874 3427 commissa,
1908 3360 2111 3414 dicitur

540 3461 797 3516 similiter
818 3459 1177 3531 pcenitentia;
1206 3458 1252 3513 si
1285 3454 1353 3513 ab
1369 3456 1497 3521 alio,
1525 3455 1728 3512 dicitur
1761 3457 1838 3510 ira
1863 3472 1879 3519 ;
1903 3455 1947 3509 si
1980 3467 2110 3507 vero

542 3557 685 3611 mala
716 3555 986 3624 printer-ita
1035 3554 1119 3608 vel
1173 3551 1465 3623 prtesentia
1519 3550 1641 3604 aliis
1699 3555 2024 3610 evenerunt,
2058 3552 2112 3598 et

542 3653 690 3720 passi
727 3651 967 3717 fuerunt,
1001 3647 1086 3703 vel
1127 3646 1432 3717 patiuntur,
1462 3644 1664 3698 dicitur
1711 3639 2113 3696 misericordia.

543 3746 600 3802 Si
629 3747 744 3818 ipse
773 3761 966 3815 passus
994 3752 1098 3810 est,
1132 3742 1212 3796 vel
1244 3740 1446 3810 patitur
1473 3737 1614 3792 mala
1638 3752 1653 3804 ;
1689 3735 1734 3792 si
1762 3735 1955 3798 animi,
1983 3731 2120 3788 dici-

549 3851 638 3896 tur
670 3839 929 3895 similiter
962 3835 1288 3908 paenitentia
1321 3833 1405 3886 vel
1458 3828 1874 3894 misericordia;
1907 3828 1952 3882 si
1991 3841 2118 3882 cor-

545 3930 694 3999 poris
718 3937 774 3984 et
801 3940 1050 3987 externa,
1081 3926 1285 3978 dicitur
1308 3921 1593 3993 patientia.
1620 3919 1673 3973 Si
1703 3933 1828 3973 vero
1853 3918 2036 3972 futura
2063 3925 2119 3972 et

546 4019 913 4092 impendentia
942 4027 1094 4084 sunt,
1118 4017 1321 4072 dicitur
1342 4015 1525 4070 cautio
1549 4013 1632 4067 vel
1670 4023 1850 4066 metus
1873 4020 1927 4065 et
1949 4009 2115 4063 timor

545 4118 845 4188 wquivoce.
880 4112 998 4168 Non
1028 4119 1210 4167 autem
1259 4110 1458 4173 differt,
1501 4107 1546 4162 sl
1582 4107 1636 4162 in
1692 4107 1837 4170 istis,
1875 4119 1998 4175 quae
2024 4105 2114 4159 in-

548 4209 833 4268 commoda
870 4207 1041 4262 Stoici
1072 4205 1284 4269 dicunt,
1316 4202 1452 4257 mala
1477 4217 1575 4256 usu
1616 4199 1895 4255 communi
1923 4195 2112 4267 appel-

549 4311 773 4371 lantur;
814 4301 951 4356 nihil
978 4299 1122 4354 enim
1151 4297 1255 4352 ista
1282 4294 1565 4352 distinctio
1600 4293 1829 4348 interest
1858 4287 2112 4359 proposi-

548 4411 614 4454 ne
641 4395 982 4468 qumstionis.

618 4492 748 4548 item
793 4504 919 4546 eum
964 4487 1186 4543 animus
1237 4492 1422 4539 noster
1477 4479 1648 4535 sensit
1698 4490 1757 4533 se
1803 4479 2120 4530 constanter

549 4589 772 4644 fruitum
823 4583 904 4638 vel
939 4583 1210 4637 fruentem
1255 4578 1438 4648 aliquo
1469 4577 1633 4640 bono,
1659 4572 1742 4626 vel
1769 4570 2120 4625 vehementer

549 4685 794 4744 occeptat
824 4676 1057 4731 aliorum
1115 4673 1344 4735 bonum,
1375 4667 1574 4723 dicitur
1611 4661 1909 4720 contentio.
1939 4659 2120 4730 placa-

549 4776 756 4840 bilitas,
784 4768 1040 4839 gaudium
1075 4781 1094 4832 ;
1143 4777 1208 4819 ac
1237 4762 1398 4818 etiam
1430 4756 1709 4828 arquivoce
1730 4754 1836 4810 dici
1868 4761 2123 4825 possunt,

548 4885 666 4936 qua:
697 4867 750 4922 in
805 4864 964 4918 tertio
1018 4871 1216 4930 genere
1262 4851 1737 4925 perturbationum
1783 4844 2124 4900 dicebantur.

547 4964 600 5017 Si
641 4970 820 5015 autem
861 4947 1481 5018 constanterappetitus
1540 4940 1706 4997 tendit
1765 4940 1830 4992 ab
1883 4936 2124 4991 futurum

551 5059 776 5113 bonum.
812 5050 1014 5105 dicitur
1044 5045 1318 5104 voluntas,
1342 5039 1424 5094 vel
1450 5035 1780 5092 desiderium
1821 5031 2124 5101 mquivoce,

550 5149 602 5201 in
652 5142 851 5214 quibus
885 5150 964 5194 est
995 5147 1048 5193 et
1086 5151 1232 5207 spes.
1281 5134 1373 5188 Est
1407 5141 1589 5185 autem
1623 5129 1676 5182 in
1739 5124 1894 5180 bonis
1925 5119 2125 5177 simili-

549 5252 633 5294 ter
689 5238 974 5298 dilectiqs't
1022 5245 1176 5285 arnor
1226 5247 1243 5294 ;
1327 5225 1564 5280 ebaritas
1597 5235 1724 5276 vero
1808 5217 2017 5288 species
2043 5221 2128 5269 est

551 5327 862 5388 voluntatis.

596 5452 727 5506 Car.
788 5445 934 5503 XIII.

1015 5441 1474 5496 l’erturbationum
1543 5445 1590 5488 et
1646 5432 2067 5487 constantiarum

1150 5512 1469 5581 differentia.

627 5638 693 5694 lit
733 5647 909 5691 autem
937 5643 1137 5704 pateat,
1174 5630 1303 5700 quid
1353 5630 1577 5681 interest
1622 5624 1762 5677 inter
1791 5619 2125 5677 constantias

555 5744 606 5786 et
651 5728 1086 5799 perturbationes
1120 5724 1455 5795 arquivocas,
1496 5725 1745 5772 sumatur
1809 5731 1974 5767 unum
2030 5729 2126 5780 pro

559 5820 835 5888 omnibus,
883 5830 937 5876 ut
999 5835 1171 5874 amor.
1234 5820 1460 5872 Ametur
1490 5811 1651 5882 igitur
1706 5809 1878 5878 primo
1921 5807 2122 5876 aliquid

2202 1915 2491 1972 omittendi
2544 1914 2692 1986 quod
2729 1915 2906 1979 decet,
2943 1922 2996 1969 et
3055 1911 3429 1967 committendi
3470 1907 3614 1976 quod
3671 1921 3780 1960 non

2201 2011 2355 2066 decet
2390 2026 2405 2063 :
2437 2009 2652 2064 dicatur
2694 2004 3006 2077 huiusmodi
3037 2020 3195 2060 amor
3243 2004 3426 2076 quarti
3461 2001 3686 2068 gradus.
3720 1999 3777 2054 Si

2203 2116 2332 2157 vero
2353 2111 2407 2156 et
2444 2101 2496 2154 in
2548 2100 2723 2154 tribus
2785 2097 3002 2153 animus
3034 2095 3267 2152 amando
3309 2093 3515 2156 deﬁcit,
3549 2107 3675 2146 cum
3701 2097 3782 2145 est

2202 2197 2257 2251 in
2284 2194 2469 2249 animo
2498 2191 2812 2248 obscuratio
2837 2190 3055 2246 mentis.
3085 2200 3138 2242 et
3191 2185 3436 2242 maleﬁca
3490 2182 3558 2238 ad
3617 2197 3782 2253 agen-

2203 2289 2334 2343 dum
2410 2286 2690 2351 voluntas,
2726 2293 2781 2340 et
2840 2283 3035 2338 falsum
3085 2281 3353 2353 judicium
3410 2276 3479 2333 de
3527 2291 3593 2331 eo
3626 2274 3768 2345 quod

2202 2377 2899 2448 amatur:sitbujusmodi
2961 2389 3116 2430 amor
3163 2372 3344 2444 quinti
3409 2371 3636 2442 gradus.
3675 2366 3784 2422 Ma—

2203 2472 2463 2528 nifestum
2504 2469 2688 2540 itaque
2736 2477 2838 2536 est,
2869 2468 3012 2540 quod
3074 2465 3236 2538 primi
3282 2461 3483 2536 gradus
3513 2476 3672 2516 amor
3700 2467 3785 2512 est

2207 2566 2531 2636 simpliciter
2558 2565 2736 2620 bonus
2768 2569 2822 2619 et
2871 2561 3116 2616 onmium
3151 2558 3414 2628 optimus.
3468 2563 3524 2609 ct
3556 2552 3700 2608 cadit
3728 2553 3779 2604 in

2205 2657 2539 2725 assignatam
2566 2655 2816 2726 superius
2903 2652 3224 2708 constantia:
3256 2649 3634 2705 deﬁnitionem.
3672 2641 3776 2696 Re-

2207 2749 2343 2819 liqui
2384 2765 2516 2804 vero
2570 2757 2810 2819 quatuor
2873 2747 3162 2814 graduum.
3223 2743 3481 2815 quoniam
3508 2742 3562 2795 in
3595 2737 3780 2807 quoii-

2210 2841 2299 2896 bet
2358 2843 2577 2910 ponitur
2625 2839 2941 2894 obsmtratio
2995 2837 3218 2900 mentis,
3246 2832 3786 2904 comprehenduntur

2212 2935 2266 2989 in
2329 2950 2529 3003 genere
2575 2933 3070 3002 perturbationum,
3106 2933 3409 2987 secundum
3471 2926 3618 2998 quod
3662 2937 3786 2995 per-

2213 3027 2449 3083 turbatio
2482 3027 2734 3093 superius
2762 3025 2986 3080 deﬁnita
3039 3031 3147 3080 est.

2283 3118 2378 3176 Est
2459 3119 2624 3189 igitur
2682 3119 2927 3174 omnium
3017 3115 3488 3186 perturbationum
3554 3111 3783 3184 Optima,

2213 3229 2339 3285 quae
2381 3210 2630 3268 secundo
2672 3212 2840 3283 gradu
2902 3209 3081 3281 posita
3149 3218 3231 3266 est
3272 3206 3494 3275 ;deﬁcit
3552 3214 3732 3259 tamen
3759 3218 3790 3258 a

2216 3306 2528 3364 constantia
2562 3304 2618 3361 in
2642 3306 2819 3362 tribus
2852 3320 3027 3370 :uno,
3060 3302 3203 3375 quod
3228 3318 3338 3358 non
3372 3306 3659 3356 conservat
3686 3297 3792 3353 cla-

2216 3398 2431 3455 ritatem
2481 3398 2675 3454 mentis
2703 3398 2758 3452 in
2789 3413 2890 3453 suo
2919 3397 3116 3466 rigore,
3149 3395 3290 3450 sicut
3318 3392 3652 3450 constantia.

2211 3558 2215 3561 _
2324 3493 2600 3556 Secundo,
2621 3491 2768 3562 quod
2822 3489 3145 3547 constantia:
3191 3488 3416 3559 quidem
3476 3487 3637 3541 facile
3687 3490 3796 3548 est,

2217 3598 2443 3658 propter
2489 3585 2694 3642 mentis
2724 3586 3053 3649 claritatem,
3084 3584 3364 3655 imponere
3410 3579 3666 3637 exteriori
3702 3593 3792 3632 ae-

2219 3680 2356 3737 tioni
2391 3679 2824 3735 mediocritatem
2855 3697 2871 3733 :
2922 3678 3024 3748 ipsi
3061 3690 3190 3731 vero
3222 3674 3640 3746 perturbationi.
3667 3687 3795 3742 pro.

2222 3781 2342 3843 pter
2384 3770 2582 3826 mentis
2620 3769 2896 3825 turbidam
2945 3767 3393 3833 commotionem,
3451 3765 3688 3836 idipsum
3724 3762 3798 3817 ita

2222 3865 2385 3922 facile
2419 3881 2530 3922 non
2564 3875 2673 3922 est.

2328 3958 2514 4016 Tertio
2560 3967 2785 4029 superat
2834 3958 3164 4024 constantia,
3193 3955 3337 4027 quod
3371 3954 3424 4010 in
3453 3968 3519 4010 ea
3548 3952 3797 4007 benrnea

2223 4054 2499 4119 voluntas,
2534 4069 2708 4108 cuma
2757 4053 3004 4108 claritate
3050 4053 3251 4107 mentis
3304 4059 3359 4105 et
3410 4049 3531 4103 viva
3590 4047 3801 4102 ratione

2226 4147 2480 4218 pendeat,
2515 4158 2597 4202 est
2640 4146 2694 4200 in
2732 4147 2920 4202 animo
2943 4145 3105 4201 insita
3133 4155 3188 4200 et
3221 4155 3568 4214 permanens.
3607 4148 3660 4194 et
3682 4138 3802 4193 ideo

2225 4239 2538 4306 efﬁcacior;
2575 4249 2628 4294 et
2668 4239 2812 4308 quod
2857 4238 2926 4292 ab
2965 4252 3029 4293 ea
3089 4234 3386 4304 prudenter
3413 4232 3802 4303 proﬁciscitur,

2224 4347 2502 4401 nunquam
2527 4332 2592 4384 ad
2629 4331 3003 4401 paenitentiam
3051 4328 3269 4385 adducit
3302 4347 3316 4383 :
3357 4327 3445 4382 illa
3475 4341 3603 4380 vero
3638 4325 3808 4379 bene-

2225 4426 2326 4479 lica
2383 4424 2664 4490 voluntas,
2713 4439 2836 4493 quze
2876 4429 2960 4478 est
3007 4423 3060 4477 in
3119 4420 3558 4491 perturbatione,
3606 4431 3738 4472 eum
3777 4431 3809 4472 a

2146 4525 2202 4586 ι)
2224 4515 2510 4586 repentino
2535 4525 2586 4570 et
2628 4515 2944 4570 turbulento
2961 4525 3111 4569 motu
3134 4520 3411 4578 causetur,
3433 4507 3616 4565 sedata
3648 4523 3804 4562 men-

2228 4621 2286 4667 te
2342 4625 2486 4677 saepe
2530 4617 2708 4664 cessat
2751 4619 2803 4662 et
2850 4607 2988 4676 ipsa.
3034 4603 3152 4660 Non
3201 4603 3346 4658 enim
3376 4601 3538 4657 insita
3572 4610 3676 4665 est,
3706 4615 3806 4654 nec

2231 4702 2464 4758 vinculis
2533 4700 2764 4756 rationis
2795 4696 3286 4769 constringiturlﬁt
3322 4696 3446 4751 ideo
3497 4709 3642 4765 sepe
3671 4708 3811 4748 con-

2235 4795 2415 4864 tingit,
2447 4802 2507 4848 ut
2551 4793 2697 4864 quod
2747 4803 2891 4848 recte
2918 4801 2972 4847 et
2995 4789 3340 4845 laudabiliter
3371 4787 3574 4843 factum
3625 4786 3811 4850 fuerit,

2231 4903 2354 4941 cum
2390 4886 2564 4942 nubes
2597 4885 2911 4960 recesserit,
2948 4880 3505 4954 pmoiteathominem
3541 4883 3642 4934 hoc
3665 4877 3805 4932 idem

2227 4978 2425 5034 fecisse
2458 4994 2474 5032 :
2505 4978 2644 5033 sicut
2672 4977 2726 5032 in
2760 4976 3145 5032 misericordiis
3170 4989 3562 5044 nonnunquam
3591 4971 3812 5026 accidit.

2374 5071 2608 5138 Quintus
2634 5070 2892 5138 vero,qui
2936 5070 3146 5136 positus
3176 5067 3279 5123 fuit
3307 5067 3527 5137 gradus,
3558 5072 3642 5121 est
3671 5064 3811 5119 simo

2231 5165 2442 5236 pliciter
2468 5165 2663 5222 malus.
2694 5173 2747 5218 et
2778 5163 3024 5218 omnium
3069 5162 3362 5231 pessimus.
3411 5158 3558 5215 Nihil
3589 5157 3735 5212 enim
3756 5156 3810 5211 in

2226 5271 2292 5307 eo
2331 5253 2457 5308 boni
2486 5263 2589 5308 est.
2621 5252 2836 5308 Tertius
2860 5261 2914 5307 et
2935 5263 3162 5321 quartus
3181 5250 3482 5306 secundum
3511 5249 3656 5320 quod
3685 5264 3814 5318 par-

2231 5348 2424 5419 ticipes
2495 5357 2623 5403 sunt
2643 5348 2769 5402 boni
2803 5346 2883 5400 vel
2916 5346 3065 5410 mali,
3093 5353 3220 5401 sunt
3278 5344 3530 5399 laudandi
3552 5344 3634 5398 vel
3670 5343 3807 5396 vituv

2231 5439 2480 5511 perandi.
2524 5439 2580 5493 Si
2633 5451 2762 5492 vero
2802 5443 3015 5506 oportet
3065 5452 3094 5490 a
3145 5435 3386 5506 pessimo
3434 5437 3806 5504 expositorum

2234 5532 2503 5603 graduum
2539 5529 2992 5601 perturbationis,
3034 5528 3302 5599 gradatim
3340 5537 3393 5583 et
3423 5542 3534 5583 non
3588 5537 3816 5596 repente

2232 5625 2298 5679 ad
2329 5622 2691 5679 constantiam
2739 5621 3076 5676 ascendere:
3104 5620 3282 5690 primo
3310 5619 3670 5676 subtrahatur
3699 5631 3820 5671 ma-

2233 5717 2386 5771 leﬁca
2419 5716 2666 5768 voluntas
2697 5713 2773 5766 vel
2805 5713 2938 5766 falsa
2964 5714 3150 5783 Opinio
3177 5731 3192 5764 :
3220 5721 3275 5767 et
3298 5712 3418 5768 istis
3450 5709 3606 5781 prius
3634 5709 3822 5764 detra-

2237 5809 2364 5872 ctis,
2410 5819 2686 5879 postremo
2745 5808 3098 5860 subtrahatur
3129 5805 3332 5863 mentis
3369 5801 3686 5860 obscuratio
3716 5819 3731 5855 :
3767 5811 3826 5859 et
