4122 6240
393 315 533 384 1361

1479 327 1763 392 ETHICA
1812 328 2231 394 SECUNDUM
2270 333 2605 396 STOICOS.

3541 334 3676 397 1362

391 431 719 490 ίπηπθάῖδιο
768 431 876 490 δια
913 433 1222 502 murac“.
1254 435 1473 494 eluceat
1525 439 1580 494 ln
1621 439 1806 497 animo
1866 455 1995 494 con-
2023 440 2226 501 Adine
2269 449 2552 512 commoti,
2578 446 2760 502 inulta
2791 445 2932 502 bona
2981 447 3032 499 in
3088 441 3198 498 vita
3233 451 3675 512 consequuntur,

391 525 622 590 stantia,
663 525 719 582 in
781 541 892 598 qua
927 541 1052 584 cum
1085 529 1458 598 aequabilitate
1507 531 1729 597 mentis,
1759 541 1815 588 et
1858 547 1988 587 vera

391 628 480 676 est
514 621 816 688 sententia,
844 629 900 678 et
931 621 1172 677 beneﬁca
1204 623 1482 680 voluntas.
1540 623 1675 680 Nam
1708 626 1755 682 si
1794 642 1825 682 a
1863 641 1991 696 pes-

394 715 540 770 simo
569 715 740 782 gradu
796 715 1250 786 perturbationis,
1291 717 1470 785 primo
1487 718 1768 775 subtracta
1794 720 1992 776 obscu-

396 807 608 864 ratione
637 809 860 870 mentis,
895 809 1243 864 dimittantur
1278 809 1331 864 iu
1366 811 1551 868 animo
1604 810 1801 867 falsum
1831 813 1985 882 judi-

395 903 568 967 cium,
601 911 655 957 et
680 900 928 956 maleﬁca
958 902 1230 968 voluntas,
1269 915 1501 972 augetur
1548 906 1732 973 potius
1765 907 1987 982 malum.

396 1011 563 1068 quam
585 995 950 1063 diminuitur;
976 1005 1032 1050 et
1057 995 1274 1050 animus
1298 996 1537 1051 deterior
1561 996 1639 1053 ﬁt.
1680 996 1802 1053 Exit
1829 999 1981 1054 enim

401 1102 428 1144 a
463 1104 666 1161 genere
717 1089 1222 1160 perturbationum.
1282 1090 1554 1147 etincidit
1597 1090 1653 1147 in
1705 1092 1990 1157 malitiam,

400 1183 717 1256 elythiotetn
742 1191 798 1239 et
822 1181 1115 1255 apheliatu,
1141 1199 1266 1254 quas
1302 1184 1356 1238 in
1384 1183 1607 1252 agendis
1637 1183 1794 1239 malis
1818 1181 1992 1239 multo

404 1276 675 1334 excellunt
715 1276 1178 1347 perturbationes,
1223 1287 1278 1333 et
1313 1277 1495 1334 minus
1535 1278 1810 1334 sanabiles
1839 1287 1988 1334 sunt.

469 1369 724 1442 Quinque
780 1369 946 1442 igitur
980 1371 1245 1442 graduum
1283 1375 1710 1441 assignatorum,
1779 1373 1988 1440 primus

403 1463 629 1535 gradus,
658 1466 752 1538 qui
789 1466 943 1522 solus
962 1475 1080 1521 erat
1102 1467 1447 1532 constantiae,
1472 1475 1557 1521 est
1587 1482 1858 1521 summum
1888 1464 1990 1520 bo-

404 1575 534 1614 num
567 1559 902 1626 ;secundus.
927 1575 1187 1630 magnum
1248 1558 1476 1627 bonum,
1514 1560 1644 1615 latet
1665 1559 1812 1614 enim
1845 1561 1989 1630 quod

402 1651 567 1707 habet
604 1652 809 1707 malum
896 1653 1091 1709 tertius
1128 1663 1185 1709 et
1234 1661 1485 1723 quartus,
1519 1653 1831 1709 sensibilem
1874 1653 1988 1722 jam

401 1745 689 1800 misturatn
750 1744 1038 1815 patiuntur
1077 1761 1095 1811 ;
1142 1743 1370 1815 quintus
1407 1743 1644 1801 totaliter
1694 1745 1993 1816 opponitur

401 1835 605 1908 primo,
637 1844 692 1893 et
748 1846 832 1894 est
864 1835 1193 1907 simpliciter
1247 1837 1475 1896 malum.
1531 1837 1718 1908 Itaque
1762 1854 1888 1894 cum
1941 1846 1994 1894 et

402 1930 508 1994 ira,
535 1937 591 1985 et
642 1928 1039 1994 misericordia,
1065 1938 1120 1986 et
1144 1929 1504 1996 desiderium,
1536 1937 1594 1986 et
1626 1937 1884 1994 metus,et
1914 1945 1999 1986 re—

401 2023 574 2094 liqua,
621 2022 1051 2094 quaequivoce
1097 2022 1152 2078 in
1195 2038 1394 2095 genere
1440 2025 1894 2093 constantiarum,
1943 2033 1996 2080 et

401 2103 459 2173 in
479 2131 679 2188 genere
730 2115 1203 2188 perturbationum
1234 2117 1338 2172 dici
1371 2127 1619 2188 possunt,
1659 2121 1995 2188 utsuperius

401 2219 686 2269 ostensum
715 2219 822 2278 est,
879 2225 978 2281 per
1025 2211 1265 2282 quinque
1324 2210 1611 2280 quodlibet
1672 2213 1995 2282 simpliciter

401 2305 625 2376 gradus,
690 2305 864 2375 possit
929 2304 1152 2364 variari.
1173 2312 1231 2359 ut
1262 2304 1471 2374 primus
1513 2306 1586 2361 sit
1636 2309 1988 2377 constanlitc,

401 2406 641 2470 quatuor
686 2411 816 2454 vero
868 2397 1304 2471 perturbationis
1345 2399 1742 2457 :manifestum
1789 2411 1871 2458 est
1922 2418 1992 2458 ex

402 2507 570 2566 supra
633 2493 814 2558 dictis,
877 2501 1086 2564 quanto
1137 2491 1336 2549 melius
1386 2501 1442 2550 et
1496 2495 1842 2565 prmstantius
1909 2502 1995 2552 est

398 2587 680 2658 quodlibet
713 2587 968 2653 istorum,
1001 2599 1129 2642 cum
1157 2593 1476 2643 constanter
1511 2586 1798 2658 contingit,
1825 2602 1988 2658 quam

401 2680 459 2737 id
498 2680 677 2752 ipsum
715 2681 758 2737 si
815 2680 966 2736 ﬁeret
1013 2679 1378 2737 turbulenter.
1433 2679 1592 2746 Quod
1640 2688 1821 2737 tamen
1862 2697 1987 2737 cum

403 2771 478 2827 ita
510 2771 798 2841 contingit,
825 2770 1046 2841 quando
1105 2785 1361 2842 magnum
1407 2769 1609 2826 bonum
1672 2780 1777 2833 est,
1811 2773 1988 2840 quoad

406 2866 704 2929 actionem,
750 2873 803 2918 et
851 2864 1072 2934 quando
1133 2862 1471 2919 sensibiliter
1511 2865 1888 2924 commistutn.
1916 2872 1971 2920 et

405 2959 630 3029 quando
680 2957 976 3027 pessimum
1008 2957 1239 3023 malum,
1283 2955 1421 3012 satis
1451 2965 1503 3012 et
1545 2957 1670 3024 hoc,
1734 2967 1792 3011 ut
1837 2958 1985 3010 arbi-

407 3059 545 3114 tror,
577 3052 829 3121 superius
852 3058 935 3104 est
961 3049 1309 3120 explicatum.
1348 3048 1454 3104 Sed
1485 3049 1637 3118 quia,
1674 3048 1817 3104 sicut
1848 3064 1988 3118 prat-

2091 544 2148 591 et
2200 535 2338 591 mala
2391 538 2646 593 evitant:
2688 535 2786 593 sed
2815 535 2891 596 ita
2923 533 3178 606 dispositi
3235 531 3529 589 simulacra
3568 529 3679 584 vir-

2092 638 2294 697 tutum,
2337 647 2445 688 non
2489 630 2638 700 ipsas
2683 645 2840 687 veras
2905 630 3136 684 virtutes
3186 627 3494 683 aestimandi
3547 631 3677 679 sunt

2092 725 2316 786 habere.
2366 725 2555 797 Itaque
2589 727 2633 781 si
2669 726 2889 781 nomine
2929 723 3201 796 passionis
3237 721 3468 776 velimus
3496 717 3678 773 nomi-

2094 835 2247 883 nare,
2273 829 2382 874 tam
2413 821 2784 884 constantias,
2815 833 2978 888 quam
3012 816 3476 886 perturbationes,
3507 811 3678 864 inani-

2095 911 2315 976 fcstum,
2369 914 2514 981 quod
2555 912 2813 968 dit-imus.
2849 908 3165 980 paSsiouutn
3200 906 3336 960 alias
3363 919 3484 957 esse
3541 901 3674 956 sitn-

2092 1006 2307 1076 pliciter
2353 1006 2547 1074 bonas,
2605 1006 2742 1059 alias
2788 1003 3108 1073 simpliciter
3140 1000 3330 1059 malas.
3385 997 3519 1050 alias
3564 1009 3680 1048 ma-

2094 1102 2175 1173 gis
2198 1102 2369 1156 bonas
2398 1116 2559 1169 qttam
2597 1100 2789 1162 malas,
2821 1107 2874 1151 et
2908 1113 2939 1150 e
2969 1108 3238 1149 converso
3267 1107 3282 1156 ;
3329 1091 3465 1146 alias
3495 1104 3680 1158 aequa-

2093 1197 2217 1253 liter
2257 1197 2594 1257 commistas,
2628 1199 3030 1261 consequenter
3088 1184 3508 1256 quadripartito:
3539 1182 3680 1238 divi-

2092 1291 2258 1356 sioni,
2290 1305 2397 1344 non
2448 1303 2733 1359 generum,
2774 1285 2865 1341 sed
2908 1283 3172 1354 graduum
3225 1277 3677 1349 perturbationis.

2093 1384 2150 1440 Si
2183 1394 2361 1439 autem
2395 1381 2705 1452 passionem
2764 1380 2816 1432 in
2869 1379 3054 1431 animo
3097 1373 3331 1428 velimus
3386 1369 3677 1423 nominare

2094 1480 2229 1535 nihil
2260 1478 2431 1541 aliud,
2474 1475 2581 1530 nisi
2633 1472 2835 1529 mentis
2892 1469 3064 1541 ipsius
3128 1465 3592 1527 obscurationetn,
3625 1468 3679 1513 et

2092 1570 2364 1626 turbidam
2423 1566 2824 1628 mulionem,et
2854 1559 3237 1616 obtusionem:
3281 1572 3403 1609 runt
3465 1566 3679 1620 semper

2093 1661 2166 1716 sit
2195 1659 2396 1714 bonum
2428 1657 2594 1709 menti
2620 1651 2910 1722 tranquilla
2950 1648 3192 1711 claritas,
3216 1656 3269 1700 et
3298 1646 3486 1712 vigens
3517 1639 3674 1692 acies

2093 1749 2449 1819 intelligendi,
2478 1763 2587 1803 non
2637 1743 3008 1800 dubitabimus
3054 1741 3237 1795 dicere
3293 1749 3488 1791 omnes
3556 1746 3683 1802 pas-

2099 1847 2283 1903 siones
2310 1858 2432 1900 esse
2462 1841 2647 1896 animo
2676 1837 3077 1908 exstirpandas,
3109 1842 3164 1888 et
3195 1831 3412 1903 penitus
3436 1825 3678 1881 evellen-

2097 1943 2196 1997 das
2228 1953 2249 2005 ς
2287 1939 2552 1994 duntaxat
2597 1947 2699 1990 nec
2743 1932 2907 1988 insita
2973 1925 3219 1985 maleﬁca
3286 1923 3561 1986 voluntas,
3593 1919 3679 1973 vel

2098 2033 2166 2088 ad
2220 2029 2563 2087 necessarias
2620 2035 2676 2082 et
2734 2025 2992 2081 honestas
3047 2019 3290 2075 actiones
3337 2013 3564 2069 tarditas
3624 2011 3678 2065 iu

2097 2128 2281 2180 animo
2320 2130 2621 2185 remaneat,
2661 2133 2762 2175 nec
2790 2115 3111 2188 opinionum
3160 2108 3465 2174 temeritas,
3502 2113 3561 2160 ut
3610 2101 3678 2158 ad

2097 2218 2466 2274 constantiam
2505 2228 2638 2284 pure
2668 2210 3043 2281 perveniatur.

2168 2310 2551 2381 Theophrasto
2609 2306 2855 2378 quidem,
2887 2311 3008 2372 post
3049 2297 3393 2354 Aristotelem
3455 2293 3684 2363 Peripa-

2096 2404 2386 2460 tetirorum
2412 2399 2671 2472 principi,
2707 2413 2812 2452 non
2857 2395 3069 2451 videtur
3123 2406 3338 2446 omnem
3398 2387 3684 2458 perturba-

2096 2500 2301 2555 tionem
2337 2497 2621 2552 adversam
2648 2507 2774 2548 esse
2804 2491 3151 2547 constantia.
3188 2487 3294 2544 Sed
3327 2487 3469 2543 sicut
3502 2485 3678 2538 fames

2092 2605 2147 2650 et
2170 2594 2313 2657 sitis,
2345 2602 2399 2648 et
2432 2589 2747 2660 huiusmodi
2795 2587 3076 2644 naturales
3129 2584 3463 2653 contingunt
3499 2578 3679 2635 homi-

2093 2689 2149 2743 ni
2189 2687 2308 2742 sine
2333 2685 2472 2740 falsa
2503 2684 2782 2752 opinione,
2833 2681 2953 2737 sine
3004 2679 3251 2734 maleﬁca
3284 2677 3582 2738 voluntate,
3605 2673 3680 2726 si-

2095 2798 2162 2836 ne
2225 2779 2426 2834 mentis
2477 2777 2886 2841 obscuratione,
2963 2783 3017 2828 et
3066 2771 3388 2842 simpliciter
3447 2767 3682 2822 minime

2093 2874 2292 2928 mentis
2345 2870 2652 2926 constantia
2685 2868 2810 2922 laesa
2862 2867 2988 2923 :ita
3038 2865 3134 2927 ait,
3165 2873 3222 2918 et
3271 2865 3332 2917 in
3375 2861 3560 2914 animo
3593 2873 3680 2909 se-

2089 2965 2328 3023 cundum
2363 2963 2606 3018 inﬁrmas
2627 2961 2743 3030 ejus
2767 2967 2945 3029 partes
2971 2953 3235 3023 contingit
3290 2963 3679 3018 nonnunquam

2091 3075 2156 3114 ex
2197 3058 2385 3128 aliquo
2421 3071 2552 3111 casu
2579 3053 2795 3108 turbida
2835 3049 3159 3112 commotio,
3188 3061 3288 3101 nec
3335 3062 3363 3100 a
3402 3043 3536 3098 falsa
3564 3042 3683 3110 opi-
3772 3095 3778 3100 _

405 3145 689 3201 deﬁnitum
741 3153 828 3201 est
883 3145 937 3200 in
991 3144 1166 3215 primo
1223 3143 1385 3210 libro,
1427 3143 1604 3198 virtus
1647 3151 1733 3199 est
1785 3142 1992 3214 optima

2100 3153 2262 3208 nione
2311 3149 2591 3220 pendens,
2639 3163 2741 3202 nec
2788 3144 3092 3200 maleﬁcam
3152 3141 3489 3196 voluntatem
3527 3135 3681 3190 exci-

405 3238 624 3297 aﬁectio
643 3237 833 3306 animi,
864 3238 1065 3308 optime
1098 3238 1342 3292 animum
1377 3235 1445 3291 ad
1489 3237 1758 3306 agendum
1811 3237 2002 3308 dispo-

405 3349 564 3389 nens.
642 3329 796 3386 Nulla
847 3346 976 3401 ergo
1006 3331 1179 3384 virtus
1213 3329 1276 3382 ad
1323 3329 1425 3382 hoc
1457 3329 1619 3382 habet
1663 3343 1820 3382 suam
1867 3329 1998 3391 vim,

406 3433 470 3482 ut
517 3422 683 3479 faciat
706 3422 906 3494 aliquid
944 3421 1088 3477 malo
1141 3420 1325 3474 animo
1357 3421 1689 3490 contingere.
1711 3420 1778 3472 At
1817 3429 2002 3475 osten-

406 3533 528 3576 sum
559 3526 665 3587 est,
714 3515 859 3587 quod
891 3513 1206 3570 obscuratio
1266 3511 1483 3578 mentis,
1517 3511 1718 3565 malum
1770 3519 1855 3566 est
1896 3511 1998 3580 ipsi

406 3611 620 3676 menti;
654 3608 802 3663 nulla
839 3621 969 3676 ergo
995 3605 1172 3659 virtus
1213 3604 1279 3658 ad
1323 3607 1423 3656 hoc
1473 3602 1636 3656 habet
1665 3618 1821 3656 suam
1864 3600 1997 3666 vim,

406 3714 469 3761 nt
496 3700 943 3758 obscurationem
974 3707 1029 3752 et
1055 3695 1307 3750 tenebras
1340 3693 1538 3747 inferat
1566 3709 1806 3762 unquam
1846 3708 2000 3746 mcu-

409 3793 556 3858 ti,et
580 3790 846 3848 obtundat
883 3788 1003 3858 ejus
1048 3786 1218 3841 aciem
1290 3784 1652 3855 intelligendi.
1696 3784 1797 3838 Sed
1849 3783 1997 3839 nulla

409 3883 749 3958 perturbatio
792 3890 898 3944 est,
937 3879 1055 3936 sine
1093 3878 1293 3934 mentis
1339 3876 1728 3931 obscuratione
1765 3893 1782 3943 ;
1815 3891 1999 3944 segre-

409 3976 602 4050 ganda:
641 3989 771 4046 ergo
803 3982 934 4030 sunt
965 3973 1408 4044 perturbationes
1442 3986 1471 4024 a
1499 3971 1671 4025 choro
1708 3971 1995 4024 virtutum.

409 4071 566 4140 Quod
591 4079 646 4125 et
684 4071 756 4126 ita
781 4067 998 4125 ostendi
1026 4074 1223 4137 potest.

480 4164 924 4219 Demonstratum
974 4169 1057 4214 est
1088 4161 1361 4229 Superius,
1409 4161 1551 4228 quod
1587 4159 1802 4223 beatus,
1825 4170 1988 4224 quem

410 4261 793 4331 intelligimus,
848 4272 1066 4327 semper
1104 4269 1189 4312 est
1239 4265 1497 4310 constans
1530 4255 1660 4319 ;sed
1713 4253 1999 4324 perturba-

410 4353 590 4408 tiones
625 4367 815 4407 omnes
848 4352 1208 4406 adversantur
1245 4352 1608 4412 constantiae;
1648 4345 1862 4402 vacabit
1906 4359 1997 4397 er-

412 4461 482 4516 go
535 4445 728 4500 beatus
787 4443 1346 4513 perturbationibus:
1404 4443 1498 4497 sed
1565 4446 1769 4495 virtute
1814 4437 1994 4508 aliqua

2111 3255 2272 3310 tans,
2305 3259 2406 3299 nec
2459 3240 2625 3296 menti
2686 3237 3132 3295 obscurationem
3191 3231 3456 3288 inferens.
3514 3226 3684 3296 Cujus

2108 3335 2496 3393 rommotionis
2549 3335 2702 3403 signa
2727 3333 2890 3387 etiam
2943 3331 2996 3384 in
3029 3343 3145 3393 ore,
3183 3327 3236 3382 in
3269 3326 3418 3380 vultu
3450 3322 3527 3389 ,in
3553 3335 3684 3374 ocu-

2109 3433 2197 3494 lis,
2231 3429 2504 3485 interdum
2557 3434 2841 3496 apparent.
2900 3423 3026 3477 llasc
3055 3437 3177 3476 cum
3225 3420 3294 3473 sit
3323 3413 3681 3487 perturbatio,

2108 3522 2333 3577 minime
2367 3527 2547 3572 tamen
2584 3515 2906 3572 constantiae
2960 3514 3304 3567 adversatur.

2179 3616 2260 3670 Ad
2297 3629 2418 3684 quae
2446 3609 2880 3680 respondendum
2911 3617 3015 3671 est,
3041 3605 3187 3675 quod
3216 3604 3318 3657 ista
3357 3617 3462 3656 non
3488 3599 3682 3654 adver-

2107 3717 2318 3772 santur,
2362 3705 2659 3762 secundum
2720 3716 2859 3764 rem,
2925 3695 3304 3768 superioribus
3363 3693 3565 3747 nostris
3619 3690 3684 3743 de

2107 3800 2513 3873 perturbatione
2570 3793 2903 3851 rationibus.
2954 3790 3088 3845 Nam
3139 3788 3186 3844 si
3240 3786 3547 3843 constantia
3579 3797 3686 3838 una

2105 3893 2420 3949 deﬁnitione
2482 3888 2880 3959 comprehensa
2928 3894 3030 3949 est,
3076 3883 3120 3938 si
3151 3880 3397 3937 deﬁnitio
3439 3878 3560 3945 ejus
3591 3892 3688 3944 per

2105 4004 2212 4042 non
2238 3985 2516 4055 mquivoca
2547 3983 2705 4039 verba
2747 3990 2827 4036 est
2859 3979 3129 4048 assignato
3164 3993 3178 4030 :
3229 3972 3574 4030 manifestum
3602 3981 3686 4024 est

2105 4081 2248 4152 quod
2294 4077 2635 4151 perturbatio
2673 4091 2794 4145 qua:
2838 4072 3158 4129 constantiae
3218 4069 3570 4127 adversatur,
3615 4065 3682 4118 de

2104 4191 2209 4246 qua
2244 4173 2496 4243 superius
2530 4169 2919 4232 tractabamus,
2956 4181 3051 4237 per
3079 4171 3312 4235 quatuor
3342 4160 3542 4230 gradus
3564 4172 3679 4210 eam

2105 4267 2401 4326 vat-iantes.
2468 4273 2632 4332 atque
2699 4262 2751 4314 in
2801 4269 3035 4327 quatuor
3083 4271 3281 4326 genera
3332 4251 3680 4305 dividentes:

2103 4371 2156 4416 et
2185 4359 2276 4414 illa
2333 4354 2672 4428 perturbatio
2727 4350 3120 4422 Theophrasti,
3174 4365 3295 4418 qua:
3359 4344 3687 4400 constantim

2105 4451 2306 4506 mentis
2339 4464 2446 4502 non
2500 4447 2845 4510 adversatur,
2898 4442 3180 4511 equivoce
3235 4437 3676 4508 perturbationis

412 4553 521 4594 non
555 4548 704 4594 caret
737 4555 754 4605 ;
789 4537 996 4594 nullius
1054 4552 1186 4607 ergo
1243 4538 1463 4591 virtutis
1521 4535 1858 4604 perturbatio
1883 4541 1988 4587 est.

2102 4544 2322 4601 nomine
2339 4541 2595 4595 fruuntur
2625 4554 2726 4594 :ac
2780 4538 2943 4592 etiam
2975 4535 3225 4602 superior
3287 4529 3685 4601 quadripartita

484 4632 613 4688 item
679 4632 721 4686 si
769 4641 1086 4688 constanter
1119 4630 1366 4686 misereri
1421 4628 1595 4683 multo
1638 4627 1834 4682 melius
1891 4635 1992 4690 est,

411 4739 575 4794 quam
630 4724 675 4778 si
727 4725 964 4794 idipsum
1021 4725 1368 4780 turbulenter
1391 4722 1562 4786 ﬁeret,
1598 4728 1657 4775 ιιι
1715 4729 1998 4775 ostensum

411 4829 540 4874 est:
595 4815 725 4871 illud
765 4833 920 4877 vero,
966 4817 1110 4886 quod
1163 4832 1193 4870 a
1233 4818 1436 4870 virtute
1475 4813 1842 4882 proﬁciscitur
1897 4827 1999 4866 suo

413 4908 538 4964 loco
588 4918 641 4963 et
681 4923 834 4975 casu,
868 4911 1136 4978 optimum
1199 4923 1317 4963 esse
1369 4908 1642 4962 volumus.
1705 4905 1893 4960 Virtus
1917 4912 2002 4958 est

416 5014 548 5069 ergo
588 5001 904 5070 quaerenda,
936 5016 1055 5069 quae
1084 5001 1381 5055 stabilitam
1418 5007 1708 5053 conservet
1739 5006 2000 5050 constan—

417 5093 572 5156 tiam,
628 5108 736 5148 non
787 5093 1214 5161 perturbationis
1285 5091 1598 5148 inﬁrmitas.
1669 5091 2000 5160 Separantes

415 5197 598 5241 tamen
631 5202 661 5240 a
693 5187 862 5242 choro
915 5187 1180 5241 virtutum
1227 5186 1685 5257 perturbationes,
1719 5201 1823 5238 non
1865 5183 1991 5236 illud

417 5281 700 5347 volumus,
736 5291 797 5336 ut
837 5283 904 5336 ad
939 5281 1237 5352 apheliam,
1279 5291 1335 5336 et
1385 5279 1722 5350 elythiotem,
1757 5289 1808 5333 et
1839 5276 1999 5330 mali-

417 5378 546 5434 tiam
607 5375 816 5431 incidat
871 5376 1092 5431 animus
1125 5417 1141 5440 ,
1193 5375 1284 5430 sed
1329 5387 1387 5429 ut
1419 5374 1620 5427 bonum
1675 5371 2001 5428 constantiae

416 5478 806 5536 consequatur.
862 5466 975 5522 lllis
1043 5467 1190 5523 enim
1245 5466 1340 5538 qui
1378 5466 1582 5520 claram
1635 5476 1686 5521 et
1721 5465 1923 5528 vivam,
1953 5473 2006 5517 et

414 5562 748 5633 expeditam,
783 5574 836 5617 et
896 5561 1170 5620 eﬂicacetn
1226 5563 1500 5620 rationem
1561 5559 2001 5631 expetendarum

410 5669 584 5728 atque
622 5656 1002 5726 l'ugieudarum
1050 5671 1236 5712 rerum
1290 5670 1401 5710 non
1456 5654 1680 5720 habent,
1717 5668 1824 5706 non
1854 5650 2006 5722 peni-

423 5760 512 5806 tus
551 5752 772 5806 inntiles
811 5757 940 5806 sunt
1004 5747 1498 5822 perturbationes;
1563 5747 1798 5804 aliarum
1859 5743 2003 5798 enim

423 5858 604 5901 rerum
663 5842 981 5914 cupiditate,
1038 5842 1121 5899 vel
1175 5849 1348 5912 metu,
1409 5843 1621 5913 laetitia,
1659 5837 1742 5894 vel
1779 5836 2002 5906 acgritu~

2106 4631 2462 4707 perturbatio,
2497 4645 2602 4702 qua
2637 4627 3074 4683 obscurationem
3129 4622 3296 4676 menti
3330 4621 3514 4682 inlert,
3553 4633 3689 4686 prae-

2105 4728 2320 4784 dicatur
2348 4725 2416 4779 de
2471 4731 2672 4778 mente.
2720 4721 2814 4775 Est
2867 4718 3012 4772 enim
3055 4731 3243 4770 verum
3277 4715 3481 4773 dicere.
3515 4712 3568 4765 in
3599 4711 3690 4766 illa

2104 4816 2362 4888 passione
2409 4823 2642 4868 utentem
2699 4810 2933 4864 hominis
2978 4822 3099 4862 esse
3131 4805 3530 4876 perturbatam.
3560 4803 3691 4856 Per-

2106 4909 2343 4962 turbatio
2402 4922 2526 4959 vero
2558 4901 2940 4974 Theophrasti.
2975 4901 3104 4970 quia
3142 4898 3470 4965 descriptam
3524 4911 3689 4962 supe-

2105 5003 2220 5055 rius
2252 4997 2674 5064 aequabilitatem
2739 4993 2939 5047 tuentis
2999 5009 3104 5045 non
3140 4991 3288 5044 laedit
3329 5007 3342 5042 :
3374 5005 3481 5041 non
3515 4996 3690 5056 potest

2105 5110 2230 5147 vere
2273 5093 2340 5146 de
2371 5096 2555 5144 mente
2603 5084 2912 5158 praedicari.
2974 5082 3108 5137 Dutn
3145 5081 3290 5136 enim
3348 5079 3690 5149 aequabilitas

2109 5185 2305 5238 mentis
2337 5189 2519 5237 manet
2561 5181 2748 5242 illmsa,
2807 5193 2912 5231 non
2963 5185 3042 5231 est
3086 5174 3411 5236 dicendum,
3441 5182 3680 5224 tuentem

2109 5277 2349 5332 hominis
2397 5290 2519 5330 esse
2569 5270 2966 5343 perturbatam.
3005 5267 3144 5336 Ergo
3195 5275 3250 5320 et
3302 5280 3366 5318 ex
3416 5262 3515 5315 hoc
3549 5269 3693 5329 patet

2106 5368 2693 5434 earummquivucatio.
2739 5366 2923 5434 Itaque
2977 5360 3253 5415 terrestris
3300 5356 3454 5410 ranis
3503 5353 3691 5407 delini-

2108 5465 2261 5520 tione
2311 5463 2614 5534 assignato,
2664 5467 2843 5530 potest
2871 5458 2980 5511 tiiCl
3023 5455 3310 5515 audacter,
3343 5464 3559 5503 omnem
3600 5460 3688 5499 ca-

2110 5575 2230 5612 nent
2266 5572 2387 5611 esse
2445 5553 2647 5609 animal
2685 5549 2934 5612 mortale,
2972 5549 3053 5603 vel
3104 5545 3303 5601 animal
3334 5543 3640 5614 quadrupes
3676 5558 3689 5594 :

2110 5653 2182 5706 ita
2233 5647 2626 5722 quadripartita
2681 5642 3108 5716 perturbationis
3155 5638 3428 5709 descripta
3484 5635 3688 5689 deﬁni-

2110 5744 2281 5806 tione,
2319 5758 2412 5808 per
2443 5757 2606 5811 quam
2634 5736 2946 5794 necessario
2997 5732 3406 5804 distinguitur,a
3441 5744 3692 5800 quacun-

2111 5855 2220 5910 que
2250 5837 2351 5891 alia
2393 5837 2670 5906 a‘qttivoca
2699 5829 3111 5904 perturbatione
3149 5845 3162 5880 :
3199 5826 3469 5882 veraciter
3507 5831 3724 5877 noteat'
