4122 6240
520 290 666 357 1363

512 412 616 469 dici
678 410 876 472 nullam
909 417 1369 483 perturbationem
1408 422 1528 478 sine
1566 427 1764 482 mentis
1821 430 2088 486 obscura-

513 491 658 558 ιἰοηιτ
679 520 820 571 esse,
842 522 1167 580 omnemque
1207 517 1521 574 constantia
1546 520 1843 587 adversari,
1875 515 1940 579 et
1970 526 2105 580 sim-

510 594 723 664 pliciter
750 614 869 656 esse
889 603 1073 658 animo
1099 608 1455 664 evellendam.
1489 611 1545 667 Si
1572 629 1678 683 qua
1702 616 1845 670 enim
1872 628 1953 673 est
1983 620 2101 674 ani-

512 688 580 740 mi
616 694 928 757 commotio,
964 696 1032 751 de
1058 713 1163 767 qua
1196 702 1308 758 haec
1344 703 1449 759 dici
1483 721 1589 760 non
1624 720 1872 777 possunt,
1922 712 2011 766 illa
2041 712 2097 767 in

511 779 593 835 his
628 782 781 839 libris
812 801 919 841 non
956 790 1256 859 appellatur
1309 800 1667 864 perturbatio.

570 900 696 954 Car.
732 900 874 958 XIV.
910 903 987 959 De
1016 910 1413 1037 pertur‘lliati‘one
1447 912 1793 985 TlteOpItrasti
1825 922 2050 975 auazstia

1234 999 1301 1037 un
1327 999 1413 1037 ex.

1234 999 1413 1051 uptex.

580 1079 782 1150 Nempe
833 1085 899 1142 de
951 1092 1355 1158 perturbatione
1390 1095 1778 1168 Theophrastl,
1821 1117 1941 1172 qua:
1977 1119 2081 1160 non

507 1171 830 1231 adversatur
857 1184 1198 1247 constantia},
1228 1186 1339 1240 duo
1364 1198 1493 1243 sunt
1523 1171 2036 1260 qttterenda.Unum
2067 1215 2080 1252 :

505 1262 697 1322 Utrum
750 1274 1017 1345 contingit
1055 1277 1257 1333 ltomini
1296 1281 1611 1351 aliquando,
1644 1301 1712 1340 an
1763 1294 2111 1358 nunquam?-

502 1360 663 1414 Aliud
695 1378 710 1417 :
753 1361 941 1419 Utrum
978 1368 1121 1423 cadit
1148 1371 1199 1424 in
1233 1372 1450 1429 beatum
1472 1417 1485 1441 ,
1517 1390 1585 1430 an
1614 1379 1763 1433 non?
1791 1378 1922 1436 Nam
1953 1398 2079 1437 cum

502 1450 851 1510 deﬁnitiones
898 1458 1310 1515 obscurationis
1364 1472 1418 1518 et
1458 1468 1847 1530 aequabilitatis
1880 1470 2079 1527 mentis

504 1548 753 1613 superius
810 1552 921 1604 sint
970 1551 1290 1621 descriptae,
1341 1557 1463 1624 jure
1514 1559 1787 1615 dubitabit
1832 1562 2076 1630 aliquis,

506 1651 690 1692 utrum
729 1650 904 1710 potest
933 1645 1254 1716 contingere
1278 1647 1332 1701 in
1359 1649 1544 1703 animo
1575 1652 1792 1708 turbida
1824 1668 2073 1710 commo-

504 1731 601 1797 tio,
633 1748 754 1803 quae
781 1750 875 1791 nec
901 1736 1201 1795 deﬁnitioni
1232 1740 1635 1800 obscurationis
1664 1750 1862 1804 mentis
1893 1748 1945 1803 in
1972 1750 2073 1803 ali-

504 1842 617 1897 quo
659 1830 1047 1897 communicet,
1129 1849 1225 1889 nec
1276 1836 1643 1894 detinitionem
1701 1844 2081 1911 aequabilitatis

505 1922 707 1977 mentis
736 1922 786 1976 in
813 1924 997 1995 aliquo
1043 1941 1153 1981 non
1207 1927 1413 1984 lmdat?
1462 1933 1545 1985 An
1597 1932 1935 2002 impossibile
1979 1935 2081 1993 hoc

504 2014 635 2066 est?
684 2016 856 2086 Cujus
910 2021 1231 2088 quaestionis
1273 2024 1553 2079 veritatem
1600 2027 1773 2097 magis
1844 2030 2081 2085 arbitror

506 2121 666 2173 posse
701 2106 949 2178 intelligi,
998 2111 1043 2164 si
1078 2112 1206 2180 quis
1257 2115 1539 2183 passiones
1560 2117 1729 2173 animi
1772 2121 1856 2175 sui
1906 2122 2079 2191 respi-

506 2197 633 2259 ciet,
670 2215 829 2265 quam
863 2199 909 2256 si
950 2217 1043 2271 per
1068 2204 1550 2265 demonstrationis
1581 2211 1742 2267 verba
1768 2224 2045 2280 sequatur.

576 2287 652 2338 Ad
683 2289 979 2346 seettndum
1036 2302 1166 2350 vero
1217 2299 1569 2355 manifestum
1614 2312 1698 2358 est
1744 2306 1935 2373 procul
1977 2307 2079 2361 du-

506 2370 618 2439 bio,
642 2374 782 2445 quod
807 2377 853 2431 si
894 2394 1000 2447 qua
1027 2390 1113 2437 est
1171 2390 1469 2444 commotio
1525 2392 1692 2446 animi
1744 2370 2077 2452 constantiae

507 2466 705 2523 tuetttis
754 2484 860 2524 non
882 2486 1191 2544 repugnans
1235 2493 1250 2532 :
1294 2478 1411 2534 sive
1466 2482 1773 2552 passionem
1806 2487 1919 2542 sive
1953 2504 2077 2558 por-

508 2559 871 2618 turbationem
902 2566 1035 2621 velit
1071 2570 1191 2638 quis
1221 2585 1340 2626 eam
1398 2575 1694 2645 appellare;
1770 2581 1921 2637 nullo
1956 2596 2077 2636 mo-

505 2651 575 2705 do
608 2652 994 2713 beatitudinem
1048 2661 1212 2720 laedit.
1251 2664 1356 2721 Sed
1412 2667 1458 2722 si
1486 2671 1795 2727 voluntaria
1818 2689 1931 2735 non
1963 2685 2068 2755 est,

505 2744 649 2800 sicut
699 2747 873 2806 fames
932 2762 987 2806 et
1041 2755 1181 2818 sitis,
1237 2760 1538 2816 secundum
1597 2744 2072 2837 Theophrastum,

506 2853 605 2893 nec
637 2841 701 2895 ad
734 2845 965 2901 virtutes
1001 2862 1099 2902 nec
1127 2851 1193 2903 ad
1234 2852 1359 2907 vitia
1397 2854 1614 2925 penitus
1645 2857 1903 2925 pertinet.
1930 2861 2075 2926 Qua-

508 2930 555 2986 si
580 2933 792 2989 dicatur
827 2953 841 2989 :
896 2928 949 2994 si
982 2940 1150 2999 nimia
1200 2955 1297 3005 est.
1340 2950 1470 3003 vitio
1500 2951 1680 3007 danda
1711 2961 1796 3009 est
1828 2970 1843 3020 ;
1883 2954 1928 3009 si
1959 2970 2073 3010 me—

507 3023 729 3091 diocris,
789 3026 973 3083 virtuti
1009 3037 1211 3103 ;cujus
1261 3038 1406 3093 enim
1466 3043 1722 3101 voluntas
1756 3054 1942 3100 nostra
1971 3046 2072 3101 do-

1366 305 1758 369 BARLAA-Ml
1809 310 2105 375 ETHICA
2155 316 2573 385 SECUNDUM
2622 320 2958 393 STOICOS.

3650 337 3799 404 1364·

2122 442 2170 496 Α
2204 439 2391 506 gendis
2413 441 2615 511 aliquis
2638 460 2747 499 non
2782 447 3051 515 incurrat,
3082 449 3260 506 danda
3288 451 3361 508 sit
3393 452 3519 509 talis
3544 454 3733 522 regula
3764 471 3779 509 :

2208 527 2263 580 In
2340 545 2665 603 quacunque
2728 536 3023 595 universali
3080 542 3450 612 propositione
3509 544 3787 601 videbitur

2203 621 2388 690 alicui,
2421 640 2528 682 non
2566 630 2823 687 omnibus
2858 675 2872 699 ,
2901 650 3022 705 qua
3057 636 3278 694 nomine
3303 639 3537 709 subjecti
3568 640 3785 708 signiti—

2198 723 2413 782 cantur,
2472 720 2819 788 praedicatum
2864 739 3167 797 congruere
3212 745 3229 782 :
3304 730 3443 786 sciat
3476 746 3578 786 nos
3628 748 3784 786 more

2200 804 2512 864 Stoicorum
2541 812 2596 866 in
2628 813 2739 869 illis
2769 823 2980 872 tantum
3013 820 3177 875 rebus
3227 821 3307 878 uti
3341 825 3567 877 nomine
3595 824 3789 892 subjev

2192 897 2303 959 eti.
2343 900 2543 970 quibus
2602 904 2955 973 praedicatum
2987 907 3100 964 fere
3154 919 3459 979 coaptatur.
3488 909 3547 966 Si
3596 912 3785 981 plures

2193 1001 2321 1044 vero
2351 991 2933 1059 res,eodemnomine,
2960 998 3261 1055 secundum
3295 1002 3432 1056 alios
3466 1002 3787 1072 signiﬁcatur

2189 1090 2295 1144 tur,
2330 1085 2532 1154 quibus
2566 1088 2916 1167 praedicatum
2946 1091 3126 1149 inesse
3145 1108 3252 1149 non
3307 1104 3517 1164 potest;
3550 1096 3687 1149 nihil
3712 1094 3778 1148 ad

2184 1175 2431 1234 Stoicos!
2456 1181 2599 1237 sicut
2622 1198 2721 1237 nec
2762 1184 2831 1237 ad
2870 1196 3177 1253 geometras
3236 1189 3563 1257 estaliquid,
3606 1188 3781 1245 sialia

2185 1283 2293 1336 res,
2323 1280 2517 1340 praeter
2542 1276 2607 1328 ab
2637 1277 2719 1330 eis
2747 1276 3049 1343 deﬁnitam,
3086 1280 3332 1337 circulus
3362 1283 3694 1353 appellatur.

2257 1406 2387 1461 CAP.
2452 1405 2564 1463 XV.
2632 1407 2970 1467 Perturbatio
3026 1432 3093 1470 an
3138 1419 3348 1471 omnino
3397 1418 3685 1473 evellenda.

2247 1541 2613 1598 Besttmentes
2665 1545 2852 1615 igitur,
2940 1549 3007 1604 de
3054 1553 3561 1619 perturbationibus
3611 1555 3763 1609 dici-

2179 1649 2320 1698 mus,
2346 1635 2607 1709 quoniam
2641 1639 2786 1693 illam
2814 1644 3241 1699 commotionem
3278 1648 3760 1711 perturbationum

2178 1733 2232 1785 in
2270 1729 2352 1784 his
2381 1732 2737 1801 appellamus,
2775 1734 2831 1789 in
2875 1751 2982 1804 qua
3012 1751 3166 1792 mens
3210 1742 3581 1795 avconstantia
3614 1757 3777 1811 egre-

2182 1819 2350 1888 ditur,
2384 1830 2437 1877 et
2477 1823 2825 1891 obscuratur,
2854 1835 2909 1881 et
2937 1842 3166 1884 acumen
3199 1830 3537 1898 intelligendi
3568 1834 3767 1887 obtun-

2182 1913 2350 1978 ditur,
2381 1916 2731 1973 manifestum
2784 1927 2887 1983 est,
2924 1920 3069 1989 quod
3099 1935 3209 1976 non
3242 1930 3325 1977 est
3358 1926 3652 1979 resecanda
3681 1926 3771 1979 vel

2183 2008 2535 2073 moderanda,
2585 2010 2681 2065 sed
2736 2011 2954 2080 penitus
3007 2012 3307 2067 evellenda.
3362 2012 3492 2070 Nam
3570 2016 3624 2070 in
3662 2018 3773 2072 illis

2181 2110 2326 2156 recte
2361 2103 2715 2158 mediocritas
2769 2106 3054 2173 quaeritur,
3120 2106 3173 2159 in
3230 2108 3428 2175 quibus
3472 2118 3770 2178 utrumque

2182 2192 2605 2261 vituperandum
2659 2204 2765 2261 est,
2802 2205 2859 2251 et
2914 2198 3082 2252 nimis
3121 2198 3424 2264 abundare,
3449 2211 3502 2254 et
3548 2203 3764 2268 penitus

2181 2298 2389 2340 carere.
2425 2284 2530 2341 Sed
2586 2288 2992 2357 perturbatione
3060 2305 3280 2359 vacare,
3322 2302 3375 2346 et
3436 2293 3661 2348 minime
3732 2310 3763 2349 a

2180 2380 2486 2435 constantia
2510 2381 2717 2450 egredi,
2744 2392 2798 2438 et
2855 2398 3083 2438 acumen
3127 2385 3325 2439 mentis
3375 2385 3599 2439 illaesum
3635 2400 3766 2440 con-

2180 2487 2421 2539 servare,
2460 2489 2669 2546 magme
2722 2476 2866 2531 laudi
2899 2477 3138 2532 dandum
3169 2488 3274 2534 est.
3326 2477 3571 2533 Conatus
3627 2493 3765 2549 ergo

2179 2573 2386 2630 noster,
2436 2581 2543 2622 non
2569 2567 2637 2622 ad
2682 2569 3076 2638 amputandam
3142 2571 3630 2641 perturbationem,
3664 2572 3757 2626 sed

2178 2659 2403 2713 omnino
2459 2660 2861 2731 exstirpandam
2898 2662 3214 2734 dirigemlus
3244 2678 3350 2719 est.

2235 2794 2364 2850 CAP.
2404 2794 2537 2850 XVI.
2572 2796 3001 2854 Perturbationes
3025 2818 3149 2855 num
3176 2804 3459 2872 exstirpari
3488 2806 3712 2873 possint.

2250 2909 2389 2976 Quia
2420 2926 2551 2965 vero
2587 2912 2853 2981 possibile
2873 2924 2981 2979 est,
3023 2915 3217 2971 deinde
3247 2919 3642 2973 ostendendum
3667 2920 3761 2974 sit.

2179 3002 2386 3076 Duplex
2435 3014 2522 3060 est
2563 3006 2775 3078 opinio,
2801 3023 2921 3077 quae
2977 3012 3260 3078 perturbat
3296 3012 3559 3068 animum.
3621 3014 3761 3077 lina,

506 3118 653 3173 mina
692 3135 799 3175 non
827 3133 911 3178 est
934 3164 950 3188 ,
985 3098 1138 3182 ἱΙΙυιῙ⁷
1178 3133 1628 3206 qualitercunque
1670 3098 1955 3209 contingit,
1978 3098 2080 3197 nec
2106 3129 2151 3190 ο
2181 3114 2285 3202 q.“
2313 3098 2828 3209 Ἶρὴῖωδηξῗηᾳξιω
2861 3102 3289 3209 "3."5c""“"'"’.
3307 3112 3361 3158 et
3384 3106 3595 3209 "07"”
3620 3107 3763 3161 ima‘

463 3235 466 3237 λ
505 3211 722 3267 beatum
759 3231 858 3271 nec
883 3217 1141 3277 miserum
1173 3220 1303 3279 facit
1350 3244 1366 3289 ;
1412 3240 1469 3283 ut
1500 3229 1552 3283 in
1608 3232 1785 3300 primo
1818 3234 1957 3288 libro
1988 3250 2081 3293 os-

505 3312 716 3359 tensum
746 3317 831 3363 est
861 3347 877 3362 .
926 3309 982 3365 Si
1016 3327 1141 3370 vero
1176 3315 1479 3375 voluntaria
1534 3330 1619 3377 est
1645 3334 1698 3379 et
1726 3326 1996 3397 contingit
2025 3331 2079 3383 in

503 3412 569 3450 eo
595 3436 611 3460 ,
634 3402 778 3468 quod
814 3401 1020 3474 aliquid
1064 3406 1239 3476 placet
1270 3411 1352 3466 vel
1380 3413 1633 3484 displicet
1657 3458 1672 3483 ,
1710 3419 2018 3490 pendetque
2044 3437 2072 3477 a

501 3506 628 3544 vera
670 3493 870 3563 objecti
930 3501 1201 3556 sententia
1236 3512 1289 3559 et
1311 3504 1549 3563 beneﬁca
1584 3510 1883 3578 voluntate,
1919 3522 2084 3586 atque

506 3599 734 3641 acumen
765 3591 962 3646 mentis
991 3593 1045 3647 in
1076 3594 1258 3664 aliquo
1287 3614 1392 3653 non
1419 3600 1719 3659 deteriorat
1753 3625 1769 3670 ;
1803 3622 1903 3663 nec
1931 3617 2076 3663 tran-

506 3677 831 3748 quillitatem
887 3688 1133 3742 concutit
1163 3731 1180 3755 ,
1210 3691 1372 3745 etiam
1429 3695 1509 3749 sic
1546 3695 1957 3765 TlteOphrastus
1988 3718 2082 3757 no.

508 3772 653 3827 mine
681 3782 893 3832 tantum
918 3778 1191 3851 discrepat
1225 3798 1251 3835 a
1303 3784 1504 3842 Stoicis
1534 3806 1548 3855 ;
1582 3789 1725 3844 illam
1754 3793 1897 3847 enim
1937 3808 2074 3857 rem,

504 3881 666 3934 quam
699 3885 797 3925 nos
832 3873 1152 3930 laudabilem
1185 3889 1456 3947 putamus.
1497 3890 1549 3937 et
1576 3884 1842 3951 pertinere
1870 3868 1934 3940 ad
1963 3887 2088 3943 bea-

504 3962 786 4019 titudinem
822 3969 1175 4037 arbitramur,
1229 3984 1280 4026 et
1333 3978 1693 4032 constantiam
1724 3981 2084 4050 appellamus,

503 4059 746 4114 eamdem
778 4061 867 4117 ille
893 4066 1351 4132 perturbationem
1386 4071 1610 4128 abusive
1639 4074 1897 4143 appellat.
1938 4074 2075 4131 Nam

505 4166 645 4217 saspe
678 4154 959 4225 contingit,
983 4157 1148 4226 quod,
1184 4174 1307 4213 cum
1331 4161 1663 4219 disserentes
1689 4164 1866 4235 aliqua
1894 4166 1957 4220 de
1983 4166 2050 4219 ali
2072 4196 2087 4209 -

504 4259 615 4311 quo
647 4248 1024 4303 universalitcr
1067 4252 1359 4319 pru‘tlicant
1412 4254 1729 4313 aﬂirmative
1771 4258 1852 4311 vel
1883 4258 2084 4328 negati-

507 4350 570 4389 ve
597 4379 609 4399 ,
648 4340 923 4394 auditores
973 4342 1015 4395 si
1046 4342 1281 4397 viderint
1342 4348 1630 4414 praedicata
1662 4364 1766 4403 non
1806 4350 2081 4416 omnibus,

505 4446 626 4499 quae
653 4431 754 4485 sub
783 4434 1005 4489 nomine
1047 4434 1277 4502 subjecti
1314 4447 1464 4503 sunt,
1495 4453 1797 4508 congruere
1829 4480 1843 4504 ,
1887 4448 2082 4508 putant

502 4520 624 4573 illas
652 4523 866 4577 mentiri
901 4541 915 4587 ;
962 4524 1059 4594 ipsi
1096 4528 1521 4597 magisdecepti,
1560 4532 1878 4598 ignorantes
1921 4546 2079 4585 usum

502 4613 792 4667 verborum
858 4614 1265 4673 disserentium.
1312 4616 1445 4671 Nam
1520 4620 1565 4674 si
1612 4620 1971 4688 disputantes,
2015 4622 2082 4677 ad

505 4708 625 4764 illas
654 4721 861 4766 tantum
884 4727 971 4769 res
1028 4730 1224 4771 nomen
1259 4715 1491 4785 subjecti
1530 4717 1851 4784 extendunt,
1882 4716 2085 4787 quibus

504 4803 797 4871 pranlieata
833 4807 1168 4861 conveniunt
1200 4846 1215 4873 ,
1246 4822 1430 4864 veram
1462 4822 1584 4864 esse
1627 4823 1818 4863 eorum
1863 4819 2086 4864 sentcno

503 4902 633 4955 tiam
661 4914 885 4955 necesse
928 4912 1030 4957 est.
1615 4952 1620 4957 .

577 4993 647 5049 Ut
681 4994 844 5065 igitur
878 4996 1037 5052 talem
1082 4996 1455 5067 deceptionem
1500 4994 1551 5049 in
1606 4995 1727 5051 istis
1763 4997 1967 5052 nostris
2003 4998 2080 5052 le-

2185 3188 2449 3261 ginationi
2500 3190 2878 3255 incidentium,
2940 3194 3142 3250 bonum
3209 3197 3291 3251 vel
3350 3198 3550 3251 malum
3610 3212 3761 3262 esse,

2184 3299 2310 3340 cum
2358 3284 2475 3349 suis
2508 3286 2975 3353 circumstantiis,
3011 3304 3134 3357 qum
3169 3300 3241 3354 ut
3284 3290 3577 3359 plurimum
3627 3290 3762 3345 falsa

2182 3387 2266 3431 est
2304 3395 2317 3431 :
2358 3386 2451 3431 aut
2494 3377 2637 3432 enim
2699 3395 2807 3433 non
2858 3379 3019 3443 bona,
3048 3382 3186 3435 bona
3229 3399 3243 3448 ;
3282 3391 3543 3451 aut,qua:
3596 3398 3760 3452 parva

2185 3480 2333 3532 sunt,
2374 3485 2567 3541 magna
2613 3472 2973 3543 aestimantes.
3014 3474 3272 3528 Similiter
3318 3487 3374 3530 et
3413 3477 3482 3531 de
3513 3477 3671 3531 malis
3703 3488 3760 3530 nt

2185 3562 2482 3631 plurimum
2517 3563 2925 3632 perturbantur.
2981 3564 3097 3618 Alia
3132 3576 3235 3629 est,
3286 3581 3393 3636 qua
3427 3565 3640 3621 videtur
3673 3582 3764 3621 re-

2185 3664 2331 3708 ctum
2384 3670 2525 3722 esse,
2563 3662 2622 3709 ut
2648 3657 3045 3724 perturbetur:
3115 3673 3234 3727 quae
3297 3674 3570 3730 nunquam
3635 3675 3765 3714 vera

2184 3760 2308 3802 esse
2357 3754 2553 3817 potest.
2606 3747 2731 3802 Sive
2781 3747 2926 3803 enim
2957 3748 3159 3803 bonum
3214 3758 3319 3815 est,
3387 3754 3504 3803 sive
3559 3749 3761 3803 malum

2188 3840 2332 3908 quod
2363 3840 2573 3905 incidit,
2608 3841 2754 3895 nulla
2812 3841 2951 3896 ratio
2987 3851 3092 3907 est,
3121 3852 3180 3896 ut
3241 3843 3360 3896 ideo
3399 3852 3610 3897 tantum
3646 3860 3759 3896 ma~

2187 3932 2297 3984 lum
2332 3931 2494 3986 menti
2532 3929 2814 3987 inferatur:
2843 3946 3021 4004 neque
3058 3940 3267 4010 rectum
3301 3932 3407 3985 ullo
3448 3945 3607 4002 pacto
3642 3949 3763 3988 esse

2188 4033 2384 4093 potest,
2419 4032 2475 4076 ut
2512 4034 2730 4093 propter
2764 4026 2868 4079 alia
2909 4041 3250 4095 quaecunque
3296 4026 3434 4079 mala
3475 4026 3557 4079 vel
3620 4026 3759 4081 bona

2188 4102 2553 4187 turpillcetur,
2612 4119 2757 4188 quod
2800 4121 2855 4175 in
2893 4121 3048 4176 nobis
3104 4120 3617 4190 praestantissimum
3654 4131 3759 4175 est.

2188 4212 2351 4267 Bonis
2384 4213 2528 4267 enim
2571 4215 2916 4279 custodiam,
2962 4215 3119 4270 malis
3169 4215 3410 4271 remedia
3464 4218 3759 4277 nonmala,

2185 4316 2237 4358 et
2290 4304 2558 4373 praecipue
2616 4304 2813 4374 quibus
2848 4322 3000 4361 mens
3056 4308 3287 4373 lat-ditur,
3359 4308 3758 4363 admovendum

2187 4405 2290 4452 est.
2324 4397 2495 4465 igitur
2519 4398 2777 4467 quoniam
2801 4398 2948 4452 falsae
2997 4400 3283 4468 Opiniones
3318 4411 3463 4461 sunt,
3490 4417 3605 4467 qua:
3638 4402 3761 4452 ani—

2115 4485 2305 4543 Dmos
2369 4489 2546 4543 solent
2609 4493 2963 4558 perturbare,
3014 4492 3082 4545 de
3141 4491 3557 4562 quibuscnnque
3625 4509 3758 4546 vero

2189 4579 2328 4634 false
2368 4581 2683 4650 opinamur,
2712 4582 3051 4652 impossibile
3104 4595 3189 4639 est
3218 4592 3430 4640 rectum
3465 4594 3518 4637 et
3564 4601 3753 4638 “arum

2189 4670 2389 4727 habere
2434 4672 2701 4743 judicium
2742 4691 2758 4728 z
2817 4674 3171 4731 manilestum
3230 4686 3336 4745 est,
3384 4676 3527 4741 quod
3570 4677 3765 4732 deletis

2188 4764 2373 4818 animo
2401 4764 2506 4821 illis
2535 4767 2908 4835 opinionibus,
2966 4776 3020 4821 et
3045 4770 3316 4822 sententia
3372 4769 3608 4823 totaliter
3641 4784 3766 4821 mu-

2133 4872 2136 4873 '
2186 4865 2317 4927 tata,
2347 4858 2478 4912 nihil
2501 4859 2846 4930 relinquitur,
2877 4860 3019 4930 quod
3054 4861 3292 4915 animum
3326 4861 3502 4915 valeat
3549 4870 3761 4929 pertur-

2187 4951 2335 5006 bare.
2401 4949 2667 5006 Possibile
2704 4964 2835 5021 ergo
2858 4959 2941 5008 est
2973 4950 3478 5021 perturbationibus
3538 4964 3757 5006 vacare.
