3972 6408
445 482 513 574 ll

1735 484 1808 546 Β.
1853 481 2158 566 URBANI
2195 483 2251 546 11
2294 483 2549 548 PAP1E.

3767 481 3846 550 12

441 597 648 687 11ίίρεὶ
672 615 731 671 in
771 618 1080 673 stemmate
1101 617 1388 690 gentilitio
1419 615 1654 674 familias
1683 616 2080 674 Castellioneae
2111 617 2169 687 Α
2196 617 2443 674 deviavit
2487 617 2637 676 alius
2667 621 3006 676 earumdem
3038 619 3314 693 partium,
3347 633 3607 692 nuperus
3637 620 3848 672 auctor

445 700 639 759 locum
670 704 954 776 dederint,
986 705 1088 762 ubi
1121 705 1354 763 Milonis
1386 705 1628 776 ﬁlius,et
1657 705 1940 764 Guidonis
1969 708 2089 764 Ma-

445 793 640 848 nassis
668 810 734 848 ac
766 794 1008 851 alterius
1041 795 1274 851 Milonis
1305 795 1484 852 frater
1511 795 1692 852 fuisse
1713 795 1946 852 dicitur.

517 883 586 936 At
615 883 945 964 refragatur
987 883 1127 941 huic
1149 883 1448 940 sententiae
1469 883 1796 956 Albericus,
1829 886 1925 957 qui
1959 884 2094 940 licet

446 969 744 1027 Urbanum
804 989 874 1028 ex
921 973 1116 1045 oppido
1149 973 1496 1030 Castellionis
1523 989 1687 1046 super
1713 973 1961 1030 Marnam
1990 991 2091 1030 na-

449 1066 564 1115 tum
596 1060 798 1128 fuisse,
832 1065 898 1117 ut
929 1063 1142 1130 caeteri,
1193 1063 1514 1135 scripserit,
1550 1067 1844 1120 asseverat
1872 1066 2090 1131 tamen,

449 1165 518 1204 ex
540 1149 780 1223 Hugone
805 1155 862 1206 et
885 1143 1150 1207 Guidone
1175 1151 1514 1207 auctoribus
1545 1167 1692 1223 quos
1714 1149 1934 1218 laudat,
1959 1168 2092 1207 eum

450 1237 634 1295 fuisse
684 1238 873 1294 ﬁlium
926 1240 1150 1296 domini
1195 1240 1261 1296 de
1305 1241 1520 1309 Lagcri.
1550 1241 1702 1295 Tum
1731 1241 1802 1295 de
1831 1241 2094 1312 ejusdem

451 1327 796 1399 cognatione
843 1328 1084 1384 subdit:
1135 1329 1344 1385 Habuit
1392 1329 1571 1401 (idem
1600 1327 1891 1400 Urbanus)
1923 1329 2099 1384 alium

449 1416 682 1485 fratrem
725 1417 1036 1488 Rodul/‘um,
1065 1423 1287 1488 patrem
1310 1417 1556 1485 Gerardi,
1589 1417 1744 1487 cujus
1771 1417 1922 1488 ﬁlius
1961 1418 2101 1472 alter

453 1502 722 1559 Gerardus
767 1508 957 1576 genuit
1003 1507 1236 1562 Odonem
1279 1514 1498 1578 patrem
1555 1507 1742 1576 Egidii
1787 1506 1854 1560 de
1897 1507 2100 1578 Lageri

452 1593 709 1648 monachi
739 1596 1030 1662 Remensis,
1062 1597 1218 1668 cujus
1262 1611 1416 1651 soror
1449 1595 1735 1652 llersendis
1773 1597 1882 1667 fuit
1927 1598 2103 1651 mater

455 1682 722 1750 Baldulsi,
776 1700 898 1751 seu,
934 1689 999 1740 ut
1030 1685 1206 1740 habet
1237 1685 1418 1740 codex
1452 1700 1586 1754 ms.,
1619 1685 1884 1740 Balduinz'
1909 1701 2101 1740 mona-

454 1773 544 1827 chi
593 1773 825 1842 Igniaci.
861 1773 1023 1828 Certe
1055 1774 1112 1828 in
1146 1773 1484 1846 Necrologio
1535 1773 1872 1830 monasterii
1905 1772 2102 1829 Molis-

458 1860 684 1916 mensis
715 1861 773 1914 in
807 1860 1124 1933 Campania
1169 1863 1338 1917 Nonis
1365 1863 1525 1917 Junii
1551 1865 1952 1918 memorantur
1969 1863 2105 1918 licu-

457 1949 674 2006 chcrius
705 1966 810 2006 seu
839 1949 1180 2019 Eucherius,
1216 1958 1271 2006 et
1318 1951 1563 2006 lsabellis
1611 1967 1755 2007 uror
1781 1951 1916 2022 ejus,
1948 1953 2108 2023 pater

459 2042 510 2094 et
525 2043 704 2095 mater
717 2038 930 2096 domini
942 2055 1101 2112 papae
1120 2041 1344 2107 Urbani,
1367 2055 1620 2112 quorum,
1639 2044 1704 2095 ut
1724 2039 1802 2094 ibi
1836 2038 2104 2107 habetur,

463 2129 906 2206 anniversarium
925 2129 1177 2184 debemus
1195 2131 1377 2201 facere
1395 2127 1802 2184 solemniter.Et
1822 2127 1882 2182 in
1903 2127 2106 2182 eodem

459 2217 876 2290 Necronologio
895 2217 984 2273 die
999 2219 1118 2273 111K
1121 2215 2111 2288 alendusAugusti,Urbanusdicitur

463 2306 646 2384 fuisse
667 2307 932 2379 ejusdem
954 2305 1068 2363 loc‘i
1087 2307 1547 2378 congregationis,
1573 2305 1631 2360 id
1662 2308 1754 2361 est
1781 2321 2020 2378 precum
2053 2307 2110 2361 et

463 2393 712 2450 aliorum
725 2394 954 2468 piorum
969 2411 1210 2469 operum
1225 2393 1644 2468 particeps;sed
1659 2393 1776 2450 sive
1791 2393 2110 2450 Eucherius

463 2483 583 2547 ille,
634 2481 948 2558 Lageriaci,
993 2485 1094 2557 qui
1135 2485 1300 2540 vicus
1345 2489 1435 2539 est
1465 2483 1770 2539 Remensis
1815 2482 2105 2554 dioecesis,

465 2572 760 2642 dominus,
804 2573 926 2630 sive
971 2572 1106 2630 Milo
1153 2572 1520 2631 Castellionis
1562 2572 1844 2644 toparcha
1891 2571 2109 2629 Urbani

465 2666 630 2732 pater
659 2662 854 2729 fuerit,
885 2661 1082 2734 ipsum
1116 2661 1426 2718 Remensis
1451 2660 1762 2734 provincia:
1801 2660 2109 2717 alumnum

465 2751 648 2806 fuisse
697 2751 998 2806 fatendum
1056 2754 1162 2805 est.
1196 2751 1320 2806 Imo
1351 2767 1486 2804 cum
1531 2749 1908 2822 Lageriacum
1941 2751 2111 2822 cujus

467 2839 708 2908 d'omini,
745 2843 811 2894 ut
841 2838 993 2893 infra
1008 2838 1294 2905 dicemus,
1320 2839 1565 2894 fortasse
1595 2854 1664 2893 ex
1689 2837 2112 2895 Castellionen-

466 2927 631 2984 sibus
674 2927 785 3004 orti
830 2931 1016 2997 erant,
1056 2927 1216 2982 haud
1261 2925 1464 3000 procul
1514 2927 1586 2983 ab
1619 2925 1762 2983 urbe
1793 2927 2112 2983 Remorum

465 3016 660 3080 distet,
695 3020 752 3072 et
793 3015 988 3088 ipsum
1035 3013 1400 3072 Castellionis
1461 3019 1741 3080 castrum,
1789 3013 1924 3071 licet
1951 3018 2116 3072 extra

465 3105 762 3161 diceeesim
793 3103 993 3175 situm,
1040 3105 1112 3160 ad
1160 3105 1505 3161 Remensem
1550 3107 1747 3160 tamen
1795 3103 2112 3161 Ecclesium

459 3194 833 3267 pertinuerit,
887 3195 1133 3266 ejusque
1174 3192 1418 3250 clientes
1468 3197 1638 3250 erant
1665 3197 1722 3250 et
1759 3193 2112 3250 vicedomini

467 3283 952 3339 Castellionenses
983 3282 1292 3356 t0parcbre,
1321 3283 1556 3356 utrique
1587 3283 1779 3340 Remis
1819 3287 1886 3339 ut
1930 3281 2112 3355 pluri-

2199 706 2290 778 (G.
2311 708 2507 780 VlOLE)
2554 707 2614 764 in
2645 708 2778 764 Vita
2797 709 2984 766 sancti
3021 707 3293 764 Germani
3324 705 3843 774 Antisiodorensis,

2199 796 2297 868 qui
2329 814 2398 852 ex
2441 797 2635 854 nescio
2683 797 2899 870 quibus
2949 797 3134 865 falsis,
3188 801 3290 853 aut
3330 795 3482 853 male
3531 794 3846 850 intellectis

2201 885 2596 948 monumentis
2617 887 2851 960 scripsit
2871 887 3088 944 Urbani
3110 887 3362 958 majores
3379 883 3721 942 monasterii
3744 883 3848 940 Re-

2199 975 2532 1048 gniacensis
2578 975 2639 1031 in
2695 975 2927 1033 dicecesi
2988 975 3454 1032 Antisiodorensi
3519 973 3850 1030 conditores

2201 1063 2404 1120 fuisse.
2439 1064 2497 1120 Id
2524 1063 2741 1138 quippe
2783 1064 2872 1121 vel
2894 1081 2964 1122 ex
2992 1064 3102 1120 hoc
3123 1062 3248 1120 solo
3282 1062 3440 1136 rejici
3465 1062 3658 1131 debet,
3689 1061 3848 1134 quod

2205 1153 2596 1226 Regniacense
2635 1155 3059 1210 monasterium
3073 1152 3293 1210 ordinis
3308 1151 3711 1209 Cisterciensis
3723 1149 3851 1226 lon-

2204 1257 2274 1315 ge
2295 1245 2426 1314 post
2464 1241 2679 1297 Urbani
2719 1241 2946 1298 obitum
2980 1245 3344 1299 exstructum
3371 1240 3564 1297 fuerit.
3591 1239 3852 1314 Denique

2206 1347 2320 1386 non
2336 1331 2410 1384 im
2421 1330 2633 1386 morari
2641 1332 2810 1404 juvat
2823 1331 2884 1387 in
2898 1330 3318 1388 refellendisiis
3329 1331 3429 1404 qui
3445 1330 3728 1397 Odonem,
3746 1315 3854 1384 I3?-

2205 1419 2339 1474 bani
2365 1420 2422 1474 in
2451 1419 2704 1476 Ostiensi
2727 1419 3064 1492 episcopatu
3078 1435 3498 1501 successorem,
3532 1417 3661 1490 ejus
3675 1417 3856 1500 Γαίῳ

2209 1513 2472 1579 nepotem
2497 1505 2789 1576 dixerunt,
2811 1523 2945 1563 cum
2979 1507 3036 1563 id
3065 1505 3226 1562 nullo
3247 1510 3613 1580 argumento,
3648 1508 3862 1580 praeter

2211 1597 2466 1650 nominis
2483 1595 2951 1663 similitudinem,
2981 1597 3245 1669 probent.
3271 1595 3435 1652 Certe
3453 1595 3510 1650 id
3543 1611 3660 1650 non
3681 1594 3860 1650 habet

2211 1684 2640 1757 Baldricus,qui
2660 1685 2817 1740 hunc
2841 1685 3102 1740 Odonem
3126 1684 3188 1741 in
3207 1684 3568 1740 carminibus
3599 1688 3755 1738 temo

2209 1773 2440 1829 cbesnii
2469 1773 2738 1829 Historic.
2773 1772 3344 1846 Franc.laudatquod
3378 1788 3690 1828 commune
3721 1777 3860 1828 cum

2211 1862 2442 1918 Urbano
2473 1860 2690 1918 Orionis
2719 1879 2931 1918 nomen
2963 1861 3253 1929 habuerit,
3279 1862 3544 1918 eamdem
3582 1860 3863 1920 monachi

2212 1953 2391 2006 vitam
2423 1949 2599 2006 fuerit
2629 1952 2948 2022 professus,
2980 1951 3246 2007 eamdem
3279 1951 3478 2008 sedem
3517 1949 3860 2019 obtinuerit,

2214 2039 2480 2095 eamdem
2513 2038 2764 2110 denique
2785 2039 3128 2112 dignitatem
3151 2039 3356 2112 (istum
3371 2056 3579 2113 nempe
3591 2039 3866 2099 futurum

2215 2145 2426 2201 papam
2485 2127 2852 2200 praedicebat)
2895 2127 3206 2184 habiturus
3249 2127 3345 2197 sit,
3380 2145 3496 2184 non
3527 2128 3864 2185 emissurus

2215 2215 2840 2289 consanguineitatem,
2872 2215 2922 2272 si
2960 2215 3158 2288 aliqua
3189 2215 3869 2274 interillosintercessis-

2217 2309 2322 2362 set.
2355 2305 2554 2377 Neque
2579 2305 2754 2360 etiam
2788 2305 2846 2360 id
2863 2304 3041 2361 habet
3067 2305 3384 2362 Guibertus
3403 2304 3485 2362 lib
3516 2323 3556 2362 Il
3593 2307 3670 2362 De
3700 2321 3873 2362 sacra

2217 2393 2600 2466 expeditione,
2636 2393 2730 2448 ubi
2759 2392 2997 2450 alterius
3019 2393 3200 2465 hujus
3217 2393 3437 2450 Odonis
3467 2394 3756 2450 meminit.

2289 2482 2464 2538 Porro
2504 2481 2716 2537 Urbani
2769 2485 3060 2554 parentes,
3111 2481 3449 2556 quicunque
3493 2483 3735 2539 demum
3777 2481 3872 2538 illi

2219 2570 2452 2637 fuerint,
2486 2569 2707 2626 domini
2738 2576 2904 2626 erant
2923 2571 3033 2627 vici
3065 2570 3504 2639 Bainsonensis,
3536 2573 3608 2628 ad
3640 2571 3874 2630 radices

2221 2659 2511 2716 montisin
2534 2677 2648 2731 quo
2662 2659 2842 2715 situm
2865 2659 3334 2716 estCastellionis
3351 2661 3633 2734 oppidum
3667 2661 3870 2734 positi.

2220 2749 2381 2806 Unde
2403 2749 2538 2822 quis
2570 2750 2714 2804 forte
2737 2765 2851 2803 non
2882 2747 3175 2806 immerito
3211 2749 3611 2823 suspicabitur
3639 2766 3738 2806 eos
3753 2749 3874 2806 etsi

2222 2837 2514 2910 Lageriaci
2561 2837 2672 2892 vici
2702 2835 2994 2902 dominos,
3028 2853 3097 2894 ex
3125 2837 3306 2910 stirpe
3336 2843 3533 2894 tamen
3564 2837 3878 2894 Castellio-

2221 2927 2492 2983 nensium
2525 2925 2961 2999 toparcbarum,
2995 2930 3214 2984 utmox
3239 2926 3504 2984 dicebam
3533 2925 3824 3000 prodiisse
3854 2945 3871 2985 :

2219 3032 2354 3072 cum
2389 3032 2504 3071 non
2554 3015 2726 3072 modo
2772 3015 3178 3086 Bainsonium,
3229 3017 3330 3072 sed
3377 3020 3436 3072 et
3483 3015 3874 3090 Lageriacum

2221 3121 2454 3178 quoque
2467 3103 2622 3160 haud
2655 3103 2856 3178 procul
2877 3121 2912 3160 a
2932 3103 3374 3162 Castellionensi
3395 3105 3607 3178 Oppido
3620 3103 3872 3176 distent,

2223 3200 2280 3250 et
2307 3193 2578 3250 Urbanus
2628 3194 2872 3266 passim,
2905 3197 3212 3250 auctorum
3242 3199 3364 3250 tam
3389 3199 3650 3250 veterum
3681 3209 3875 3266 quam

2221 3283 2606 3338 recentiorum
2638 3298 2948 3352 consensu,
2975 3283 3418 3339 Castellionensis
3448 3282 3640 3338 dictus
3664 3283 3874 3338 fuerit.

473 3389 636 3450 mum
670 3355 1070 3448 morabantur,
1103 3373 1174 3428 ob
1204 3371 1263 3427 id
1295 3371 1672 3444 potissimum
1723 3373 1879 3446 quod
1917 3375 2116 3428 essent
2143 3355 2188 3422 C
2224 3371 2388 3438 Quod
2416 3387 2550 3428 vero
2596 3369 2978 3428 Bainsonium
3009 3371 3093 3436 ad
3137 3369 3352 3428 Urbani
3385 3374 3654 3443 parentes
3685 3371 3880 3444 perti-

471 3462 778 3536 Remensis
825 3461 1092 3518 Ecclesiae
1138 3461 1391 3529 milites;
1447 3465 1624 3534 atque
1669 3461 1812 3518 adeo
1843 3477 1909 3518 ex
1941 3460 2115 3518 alter-

473 3550 624 3606 utris
674 3551 944 3607 Urbanus
987 3550 1046 3605 in
1098 3551 1226 3624 ipsa
1286 3550 1600 3606 Remorum
1672 3551 1900 3607 civitate
1953 3551 2114 3608 nasci

473 3639 749 3712 potu‘it.ld
801 3645 953 3697 certe
999 3639 1192 3695 innuit
1221 3639 1530 3697 Ordericus
1581 3638 1790 3696 Vitalis
1833 3639 1984 3696 libro
2011 3657 2114 3696 vm

469 3729 732 3786 Historiae
785 3729 1208 3798 ecclesiasticae,
1260 3729 1362 3784 ubi
1419 3745 1555 3784 eum
1585 3730 1760 3784 civem
1803 3730 2115 3786 Remensem

470 3817 987 3896 diserte'appellat.
1041 3818 1168 3886 Odo,
1214 3816 1426 3889 inquit,
1475 3817 1697 3872 natione
1753 3817 1962 3886 Gallus,
2013 3834 2112 3874 no-

471 3907 682 3962 bilitate
709 3915 760 3962 et
807 3906 1230 3962 mansuetudine
1274 3907 1479 3972 clarus,
1512 3907 1647 3960 civis
1672 3906 1965 3975 Remensis,
1999 3911 2108 3963 etc.

538 3995 736 4067 Neque
784 3994 893 4050 hoc
941 3995 1012 4050 ab
1066 4011 1132 4050 eo
1164 3997 1401 4050 auctore
1431 3997 1649 4049 temere
1680 3992 1900 4048 dictum
1929 3995 2111 4052 fuisse

463 4083 681 4156 aliquis
714 4087 894 4156 putet.
947 4083 1092 4138 Nam
1153 4087 1544 4154 praaterquam
1594 4081 1749 4154 quod
1800 4083 2110 4141 Ordericus

465 4190 580 4246 prze
603 4172 827 4230 caeteris
857 4171 1243 4246 scriptoribus
1282 4175 1592 4227 accuratus
1623 4176 1682 4228 et
1710 4169 1960 4245 diligens
1997 4177 2106 4244 est,

463 4263 520 4317 id
553 4263 747 4334 ipsum
769 4279 802 4318 a
823 4262 1046 4319 JOanne
1077 4260 1358 4333 magistro
1403 4277 1530 4328 suo,
1566 4260 1764 4316 Remis
1795 4264 1950 4331 nato,
1987 4263 2106 4320 dis-

464 4364 592 4407 cere
605 4354 890 4423 potuerat,
912 4335 1148 4405 illarum
1162 4365 1360 4405 rerum
1372 4349 1552 4422 probe
1563 4347 1870 4419 instructo,
1906 4354 2107 4424 utpote

462 4439 562 4512 qui
595 4457 663 4496 ex
685 4439 1030 4497 scholastice
1075 4438 1381 4494 Remensis
1427 4437 1720 4507 Ecclesiae,
1743 4439 1800 4494 in
1831 4455 2103 4512 quacum

457 4528 585 4600 ipso
633 4529 830 4584 Odone
851 4528 1007 4583 haud
1029 4526 1206 4582 dubio
1221 4526 1406 4582 fuerat
1423 4527 1730 4600 educatus,
1767 4529 1956 4586 factus
1975 4529 2099 4586 Uti-

459 4617 650 4674 censis
679 4616 1022 4682 monachus,
1054 4616 1184 4687 ejus
1213 4615 1552 4672 monasterii
1586 4615 1816 4675 scholas
1838 4622 2102 4692 tempore

2226 3460 2439 3528 nuerit,
2472 3459 2568 3516 ille
2587 3460 2714 3532 ipse
2737 3465 2990 3516 testatur
3019 3459 3080 3515 in
3110 3457 3430 3530 diplomate
3460 3475 3564 3532 pro
3593 3459 3722 3532 ejus
3753 3457 3881 3518 loci

2221 3549 2503 3622 prioratu,
2527 3565 2704 3622 quem
2734 3565 2976 3606 suorum
3001 3556 3294 3621 parentum
3317 3549 3678 3620 facultatibus
3700 3548 3882 3607 dota-

2222 3645 2346 3695 tun:
2398 3633 2579 3696 fuisse
2625 3639 2854 3696 asserit.
2908 3638 3136 3694 Etenim
3189 3637 3346 3694 hunc
3403 3638 3620 3706 locum,
3689 3654 3882 3710 quem

2219 3725 2588 3784 Tbeobaldus
2606 3726 2988 3783 Suessionum
3019 3725 3329 3798 episcopus
3351 3724 3610 3798 primum
3634 3742 3752 3782 suae
3770 3726 3886 3783 Ec-

2222 3815 2409 3874 clesiae
2451 3815 2820 3884 attribuerat,
2870 3831 2936 3872 ac
2987 3803 3374 3888 postmodum
3429 3819 3639 3888 agente
3683 3812 3881 3874 altero

2219 3906 2574 3976 Theobaldo,
2603 3905 2812 3962 comite
2833 3904 3088 3978 palatino
3110 3903 3402 3974 Trecensi,
3427 3909 3494 3960 ut
3515 3904 3690 3960 refert
3719 3903 3881 3961 Che-

2219 3994 2769 4066 snius,monasterio
2785 3993 3182 4051 Coinciacensi
3197 3994 3307 4051 sub
3318 3993 3525 4068 viginti
3538 3991 3880 4052 solidorum

2217 4103 2410 4142 annuo
2442 4102 2618 4141 censu
2649 4083 2948 4140 canonicis
2975 4081 3420 4140 Suessionensis
3449 4080 3718 4138 Ecclesia:
3733 4099 3885 4155 per-

2215 4174 2490 4232 solvendo
2548 4173 2898 4246 subjecerat,
2963 4171 3446 4231 Cluniacensibus
3494 4169 3880 4251 confirmavit

2214 4264 2492 4336 pontifex,
2516 4280 2633 4320 non
2665 4263 2838 4319 modo
2868 4263 3233 4332 auctoritate,
3267 4277 3382 4334 qua
3412 4259 3688 4334 pollebat,
3723 4275 3881 4333 apo-

2213 4351 2421 4410 stolica
2456 4371 2471 4423 ;
2505 4369 2709 4409 verum
2757 4353 2935 4408 etiam
2983 4351 3056 4408 ob
3085 4350 3330 4423 id,quod
3358 4349 3454 4406 hic
3485 4365 3700 4406 census
3735 4365 3880 4408 cum

2206 4444 2384 4517 patris
2428 4443 2520 4499 sui
2557 4458 2819 4499 consensu
2857 4439 3164 4496 institutus
3197 4439 3425 4505 fuisset,
3469 4442 3527 4494 et
3573 4435 3738 4494 locus
3767 4437 3884 4500 ille

2210 4548 2337 4588 eum
2383 4548 2454 4587 ex
2505 4535 2802 4604 parentum
2855 4530 2986 4602 jure
3025 4529 3361 4599 contingeret
3435 4526 3870 4586 Bainsonensis

2211 4625 2403 4678 autem
2427 4620 2722 4693 prioratus
2733 4617 3024 4690 hodieque
3037 4615 3396 4686 subsistit,in
3412 4614 3675 4688 catalogo
3692 4631 3879 4690 gene-

457 4706 715 4762 Orderici
738 4705 1165 4778 regebat.Hand
1189 4704 1443 4760 multum
1471 4705 1542 4760 ab
1565 4721 1634 4762 ea
1654 4706 1924 4779 opinione
1955 4725 2104 4766 rece-
2131 4725 2180 4789 ο
2211 4709 2320 4766 rali
2343 4709 2756 4766 beneﬁciorum
2787 4705 3010 4762 ordinis
3050 4704 3454 4762 Cluniacensis
3497 4704 3685 4760 Sancti
3711 4705 3886 4764 Petri

455 4795 540 4851 dit
567 4795 882 4851 Guibertus
929 4793 1227 4868 Novigenti
1279 4793 1482 4861 abbas,
1531 4799 1589 4850 et
1637 4795 1763 4869 ipse
1793 4801 2100 4854 accuratus

454 4889 676 4952 auctor,
712 4889 974 4956 tempore
993 4887 1052 4938 et
1083 4883 1208 4938 loco
1234 4883 1557 4954 proximus,
1591 4883 1693 4956 qui
1726 4885 2004 4943 Urbanum
2029 4904 2100 4944 ex

449 4975 684 5029 Francia
714 4975 863 5028 claro
913 4987 982 5028 ex
1024 4973 1270 5042 germine
1317 4972 1608 5028 oriundum
1639 4989 1708 5029 eo:
1742 4977 2017 5032 territorio
2045 4981 2098 5032 et

449 5062 592 5118 clero
617 5063 882 5129 Remcnsi,
900 5063 1032 5133 post
1051 5058 1268 5116 multos
1280 5061 1580 5134 gradusad
1602 5063 1817 5118 summi
1845 5064 2096 5136 denique

452 5150 830 5224 pontificatus
863 5149 1084 5223 apicem
1117 5149 1426 5223 pertigisse
1447 5151 1756 5208 scribit.Ex
1776 5152 1866 5208 his
1897 5165 2092 5209 autem

447 5244 606 5312 patet
635 5257 812 5312 quam
867 5239 983 5294 late
1032 5238 1370 5311 accipienda
1401 5226 1519 5296 si'nt
1549 5241 1832 5298 Guidonis
1859 5242 2090 5298 abbatis

445 5330 640 5398 verba,
665 5329 766 5402 qui
791 5333 950 5384 tomo
974 5327 1375 5384 IBibliothecae
1391 5329 1730 5398 Labbeanae,
1765 5329 1824 5386 in
1845 5329 2090 5387 historia

444 5419 721 5474 abbatum
773 5417 957 5474 sancti
1019 5417 1293 5474 Germani
1340 5418 1834 5475 Antisiodorensis
1882 5435 2006 5492 cap.
2053 5421 2088 5474 8

444 5507 707 5579 scripsit:
735 5508 1011 5564 Urbanum
1025 5509 1084 5562 in
1105 5507 1566 5564 Antisiodorensis
1601 5508 1838 5563 civitatis
1851 5508 2086 5578 conﬁnio

441 5601 639 5652 natum
667 5605 718 5652 et
770 5597 1056 5653 educatum
1093 5599 1283 5668 fuisse.
1334 5597 1404 5652 Et
1434 5596 1670 5669 quidem
1713 5611 1929 5668 magna
1957 5612 2086 5654 esse

441 5703 556 5740 non
603 5685 772 5741 debet
815 5703 882 5760 ea
914 5685 974 5742 in
1022 5703 1082 5743 re
1108 5687 1236 5758 ejus
1259 5684 1565 5758 scriptoris
1610 5685 1952 5754 auctoritas,
1983 5686 2084 5758 qui

441 5773 653 5835 saeculo
676 5791 776 5834 xm
793 5780 1044 5836 exeunte
1064 5775 1308 5836 vivebat.
1343 5776 1417 5834 At
1461 5773 1646 5834 multo
1677 5774 1867 5856 magis
1887 5791 1922 5833 a
1947 5791 2082 5838 vero

2208 4799 2273 4855 de
2319 4799 2581 4854 Buissono
2631 4794 2980 4868 appellatus,
3053 4793 3294 4852 diwcesis
3350 4793 3760 4851 Suessionensis
3808 4797 3884 4856 in

2206 4889 2360 4954 Bria,
2413 4903 2515 4942 seu
2571 4885 2764 4958 potius
2804 4884 2864 4940 in
2895 4883 3234 4958 Campania,
3275 4900 3447 4957 prope
3479 4883 3884 4944 Castellionem

2203 4993 2369 5050 supra
2400 4975 2726 5032 Matronam.
3384 5033 3395 5043 ε

2347 5065 2416 5120 Il.
2455 5065 2706 5120 Urbanus
2741 5063 2918 5118 Remis
2943 5061 3200 5118 educatus
3229 5061 3328 5116 sub
3355 5061 3410 5116 S.
3439 5063 3716 5118 Brunone.

2273 5155 2532 5209 Odonem
2564 5153 2622 5208 in
2657 5151 2928 5208 Remensi
2959 5149 3238 5218 Ecclesia,
3264 5167 3390 5222 quae
3423 5154 3562 5204 tunc
3593 5151 3719 5205 erat
3733 5166 3880 5210 ma-

2198 5259 2448 5314 gnorum
2479 5241 2741 5298 virorum
2769 5240 2832 5296 in
2866 5239 3070 5297 Galliis
3093 5237 3502 5306 seminarium,
3538 5237 3878 5300 educatum

2197 5330 2378 5388 fuisse
2391 5348 2616 5388 ommes
2631 5347 2746 5387 uno
2759 5346 2856 5387 ore
2869 5330 3206 5398 fatentur;et
3217 5325 3455 5400 quidem
3468 5325 3570 5382 seb
3583 5325 3881 5388 Brunone

2196 5420 2675 5494 magistro,cujus
2689 5419 2846 5476 fama
2857 5418 2976 5476 illis
2987 5415 3352 5490 temporibus
3364 5431 3468 5488 per
3479 5418 3660 5471 totam
3675 5415 3881 5474 Euro-

2194 5525 2331 5582 pam
2351 5508 2597 5566 celebris
2616 5511 2969 5582 erat,postea
2979 5511 3178 5562 tamen
3197 5502 3381 5559 multo
3395 5501 3682 5561 illustrior
3695 5503 3830 5562 futu
3843 5539 3878 5552 -

2191 5614 2416 5666 ra,cum
2432 5597 2663 5672 primus
2675 5595 2896 5654 ordinis
2918 5591 3764 5652 Carthusianoruminstitutor
3793 5603 3873 5655 et

2189 5705 2402 5762 parens
2428 5688 2618 5744 factus
2651 5690 2759 5743 est.
2805 5688 2970 5742 Certe
3025 5683 3288 5739 Odonem
3326 5681 3513 5738 fuisse
3552 5681 3876 5744 Brunonis

2189 5775 2553 5858 discipulum
2584 5781 2853 5836 auctores
2880 5771 3104 5854 vulgati
3133 5771 3628 5849 passimtradunt,
3647 5786 3856 5852 neque
