3972 6444
140 588 201 661 f3
1416 618 1423 621 ‘
1701 600 1912 667 VITA.

3427 598 3509 665 ﬂ

136 732 182 786 id
209 731 513 804 quisquam
533 730 919 804 jureinticiari
941 737 1151 806 potest,
1176 748 1309 790 cum
1342 750 1505 807 aque
1526 738 1749 792 certum
1775 734 1835 806 Α
1864 735 2642 804 Remensiscuramdimisit,
2672 736 2766 793 vix
2779 750 3000 793 annum
3013 733 3305 807 attigisset
3319 732 3508 791 atatis

134 821 212 889 sit,
231 822 456 877 nemine
468 821 867 892 dissentiente,
891 826 949 879 et
961 823 1291 879 Brunonem
1310 827 1451 880 tunc
1472 825 1751 898 temporis

133 911 411 967 Remensis
444 910 712 967 Ecclesiae
730 911 947 969 scholis
964 912 1288 985 praefuisse,
1310 918 1369 970 et
1397 912 1699 970 Urbanum
1717 931 1752 969 a

129 999 320 1056 teneris
349 999 407 1054 in
443 1000 647 1055 eadem
660 999 922 1057 Ecclesia
946 1001 1128 1057 fuisse
1146 1002 1489 1058 enutritum.
1518 1002 1751 1058 Utrum-

128 1105 224 1162 que
248 1088 462 1145 diserte
493 1088 749 1145 afﬁrmat
776 1093 941 1146 vetus
971 1094 1174 1146 auctor
1203 1090 1383 1147 libelli
1415 1096 1492 1147 De
1512 1091 1746 1147 institu-

127 1176 359 1234 tionibus
388 1177 935 1246 Carthusianorum,
969 1196 1003 1234 a
1032 1179 1260 1237 Labbeo
1288 1184 1449 1235 tomo
1479 1184 1505 1235 Ι
1536 1179 1748 1235 Biblio-

127 1268 282 1324 theca
312 1284 469 1323 nova
503 1284 571 1323 ex
600 1270 830 1324 vetusto
877 1268 1073 1324 codice
1124 1269 1465 1341 Remigiano
1513 1269 1745 1337 editus;

124 1358 208 1428 qui
230 1358 404 1413 etiam
435 1356 604 1412 addit
631 1357 962 1412 Brunonem
995 1358 1240 1413 Romam
1272 1358 1486 1415 adiisse
1531 1362 1750 1428 cogente

124 1448 332 1518 Urbano,
362 1446 520 1518 cujus
548 1445 820 1519 quondam
838 1452 1147 1519 praeceptor
1171 1449 1372 1519 fuerat.
1395 1449 1467 1503 Et
1510 1448 1748 1521 quidem

122 1536 201 1591 hic
228 1533 459 1591 libellus
489 1534 742 1590 habetur
766 1535 825 1591 in
849 1536 1044 1593 codice
1063 1554 1174 1592 ms.
1199 1536 1519 1593 Carthusia
1549 1537 1749 1593 Porta-

120 1641 252 1695 rum,
284 1622 679 1698 quadraginta
706 1624 933 1682 circiter
953 1625 1122 1681 annis
1154 1629 1287 1699 post
1314 1625 1607 1683 Brunonis
1629 1625 1750 1683 obi-

119 1720 227 1771 tum
255 1718 509 1771 exarata.

177 1804 266 1858 His
296 1806 552 1875 opponet
604 1803 847 1859 fortasse
897 1820 1012 1859 non
1066 1821 1235 1861 nemo
1286 1821 1488 1861 eorum
1520 1805 1743 1877 opinio-

115 1909 228 1949 nem
258 1893 358 1965 qui
374 1893 486 1948 Bru
498 1908 705 1948 nonem
726 1892 1294 1968 quinquagenarium
1312 1894 1526 1952 obiisse
1543 1895 1748 1965 dicunt

112 1999 246 2038 anno
277 1981 440 2037 1101.
473 1980 535 2037 Si
563 1981 721 2038 enim
744 1981 923 2038 semel
956 1982 1011 2037 id
1058 1983 1422 2052 admittatur,
1456 2000 1591 2039 cum
1637 1983 1742 2040 Ur-

113 2072 279 2127 banus
310 2086 467 2126 anno
499 2069 591 2125 sui
624 2070 998 2143 pontiﬁcatus
1028 2072 1375 2129 duodecimo
1405 2072 1633 2138 obierit,
1688 2077 1744 2130 et

110 2162 329 2233 quidem
357 2164 495 2215 ante
508 2159 861 2228 Brunonem,
881 2159 1165 2218 dicendus
1178 2162 1288 2218 erit
1312 2162 1440 2236 ipso
1470 2163 1741 2219 Brunone

110 2239 257 2306 atate
288 2248 635 2321 provectior,
686 2252 787 2305 aut
830 2247 1037 2305 saltem
1086 2250 1326 2323 aqualis
1357 2252 1407 2307 ei
1439 2252 1641 2320 fuisse,
1674 2269 1741 2308 ac

106 2339 329 2411 proinde
359 2355 480 2393 non
512 2337 771 2412 potuisse
801 2339 911 2395 sub
941 2339 1071 2411 ejus
1100 2339 1435 2412 magisterio
1463 2340 1693 2397 educari
1724 2360 1738 2410 ;

105 2433 153 2484 at
176 2427 229 2484 id
258 2426 480 2483 falsum
512 2443 643 2482 esse
673 2427 1001 2484 manifestis
1030 2430 1394 2502 argumentis
1444 2429 1609 2485 facile
1640 2431 1739 2487 de-

103 2516 450 2573 monstrabo.

158 2607 369 2663 Verum
406 2605 756 2678 priusquam
787 2606 858 2661 de
873 2606 1165 2663 Brunonis
1181 2612 1347 2664 atate
1378 2608 1598 2681 aliquid
1622 2614 1737 2665 sta-

103 2700 351 2762 tuamus,
385 2695 505 2749 duo
537 2694 945 2766 pramittenda
974 2701 1132 2751 sunt.
1167 2697 1382 2766 Primo,
1427 2697 1739 2771 scriptores

106 2787 266 2841 ferme
278 2800 491 2842 omnes
504 2783 624 2839 sive
636 2783 927 2857 antiquos,
959 2785 1077 2841 sive
1091 2786 1460 2856 recentiores,
1474 2788 1737 2844 unanimi

100 2890 369 2931 consensu
404 2873 740 2929 Brunonem
771 2871 985 2929 Urbani
1016 2875 1363 2947 magistrum
1387 2875 1734 2950 appellasse.

100 2965 373 3029 Secundo,
406 2960 728 3019 nonnullos
752 2961 896 3018 alios
928 2979 959 3019 e
988 2964 1278 3020 Brunonis
1331 2965 1635 3039 discipulis
1663 2968 1734 3023 ad

99 3054 514 3126 episcopatum,
547 3050 779 3107 Urbano
809 3051 999 3108 adhuc
1019 3052 1262 3125 vivente,
1287 3058 1512 3111 evectos
1535 3056 1733 3125 fuisse,

102 3142 235 3213 quod
269 3140 519 3214 proinde
549 3155 711 3211 aque
740 3138 972 3195 Urbano
1003 3157 1067 3197 ac
1098 3141 1227 3199 istis
1259 3144 1591 3217 contingere
1636 3164 1736 3218 p0-

104 3232 214 3285 tuit.
246 3233 405 3287 Sane
437 3232 665 3285 certum
696 3232 788 3285 est
817 3230 886 3285 de
925 3229 1122 3286 Odone
1167 3231 1519 3305 Burgundia
1571 3235 1737 3292 ducis

102 3320 258 3376 fratre
290 3335 361 3376 ac
421 3316 685 3392 principe
714 3318 930 3390 eregia
977 3319 1332 3377 Francorum
1378 3324 1579 3396 stirpe,
1636 3325 1737 3398 qui

100 3408 219 3465 licet
239 3409 490 3475 litteras,
522 3409 590 3463 ut
618 3405 869 3478 ipsemet
896 3411 1146 3465 testatus
1176 3414 1283 3479 est,
1316 3412 1428 3466 sub
1467 3412 1739 3471 Brunone

1858 843 1979 881 sua
2006 826 2361 899 vigesimum
2394 825 2806 900 quintum,aut
2835 829 2990 882 certe
3010 821 3366 897 vigesimum
3387 837 3515 880 sex-

1858 919 2008 971 tum.
2043 918 2276 972 Certum
2309 915 2525 988 quippe
2548 918 2637 972 est
2665 930 2801 977 eum
2832 913 3049 971 rexisse
3102 911 3308 970 multis
3337 909 3510 969 annis

1858 1004 2089 1061 scholas
2122 1005 2460 1072 Remenses;
2494 1004 2647 1077 quod
2680 1003 2918 1060 nonnisi
2947 1004 3020 1060 ad
3051 999 3386 1075 quindecim
3407 1003 3513 1057 aut

1858 1094 2165 1151 duodecim
2199 1111 2383 1150 annos
2414 1093 2644 1150 extendi
2675 1096 2887 1166 potest,
2912 1100 2968 1149 et
2997 1090 3083 1150 sic
3111 1088 3512 1148 celeberrima-

1857 1200 1988 1239 rum
2003 1182 2213 1240 harum
2226 1181 2560 1239 scholarum
2573 1182 2779 1255 prafec
2787 1185 2975 1238 turam
2988 1178 3344 1252 suscepisset
3353 1194 3507 1235 anno

1854 1273 2040 1329 atatis
2072 1290 2192 1329 sua
2225 1272 2454 1329 circiter
2511 1270 2880 1337 duodecimo,
2942 1272 3045 1327 aut
3073 1270 3148 1326 ad
3200 1280 3506 1326 summum

1858 1363 2062 1434 quinto
2094 1361 2340 1418 decimo:
2357 1362 2513 1434 quod
2535 1377 2706 1417 nemo
2733 1376 2887 1416 sana
2900 1357 3138 1425 mentis,
3168 1360 3237 1415 ut
3265 1355 3505 1429 quidem

1857 1450 2004 1506 mihi
2034 1451 2284 1518 videtur,
2317 1450 2544 1506 dixerit.
2559 1454 2892 1506 Brunonem
2919 1464 3054 1505 vero
3070 1445 3173 1504 diu
3203 1444 3507 1503 Remensi-

1856 1541 1967 1597 bus
1998 1540 2214 1597 scholis
2244 1539 2547 1613 praefuisse
2567 1538 2801 1596 disertis
2825 1537 3017 1595 verbis
3033 1537 3334 1594 affirmant
3353 1533 3507 1592 inter

1855 1628 2004 1686 alios
2034 1631 2162 1702 ejus
2186 1629 2546 1696 laudatores,
2574 1627 2636 1683 in
2666 1626 2878 1683 rotulis
2907 1629 3040 1699 post
3076 1625 3208 1696 ejus
3249 1627 3502 1680 mortem

1856 1721 1928 1777 ad
1959 1718 2119 1775 varia
2146 1717 2272 1775 loca
2300 1716 2688 1784 transmissis,
2719 1715 3009 1773 Noliensis
3035 1711 3375 1771 monasterii
3404 1728 3501 1769 ca-

1854 1809 2047 1865 nonici
2082 1806 2398 1880 regulares,
2433 1804 2534 1878 qui
2564 1806 2684 1861 visa
2739 1802 2993 1860 schedula
3051 1818 3169 1874 qua
3215 1800 3501 1857 Brunonis

1853 1898 2302 1970 incomparabilis
2328 1894 2639 1968 philosophi
2661 1894 2868 1950 obitum
2891 1892 3145 1964 patefecit
3161 1889 3501 1964 ingemuere

1853 1989 1925 2046 ob
1947 1986 2096 2044 tanti
2126 1984 2230 2041 viri
2261 1999 2557 2049 occasum,
2586 1983 2686 2056 qui
2709 1981 2918 2037 dudum
2944 1979 3195 2037 Ecclesia
3221 1978 3364 2035 sedis
3393 1978 3501 2034 Re-

1852 2079 2124 2134 mensium
2152 2090 2394 2131 summus
2406 2073 2735 2129 didascalus.
2746 2112 2758 2126 .
2770 2078 2840 2127 .et
2853 2069 3107 2126 columna
3127 2071 3290 2126 totius
3305 2074 3502 2124 ’κεινο-

1846 2169 1988 2241 polis
2002 2166 2101 2221 diu
2115 2161 2622 2223 esstiteratNolien
2631 2160 2797 2216 sibus
2809 2157 3184 2217 consentiunt
3198 2156 3500 2214 cateriEc—

1848 2256 2162 2314 clesiarum
2195 2257 2254 2310 et
2283 2249 2773 2309 monasteriorum
2784 2251 3104 2307 conventus
3118 2245 3180 2302 in
3202 2244 3500 2304 similibus

1849 2345 2077 2415 rotulis,
2109 2343 2209 2400 ubi
2224 2358 2358 2398 eum
2370 2339 2545 2398 variis
2573 2338 2865 2396 honorum
2876 2335 3065 2395 titulis
3086 2335 3496 2393 condecorant.

1848 2436 2013 2491 Hunc
2037 2449 2305 2507 gemmam
2349 2429 2559 2503 sophiae
2608 2425 2910 2501 appellant
2965 2423 3231 2482 canonici
3277 2423 3498 2481 Sancta

1849 2521 2043 2581 Maria
2074 2519 2388 2588 Blesensis;
2424 2519 2597 2575 lucem
2615 2515 2973 2574 ecclesiarum
3003 2510 3275 2570 monachi
3308 2509 3497 2568 Bello-

1846 2628 2123 2669 vacenses
2180 2609 2377 2666 Sancti
2442 2606 2729 2669 Luciani;
2785 2604 3159 2661 clarissimum
3201 2600 3500 2674 sophistam

1848 2702 2240 2758 Maciacenses
2270 2696 2468 2754 Sancti
2523 2693 2863 2762 Maximini;
2921 2691 3191 2747 doctorem
3216 2689 3497 2745 doctorum

1847 2792 2283 2856 Bernacenses;
2330 2787 2722 2858 magistrorum
2766 2782 2927 2837 decus
2978 2780 3278 2849 remigium
3321 2776 3497 2833 turba

1847 2882 2120 2938 Remeusis
2152 2875 2508 2933 Parisienses
2529 2873 2753 2929 Sancta
2768 2869 2962 2927 Maria
2984 2866 3225 2940 majoris
3241 2864 3499 2923 ecclesia

1847 2969 2131 3038 canonici;
2164 2967 2321 3023 hunc
2352 2964 2617 3020 doctrina
2654 2960 2953 3033 praebuisse
2992 2954 3203 3013 undam
3246 2953 3501 3027 gentibus

1845 3070 1896 3119 et
1915 3062 2096 3127 cleris,
2129 3057 2297 3113 aiunt
2322 3051 2520 3109 Sancti
2552 3048 2811 3108 Gervasii
2852 3045 3245 3114 Valesienses;
3286 3045 3502 3099 cunctos

1844 3164 2125 3223 superasse
2172 3148 2277 3202 toto
2324 3146 2383 3199 in
2422 3141 2549 3199 orbe
2593 3140 2904 3209 magistros.
2963 3132 3163 3192 Sancti
3194 3130 3499 3223 i'l‘imothei

1849 3222 2184 3295 Remenses:
2217 3236 2333 3306 ejus
2363 3231 2613 3288 doctrina
2643 3233 2717 3285 tot
2744 3229 2914 3299 factos
2940 3239 3053 3282 esse
3079 3222 3351 3296 sapientes
3376 3228 3505 3293 quot

1846 3344 1999 3385 mens
2027 3326 2198 3383 nescit
2225 3324 2448 3380 Sancta
2478 3316 2666 3375 Mariae
2682 3315 3123 3389 Spulingenses;
3149 3315 3207 3368 et
3226 3309 3501 3369 monachi

1848 3416 2045 3474 Sancti
2104 3410 2325 3470 Nicolai
2376 3405 2816 3480 Andegavensis
2873 3403 2989 3476 ejus
3043 3403 3349 3459 doctrinam
3388 3404 3497 3457 toto

102 3499 283 3554 Remis
314 3495 816 3565 didicisset,anno
840 3499 1206 3567 tamen1085,
1242 3507 1512 3558 monente
1529 3504 1737 3577 Viguc-
1767 3480 1811 3548 θ
1846 3508 2059 3581 fulgere
2088 3506 2149 3560 in
2179 3502 2322 3570 orbe,
2357 3497 2651 3568 undeejus
2671 3509 2924 3569 sequaces
2939 3508 3068 3550 esse
3099 3493 3303 3564 optant
3322 3504 3496 3547 cano-

97 3586 193 3654 rio,
227 3586 622 3659 Lingonensis
653 3585 962 3659 episcopus
995 3588 1181 3644 factus
1220 3593 1329 3660 est,
1380 3591 1741 3665 proindequc

97 3675 338 3733 triennio
370 3680 690 3748 antequam
723 3675 992 3732 Urbanus
1029 3677 1307 3734 thronum
1357 3681 1739 3753 apostolicum

95 3766 534 3821 conscenderet.
567 3763 855 3821 Similiter
885 3765 1232 3823 Lambertus
1262 3767 1667 3838 Pultariensis,
1685 3775 1743 3828 et

98 3854 294 3910 Petrus
326 3855 389 3911 S.
415 3853 660 3911 Joannis
691 3853 1003 3910 Vinearum
1024 3858 1177 3929 apud
1198 3858 1539 3915 Suessiones
1563 3860 1739 3916 abba-

94 3938 196 4013 tes,
231 3943 337 4018 qui
367 3943 546 4000 etiam
573 3943 864 4000 Brunonis
896 3945 1252 4017 magisterio,
1284 3951 1349 4003 ut
1379 3947 1492 4021 ipsi
1541 3948 1744 4006 dicunt

93 4033 146 4089 in
176 4032 394 4090 rotulis
422 4036 554 4105 post
581 4037 830 4088 mortem
852 4034 1037 4089 sancti
1065 4034 1172 4090 viri
1192 4037 1581 4109 transmissis,
1604 4040 1742 4097 ado-

94 4121 372 4190 leverunt,
398 4121 509 4177 has
525 4120 1094 4194 dignitates,vivente
1116 4124 1307 4180 adhuc
1328 4125 1580 4197 Urbano,
1596 4129 1742 4185 obti-

95 4218 369 4268 nuerunt.
399 4212 547 4268 Cum
577 4210 776 4284 itaque
791 4212 908 4266 hac
926 4214 1184 4268 omnimo
1203 4214 1273 4269 de
1291 4214 1408 4271 illis
1430 4221 1585 4273 certa
1602 4217 1743 4288 sint,

92 4319 200 4357 non
232 4302 413 4357 video
431 4318 548 4373 qua
579 4299 801 4355 ratione
820 4306 1169 4373 negarentur
1183 4303 1253 4359 de
1282 4303 1535 4375 Urbano,
1571 4324 1746 4379 quem

92 4408 155 4446 ex
184 4395 461 4447 veterum
493 4393 803 4446 auctorum
862 4390 1196 4448 testimonio
1252 4397 1479 4450 constat
1528 4396 1747 4452 factum

94 4481 460 4551 pontificem,
493 4494 631 4533 cum
660 4482 825 4536 atate
852 4479 1137 4537 mediocris
1168 4488 1341 4551 esset,
1376 4488 1433 4539 et
1462 4501 1530 4541 ea
1559 4485 1748 4543 adhuc

95 4568 338 4626 ﬂorente
365 4572 617 4624 mortem
647 4566 882 4624 obiisse.

156 4658 294 4714 Jam
326 4672 468 4714 vero
500 4655 649 4712 side
680 4657 974 4713 Brunonis
1023 4663 1189 4715 atate
1237 4661 1627 4735 inquiramus,
1660 4664 1752 4723 vix

96 4745 351 4802 dubitati
365 4747 565 4819 potest
588 4744 729 4817 quin
748 4744 925 4802 vitam
941 4746 1098 4804 ultra
1118 4749 1547 4825 quinquaginta
1566 4772 1751 4811 annos

1848 3578 1964 3654 uici
1996 3589 2346 3650 cathedralis
2376 3586 2631 3644 ecclesia
2648 3584 2871 3641 Sancta
2890 3581 3092 3637 Crucis
3117 3578 3494 3636 Aurelianen-

1848 3688 1951 3743 sis.
1986 3683 2215 3740 Nimius
2246 3694 2436 3736 essem
2464 3677 2523 3731 in
2550 3674 2774 3730 cateris
2804 3670 3008 3743 elogiis
3037 3670 3167 3741 ejus
3188 3682 3494 3726 recensen-

1849 3775 2037 3831 dis.At
2067 3770 2333 3826 omittere
2364 3755 3495 3829 nonlicetcanonicorumAndegavensis

1848 3859 2115 3920 Ecclesia
2143 3854 2495 3913 cathedralis
2522 3851 2711 3909 sancti
2757 3846 3020 3906 Mauricii
3067 3842 3495 3912 testimonium,

1851 3969 1965 4025 quo
2013 3950 2346 4005 Brunonem
2406 3944 2681 4000 asserunt
2731 3938 3084 4012 magistrum
3143 3933 3328 3992 fuisse
3381 3949 3498 3990 non

1851 4023 2188 4115 puerorum,
2220 4038 2324 4092 aut
2355 4031 2650 4089 minorum
2681 4027 3049 4096 clericorum,
3087 4025 3189 4081 sed
3242 4023 3502 4081 virorum

1851 4110 2118 4203 gravium
2148 4128 2206 4181 et
2227 4124 2353 4195 jam
2383 4120 2709 4187 doctorum,
2738 4117 2841 4190 qui
2884 4115 2996 4172 sub
3053 4130 3120 4171 eo
3175 4112 3385 4182 divina,
3442 4110 3505 4203 id

1852 4200 1962 4285 est,
2020 4212 2376 4285 theologiam
2437 4207 2836 4267 addiscebant.
2898 4204 3062 4271 Quod
3120 4218 3263 4261 sane
3311 4200 3508 4274 arguit

1854 4324 1990 4363 eum
2009 4306 2136 4377 jam
2167 4306 2309 4357 tunc
2367 4302 2609 4355 matura
2667 4295 2854 4353 atatis
2888 4293 3070 4351 fuisse
3111 4308 3248 4349 cum
3307 4288 3508 4346 Remis

1856 4402 1992 4453 ante
2021 4409 2198 4451 suum
2230 4404 2530 4447 secessum
2581 4387 2832 4444 doceret.
2884 4384 2971 4440 En
3026 4381 3251 4455 aliquot
3299 4393 3509 4438 eorum

1854 4501 2085 4541 VCI'SUS.

1929 4575 2059 4647 Ejus
2088 4575 2141 4628 et
2161 4571 2371 4627 eximia
2399 4566 2707 4624 celebratur
2734 4564 2936 4637 ubique
2965 4561 3177 4636 sophia,

1929 4664 2232 4733 Plusquam
2261 4659 2498 4714 Maronis
2528 4655 2789 4713 laudatur
2817 4655 3014 4724 lingua
3042 4649 3338 4715 Brunonis,

1934 4751 2119 4808 Gloria
2138 4749 2390 4804 Plutonis
2420 4747 2632 4803 vilescit
2658 4743 2817 4801 laude
2846 4743 3140 4799 Brunonis.

98 4835 463 4905 produxerit.
493 4833 655 4899 Quod
688 4836 754 4890 ut
783 4834 1098 4906 evincatur,
1144 4838 1332 4911 primo
1377 4844 1754 4901 statuendum
1787 4854 1834 4918 D
1936 4843 2032 4897 Hic
2057 4837 2402 4911 praecellebat
2430 4834 2756 4901 doctoribus,
2790 4833 2879 4888 hic
2906 4830 3143 4904 faciebat

96 4930 177 4979 est
202 4930 451 4998 tempus
481 4940 598 4996 quo
630 4923 829 4979 Remis
861 4925 1064 4982 docere
1094 4928 1291 4983 desiit.
1328 4932 1490 4987 Certe
1519 4950 1587 4988 ex
1630 4938 1761 4991 Gre-

98 5012 239 5082 gorii
272 5013 379 5069 VII
412 5010 647 5079 litteris,
682 5016 739 5066 ct.
767 5028 835 5066 ex
861 5012 1137 5070 Guiberto
1179 5014 1480 5089 Novigenti
1530 5021 1758 5089 abbate,

98 5101 291 5177 colligi
328 5118 504 5175 posse
565 5100 797 5157 videtur
839 5101 1168 5160 Brunonem
1201 5105 1502 5163 Remensis
1550 5109 1761 5167 schola

96 5192 514 5260 praefecturam
549 5190 849 5247 dimisisse
867 5192 1167 5249 occasione
1200 5196 1505 5251 turbarum
1532 5215 1679 5270 quas
1705 5200 1763 5255 in

98 5281 462 5339 eaEcclesia
511 5281 819 5337 Manasses
866 5279 1340 5354 archiepiscopus
1396 5286 1760 5357 excitaverat,

94 5371 469 5445 proindeque
528 5387 683 5426 anno
734 5369 965 5425 circiter
1020 5371 1178 5440 1076,
1220 5376 1321 5428 aut
1371 5378 1658 5446 sequenti.
1694 5377 1765 5434 Et

94 5459 369 5528 quidem,
401 5458 572 5515 initio
602 5458 742 5515 anni
788 5458 946 5527 4078,
1008 5458 1333 5531 Godefridus
1377 5464 1762 5537 cancellarius,

96 5544 401 5606 Brunonis
430 5547 491 5604 in
522 5548 743 5605 scholis
771 5548 1040 5621 regendis
1070 5552 1128 5604 et
1155 5550 1213 5603 in
1232 5550 1561 5608 cancellarii
1582 5554 1768 5627 digni-

104 5637 221 5692 tate
250 5653 590 5708 successor,
625 5636 978 5709 subscripsit
1006 5635 1248 5694 concilio
1269 5640 1677 5698 Suessionensi
1706 5644 1767 5700 in

101 5738 279 5782 causa
310 5727 574 5784 ecclesia
603 5727 804 5784 Sancti
831 5725 1112 5791 Quintini.
1164 5728 1254 5796 At,
1288 5729 1338 5784 si
1367 5728 1560 5788 Bruno
1615 5750 1768 5789 anno

104 5810 231 5869 4101
268 5816 851 5892 quinquagenarius,
888 5820 949 5872 ut
976 5816 1180 5872 volunt
1227 5819 1564 5891 adversarii,
1597 5838 1627 5878 e
1654 5821 1770 5879 vita

105 5906 511 5983 accessisset,
542 5922 700 5968 anno
731 5904 876 5967 4076
901 5909 1004 5967 aut
1045 5911 1345 5988 sequente,
1394 5924 1509 5986 quo
1561 5910 1770 5976 schola

1942 4931 2188 4986 Summas
2217 4927 2471 4989 doctores,
2503 4940 2615 4980 non
2639 4919 2975 4978 instituendo
3000 4920 3265 4975 minores:

1944 5025 2142 5077 Doctor
2167 5016 2447 5073 doctorum
2474 5015 2585 5085 fuit
2610 5014 2718 5080 hic,
2748 5028 2861 5068 non
2887 5009 3297 5066 clericulorum.

1942 5111 2079 5164 Nam
2105 5123 2206 5162 nec
2235 5105 2481 5160 honestas
2515 5104 2819 5170 verborum,
2849 5116 2948 5156 nec
2976 5099 3271 5169 gravitates

1944 5196 2184 5267 Sumpsit
2217 5193 2491 5249 Brunonis
2519 5192 2636 5247 nisi
2666 5192 2751 5247 vir
2772 5205 2988 5259 inagna
3013 5185 3269 5244 rationis.

1942 5287 2171 5343 Nuntiat
2202 5283 2481 5352 egregiam
2508 5280 2699 5336 divina
2726 5277 2961 5336 docendo
2987 5274 3265 5348 sophiam.

1872 5377 2018 5432 Hinc
2050 5374 2108 5429 in
2141 5371 2424 5428 Chronico
2457 5368 2824 5426 Malleacenci
2843 5367 3037 5422 Bruno
3053 5364 3320 5437 perfectus
3344 5358 3527 5432 philo-

1871 5465 2072 5538 sophus
2100 5462 2172 5517 ab
2200 5459 2530 5516 Adhemaro
2574 5456 2920 5531 appellatur;
2977 5469 3153 5528 quem
3184 5450 3337 5507 inter
3385 5447 3531 5538 alios

1875 5535 1992 5611 non
2023 5549 2430 5623 Bereugarius,
2463 5553 2531 5604 ut
2557 5548 2799 5620 quidam
2832 5544 2982 5601 male
3021 5540 3379 5614 intelligunt,
3428 5535 3532 5594 sed

1877 5641 2191 5699 Fulbertus
2221 5637 2619 5704 Carnotensis,
2651 5652 2805 5693 anno
2833 5636 2973 5691 1028
2988 5632 3319 5698 defunctus,
3345 5623 3534 5700 philo-

1879 5728 2097 5803 sophia
2130 5745 2248 5784 sua
2279 5725 2567 5783 haredem
2600 5724 2935 5798 reliquerat.

1948 5821 2080 5877 Jam
2102 5834 2238 5874 vero
2257 5815 2390 5889 quis
2419 5815 2873 5872 dixerittantum
2887 5813 3100 5883 virum,
3135 5822 3310 5882 quem
3332 5814 3536 5889 omnes

1880 5910 2062 5975 ferme
2092 5883 2433 5978 Galliarum,
2464 5903 2684 5981 Anglia
2709 5907 2767 5964 et
2815 5901 2992 5964 Italiae
3039 5894 3308 5963 Ecclesiae
3352 5883 3535 5952 veluti
