3972 6394
457 551 557 618 ω

1773 547 1848 609 Β.
1893 541 2191 612 ΠΒΒΛΝΙ
2229 540 2284 608 Π
2324 543 2586 608 ΡΑΡΛΕ.
3778 536 3870 597 -16

481 679 1956 754 celeberrimumscientiarummagistrumcertatim
1974 679 2206 748 βοτη-Α
2305 677 2452 734 Vero
2501 676 2756 733 similius
2813 669 2939 746 est,
2980 661 3144 748 quod
3195 671 3433 748 scripsit
3483 671 3784 730 Albericus
3811 671 3871 727 in

458 771 851 840 -mendarunt,
884 771 992 828 has
1021 769 1226 828 laudes
1247 787 1434 827 annos
1450 769 1654 844 viginti
1674 769 1786 826 aut'
1801 769 1974 841 paulo
1991 767 2126 842 plus

464 863 578 916 aut
605 860 1020 918 minusnatum
1047 860 1471 934 promeruisse?
1484 859 1624 924 Quis
1655 859 1918 930 inquam,
1939 857 2050 914 sibi
2069 857 2126 911 in

474 950 744 1006 animum
771 949 1066 1007 induxerit
1095 951 1430 1006 Brunonem
1459 964 1528 1004 ea
1557 952 1722 1005 astate
1745 948 1844 1004 diu
1895 945 2128 1003 scholas

463 1039 620 1096 adeo
665 1039 924 1096 celebres
973 1055 1108 1096 cum
1157 1043 1323 1096 tanta
1363 1036 1711 1116 eruditionis
1759 1040 1816 1093 et
1854 1035 2128 1092 doctrinae

471 1127 634 1184 fama
657 1127 896 1199 rexisse,
936 1132 1152 1201 utpost
1176 1125 1381 1200 viginti
1405 1125 1752 1183 secessionis
1764 1141 1950 1181 annos
1971 1140 2130 1180 mors

473 1219 916 1290 ejus'tanquam
950 1217 1218 1276 omnium
1248 1217 1555 1271 doctorum
1587 1213 1852 1288 magistri
1877 1229 1910 1268 a
1931 1211 2132 1286 pleris-

473 1317 592 1378 que
601 1307 760 1362 orbis
781 1305 1096 1362 Christiani
1115 1302 1392 1361 Ecclesiis
1404 1302 1820 1360 celebrioribus
1835 1301 2134 1375 deplorata

478 1395 677 1452 fuerit.
706 1395 986 1468 Denique,
1020 1394 1071 1451 si
1098 1393 1354 1452 visiones
1379 1393 1441 1448 in
1473 1396 1684 1450 nostrae
1715 1408 1902 1448 causae
1938 1390 2129 1448 subsi-

477 1483 644 1540 dium
675 1485 964 1542 adducere
987 1483 1176 1550 liceat,
1201 1485 1394 1539 Bruno
1412 1499 1586 1538 senex
1603 1485 1748 1549 erat,
1772 1480 2134 1555 proindeque

477 1573 867 1646 quadraginta
897 1573 1160 1645 quinque
1185 1575 1292 1628 aut
1311 1572 1488 1628 etiam
1519 1570 1949 1644 quinquaginta
1961 1569 2132 1625 annis

475 1662 686 1733 major,
701 1677 836 1716 cum
859 1661 920 1716 in
933 1660 1565 1718 Calabriamoraretur.
1592 1659 1824 1716 Etenim
1849 1657 2133 1731 Rogerius

477 1766 692 1818 comes,
727 1755 788 1805 ut
821 1749 946 1822 ipse
982 1749 1039 1804 in
1071 1747 1312 1822 vulgata
1351 1766 1420 1805 ea
1448 1749 1522 1804 de
1575 1763 1634 1806 re
1665 1747 1868 1804 charta
1913 1751 2131 1816 narrat,

479 1855 613 1894 cum
642 1838 900 1911 Capuam
931 1839 1226 1907 obsideret
1254 1856 1289 1894 a
1315 1855 1442 1894 sene
1470 1838 1753 1894 rercrendi
1781 1838 1982 1902 vultus,
2033 1835 2133 1908 qui

479 1926 531 1981 ei
563 1927 893 1982 venerabilis
920 1928 1091 1982 Pater
1113 1927 1300 1981 Brimo
1331 1942 1459 1983 esse
1509 1924 1832 1993 videbatur,
1877 1924 2134 1980 monitus

482 2015 593 2071 fuit
623 2019 687 2071 ut
716 2016 786 2072 ab
819 2015 1054 2072 insidiis
1078 2015 1265 2088 Sergii
1288 2015 1597 2086 cujusdam
1627 2013 1934 2087 proditoris
1966 2029 2128 2070 cave-

483 2108 588 2160 ret.
621 2105 702 2160 Ex
713 2103 927 2177 quibus
940 2104 1215 2161 omnibus
1227 2103 1397 2160 facile
1410 2102 1704 2176 colligitur
1723 2101 1869 2158 nihil
1893 2102 2132 2158 omnino

479 2192 766 2265 impedire
797 2193 1120 2266 quominus
1153 2192 1507 2248 admittatur
1535 2192 1871 2248 Brunonem
1914 2190 2136 2248 Urbani

483 2297 618 2336 cum
651 2282 709 2336 in
742 2281 1014 2338 Remensi
1041 2280 1248 2339 schola
1273 2281 1484 2337 litteris
1501 2283 1750 2347 vacaret,
1781 2280 2134 2353 magistrum

484 2370 701 2435 fuisse;
715 2369 890 2443 idque
913 2387 1064 2427 anno
1095 2368 1294 2426 saeculi
1323 2369 1622 2440 undecimi
1653 2368 1884 2424 circiter
1898 2374 2135 2442 sexage-

484 2459 666 2516 simo.’
693 2459 852 2516 Unde
870 2475 1071 2516 rerum
1104 2458 1284 2516 series
1309 2458 1394 2514 sic
1423 2457 1684 2514 ordinari
1698 2461 1908 2530 potest:
1933 2459 2138 2514 (ierva-

483 2548 610 2605 sius
627 2551 796 2606 'a'nno
828 2549 971 2604 1055.
987 2547 1272 2605 thronum
1302 2547 1651 2604 Remensem
1671 2547 1938 2620 adeptus,
1962 2545 2138 2618 paulo

483 2643 616 2710 post
644 2637 1001 2705 Brunonem,
1017 2638 1146 2710 jam
1177 2641 1370 2706 antea,
1403 2647 1468 2692 ut
1497 2637 1798 2694 Manasses
1827 2635 2141 2692 afﬁrmavit

482 2726 541 2781 in
573 2743 684 2781 sua
730 2725 1017 2798 apologia,
1078 2725 1398 2782 canonicus
1445 2723 1815 2782 Coloniensis
1871 2723 2138 2781 Ecclesiae

483 2813 680 2870 Sancti
712 2813 1074 2886 Chuniberti,
1107 2815 1320 2870 Remos
1350 2814 1669 2881 advocavit,
1716 2814 1887 2887 eique
1925 2813 2140 2870 collata

483 2902 1132 2976 candellariidignitate,
1148 2919 1267 2959 suae
1283 2901 1551 2959 Ecclesia:
1583 2902 1916 2959 scholarum
1937 2920 2138 2960 curam

488 2991 882 3061 demandavit;
913 2990 1320 3048 enutriebatnr
1349 2996 1488 3048 tunc
1535 2992 1689 3048 inter
1719 2991 1864 3049 alios
1915 2991 2140 3050 nobiles

488 3082 617 3153 ejus
648 3082 836 3137 aetatis
861 3081 1103 3138 clericos
1131 3082 1256 3138 Odo
1281 3085 1496 3150 noster,
1530 3098 1705 3155 quem
1737 3082 1786 3137 si
1818 3098 1970 3139 anno
2001 3083 2141 3138 1060

489 3177 760 3228 Octavum
787 3171 1082 3226 decimum
1117 3170 1347 3237 circiter
1375 3171 1564 3228 etatis
1594 3188 1713 3228 suas
1739 3187 1960 3228 annum
2002 3170 2138 3227 atti~

483 3259 642 3332 gisse
672 3257 1078 3327 admittamus,
1111 3259 1266 3330 quod
1301 3255 1441 3314 sane
1465 3274 1611 3331 pene
1637 3261 1864 3314 certum
1885 3257 2136 3327 videtur;

485 3347 632 3403 nihil
665 3349 904 3404 omnino
931 3348 1190 3416 obstabit
1243 3347 1560 3420 quominus
1595 3364 1662 3404 eo
1705 3353 1967 3420 tempore
2023 3347 2134 3406 sub

2235 763 2541 823 Chronico.
2577 765 2874 822 Urbanum
2915 762 3178 819 Ecclesiae
3197 761 3501 819 Remensis
3521 761 3875 818 archidiaco-

2239 871 2379 911 num
2411 852 2613 910 fuisse.
2649 854 2703 910 Is
2734 852 3037 926 enimipse
3063 852 3314 922 estOdo,
3345 852 3527 908 sinon
3559 850 3709 908 fallit
3729 855 3878 908 cata-

2235 953 2405 1025 logus
2418 952 2964 1008 archidiaconorum
2977 949 3355 1007 Remensium
3369 968 3402 1006 a
3417 949 3658 1007 Marloto
3683 955 3835 1007 tomo
3858 950 3880 1005 Ι

2238 1041 2572 1114 Metropolis
2605 1041 2911 1098 Remensis
2949 1040 3164 1108 editus,
3225 1039 3325 1112 qui
3357 1057 3510 1096 anno
3565 1037 3706 1096 lO70
3733 1043 3881 1105 hanc

2238 1131 2584 1204 dignitatem
2597 1131 3064 1186 obtinebat.Cave
3084 1133 3281 1186 tamen
3295 1145 3368 1184 ne
3380 1127 3440 1184 ill
3451 1143 3547 1184 um
3561 1129 3882 1194 confundas

2239 1235 2371 1274 cum
2405 1218 2518 1276 alio
2549 1219 2814 1294 ejusdem
2846 1218 3104 1275 nominis
3138 1217 3543 1275 archidiacono
3591 1217 3881 1285 Remensi,
3964 1219 3968 1244 ¹

2240 1307 2342 1380 qui
2375 1307 2550 1364 variis
2590 1308 2810 1364 chartis
2855 1309 2965 1364 sub
3013 1306 3265 1364 Widone
3293 1311 3350 1364 et
3395 1307 3668 1364 Gervasio
3699 1305 3883 1363 archi-

2241 1395 2591 1470 praesulibus
2648 1396 2800 1454 inter
2847 1397 2994 1453 alios
3037 1395 3458 1470 subscripsisse
3505 1401 3880 1454 memoratur.

2239 1486 2385 1542 Cum
2415 1485 2573 1542 enim
2604 1486 2714 1542 iste
2729 1486 2878 1542 hanc
2892 1485 3239 1559 dignitatem
3255 1501 3408 1543 anno
3431 1487 3568 1542 1052
3580 1485 3885 1554 obtineret,

2242 1579 2307 1627 ut
2339 1578 2496 1645 patet
2524 1590 2593 1630 ex
2621 1574 2894 1630 Widonis
2950 1574 3372 1648 archiepiscopi
3429 1573 3653 1642 charta,
3710 1591 3889 1648 quam

2243 1663 2521 1718 Marlolus
2553 1669 2708 1720 tomo
2743 1665 2790 1719 ll
2824 1663 3042 1732 retulit,
3068 1663 3220 1720 alius
3251 1663 3578 1720 necessario
3609 1663 3892 1720 dicendus

2242 1759 2326 1807 est
2363 1753 2540 1807 luisse
2573 1757 2822 1830 anostro
2853 1752 3343 1826 Odone,quianno
3373 1754 3514 1808 4088
3545 1770 3678 1809 cum
3701 1753 3895 1810 adhuc

2242 1841 2481 1896 modicae
2513 1842 2699 1898 a-tatis
2729 1847 2902 1906 esset,
2938 1848 3001 1898 ut
3032 1841 3294 1914 loquitur
3323 1841 3633 1899 0rdericus
3662 1839 3895 1913 Vitalis,

2243 1930 2499 2002 pontifex
2523 1935 2611 1985 est
2641 1931 3032 1987 renuntiatus.
3066 1936 3226 1988 Certe
3258 1931 3474 1988 Odonis
3509 1948 3717 1988 nomen
3741 1949 3900 1988 com-

2245 2019 2484 2074 munius
2517 2025 2652 2074 tunc
2682 2019 2962 2098 temporis
2993 2025 3138 2088 erat,
3173 2026 3237 2075 ut
3267 2021 3400 2094 quis
3445 2020 3692 2077 inliciari
3733 2022 3897 2090 velit,

2245 2116 2392 2171 duos
2422 2117 2550 2190 ejus
2586 2116 2840 2172 nominis
2853 2117 3295 2182 arcliidiaconos
3315 2133 3382 2174 eo
3411 2117 3622 2174 sazculo
3643 2135 3772 2174 esse
3793 2136 3902 2192 po-

2241 2204 2426 2259 tuisse
2459 2203 2799 2261 inﬂemensi
2819 2203 3153 2261 Ecclesia.Si
3183 2205 3316 2278 quis
3345 2219 3479 2262 vero
3510 2205 3568 2261 id
3599 2211 3904 2282 perneget,

2245 2294 2606 2366 proferemus
2627 2295 2684 2348 in
2707 2293 3108 2351 testimonium
3127 2295 3390 2366 ejusdem
3403 2293 3670 2356 Ecclesia:
3692 2296 3908 2358 Necro-

2245 2383 2467 2454 togium
2499 2388 2685 2446 vetus,
2717 2383 2774 2437 in
2799 2399 2916 2455 quo
2947 2383 3040 2438 die
3070 2383 3273 2454 quinta
3298 2384 3592 2440 Februarii
3614 2401 3910 2450 memora-

2245 2473 2344 2525 tur
2371 2471 2550 2527 obitus
2579 2471 2779 2528 Odonis
2808 2471 3209 2539 archidiaconi;
3239 2471 3452 2528 diversi
3485 2473 3685 2546 procul
3716 2475 3908 2534 dubio

2249 2575 2283 2613 a
2305 2565 2504 2616 nostro
2525 2559 2648 2632 qui,
2668 2577 2870 2617 mense
2889 2561 3045 2618 Julio
3072 2561 3660 2634 desinente,pontifex
3684 2563 3910 2634 Roma:

2247 2665 2360 2704 nus
2391 2665 2422 2704 e
2452 2649 2568 2705 vita
2593 2649 2852 2706 recessit.

2317 2763 2492 2819 Porro
2525 2764 2869 2821 Remensem
2886 2764 3206 2824 Ecclesiam
3238 2767 3662 2840 sempercoluit
3679 2784 3745 2824 ac
3763 2769 3917 2830 fovit

2246 2853 2518 2909 Urbanus
2545 2853 2721 2910 etiam
2755 2855 3170 2928 postadeptum
3203 2856 3630 2930 pontiﬁcatum,
3650 2859 3814 2930 quod
3836 2875 3917 2916 ex

2244 2943 2422 2998 variis
2453 2943 2582 3014 ejus
2611 2943 2901 3016 epistolis,
2929 2961 3078 3016 quas
3117 2962 3224 3002 suo
3255 2945 3459 3002 ordine
3505 2947 3912 3020 proferemus,

2246 3031 2482 3105 patebit.
2545 3031 2684 3104 Ejus
2724 3033 2939 3105 quippe
2990 3037 3046 3090 et
3103 3033 3266 3090 illius
3321 3033 3917 3108 archiepiscoporum

2245 3120 2656 3193 praerogativae
2686 3121 2903 3194 insigni
2933 3121 3249 3194 diplomate
3298 3123 3570 3192 asseruit;
3604 3128 3662 3180 et
3709 3123 3918 3182 altero

2247 3209 2606 3266 confirmavit
2633 3210 2898 3280 eiusdem
2928 3209 3198 3269 Ecclesia
3232 3213 3646 3271 canonicorum
3659 3213 3917 3286 privile-

2246 3309 2360 3382 gia,
2387 3307 2527 3363 dum
2544 3307 2862 3367 monachos
2875 3309 3248 3383 Remigianos
3278 3311 3558 3366 adversus
3578 3310 3924 3382 lngelram-

667 3396 900 3404 ----------
933 3396 1190 3416 ---Ὗ-η
1245 3396 1560 3420 Ὶ-,-.----
1598 3396 1658 3404 π
1710 3396 1966 3420 η-τ---
2023 3396 2132 3406 η-
2667 3396 2677 3408 .
2787 3396 2799 3409 .
3154 3399 3166 3411 .
3582 3400 3592 3410 .
3646 3400 3656 3410 .
3747 3399 3761 3412 .

486 3437 782 3494 Brunonis
795 3436 1110 3510 disciplina
1127 3435 1439 3504 enutritus,
1457 3442 1515 3494 et
1533 3441 1734 3509 postea
1753 3435 1928 3494 variis
1948 3437 2139 3510 digni-
2171 3412 2217 3480 θ
2255 3397 3925 3510 ‘f’f’933‘njﬂ‘fufff’f:f‘fﬁ‘l‘ﬂ‘i‘f“?

488 3525 996 3594 atibus'decursis,
1029 3525 1436 3599 pontiﬁcatum
1489 3525 1817 3582 Romanum
1874 3525 2140 3598 adeptus,

487 3614 662 3671 fuerit
689 3632 842 3672 anno
876 3617 1014 3671 1088
1043 3613 1228 3670 artatis
1257 3631 1377 3670 suae
1395 3631 1548 3671 anno
1580 3613 1809 3672 circiter
1835 3616 1908 3676 1ιὸ
1931 3615 2145 3673 modica

489 3709 675 3772 astate,
702 3709 761 3761 et
815 3706 1056 3762 tandem
1110 3721 1264 3760 anno
1327 3705 1466 3760 1099
1523 3703 1859 3773 decesserit,
1919 3721 2142 3762 annum

492 3809 671 3866 agens
697 3796 788 3861 57,
822 3794 1014 3849 adhuc
1035 3795 1236 3864 ﬂorens
1267 3798 1322 3848 et
1351 3797 1610 3865 vegetus.
1645 3793 1775 3849 Haec
1801 3795 1948 3850 forte
1968 3795 2140 3866 paulo

489 3882 680 3938 fusius
701 3898 878 3954 quam
911 3881 1212 3954 oportebat
1249 3885 1495 3937 tractata
1537 3887 1696 3950 sunt;
1749 3883 1850 3939 sed
1881 3883 1936 3938 id
1963 3883 2144 3956 exigit

490 3970 782 4026 Brunonis
812 3968 996 4026 simul
1023 3974 1083 4026 et
1113 3969 1333 4026 Odonis
1353 3986 1457 4026 seu
1489 3969 1705 4026 Urbani
1755 3987 1954 4040 causa,
2005 3989 2140 4030 cum

489 4058 876 4118 honoriﬁcum
911 4057 989 4116 sit
1016 4058 1275 4115 Brunoni
1313 4063 1542 4115 tantum
1572 4058 1850 4116 habuisse
1881 4061 2140 4134 discipu-

490 4148 614 4204 lum
626 4190 640 4217 ,
658 4153 715 4205 et
727 4148 911 4204 Odoni
928 4149 1174 4204 subtam
1185 4147 1376 4204 sancti
1386 4147 1492 4204 viri
1505 4148 1817 4222 disciplina
1828 4151 2139 4207 educatum

483 4237 686 4294 fuisse.
717 4239 1014 4304 Quantum
1035 4239 1170 4293 vero
1185 4237 1294 4293 sub
1308 4237 1520 4293 celebri
1543 4236 1642 4294 illo
1674 4237 1956 4312 magistro
1973 4239 2034 4300 in
2051 4238 2143 4296 lit—

485 4333 742 4383 terarum
764 4325 978 4383 studiis
991 4331 1047 4382 et
1063 4325 1356 4382 exercitiis
1369 4325 1652 4382 virtutum
1671 4326 1974 4399 profecerit
1993 4329 2136 4397 Odo,

484 4433 670 4489 pauca
701 4433 828 4488 qua:
855 4433 924 4472 cx
953 4417 1082 4488 ejus
1140 4414 1383 4488 scriptis
1429 4420 1768 4488 supersunt,
1817 4433 1884 4472 ac
1915 4417 2140 4492 reliqua

485 4505 646 4561 illius
675 4505 804 4560 vitae
827 4504 1118 4577 praeclara
1144 4507 1330 4576 gesta,
1363 4520 1491 4575 quae
1524 4505 1648 4561 suis
1695 4504 1840 4562 locis
1887 4522 2136 4579 expone-

487 4611 641 4662 mus,
670 4594 819 4650 satis
851 4593 1198 4665 abundequc
1228 4595 1537 4648 testantur.

567 4701 664 4759 III.
702 4703 952 4758 Urbanus
979 4718 1053 4756 an
1079 4701 1356 4756 Bernensis
1385 4701 1676 4756 canonicus
1702 4703 1754 4756 et
1777 4702 2054 4758 archidia-

651 4790 834 4829 conus.
869 4773 1002 4844 Ejus
1028 4787 1185 4842 amor
1207 4772 1274 4828 .in
1300 4771 1612 4828 Ecclesium
1642 4773 1976 4831 Remensem.

555 4861 853 4918 Urbanum
865 4879 982 4917 non
994 4861 1190 4917 solum
1215 4861 1274 4917 in
1291 4859 1596 4916 Bernensis
1625 4859 1891 4918 Ecclesia
1913 4865 2134 4936 gremio

485 4951 821 5008 enutritum.
841 4949 1040 5016 fuisse,
1075 4950 1179 5005 sed
1207 4949 1384 5005 etiam
1416 4949 1472 5004 in
1503 4948 1686 5006 nobili
1719 4951 1846 5021 ejus
1868 4952 2136 5010 Ecclesia;

484 5039 896 5095 canonicorum
912 5037 1152 5110 collegio
1165 5037 1360 5094 locum
1373 5037 1698 5094 obtinuisse
1717 5039 1856 5095 varii
1871 5047 2138 5101 auctores

484 5129 705 5200 passim
735 5128 994 5184 tradunt.
1025 5128 1172 5188 Cum
1188 5142 1322 5182 vero
1354 5124 1454 5182 illa
1474 5126 1730 5183 Ecclesia
1751 5133 1986 5186 emtor-as
2021 5151 2134 5189 non

484 5217 766 5289 dignitate
783 5215 1114 5286 solum,sed
1137 5215 1314 5271 etiam
1337 5231 1572 5270 malum
1591 5218 1898 5280 sanctitate
1918 5226 1975 5274 et
2008 5221 2135 5277 vitae

483 5306 816 5362 communis
831 5305 1232 5362 observatione
1247 5308 1385 5360 tunc
1401 5305 1784 5375 antecelleret,
1808 5309 1935 5380 ejus
1962 5326 2133 5366 cano-

483 5395 598 5450 nici
629 5395 765 5450 dicti
795 5400 938 5451 sunt
967 5411 1002 5450 a
1039 5393 1342 5452 nonnullis
1400 5394 1717 5466 regulares.
1765 5398 1956 5469 Atque
1999 5399 2135 5455 inde

483 5489 618 5541 nata
648 5489 738 5539 est
771 5484 1159 5556 posteriorum
1177 5483 1564 5556 quorumdam
1585 5488 1896 5541 auctorum
1913 5486 2130 5560 opinio,

483 5573 583 5646 qui
641 5573 940 5630 Urbanum
980 5572 1124 5629 olim
1173 5573 1518 5630 canonicum
1566 5573 1896 5647 regularem
1951 5575 2132 5634 fuisse

484 5663 871 5734 scripserunt,
890 5666 947 5717 et
959 5680 1032 5736 qu
1043 5663 1194 5718 idem
1209 5662 1616 5719 Lateranensis
1640 5664 2129 5736 congregationis,

483 5757 549 5808 ut
572 5751 670 5807 alii
704 5751 996 5821 addidere;
1023 5753 1169 5809 adeo
1217 5752 1488 5824 proclivis
1515 5756 1604 5808 est
1631 5769 1668 5808 a
1715 5755 2134 5828 praeconceptis

480 5841 856 5914 opinionibus
881 5842 954 5900 ad
985 5857 1234 5901 errorem
1267 5841 1506 5918 gradus.
1537 5841 1652 5903 Sed
1679 5839 1775 5901 his
1825 5840 2132 5908 immorari

481 5947 600 5998 non
627 5935 814 5992 vacat.

2251 3487 2322 3544 de
2347 3484 2663 3543 Basolianis
2693 3486 3020 3556 monachis,
3045 3504 3194 3561 quos
3223 3489 3296 3544 ab
3321 3489 3582 3544 advocati
3601 3488 3929 3548 saecularis

2243 3578 2388 3651 jugo
2420 3574 2705 3632 liberavit.
2739 3576 2956 3632 Mirum
2986 3581 3076 3633 est
3104 3581 3300 3633 autem
3332 3581 3619 3650 quantum
3647 3579 3928 3636 desuda-

2248 3675 2395 3734 verit
2423 3677 2555 3750 pius
2586 3674 2844 3749 pontifex
2866 3673 2924 3729 in
2949 3673 3643 3748 restituendaepiscopali
3668 3677 3935 3734 Atreba-

2247 3772 2373 3822 tum
2407 3767 2565 3833 sede,
2616 3781 2745 3837 quae
2776 3780 2809 3818 a
2861 3762 3138 3819 trecentis
3196 3762 3378 3820 ferme
3433 3764 3604 3820 annis
3664 3767 3935 3838 proprio

2248 3859 2519 3926 episcopo
2558 3856 2845 3918 caruerat,
2907 3851 3064 3924 quod
3119 3868 3182 3909 se
3238 3851 3368 3909 ideo
3421 3852 3626 3910 fecisse
3675 3855 3935 3925 passim

2246 3946 2588 4008 testatur,ut
2600 3942 2914 3997 Remorum
2928 3940 3296 4013 metropolim
3328 3943 3385 3998 in
3413 3942 3938 4014 antiquamsuam

2249 4031 2592 4106 dignitatem
2645 4030 2994 4086 restitueret.
3045 4029 3295 4087 Urbanus
3351 4030 3590 4103 quippe,
3646 4033 3713 4086 ut
3758 4030 3938 4092 Her-

2249 4137 2502 4176 mannus
2559 4118 2736 4176 habet
2785 4119 2846 4175 in
2897 4118 3154 4176 Historia
3197 4118 3642 4178 restaurationis
3701 4120 3943 4180 Sancti

2247 4209 2481 4268 Martini
2511 4207 2916 4278 Tornacensis,
2941 4207 3240 4282 Spicilegii
3262 4206 3570 4265 Acheriani
3591 4211 3752 4266 tomo
3779 4209 3940 4269 XII:

2245 4309 2506 4380 quoniam
2535 4309 2595 4362 in
2625 4307 2867 4363 Ecclesia
2917 4306 3168 4362 Rcmensi
3210 4305 3465 4363 educatus
3507 4309 3711 4379 fuerat,
3743 4311 3950 4369 valde

2244 4413 2367 4452 earn
2393 4412 2555 4468 super
2581 4397 2724 4452 alias
2747 4395 3028 4467 diligebat;
3062 4397 3116 4450 et
3144 4398 3208 4450 ut
3236 4397 3526 4466 antiquam
3565 4397 3618 4450 ei
3653 4393 3948 4466 dignitas

2243 4490 2350 4541 tem
2378 4485 2660 4541 duodccim
2683 4487 3056 4557 episcoporum
3088 4482 3312 4540 retulere
3334 4491 3528 4556 posset,
3566 4500 3673 4540 non
3696 4501 3954 4556 parum

2245 4575 2546 4630 laborabat.
2571 4573 2800 4628 Etenim
2827 4575 3035 4644 praeter
3061 4572 3526 4640 Atrebatensem,
3572 4576 3953 4635 tentaverat

2242 4664 2418 4722 etiam
2489 4664 2920 4719 Tornacensem
3007 4659 3325 4718 Ecclesiam
3399 4678 3433 4718 a
3489 4660 3955 4724 Noviomensis

2166 4752 2502 4850 Depiscopi
2561 4748 3239 4850 subjectio‘nediberare.
3299 4752 3371 4806 At
3426 4751 3582 4822 quod
3633 4750 3772 4850 ipse
3843 4757 3953 4814 ob

2245 4845 2583 4917 ingruentes
2641 4839 3022 4896 difficultates
3092 4838 3320 4895 efficere
3374 4856 3494 4895 non
3550 4839 3768 4912 potuit,
3849 4844 3963 4904 ab

2246 4932 2506 5006 Eugenio
2564 4931 2641 4986 Ill
2690 4935 2825 5002 post
2881 4928 3106 5000 aliquot
3160 4945 3366 4998 annos,
3429 4933 3636 5001 agente
3691 4935 3964 4993 sancto

2245 5030 2560 5097 Bernardo,
2620 5027 2948 5100 praestitum
3003 5029 3112 5081 est.
3172 5025 3308 5081 Erat
3381 5030 3578 5082 autem
3638 5025 3962 5102 antiqua

2247 5118 2552 5176 Remensis
2585 5115 2891 5190 provincia:
2924 5115 2983 5170 in
3016 5114 3217 5170 Galliis
3247 5113 3644 5188 praerogativa,
3671 5119 3741 5170 ut
3761 5116 3962 5180 duo-

2245 5211 2432 5267 decim
2467 5206 2897 5282 episcopalibus
2919 5204 3160 5261 sedibus
3189 5203 3715 5278 gaudens,judicia
3731 5221 3962 5269 cano.

2244 5309 2376 5365 nica
2403 5309 2460 5363 in
2477 5305 2712 5380 proprio
2725 5303 3111 5376 sinu,absque
3121 5302 3448 5360 alienarum
3461 5301 3866 5375 provinciaru
3879 5327 3962 5370 Π]

2242 5415 2350 5472 ope
2380 5397 2679 5454 absolvere
2735 5399 2953 5468 posset.
3013 5381 3298 5450 Caeterum
3355 5408 3491 5448 cum
3538 5390 3962 5464 periclitanti

2242 5487 2510 5546 Ecclesiae
2568 5483 2841 5541 Remensi
2903 5493 3037 5555 post
3116 5479 3399 5555 Raynaldi
3468 5479 3962 5562 archiepiscopi

2241 5579 2467 5637 obitum
2499 5573 2810 5632 subvenire
2838 5569 3118 5627 voluisset
3171 5576 3264 5628 lvo
3310 5569 3764 5626 Carnotensium
3799 5590 3962 5637 an.

2239 5668 2428 5735 tistes,
2461 5663 2676 5721 Urbani
2709 5675 2878 5734 opem
2909 5657 3242 5730 imploravit
3256 5658 3506 5732 epistola
3529 5660 3651 5728 116,
3684 5658 3752 5716 in
3788 5677 3962 5736 qua

2239 5757 2290 5814 ei
2317 5756 2468 5812 hanc
2526 5751 2844 5809 Ecclesiam
2901 5764 3016 5804 non
3041 5748 3216 5804 solum
3272 5749 3414 5820 quod
3467 5749 3625 5825 regni
3671 5747 3962 5816 habem;

2238 5845 2510 5916 diadema,
2549 5846 2600 5904 et
2617 5841 2832 5904 ceteris
2877 5853 3022 5916 pone
3045 5837 3297 5900 Ecclesiis
3353 5837 3653 5901 Gallicanis
3706 5853 3962 5910 errem.
