3972 6410
154 428 226 499 Π
1680 494 1685 501 .
1739 438 1950 508 νιτΑ.
2184 491 2189 497 .
3473 430 3553 511 η

147 568 294 665 μω
303 570 494 665 ruina
508 570 599 631 vel
612 573 1031 665 resurrectionis
1040 575 1315 665 existeret,
1337 575 1787 651 commendavit;

1904 576 2168 665 ejusdem
2188 581 2343 640 Petri
2369 578 2727 656 discipulum
2753 579 2974 655 passim
2998 576 3273 655 appellat,
3296 593 3551 665 eumque

149 661 243 720 sed
285 662 467 720 etiam
514 665 673 737 quod
698 663 806 723 illa
835 665 1151 740 aliquando
1180 658 1309 741 ejus
1328 668 1519 741 mater
1557 667 1789 727 fuisset.

151 753 479 825 Bunensem,
528 754 747 828 inquit,
791 759 1149 829 metrOpolim,
1212 759 1515 832 aliquando
1560 760 1794 817 matrem

150 847 398 909 vestram,
433 848 569 913 etc.,
598 847 791 901 castris
810 856 811 859 ‘
833 848 1301 903 consolationibus
1338 851 1572 920 refoveri
1604 859 1790 922 postu~

148 932 339 989 lamus.
359 934 435 989 Et
452 933 695 1005 quidem
712 939 884 991 cassa
896 939 1021 991 non
1041 936 1151 992 fuit
1167 936 1354 993 Ivonis
1376 938 1788 1010 expostulatio,

148 1026 209 1077 ut
226 1025 387 1095 patet
406 1040 475 1078 ex
498 1022 678 1079 variis
699 1022 1103 1097 litteris,‘quas
1123 1026 1380 1098 pontifex
1400 1043 1468 1083 ea
1488 1026 1791 1083 occasione

146 1111 514 1183 conscripsit,
529 1111 586 1167 in
609 1112 1136 1184 quibussincerum
1156 1116 1454 1188 ergahanc
1471 1116 1786 1172 Ecclesium

147 1199 317 1256 animi
350 1200 447 1256 sui
472 1202 751 1258 affectum
795 1203 988 1260 'verbis
1036 1204 1371 1262 tenerrimis
1428 1205 1700 1278 explicat,
1734 1210 1790 1262 et

146 1289 450 1346 aﬂectibus
472 1292 893 1363 comprobavit.
926 1292 1184 1366 Insignis
1204 1300 1296 1349 est
1323 1306 1439 1365 prae
1469 1296 1692 1351 czeteris
1719 1294 1790 1351 ea

145 1378 211 1434 de
238 1395 300 1434 re
320 1377 491 1435 locus
519 1380 578 1434 in
611 1380 857 1453 epistola
888 1383 958 1437 ad
993 1382 1234 1448 clerum,
1259 1383 1548 1451 ordinem,
1573 1383 1788 1440 milites

145 1472 195 1522 et
210 1465 443 1540 plebem
467 1469 666 1526 Remis
693 1469 1029 1537 existentes,
1053 1472 1149 1527 ubi
1183 1471 1267 1528 sic
1297 1476 1396 1528 ens
1428 1471 1783 1545 alloquitur:

144 1558 450 1629 Aﬂ'ectionis
476 1563 684 1617 ηοδίνεθ
710 1562 941 1627 viscera,
982 1562 1091 1633 ﬁlii
1120 1565 1181 1617 in
1210 1564 1425 1619 Christo
1452 1560 1786 1631 clmrissiini,

142 1652 431 1719 angustata
477 1653 629 1737 sunt,
672 1651 836 1720 'qaia'
870 1666 965 1706 vos
1015 1651 1250 1737 pastoris
1295 1650 1784 1709 sollicitudine...”

140 1738 387 1794 coeuntis
466 1737 766 1794 destitutos.
812 1740 944 1796 “Sed
994 1736 1058 1795 ἰή
1114 1738 1471 1798 tribulatione
1535 1741 1636 1796 hac
1687 1738 1788 1814 per

141 1827 523 1899 caelipotentis
541 1828 640 1883 Dei
665 1828 905 1899 gratiam
931 1826 1222 1886 charitatis
1247 1834 1448 1888 nostra:
1471 1830 1788 1903 praecordia

139 1915 465 2017 sitatam”,
495 1918 633 1989 quia
653 1922 767 1987 vos,
790 1920 1215 2013 elc.,‘amptiori
1555 1936 1787 2011 congra-
1816 1950 1865 2017 B

140 2006 400 2063 tutantur.
416 2010 421 2015 '

140 2110 222 2167 IV.
252 2112 324 2167 V.
355 2113 617 2168 Urbanus
645 2114 845 2182 cogitat
872 2114 938 2168 de
964 2131 1173 2170 secessu
1203 2133 1232 2170 e
1251 2115 1464 2171 sarculo.
1493 2115 1578 2171 Fit
1600 2132 1786 2170 mona-

197 2183 341 2239 εἰπε·
366 2183 648 2238 Cluniaci.
698 2186 921 2240 Romam
969 2202 1004 2241 a
1058 2186 1314 2256 Gregorio
1351 2186 1780 2243 Vll'accersztur.

200 2256 322 2324 Qua
340 2256 644 2311 occasione.
1388 2274 1393 2277 ·

198 2360 325 2417 Non
358 2360 564 2433 itaque
603 2359 897 2417 immerito
941 2362 1333 2435 applaudehat
1381 2362 1493 2420 sibi
1523 2366 1594 2420 de
1622 2368 1785 2420 tanto

138 2448 374 2506 alumno
406 2449 718 2505 Remensis
774 2450 1055 2521 Ecclesia‘;
1110 2453 1212 2509 sed
1245 2452 1342 2509 ille
1384 2454 1609 2527 majora
1654 2454 1785 2510 cha-

138 2539 376 2595 rismata
388 2537 707 2595 aemulatus
726 2540 797 2595 ad
819 2539 998 2596 vitam
1022 2542 1426 2614 perfectiorem
1451 2541 1783 2611 anhelabat;

135 2644 235 2685 nec
279 2627 539 2684 dubium
598 2628 742 2699 quin
781 2646 848 2684 ea
878 2628 939 2684 in
970 2646 1032 2685 re
1079 2631 1371 2688 Brunonis
1414 2631 1675 2689 consiliis
1727 2636 1786 2688 et

138 2717 648 2773 adhortationibus
692 2716 1012 2790 plurimum
1047 2720 1287 2792 adjutus
1317 2725 1373 2777 et
1405 2722 1785 2778 cenﬁrmatus

136 2807 324 2864 tuerit.
347 2806 498 2863 Nam
519 2807 737 2872 Bruno,
759 2810 825 2862 ut
838 2824 912 2863 ex
940 2809 1069 2881 ejus
1092 2809 1567 2883 epistola,'quam
1599 2811 1786 2867 multo

137 2901 334 2968 postea
346 2897 409 2952 in
420 2894 694 2952 Galabria
702 2896 1287 2971 positusadRadulph
1297 2917 1394 2955 um
1408 2901 1785 2973 praepositum

136 2985 391 3058 scripsit,
420 2989 607 3056 patet,
630 2985 846 3057 sapius
877 3002 1015 3054 cum
1044 2987 1174 3043 aliis
1195 2989 1502 3063 Bernensis
1523 2988 1787 3045 Ecclesia:

138 3073 580 3146 primoribus-ta
632 3076 884 3146 queram
914 3074 1185 3133 numero
1237 3076 1378 3134 sane
1410 3077 1532 3134 Odo
1587 3082 1787 3151 utpote

138 3162 589 3219 archidiaconus
637 3165 783 3229 erat,
842 3164 913 3220 de
970 3171 1312 3237 contemptu
1370 3166 1598 3231 mundi,
1631 3172 1689 3223 et
1717 3164 1788 3222 de

135 3251 373 3308 citerius
413 3250 542 3306 vitae
576 3251 833 3324 .gaudiis
887 3252 1178 3327 cdlloquia
1202 3252 1209 3259 ’
1235 3255 1507 3312 miscere
1540 3256 1782 3323 solebat,

1902 672 1974 730 ob
1996 672 2054 729 id
2076 660 2454 747 potissimum
2476 671 2864 745 laudat,quod
2892 671 3066 728 etiam
3086 660 3343 744 pontifex
3365 671 3552 727 factus

1899 762 2055 820 hunc
2072 764 2268 836 ipSum
2291 756 2527 820 Petrum
2546 761 2722 819 veluti
2752 762 3101 836 magistrum
3129 750 3305 817 Suum
3318 776 3552 833 semper

1899 846 2182 909 reveritus
2213 846 2409 908 fuerit.
2458 841 2843 908 Gonsent’iuht
2892 854 3085 907 vetera
3127 840 3261 917 alia,
3297 849 3552 905 maxime

1899 932 2244 1010 domestica,
2283 944 2666 998 monumenta
2711 930 2988 996 Cavensis
3018 930 3359 996 monasterii
3390 925 3557 1011 apud"

1898 1024 2228 1104 U‘ghellum.
2251 1032 2324 1085 At
2354 1029 2498 1085 nihil
2531 1043 2599 1085 ea
2620 1030 2690 1084 de
2713 1038 2781 1084 re’
2804 1018 2979 1085 habet
3005 1027 3342 1083 Venusinus
3363 1028 3547 1083 abbas

1897 1111 2246 1193 anonymus,
2272 1120 2371 1192 qui
2398 1112 2547 1175 Petri
2572 1122 2630 1176 et
2659 1112 2907 1174 aliorum
2929 1117 3255 1190 primorum
3279 1110 3543 1189 ejuSdem

1895 1202 2006 1265 loci
2064 1200 2579 1267 abbatum‘Vitas
2642 1207 2819 1280 paulo
2893 1211 3026 1280 post
3084 1198 3235 1262 illud
3307 1200 3545 1278 tempus

1897 1299 2263 1371 conscripsit.
2297 1300 2501 1354 Exstat
2518 1301 2719 1353 tamen
2743 1297 3007 1369 ejusdem
3062 1290 3221 1351 Petri
3241 1294 3356 1351 alia
3387 1293 3540 1361 Vita,

1897 1396 2075 1462 quam
2098 1380 2179 1444 .ex'
2190 1388 2391 1443 eodem
2410 1378 2519 1445 ms.
2546 1385 2815 1442 Romane
2829 1401 3006 1458 penes
3028 1401 3134 1441 nos
3154 1384 3460 1451 habemus,
3485 1374 3543 1437 in

1896 1466 2013 1550 qua
2034 1472 2303 1532 Urbanus
2326 1468 2475 1531 Petri
2496 1466 2902 1547 condiscipulus
2933 1474 3071 1529 olim
3095 1464 3287 1529 tuisse
3306 1468 3540 1539 dicitur,

1897 1570 2092 1639 atquci
2126 1556 2357 1621 itineris
2414 1566 2541 1636 ejus
2600 1574 2735 1620 cum
2774 1580 2805 1619 θ
2864 1554 3051 1619 Gallia
3106 1552 3313 1618 cavam
3372 1552 3549 1617 rediit"

1895 1646 2112 1712 cemes.
2171 1648 2335 1710 Certe
2381 1646 2725 1725 utrumque
2756 1652 2937 1707 simul
2965 1644 3147 1723 'apud-
3198 1644 3543 1707 Cluniacum

1893 1732 2106 1801 viaisse
2133 1743 2228 1799 vix
2256 1743 2568 1816 quisquam
2603 1741 2852 1797 inficiari
2878 1732 3097 1813 potest,
3120 1744 3183 1795 et
3207 1732 3335 1811 ipse
3361 1740 3542 1795 abbas

1893 1826 2228 1890 Venusinus
2260 1835 2507 1889 testatur
2548 1826 2805 1897 Petrum,
2860 1820 2995 1889 cum
3026 1819 3353 1885 moraretur
3409 1820 3546 1883 Clu-

1896 1920 2075 1991 niaci,
2099 1922 2259 1978 varia
2289 1921 2467 1978 simul
2494 1920 2578 1976 ibi
2610 1912 2805 1976 omne
2849 1908 3196 1977 exercuisse.
3243 1907 3319 1973 Ut
3344 1921 3414 1972 ut
3442 1916 3539 1984 sit,

1893 2002 2035 2086 ipse
2052 2012 2320 2069 Urbanus
2341 2000 2457 2067 non
2482 2011 2733 2067 modose
2762 2000 2947 2066 [ilium
2976 1998 3034 2065 et
3059 1997 3365 2065 alumnum
3387 2004 3544 2063 beati

1894 2089 2156 2175 Hugonis
2177 2092 2507 2174 appellavit,
2526 2091 2620 2154 uti
2636 2101 2762 2171 jam
2785 2090 2853 2154 ex
2872 2100 3001 2170 ejus
3022 2095 3269 2170 epistola
3280 2086 3547 2151 observa-

1890 2174 2106 2259 i'imus,
2138 2202 2343 2246 verum
2375 2178 2550 2245 etiam
2580 2178 2816 2246 disertis
2836 2182 3037 2243 verbis
3058 2174 3365 2258 profitetur
3385 2201 3448 2240 se
3470 2185 3545 2239 ab

1893 2296 1959 2336 eo
1990 2266 2208 2353 ipso'in
2255 2278 2580 2335 monastic‘a
2625 2276 2938 2349 disciplina
2966 2264 3306 2331 institutum
3336 2273 3538 2329 fuisse.

1892 2370 1975 2427 En
2006 2371 2136 2443 ejus
2163 2358 2342 2425 verba
2370 2382 2438 2424 ex
2482 2358 2787 2440 privilegio
2819 2353 2974 2438 quod
3008 2365 3198 2421 eidem
3232 2362 3456 2435 llugoni
3486 2364 3546 2416 et

1893 2458 2246 2516 menaste'rio
2271 2452 2637 2514 Cluniacensi
2664 2446 2852 2528 primo
2874 2452 3247 2529 pontificatus
3265 2450 3357 2508 sui
3387 2467 3542 2507 anno

1893 2547 2197 2603 concessit.
2256 2548 2364 2612 Es‘t,
2398 2545 2610 2617 inquit,
2665 2536 2937 2615 praeterea
2970 2542 3111 2614 quod
3141 2556 3239 2598 nos
3266 2531 3393 2597 tibi
3430 2555 3543 2595 non

1891 2622 2098 2701 minus,
2152 2639 2348 2708 tuoque
2387 2624 2717 2690 monasterio
2761 2634 2934 2705 faciat
2964 2631 3247 2697 debitores,
3282 2622 3543 2702 quoniam

1890 2733 2068 2799 perte
2122 2725 2437 2780 monasticae
2490 2712 2778 2791 religionis
2828 2708 3165 2799 rudimenta
3203 2719 3430 2790 suscepi,
3481 2719 3543 2771 in

1892 2798 1985 2872 tuo
2013 2815 2253 2870 camobio
2301 2828 2401 2886 per
2446 2800 2741 2868 secundum
2771 2810 2823 2867 S.
2873 2798 3125 2883 Spiritus
3156 2798 3396 2879 gratiam
3420 2823 3543 2862 sum

1893 2910 2134 2962 renatus.
3032 2887 3039 2893 ’
3146 2908 3151 2913 ·
3434 2886 3439 2891 ’

1963 2993 2179 3048 Verum
2212 2990 2496 3046 oculatior
2545 2977 2667 3045 erat
2714 2990 2773 3045 S.
2817 2977 2982 3061 Hu‘go
3013 2976 3192 3059 quam
3219 2978 3290 3042 ut
3320 2975 3544 3042 tantam

1892 3082 2193 3138 lucernam
2220 3066 2335 3137 sub
2373 3078 2567 3136 modio
2599 3066 2936 3134 delitescere
2967 3072 3070 3133 diu
3100 3064 3333 3133 sineret.
3359 3068 3546 3141 Quare

1894 3170 2062 3227 illum
2093 3168 2353 3226 Cluniaci
2390 3168 2641 3240 priorem
2667 3166 2923 3222 instituit
2945 3165 3111 3237 (circa
3138 3154 3231 3221 ait.
3256 3164 3441 3236 1076).
3460 3154 3547 3219 ~Ea

1897 3246 2181 3334 dignitate
2212 3275 2273 3314 se
2303 3256 2618 3329 aliquando
2652 3255 2903 3328 potitum
2928 3244 3110 3310 fuisse
3129 3245 3254 3326 ipse
3276 3245 3546 3309 Urbanus

137 3341 350 3413 quibus
409 3323 658 3397 invicem
712 3341 785 3396 ad
840 3323 1298 3417 smculi‘fugam
1348 3345 1781 3408 animabantur.
1817 3323 1859 3391 C
1898 3323 2088 3423 palam
2147 3323 2451 3420 professus
2502 3350 2591 3401 est
2620 3323 2679 3399 in
2725 3335 2992 3423 sermone
3020 3323 3195 3415 quem
3232 3334 3457 3397 habuit
3484 3341 3544 3396 in

135 3430 383 3487 Catanes
405 3434 603 3485 autem
623 3430 994 3501 princessisse
1005 3431 1235 3489 videtur
1249 3433 1543 3497 Odo.Nam
1567 3434 1790 3506 aliquot

138 3519 323 3586 annis,
350 3522 676 3590 antequam
709 3519 903 3576 Bruno
935 3521 1368 3579 Carthusiensis
1398 3523 1621 3581 ordinis
1650 3524 1788 3579 fun-

139 3609 417 3665 damenta
432 3610 697 3680 pcneret,
723 3609 867 3680 ipse,
892 3611 1136 3681 abjectis
1157 3612 1537 3668 saecularibus
1560 3614 1789 3685 pompis

137 3697 397 3771 eLcuris,
431 3696 493 3751 in
524 3697 859 3753 cmudbium
892 3698 1273 3758 Cluniacense
1303 3701 1563 3757 secessit.
1602 3702 1684 3758 Ibi
1717 3702 1790 3757 ab

135 3786 379 3858 Hugone
393 3785 612 3842 abbate
627 3785 1000 3844 sanctissimo
1021 3794 1180 3853 veste
1197 3790 1523 3846 monastica
1540 3792 1792 3846 donatus

133 3879 238 3944 est,
294 3876 471 3947 cujus
503 3873 632 3930 ideo
664 3891 727 3931 se
755 3876 939 3945 ﬁlium
972 3881 1027 3933 et
1080 3880 1372 3934 alumnum
1420 3878 1676 3952 appellat
1731 3879 1793 3934 in

132 3964 387 4037 epistola
403 3976 583 4035 quam
606 3963 684 4020 ad
705 3980 841 4020 eum
862 3965 1036 4037 paulo
1059 3973 1191 4038 post
1211 3984 1378 4024 suam
1401 3969 1471 4023 ad
1496 3968 1796 4041 pontiﬁca-

133 4059 260 4109 tum
284 4052 763 4124 asSumptionem
797 4055 1052 4127 scripsit.
1077 4057 1360 4122 Quovero
1384 4057 1439 4112 id
1470 4073 1626 4113 anno
1656 4073 1793 4113 con-

134 4141 333 4215 tigerit
354 4141 647 4196 incertum
671 4145 781 4197 est.
803 4143 897 4212 At,
918 4143 978 4209 psi
1001 4145 1122 4201 Odo
1154 4145 1329 4201 fuerit
1360 4144 1669 4202 Remensis
1700 4145 1796 4201 ille

135 4231 618 4297 archidiaconus,
650 4235 719 4287 ut
745 4232 1063 4290 verisimile
1093 4240 1203 4305 est,
1231 4252 1408 4306 quem
1440 4252 1508 4290 ex
1538 4236 1799 4309 catalogo

134 4320 363 4378 κω·ιωὶ
400 4336 588 4391 supra
612 4318 1005 4389 laudavimus,
1029 4323 1226 4379 Remis
1243 4323 1435 4379 adhuc
1457 4327 1801 4381 versabatur

134 4426 291 4466 anno
347 4410 524 4478 1070;
584 4409 803 4482 quippe
851 4412 951 4483 qui
1006 4412 1118 4468 hoc
1174 4429 1329 4468 anno
1384 4413 1802 4487 subscripserit

136 4498 443 4556 denationi
474 4499 639 4553 factae
688 4497 958 4556 Ecclesiae
994 4500 1458 4570 Ruminiacensi,
1490 4503 1574 4557 uti
1605 4504 1800 4559 videre

137 4594 222 4643 est
234 4588 397 4659 apud
421 4587 695 4643 eumdem
717 4587 1047 4645 Marlotum.
1073 4591 1240 4647 Haud
1267 4596 1462 4647 tamen
1476 4592 1575 4647 diu
1600 4595 1802 4665 postea

1895 3422 2256 3494 dedicatione
2288 3426 2531 3507 majoris
2561 3431 2763 3489 altaris
2800 3422 3071 3505 ejusdem
3095 3424 3226 3501 loci,
3260 3430 3343 3486 uti
3378 3428 3548 3485 infra

1894 3518 2246 3583 videbimus.
2270 3513 2329 3579 Id
2352 3532 2485 3579 vero
2507 3540 2620 3578 non
2642 3521 2897 3577 multum
2919 3516 3051 3594 post
3066 3522 3195 3593 ejus
3216 3520 3546 3576 conversio-

1899 3633 2031 3672 nem
2065 3616 2281 3670 i‘actum
2314 3611 2493 3668 fuisse
2516 3616 2765 3666 testatur
2785 3602 3101 3665 Guib‘ertus
3122 3602 3271 3664 libro
3296 3627 3336 3664 II
3362 3608 3555 3664 Histo-

1898 3703 1994 3760 riae
2024 3694 2544 3773 Jeros‘olymitanze,
2576 3694 2670 3754 his
2700 3694 2891 3754 verbis
2916 3715 2928 3751 :
2964 3701 3012 3754 Is
3045 3692 3341 3753 Cluniacus
3368 3701 3547 3769 factus

1898 3810 1967 3850 eo:
1993 3794 2187 3848 clerico
2233 3791 2594 3845 monachus...
2636 3796 2762 3843 non'
2782 3788 2953 3842 multo
2980 3790 3100 3858 post
3129 3778 3277 3841 rexit
3306 3785 3547 3855 ofﬁcium

1896 3884 2196 3956 prioratus,
2243 3881 2309 3934 ut
2339 3876 2562 3934 scilicet
2591 3870 2790 3933 abbati
2819 3868 2927 3946 suo
2958 3866 3206 3947 Hugoni,
3240 3863 3419 3930 variis
3448 3864 3553 3929 nea

1902 3972 2077 4046 gotiis
2100 3973 2401 4041 occupato,
2418 3966 2758 4035 adjumento
2778 3968 2950 4021 esset.
2971 3963 3119 4030 Quid
3142 3966 3335 4019 autem
3364 3961 3550 4019 hacin

1904 4060 2189 4133 dignitate
2211 4056 2565 4113 constitutus
2590 4054 2942 4127 praestiterit,
2959 4046 3227 4126 ignotum
3258 4050 3427 4109 nubis
3442 4055 3549 4117 est,

1906 4148 2019 4206 nisi
2044 4136 2199 4220 quod
2216 4144 2517 4202 nennullis
2538 4140 2757 4199 chartis
2768 4133 3551 4214 subscripsisseinveniatur.

1906 4239 2170 4293 Praesens
2200 4238 2323 4291 erat
2356 4234 2510 4305 apud
2556 4231 2893 4297 AVziloncm,
2922 4231 3160 4302 quando
3192 4228 3356 4302 Hugo
3410 4229 3554 4284 Bur-

1907 4325 2271 4400 gundionum
2322 4323 2441 4378 dux
2496 4314 2800 4377 coclesiam
2860 4314 3345 4400 Sanctaa'Marite
3396 4308 3565 4373 illius

1908 4398 2086 4472 castri
2116 4404 2395 4468 Cluniaco
2443 4401 2729 4481 Bubjecits
2757 4408 2841 4465 Ibi
2888 4409 3045 4465 enim
3092 4408 3220 4481 ipse
3250 4398 3357 4463 Odo
3399 4404 3561 4478 prior

1910 4504 2165 4560 Clu‘niaci
2219 4501 2489 4556 eumdem
2550 4500 2853 4571 Hugonem
2900 4514 3037 4555 cum
3075 4490 3351 4553 fratribus
3403 4498 3552 4567 ejus,

1908 4592 2127 4656 Odone,
2173 4594 2229 4645 et
2284 4590 2530 4645 ltoberto
2585 4576 2724 4643 tunc
2784 4585 3014 4654 clerico,
3075 4591 3249 4659 atque
3306 4586 3558 4641 Widone

138 4676 357 4732 differri
392 4679 591 4749 potest
626 4676 757 4747 ejus
808 4681 1132 4748 conversio,
1157 4681 1205 4735 si
1229 4678 1428 4735 verum
1461 4680 1704 4753 sitquod
1733 4699 1801 4737 ex
1832 4695 1876 4760 υ
1907 4672 2811 4748 comiteMatisconensi,aliisque
2827 4672 3553 4749 Burgundimproceribus,

145 4764 519 4822 Cluniacensi
568 4765 867 4823 Chartario
918 4768 1109 4841 colligi
1164 4786 1337 4842 posse
1380 4770 1630 4838 videtur,
1664 4789 1797 4827 eum

143 4854 556 4913 unanimiter
588 4854 891 4926 lU76,jam
922 4858 1175 4929 priorem
1200 4856 1460 4915 Clu'niaci
1482 4860 1805 4916 exstitisse.’

142 4943 210 5000 Et
260 4944 511 5017 quidem
572 4943 841 5017 hocipso
902 4962 1055 5004 anno
1099 4948 1217 5002 duo
1248 4947 1343 5003 alii
1382 4947 1801 5019 archidiaconi,

146 5048 455 5107 nunquam
471 5036 668 5089 autem
686 5033 888 5106 plures
908 5034 968 5091 in
986 5032 1241 5092 Ecclesia
1254 5037 1524 5093 Remensi
1542 5037 1798 5106 fuerunt,

147 5122 331 5179 Gnido
388 5121 661 5178 videlicet
723 5127 780 5178 et
832 5124 1105 5193 Garinus,
1163 5126 1463 5182 donationi
1514 5127 1803 5184 Manassis

151 5210 575 5284 archiepiscopi
622 5210 790 5269 facta
839 5214 1023 5270 sancti
1054 5213 1246 5271 Basoli
1278 5215 1631 5271 monasterio
1662 5217 1803 5273 sub-

149 5299 459 5372 scripsisse
490 5316 627 5355 cum
678 5300 951 5357 Brun'one
975 5302 1342 5368 cancellario,
1378 5309 1800 5360 memorantur.

216 5387 341 5444 Odo
378 5387 643 5444 Cluniaci
701 5390 1055 5447 constitutus
1112 5392 1508 5447 institutorem
1570 5392 1629 5447 in
1688 5393 1806 5448 vita

150 5475 477 5534 monastica
494 5477 707 5534 habuit
725 5478 985 5550 Petrum,
1006 5478 1106 5554 qui
1133 5480 1513 5554 postmodum
1531 5480 1807 5537 Cavensis

150 5564 204 5620 in
236 5565 407 5622 Italia
433 5567 619 5623 abbas
650 5571 708 5623 et
754 5566 1055 5633 Policastri
1085 5569 1397 5643 episcopus
1426 5568 1557 5639 fuit,
1605 5568 1654 5624 si
1685 5585 1807 5626 cre-

150 5654 634 5712 damus'vetusto
693 5655 920 5712 auctori
969 5656 1070 5731 qui
1115 5655 1504 5714 dedicationis
1551 5657 1809 5714 ecclesias

158 5743 430 5802 Curensis
460 5743 772 5803 historiam
818 5742 1193 5821 conscripsit."
1228 5746 1281 5804 Is
1312 5746 1469 5804 enim
1508 5746 1810 5807 Urbanum

1910 4771 2009 4843 qui
2063 4770 2173 4824 huc
2234 4770 2641 4834 convenerant,
2703 4766 2760 4820 in
2818 4770 3057 4836 fratrum
3117 4765 3561 4819 Clmiiarcnsimn

1905 4862 2214 4916 societatem
2291 4856 2536 4921 admisit,
2615 4848 2677 4909 ut
2730 4855 2938 4909 scilicet
2994 4855 3051 4908 in
3116 4853 3454 4908 orationibus
3510 4860 3561 4908 et

1908 4948 2282 5018 eteemosynis,
2316 4944 2399 5000 vel
2457 4945 2621 4999 etiam
2652 4944 2859 5000 cmtcris
2900 4936 3024 5015 jam
3077 4933 3214 4997 dicti
3240 4932 3357 4998 loci
3400 4943 3556 4997 benc-

1908 5039 2070 5110 factis
2122 5052 2155 5091 a
2184 5034 2339 5090 modo
2384 5034 2680 5105 participes
2723 5034 3033 5088 existerent.
3068 5028 3315 5087 Habitus
3347 5034 3436 5086 est
3464 5031 3562 5086 hic

1911 5128 2231 5183 conventus
2281 5139 2339 5178 x1
2393 5118 2680 5178 Kalendas
2736 5116 2929 5177 Martii
2984 5136 3137 5176 anno
3197 5120 3371 5187 1078;
3405 5119 3564 5192 quod

1913 5216 2120 5289 probat
2139 5216 2346 5286 praeter
2362 5215 2628 5268 nostrum
2657 5210 2954 5282 exemplar
2977 5204 3219 5266 indictio
3245 5225 3265 5264 ι
3288 5208 3366 5265 ibi
3390 5225 3566 5281 appo-

1913 5304 2045 5369 sita,
2077 5300 2344 5374 quamvis
2378 5300 2446 5355 ad
2483 5314 2702 5353 annum
2738 5294 3156 5371 praecedentem
3182 5297 3243 5353 in
3271 5297 3566 5370 Spicilegii

1911 5390 2219 5449 Achcriani
2255 5398 2408 5444 lomo
2432 5388 2527 5458 Vl,
2552 5387 2755 5443 eadem
2770 5384 3008 5444 donatio
3032 5388 3335 5444 referatur.
3359 5387 3567 5443 Coram

1914 5482 2117 5538 eodem
2150 5478 2348 5535 Odone
2371 5477 2564 5550 priore
2594 5477 2926 5533 Bernardus
2947 5477 3189 5549 quidam
3219 5474 3279 5532 in
3311 5475 3568 5548 capitulo

1916 5569 2142 5626 dimisit
2171 5585 2238 5624 ea
2267 5583 2394 5639 qum
2443 5564 2810 5621 Cluniacensi
2852 5566 3204 5623 monasterio
3236 5570 3509 5639 rapuerat
3539 5581 3569 5619 c

1916 5659 2087 5715 bonis
2117 5673 2244 5730 quae
2273 5656 2456 5710 frater
2483 5655 2610 5725 ejus
2640 5655 3006 5712 Tosceranus
3029 5655 3101 5711 ad
3132 5654 3567 5711 conversionem

1916 5748 2158 5805 veniens
2187 5744 2539 5813 contulerat,
2559 5747 2624 5800 ut
2650 5750 2923 5802 narratur
2947 5745 3007 5801 in
3029 5744 3249 5802 chartis
3266 5744 3369 5800 HG
3389 5746 3444 5796 et
3462 5741 3569 5795 605
