3972 6362
433 373 514 446 ﬂ
1732 376 1807 444 Β.
1851 378 2089 445 UBBA!

2286 380 2541 446 PAPE.
3761 363 3846 437 ΞΟ

425 527 632 572 earum
662 527 791 590 qua
821 509 933 574 sub
979 519 1180 573 sancto
1210 514 1450 590 Hugone
1480 515 1643 573 factae
1674 519 1851 584 sunt;
1911 515 2068 571 idem
2094 520 2152 589 Α
2181 516 2347 590 pejus
2377 515 2626 574 abirent.
2649 513 2839 581 Quare
2859 528 3047 589 operai
3068 509 3324 588 pretium
3349 523 3480 570 esse
3505 506 3739 568 censuit
3757 508 3846 566 vi-

430 603 554 662 Odo
583 603 744 678 prior
770 607 1131 662 memoratur
1155 605 1213 660 in
1245 605 1449 662 charta
1472 606 1595 660 321.

503 693 716 762 Quanti
744 697 942 750 autem
973 694 1166 751 meriti
1198 695 1390 764 fuerit,
1422 694 1555 750 inde
1586 693 1856 766 colligere
1877 709 2084 766 possu-

428 797 567 840 mus
595 783 772 856 quod,
805 800 938 840 cum
969 783 1284 856 Gregorius
1304 783 1450 852 VIII,
1485 783 1583 856 qui
1617 787 1756 839 tunc
1803 783 2079 840 Romanae

429 870 1095 942 Ecclesiae,difﬁeillimis
1105 872 2084 946 temporibus,prmerat,abHugone

433 961 646 1017 abbate
673 961 904 1033 aliquot
930 979 962 1018 e
1017 961 1143 1018 suis
1202 961 1508 1018 monachis
1564 961 1718 1017 viros
1749 959 1994 1017 scientia
2028 963 2087 1014 et

433 1049 650 1106 virtute
688 1053 1034 1124 praestantes
1065 1049 1352 1124 petiisset,
1373 1067 1520 1123 quos
1543 1051 1599 1106 in
1631 1049 1926 1117 maximis,
1957 1065 2084 1120 quae

437 1141 580 1195 tunc
603 1139 1184 1213 urgebant,Ecclesios
1207 1139 1454 1213 negotiis
1468 1140 1764 1211 adjutores
1781 1141 1978 1212 posset
1989 1137 2087 1192 ad-

439 1227 663 1294 hibere,
693 1227 848 1284 inter
867 1227 1011 1286 alios
1032 1229 1278 1302 primus,
1303 1233 1636 1285 Hermanno
1667 1231 1834 1294 teste,
1866 1226 2086 1283 electus

440 1315 618 1374 fuerit
646 1316 790 1386 Odo,
846 1317 948 1390 qui
1004 1317 1097 1374 his
1127 1317 1187 1374 in
1239 1318 1530 1392 angustiis
1563 1315 1823 1391 pontiﬁci
1874 1318 2087 1388 praesto

438 1409 596 1463 esset
619 1406 922 1480 (an.iO78).
947 1407 1041 1462 Sic
1059 1406 1216 1462 enim
1241 1406 1338 1462 ille
1359 1407 1418 1462 in
1437 1406 1691 1464 Historia
1711 1403 2087 1461 restauratio-

439 1494 534 1552 nis
564 1493 762 1552 Sancti
792 1495 1026 1550 Martini
1061 1497 1447 1551 Tornacensis
1469 1497 1596 1567 jam
1633 1493 1904 1550 laudata:
1939 1494 2087 1548 Tem-

431 1599 570 1657 pore
595 1583 784 1640 damni
809 1585 1049 1654 Hugonis
1104 1585 1480 1641 Cluniacensis
1515 1585 1746 1648 abbatis,
1777 1583 2002 1653 contigit
2029 1583 2090 1636 ut

438 1672 666 1746 quidam
689 1674 964 1730 Remensis
992 1673 1246 1730 Ecclesiae
1273 1675 1592 1739 canonicus,
1639 1687 1860 1743 magnae
1901 1669 2089 1743 probi-

438 1763 566 1818 tatis
594 1763 702 1829 vir,
732 1763 955 1818 nomine
987 1760 1116 1832 Odo,
1148 1763 1322 1818 vitam
1368 1763 1692 1819 saecularem
1738 1761 2090 1830 relinqueret,

2187 605 2620 680 gilantissimus
2645 604 2902 680 pontifex
2925 607 2990 660 ut
3017 603 3248 676 aliquos
3277 617 3478 659 secum
3501 605 3714 674 praesto
3745 599 3850 656 ha-

2187 696 2351 752 beret
2379 696 2532 752 viros
2590 712 2820 752 morum
2866 695 3175 750 sanctitate
3221 709 3287 749 ac
3336 691 3636 764 sapientiai
3688 691 3851 747 fama

2191 784 2470 852 illustres,
2491 801 2640 857 quos
2664 801 2766 858 pro
2787 782 3241 857 opportunitate,
3271 786 3336 837 ut
3357 781 3538 837 habet
3560 781 3849 836 Herman-

2191 891 2324 940 nus,
2375 874 2692 946 przsﬁceret
2738 871 3010 929 Ecclesiis
3055 870 3334 928 viduatis.
3389 868 3565 924 Electi
3614 869 3686 926 ad
3735 868 3850 924 hoc

2193 966 2334 1018 sunt
2355 962 2504 1018 inter
2519 961 2663 1019 alios
2685 962 2806 1018 Odo
2847 966 3064 1029 noster,
3114 965 3172 1016 et
3199 960 3406 1015 Petrus
3435 957 3537 1030 qui
3569 962 3702 1013 ante
3733 955 3847 1012 ali-

2194 1054 2336 1123 quot
2362 1067 2546 1106 annos
2591 1066 2622 1106 θ
2652 1049 2891 1106 Cavensi
2924 1064 3103 1122 prope
3133 1047 3437 1105 Salvinum
3489 1047 3849 1102 monasterio

2193 1139 2534 1196 Cluniacum
2565 1139 3110 1211 transmigraverat:
3143 1137 3232 1191 vir
3251 1136 3396 1192 adeo
3425 1135 3852 1202 industrius,ut

2195 1229 2275 1285 ibi
2307 1232 2552 1300 septem,
2575 1232 2652 1298 et,
2686 1232 2752 1282 ut
2780 1227 2879 1282 alii
2903 1227 3126 1295 dicunt,
3159 1225 3336 1282 etiam
3359 1224 3531 1300 plura
3559 1225 3752 1282 ofﬁcia
3773 1225 3853 1280 si—

2196 1316 2320 1374 mul
2350 1316 2610 1374 Cluniaci
2643 1317 2988 1373 exercuerit.

2478 1405 2573 1462 VI.
2613 1407 2697 1462 An
2723 1408 2890 1463 Cava?
2917 1413 3159 1462 moratus
3187 1406 3258 1460 sit
3291 1404 3558 1462 Urbanus.

2268 1495 2384 1551 Hos
2417 1494 2477 1550 in
2501 1493 2726 1551 Italiam
2755 1493 3055 1568 appulsos,
3089 1497 3224 1566 post
3251 1493 3574 1550 salutatum
3605 1493 3854 1566 pontiﬁ-

2197 1600 2344 1652 cem,
2368 1587 2578 1640 Cavam
2609 1583 2913 1640 divertisse
2941 1583 3035 1638 vix
3065 1582 3322 1638 dubitari
3354 1585 3565 1656 potest,
3589 1569 3721 1638 cum
3749 1598 3854 1638 eos

2199 1673 2279 1728 ibi
2311 1671 2652 1744 aliquandiu
2685 1671 2865 1728 simul
2889 1671 3101 1728 vixisse
3127 1671 3366 1727 disertis
3385 1671 3576 1727 verbis
3598 1672 3858 1728 afﬁrmet

2197 1765 2365 1818 vetus
2396 1769 2597 1818 auctor
2627 1761 2890 1818 Historiae
2938 1760 3328 1817 dedicationis
3377 1760 3642 1832 ejusdem
3693 1759 3851 1817 leci:

437 1857 490 1958 ett
519 1851 582 1906 in
635 1849 824 1958 eadem
873 1851 1220 1958 Cluniacensi
1258 1851 1504 1908 Ecclesia
1557 1850 1858 1906 monachus
1887 1850 2086 1948 .ﬁeret.
2121 1891 2170 1958 B
2201 1868 2308 1908 nec
2337 1867 2478 1907 sane
2505 1849 2619 1906 alio
2649 1849 2818 1907 titulo
2865 1851 3121 1923 potuerit
3150 1849 3440 1917 Urbanus,
3476 1853 3542 1904 ut
3587 1849 3736 1905 mihi
3765 1850 3856 1904 vi-

446 1937 686 2010 Cumque
715 1939 797 1994 ibi
831 1954 934 2010 per
963 1939 1171 2011 aliquot
1199 1955 1373 1994 annos
1401 1939 1815 2008 religiosissime
1840 1937 2088 2003 vixisset,

443 2030 498 2085 et
525 2027 754 2085 domnus
804 2043 951 2100 papa
981 2028 1270 2100 Gregorius
1303 2030 1393 2086 VII
1416 2028 1592 2084 eidem
1629 2027 1825 2083 domno
1878 2025 2095 2098 Hugoni

445 2116 640 2174 abbati
685 2116 1001 2173 mandasset
1029 2125 1092 2173 ut
1134 2117 1244 2173 sibi
1287 2117 1500 2190 aliquos
1527 2117 1592 2173 de
1645 2116 1924 2172 monachis
1977 2115 2094 2170 suis

444 2207 592 2264 viros
617 2207 898 2278 sapientes
917 2208 1323 2275 transmitteret,
1347 2222 1476 2278 quos
1505 2209 1866 2278 competenter
1889 2205 2095 2276 episco-

442 2309 540 2369 pos
567 2295 826 2353 ordinare
871 2303 1050 2368 posset
1085 2293 1316 2351 domnus
1365 2297 1517 2367 Hugo
1573 2296 1626 2351 ei
1680 2295 1826 2350 inter
1872 2295 2096 2348 clrteros

444 2385 743 2458 praefatum
798 2383 1036 2442 Odonem
1087 2384 1410 2453 transmisit,
1441 2400 1601 2456 quem
1625 2399 1774 2456 papa
1821 2382 1955 2438 urbi
2001 2382 2094 2438 Os—

447 2474 616 2531 tiensi
643 2474 954 2546 episcopum
981 2474 1331 2530 consecravit.
1365 2473 1680 2529 Guibertus
1722 2470 1897 2527 etiam
1925 2470 2095 2542 proﬁ-

445 2563 623 2620 ciente
650 2563 862 2632 merito,
913 2561 1175 2618 Odonem
1227 2562 1441 2618 civitati
1496 2562 1657 2620 Ostiae
1713 2561 1958 2632 Gregorii
2011 2560 2099 2615 VII

441 2667 599 2725 papa
608 2651 773 2724 jussu
799 2651 1132 2708 destinatum
1157 2652 1328 2722 fuisse
1357 2649 1554 2706 tradit.
1578 2649 1802 2714 Quibus
1835 2647 2098 2704 auctori-

448 2740 561 2797 bus
581 2739 952 2796 consentiens
982 2739 1291 2795 Ordericus
1319 2737 1528 2793 Vitalis
1560 2737 1708 2794 libro
1740 2755 1794 2794 ιν
1828 2735 2098 2793 Historiae

451 2827 876 2896 ecclesiasticis,
901 2828 1061 2884 addit
1092 2827 1239 2884 alios
1267 2843 1501 2900 quoque
1530 2826 1940 2884 Cluniaeenses
1972 2841 2098 2881 mo-

451 2917 674 2975 nachos
701 2916 887 2974 Odoni
909 2917 1098 2974 socios
1129 2917 1292 2972 datos
1312 2916 1512 2982 fuisse,
1545 2933 1579 2972 a
1609 2915 1883 2988 pontiﬁce
1901 2914 2098 2970 animo

451 3005 706 3080 gratanti
735 3009 1064 3079 susceptos,
1087 3005 1466 3077 Odonemque
1488 3023 1601 3077 prae
1625 3003 1848 3062 ceteris
1877 3004 1938 3059 in
1969 3019 2101 3060 con-

451 3094 737 3153 siliarium
755 3093 1001 3152 electum
1021 3095 1233 3152 fuisse:
1258 3097 1526 3162 Poscenti,
1545 3093 1758 3166 inquit,
1773 3109 1932 3164 papa.
1947 3094 2101 3160 Hugo

453 3185 828 3242 Cluniacensis
887 3185 1058 3241 abbas
1083 3184 1317 3242 Odonem
1373 3185 1620 3256 praefati,
1673 3181 2097 3248 Cluniacensis,

2199 1940 2388 2008 detur,
2412 1939 2564 1996 inter
2587 1939 2742 1996 viros
2761 1939 3020 1996 illustres
3041 1938 3214 1996 istius
3239 1937 3599 2008 monasterii,
3623 1943 3688 1994 ut
3719 1955 3856 2011 pas-

2201 2029 2314 2084 sim
2347 2029 2430 2096 ﬁt,
2465 2026 2769 2085 recenseri.
2801 2029 3008 2084 Fateor
3035 2027 3304 2100 equidem
3333 2027 3605 2086 abbatem
3659 2027 3858 2083 Venu-

2201 2117 2422 2186 sinum,
2453 2117 2556 2190 qui
2595 2117 2654 2173 in
2685 2117 2820 2174 Vita
2849 2117 3036 2174 sancti
3068 2116 3220 2172 Petri
3251 2116 3524 2172 eumdem
3559 2115 3793 2172 Petrum
3825 2133 3860 2173 θ

2198 2207 2402 2276 Gallia,
2427 2206 2795 2280 permittente
2824 2206 3085 2279 Hugone,
3107 2205 3316 2262 Cavam
3340 2220 3644 2261 reversum
3673 2205 3862 2262 fuisse

2203 2295 2427 2363 scribit,
2459 2295 2607 2352 nihil
2657 2313 2900 2368 prorsus
2950 2295 3165 2350 habere
3196 2295 3268 2350 de
3317 2294 3536 2361 Odone,
3593 2298 3698 2350 aut
3726 2295 3861 2366 ejus

2202 2384 2378 2442 sociis
2408 2402 2442 2441 a
2471 2385 2744 2458 Gregorio
2790 2383 3086 2456 expetitis:
3121 2389 3183 2440 at
3209 2382 3370 2438 illius
3418 2381 3649 2439 silentio
3703 2399 3863 2456 prae-

2203 2475 2530 2548 ponderant
2576 2475 2780 2530 auctor
2824 2471 3101 2529 laudatus
3151 2471 3418 2528 Historiae
3471 2471 3861 2528 dedicationis

2204 2562 2501 2629 Cavensis,
2535 2561 2680 2618 alter
2716 2561 2860 2618 Vita:
2903 2561 3089 2618 sancti
3120 2560 3273 2618 Petri
3319 2558 3588 2633 scriptor,
3636 2563 3693 2617 et
3742 2559 3864 2617 alia

2206 2655 2587 2708 monumenta
2614 2649 2912 2707 Cavensia.
2947 2651 3171 2706 Deinde
3227 2665 3360 2705 cum
3397 2654 3621 2704 certum
3651 2649 3730 2705 sit
3759 2655 3864 2706 ut-

2205 2757 2476 2813 rumque,
2508 2741 2625 2796 sive
2656 2739 2856 2805 simul,
2893 2739 3014 2796 sive
3043 2737 3313 2808 seorsim,
3347 2737 3441 2794 his
3497 2738 3866 2812 temporibus

2205 2829 2466 2886 eGalliis
2498 2829 2556 2884 in
2610 2828 2838 2886 Italiam
2884 2828 3358 2902 transmigrasse,
3402 2827 3718 2884 verisimile
3770 2834 3870 2886 est.

2207 2919 2464 2987 eosdem,
2515 2917 2565 2974 si
2599 2917 2837 2990 quidem
2869 2922 3118 2990 uterque
3161 2933 3278 2973 non
3309 2916 3510 2973 statim
3543 2920 3718 2990 atque
3743 2917 3866 2976 huc

2206 3007 2584 3073 advenerunt,
2619 3007 2690 3062 ad
2723 3006 2942 3064 infulas
2973 3004 3339 3079 pontiﬁcales
3369 3008 3510 3061 sunt
3539 3007 3862 3080 assumpti,

2206 3095 2440 3169 aliquod
2471 3095 2754 3168 temporis
2785 3094 3160 3150 intervallum
3191 3094 3250 3149 in
3279 3093 3478 3166 aliquo
3501 3097 3864 3152 monasterio

2207 3185 2498 3259 exegisse;
2555 3188 2612 3240 et
2657 3183 2898 3256 quidem
2947 3183 3143 3256 potius
3197 3182 3254 3238 in
3286 3183 3550 3249 Cavensi,
3583 3200 3763 3256 quam
3796 3185 3861 3242 in

446 3275 770 3333 monasterii
788 3277 1054 3348 priorem,
1077 3275 1174 3345 qui
1199 3274 1476 3332 Remensis
1510 3273 1768 3330 Ecclesiae
1795 3271 2092 3326 monachus
2121 3259 2165 3328 C
2199 3273 2310 3332 alio
2340 3289 2711 3346 quocunque,
2737 3272 2893 3344 quod
2913 3271 3058 3328 illud
3079 3271 3442 3328 Cluniacensi
3469 3271 3658 3327 ordini
3681 3273 3856 3328 addi-

443 3365 648 3436 fuerat,
677 3379 804 3421 cum
829 3364 961 3420 aliis
990 3363 1198 3420 idoneis
1233 3363 1507 3419 ctenobitis
1559 3363 1778 3418 Romam
1829 3361 2091 3416 transmi-

442 3455 537 3510 sit.
571 3454 712 3523 Quos
734 3469 885 3526 papa
911 3452 1058 3509 velut
1087 3469 1122 3508 a
1149 3453 1257 3509 Deo
1275 3453 1386 3508 sibi
1413 3453 1606 3507 missos
1629 3451 1904 3523 adjutores
1931 3465 2096 3506 ovan-

443 3545 527 3597 ter
552 3543 809 3615 suscepit.
843 3540 1081 3599 Odonem
1103 3556 1294 3613 nempe
1323 3541 1674 3614 praeipuum
1699 3539 1806 3594 sibi
1831 3539 2092 3595 consilia-

444 3631 595 3687 rium
619 3632 806 3702 elegit,
837 3633 889 3688 et
920 3631 1157 3688 Ostiensi
1182 3631 1440 3688 Ecclesiae
1453 3631 1767 3702 pontiﬁcem
1785 3629 2089 3684 constituit.

441 3723 574 3776 Haec
601 3719 880 3778 Odericus
910 3719 982 3777 ad
1030 3735 1253 3776 annum
1302 3720 1463 3785 1078,
1517 3717 1614 3775 ubi
1641 3717 1947 3774 occasione
1976 3716 2090 3772 ele-

443 3807 658 3866 ctionis
685 3808 948 3882 Gregorii
967 3807 1154 3863 VIIad
1173 3806 1600 3880 pontiﬁcatum,
1627 3805 1813 3861 multa
1829 3805 1889 3860 in
1905 3822 2092 3861 unum

444 3895 758 3969 congessit,
790 3913 940 3968 quae,
971 3895 1072 3950 illo
1095 3895 1353 3963 sedente,
1375 3893 1552 3950 variis
1571 3893 1934 3966 temporibus
1954 3909 2088 3948 con-

443 3984 729 4058 tigerunt.
787 3983 1048 4040 Odonem
1095 3999 1230 4039 vero
1261 3982 1395 4039 ante
1425 3999 1646 4038 annum
1679 3981 1700 4036 -Ι
1714 3983 1818 4036 078
1847 3985 2090 4037 Romam

441 4089 559 4132 non
588 4072 808 4132 adiisse
864 4071 1180 4146 plusquam
1229 4071 1526 4145 probabile
1556 4075 1646 4128 est
1673 4087 1742 4128 ex
1780 4070 2090 4127 donatione

439 4161 704 4237 Hugonis
735 4161 1087 4236 Burgundiaa
1117 4161 1287 4218 ducis
1319 4161 1592 4234 superius
1620 4159 1874 4229 laudata,
1911 4176 2089 4232 quam

437 4251 550 4308 hoc
580 4250 709 4324 ipso
740 4267 894 4308 anno
935 4250 1150 4308 factam
1197 4250 1380 4306 fuisse
1411 4249 1693 4319 diximus,
1727 4265 1865 4304 cum
1895 4248 2090 4304 adhuc

438 4340 560 4398 Odo
579 4339 741 4415 prior
767 4343 924 4398 esset
947 4338 1289 4396 monasterii
1317 4337 1728 4396 Cluniacensis
1753 4355 1766 4392 :
1803 4337 1917 4394 nisi
1943 4338 2088 4394 forte

439 4429 670 4487 dicatur
693 4428 952 4486 Odonem
985 4429 1175 4502 primo
1195 4431 1329 4485 ante
1350 4427 1495 4484 illud
1514 4431 1748 4500 tempus
1762 4444 1796 4483 a
1812 4427 2088 4500 Gregorio

441 4519 687 4576 Romam
713 4519 1080 4586 accersitum,
1105 4517 1315 4574 deinde
1337 4516 1396 4572 in
1421 4515 1638 4573 Gallias
1663 4516 1966 4584 rediisse,u
1978 4516 2089 4571 nde

437 4611 644 4682 postea
673 4623 827 4664 anno
870 4607 1012 4664 4078
1042 4607 1255 4665 iterum
1293 4605 1354 4662 in
1382 4605 1608 4663 Italiam
1640 4605 1932 4678 profectus
1961 4605 2085 4695 fue-
2119 4629 2166 4695 Β

437 4695 532 4766 rit,
567 4695 893 4754 Ostiensem
945 4696 1346 4770 episcopatum
1393 4700 1759 4768 accepturus.
1793 4697 1955 4750 Certe
1981 4694 2090 4749 Pe-

435 4789 564 4842 trus
593 4785 870 4844 Cavensis
901 4787 1142 4859 quicum
1169 4786 1290 4843 Odo
1321 4785 1380 4841 in
1415 4785 1640 4841 Italiam
1662 4783 1979 4840 accessisse
2005 4783 2088 4838 di-

434 4874 606 4942 citur,
637 4874 688 4931 si
718 4873 886 4931 alteri
905 4877 1035 4946 ejus
1054 4875 1197 4931 Vites
1215 4873 1483 4946 scriptori
1515 4874 1843 4941 credamus,
1875 4873 1948 4928 ab
1974 4871 2088 4927 Hil-

433 4963 732 5020 debrando
744 4963 896 5019 nond
907 4981 1006 5019 um
1023 4965 1296 5036 pontiﬁce
1311 4966 1614 5020 revocatus
1627 4963 1914 5018 fucrat.At
1927 4961 2087 5016 nulla

429 5051 662 5109 videtur
688 5067 818 5109 esse
845 5051 1025 5124 hujus
1061 5052 1312 5126 duplicis
1345 5051 1574 5108 itineris
1605 5050 1954 5107 admittendi
1985 5067 2084 5107 ne-

431 5141 705 5210 cessitas;
739 5139 958 5197 Odonis
1003 5157 1136 5198 vero
1167 5156 1302 5197 cum
1353 5141 1481 5212 ejus
1533 5139 1706 5196 sociis
1737 5140 1799 5195 in
1858 5138 2081 5196 Italiam

431 5229 768 5287 accersendi
788 5229 1013 5288 occasio
1035 5229 1156 5287 haec
1183 5229 1415 5286 videtur
1436 5229 1637 5297 fuisse,
1673 5245 1832 5285 mors
1863 5228 2086 5286 scilicet

431 5317 663 5376 Geraldi
685 5319 971 5377 Ostiensis
991 5318 1268 5392 episcopi,
1293 5319 1384 5375 cui
1409 5336 1594 5385 anno,
1623 5323 1686 5373 ut
1715 5317 1920 5373 scribit
1951 5318 2084 5372 Ber-

429 5405 807 5478 toldus,1077
827 5409 1004 5464 defun
1018 5414 1126 5477 :to,
1151 5411 1266 5464 llen
1277 5408 1431 5465 ricus
1451 5410 1752 5480 Augustus
1777 5408 2083 5463 factiosum

432 5497 748 5570 quemdam
779 5497 1080 5555 hominem
1111 5499 1396 5555 Joannem
1420 5498 1657 5554 nomine
1678 5496 2079 5554 substituerat.

425 5585 748 5644 Verebatur
757 5586 916 5642 enim
930 5587 1268 5660 Gregorius,
1285 5604 1376 5654 ne,
1393 5586 1444 5643 si
1459 5585 1818 5642 schismatici
1831 5601 1898 5642 eo
1912 5586 2084 5642 modo

424 5674 765 5733 invaderent
815 5674 1012 5748 plures
1063 5674 1378 5745 Ecclesiae,
1433 5692 1524 5732 res
1555 5673 1992 5732 Catholicorum
2025 5673 2084 5731 in

2203 3367 2361 3420 ctum
2393 3367 2576 3430 esset;
2610 3362 2886 3434 quodque
2917 3361 2996 3417 ibi
3028 3361 3254 3427 Petrus,
3289 3361 3459 3433 cujus
3489 3361 3610 3418 Odo
3642 3361 3854 3420 saltem

2202 3452 2428 3507 amicus
2454 3455 2597 3521 erat,
2630 3455 2689 3507 et
2713 3451 2868 3523 apud
2889 3449 3234 3506 Gluniacum
3254 3448 3382 3504 vitis
3408 3450 3741 3506 monasticae
3763 3468 3860 3507 so-

2202 3539 2328 3596 cius
2359 3540 2535 3595 vitam
2568 3539 2953 3596 monasticam
2976 3539 3278 3612 professus
3311 3537 3536 3594 fuisset.
3567 3538 3860 3596 Fabulan-

2202 3633 2300 3686 tur
2328 3628 2619 3696 nonnulli,
2652 3629 2812 3701 iique
2837 3627 3032 3684 nescio
3053 3627 3271 3700 quibus
3297 3626 3520 3700 decepti
3552 3627 3857 3700 scriptori-

2199 3721 2333 3788 bus,
2359 3720 2658 3776 Urbanum
2683 3718 2878 3773 Romae
2902 3717 3162 3790 primum
3183 3715 3243 3772 in
3265 3715 3635 3773 Lateranensi
3653 3732 3861 3773 mona-

2202 3808 2376 3865 sterio
2407 3807 2748 3864 canonicam
2771 3805 2952 3862 vitam
2970 3805 3326 3878 amplexum,
3349 3805 3615 3862 arctioris
3640 3803 3862 3862 deinde

2199 3897 2328 3952 vitae
2361 3895 2554 3952 studio
2585 3895 2643 3950 in
2688 3896 2944 3951 Cavense
2975 3895 3325 3962 secessisse;
3388 3893 3525 3949 hinc
3571 3895 3858 3948 transmi-

2201 4001 2405 4057 grasse
2433 3983 2800 4049 Cluniacum,
2833 3982 3033 4055 ibique
3062 3983 3172 4038 sub
3204 3981 3446 4039 Odilone
3476 3985 3578 4038 aut
3605 3985 3862 4055 Hugono

2200 4074 2412 4130 vixisse
2442 4090 2575 4128 cum
2607 4072 3019 4139 Hildebrando,
3055 4071 3155 4144 qui
3191 4077 3312 4128 tum
3353 4076 3408 4127 et
3439 4071 3563 4142 ipse
3589 4069 3859 4128 Cluniaci

2201 4162 2526 4219 monachus
2569 4166 2720 4232 erat;
2755 4162 2826 4218 ab
2859 4161 3062 4218 eodem
3112 4167 3332 4234 postea,
3367 4159 3542 4217 simul
3595 4163 3771 4230 atque
3799 4160 3858 4217 is

2201 4253 2502 4308 Romanus
2534 4251 2794 4325 pontifex
2814 4255 3045 4318 creatus
3076 4256 3183 4317 est,
3219 4251 3464 4306 Romam
3495 4247 3856 4306 accersitum

2198 4339 2634 4412 cardinalisque
2669 4339 2956 4413 dignitate
2987 4345 3162 4412 atque
3191 4337 3478 4396 Ostiensis
3509 4337 3852 4409 episcopatu

2199 4436 2472 4488 ornatum
2503 4431 2703 4486 fuisse.
2751 4430 2863 4485 Sed
2895 4429 3017 4484 haec
3047 4428 3247 4484 omnia
3275 4443 3446 4483 mera:
3488 4441 3654 4499 nugae
3686 4430 3857 4496 sunt,

2198 4520 2415 4592 quibus
2443 4518 2775 4575 ret‘ellendis
2805 4517 3108 4574 immorari
3142 4516 3320 4589 piget.

2443 4607 2565 4664 VII.
2621 4607 2872 4664 Urbanus
2909 4608 2972 4678 ﬁt
3001 4607 3282 4679 episcopus
3313 4606 3597 4662 Ostiensis.

2270 4697 2396 4753 Non
2426 4697 2527 4752 diu
2558 4695 2729 4752 licuit
2758 4695 2943 4751 Odoni
2974 4700 3078 4750 aut
3101 4695 3270 4751 Petro
3291 4694 3348 4750 in
3373 4693 3614 4751 Cavensi
3645 4689 3858 4748 solitu-

2195 4785 2331 4842 dine
2361 4785 2728 4842 commorari.
2765 4785 2912 4840 Nam
2945 4783 3262 4857 Gregorius
3292 4783 3403 4840 hoe
3435 4783 3585 4856 ipso,
3641 4797 3757 4853 quo
3790 4781 3858 4838 in

2195 4875 2421 4931 Italiam
2471 4874 2844 4939 advenerant,
2897 4889 3050 4928 anno
3082 4873 3244 4943 4078,
3293 4876 3424 4945 post
3453 4871 3855 4940 exturbatum,

2196 4969 2263 5020 ut
2295 4967 2543 5020 testatur
2572 4961 2853 5036 Ughellus
2881 4960 2942 5017 in
2968 4959 3132 5017 Italia
3163 4977 3348 5028 sacra,
3378 4962 3664 5016 Joannem
3699 4959 3858 5016 schi-

2194 5053 2534 5122 smaticum,
2565 5052 2824 5108 Odonem
2857 5051 3198 5122 episcopum
3235 5049 3562 5106 Ostiensem
3591 5047 3812 5104 creavit
3838 5069 3851 5119 ;

2195 5143 2398 5198 Petrus
2447 5159 2580 5197 vero
2609 5157 2720 5196 non
2752 5140 2922 5195 multo
2951 5143 3068 5210 post
3093 5155 3280 5208 suum,
3311 5141 3375 5193 ut
3414 5141 3612 5192 narrat
3637 5151 3852 5193 secun-

2193 5231 2306 5286 dus
2341 5231 2469 5302 ejus
2516 5229 2658 5284 Vitae
2689 5231 2913 5295 auctor,
2945 5244 2974 5282 e
3006 5228 3271 5283 Cluniaco
3319 5225 3576 5293 reditum,
3626 5225 3852 5282 Polica-

2191 5321 2416 5375 strensis
2445 5321 2722 5391 cpiscopus
2753 5315 3040 5371 ordinatus
3078 5323 3175 5372 est.
3227 5316 3426 5387 Neque
3457 5329 3564 5369 nos
3615 5327 3852 5372 movere

2195 5409 2365 5465 debet
2392 5407 2699 5478 utriusque
2726 5403 2869 5459 Vita:
2891 5404 2954 5460 S.
2977 5403 3130 5458 Petri
3150 5402 3486 5470 auctoritas,
3520 5401 3620 5458 ubi
3640 5401 3850 5460 Petrus

2193 5515 2308 5553 non
2341 5497 2531 5554 solum
2563 5512 2598 5551 a
2627 5493 2782 5550 clero
2813 5497 2869 5548 et
2921 5491 3157 5566 pepulo,
3190 5493 3292 5548 sed
3333 5491 3508 5548 etiam
3541 5507 3576 5546 a
3617 5487 3850 5548 Gisulfo

2193 5586 2560 5644 Salernitano
2592 5581 2852 5656 principe
2873 5580 3314 5638 Polieastrensis
3345 5580 3508 5637 urbis
3533 5577 3849 5652 episcopus

2194 5673 2526 5748 postulatus
2555 5686 2683 5730 esse
2712 5669 2947 5728 dicitur.
2971 5671 3116 5728 Nam
3150 5669 3412 5730 Gisulfus
3436 5671 3562 5742 jam
3594 5669 3666 5724 ab
3689 5683 3848 5724 anno
