  <div class='ocr_page' id='page_1' title='image "/cluster/home/n/w/nwhite01/storage/ocr_20150623/151/umn.31951002477444s/020.png"; bbox 0 0 3972 6436; ppageno 0'>
   <div class='ocr_carea' id='block_1_1' title="bbox 162 460 242 533">
    <p class='ocr_par' dir='ltr' id='par_1_1' title="bbox 162 460 242 533">
     <span class='ocr_line' id='line_1_1' title="bbox 162 460 242 533; baseline 0 0"><span class='ocrx_word' id='word_1_1' title='bbox 162 460 242 533; x_wconf 61' lang='grc'><strong>,01</strong></span> 
     </span>
    </p>
   </div>
   <div class='ocr_carea' id='block_1_2' title="bbox 1781 446 1999 522">
    <p class='ocr_par' dir='ltr' id='par_1_2' title="bbox 1781 446 1999 522">
     <span class='ocr_line' id='line_1_2' title="bbox 1781 446 1999 522; baseline -0.028 0"><span class='ocrx_word' id='word_1_2' title='bbox 1781 446 1999 522; x_wconf 72' lang='lat' dir='ltr'><strong>VITA.</strong></span> 
     </span>
    </p>
   </div>
   <div class='ocr_carea' id='block_1_3' title="bbox 175 576 3693 672">
    <p class='ocr_par' dir='ltr' id='par_1_3' title="bbox 175 576 3693 672">
     <span class='ocr_line' id='line_1_3' title="bbox 175 576 3693 672; baseline -0.007 -13"><span class='ocrx_word' id='word_1_3' title='bbox 175 598 303 659; x_wconf 78' lang='lat'>1075</span> <span class='ocrx_word' id='word_1_4' title='bbox 345 593 717 659; x_wconf 82' lang='lat' dir='ltr'><strong>Salernitano</strong></span> <span class='ocrx_word' id='word_1_5' title='bbox 763 593 1095 672; x_wconf 83' lang='lat' dir='ltr'><strong>principatu</strong></span> <span class='ocrx_word' id='word_1_6' title='bbox 1144 593 1430 671; x_wconf 76' lang='lat' dir='ltr'><strong>spoliatus</strong></span> <span class='ocrx_word' id='word_1_7' title='bbox 1476 611 1512 653; x_wconf 89' lang='lat' dir='ltr'><strong>a</strong></span> <span class='ocrx_word' id='word_1_8' title='bbox 1558 591 1809 652; x_wconf 89' lang='lat' dir='ltr'><strong>Roberto</strong></span> <span class='ocrx_word' id='word_1_9' title='bbox 1835 586 1894 661; x_wconf 78' lang='grc' dir='ltr'>Α</span> <span class='ocrx_word' id='word_1_10' title='bbox 1920 587 2237 665; x_wconf 81' lang='lat' dir='ltr'><strong>psalteriis,</strong></span> <span class='ocrx_word' id='word_1_11' title='bbox 2271 605 2339 648; x_wconf 91' lang='lat' dir='ltr'><strong>ac</strong></span> <span class='ocrx_word' id='word_1_12' title='bbox 2368 585 2571 647; x_wconf 84' lang='lat' dir='ltr'><strong>missis</strong></span> <span class='ocrx_word' id='word_1_13' title='bbox 2617 576 2942 652; x_wconf 80' lang='lat' dir='ltr'><strong>celebratis,</strong></span> <span class='ocrx_word' id='word_1_14' title='bbox 2977 600 3010 639; x_wconf 89' lang='lat' dir='ltr'><strong>a</strong></span> <span class='ocrx_word' id='word_1_15' title='bbox 3040 584 3154 638; x_wconf 92' lang='lat' dir='ltr'><strong>Deo</strong></span> <span class='ocrx_word' id='word_1_16' title='bbox 3203 581 3404 637; x_wconf 88' lang='lat' dir='ltr'><strong>audire</strong></span> <span class='ocrx_word' id='word_1_17' title='bbox 3451 597 3578 637; x_wconf 83' lang='lat' dir='ltr'><strong>me-</strong></span> <span class='ocrx_word' id='word_1_18' title='bbox 3690 618 3693 623; x_wconf 88' lang='lat'><strong><em>-</em></strong></span> 
     </span>
    </p>
   </div>
   <div class='ocr_carea' id='block_1_4' title="bbox 173 682 1825 761">
    <p class='ocr_par' dir='ltr' id='par_1_4' title="bbox 173 682 1825 761">
     <span class='ocr_line' id='line_1_4' title="bbox 173 682 1825 761; baseline -0.007 -11"><span class='ocrx_word' id='word_1_19' title='bbox 173 690 481 751; x_wconf 76' lang='lat' dir='ltr'><strong>Guiscardo</strong></span> <span class='ocrx_word' id='word_1_20' title='bbox 504 687 714 761; x_wconf 81' lang='lat' dir='ltr'><strong>fuerat,</strong></span> <span class='ocrx_word' id='word_1_21' title='bbox 738 692 803 745; x_wconf 89' lang='lat' dir='ltr'><strong>ut</strong></span> <span class='ocrx_word' id='word_1_22' title='bbox 825 686 1035 744; x_wconf 80' lang='lat' dir='ltr'><strong>scribit</strong></span> <span class='ocrx_word' id='word_1_23' title='bbox 1053 702 1382 760; x_wconf 76' lang='lat' dir='ltr'><strong>anonymus</strong></span> <span class='ocrx_word' id='word_1_24' title='bbox 1404 682 1742 742; x_wconf 88' lang='lat' dir='ltr'><strong>Casinensis</strong></span> <span class='ocrx_word' id='word_1_25' title='bbox 1765 682 1825 739; x_wconf 92' lang='lat' dir='ltr'><strong>in</strong></span> 
     </span>
    </p>
   </div>
   <div class='ocr_carea' id='block_1_5' title="bbox 173 774 1824 852">
    <p class='ocr_par' dir='ltr' id='par_1_5' title="bbox 173 774 1824 852">
     <span class='ocr_line' id='line_1_5' title="bbox 173 774 1824 852; baseline -0.006 -15"><span class='ocrx_word' id='word_1_26' title='bbox 173 779 469 847; x_wconf 85' lang='lat' dir='ltr'><strong>Chronico,</strong></span> <span class='ocrx_word' id='word_1_27' title='bbox 500 782 675 852; x_wconf 90' lang='lat' dir='ltr'><strong>atque</strong></span> <span class='ocrx_word' id='word_1_28' title='bbox 701 776 812 834; x_wconf 92' lang='lat' dir='ltr'><strong>hoc</strong></span> <span class='ocrx_word' id='word_1_29' title='bbox 860 777 988 850; x_wconf 89' lang='lat' dir='ltr'><strong>ipso</strong></span> <span class='ocrx_word' id='word_1_30' title='bbox 1035 793 1189 834; x_wconf 88' lang='lat' dir='ltr'><strong>anno</strong></span> <span class='ocrx_word' id='word_1_31' title='bbox 1221 776 1469 833; x_wconf 80' lang='lat' dir='ltr'><strong>Romam</strong></span> <span class='ocrx_word' id='word_1_32' title='bbox 1500 775 1573 831; x_wconf 90' lang='lat' dir='ltr'><strong>ad</strong></span> <span class='ocrx_word' id='word_1_33' title='bbox 1605 774 1824 846; x_wconf 84' lang='lat' dir='ltr'><strong>Grego-</strong></span> 
     </span>
    </p>
   </div>
   <div class='ocr_carea' id='block_1_6' title="bbox 173 862 1825 941">
    <p class='ocr_par' dir='ltr' id='par_1_6' title="bbox 173 862 1825 941">
     <span class='ocr_line' id='line_1_6' title="bbox 173 862 1825 941; baseline -0.007 -15"><span class='ocrx_word' id='word_1_34' title='bbox 173 867 313 926; x_wconf 83' lang='lat' dir='ltr'><strong>rium</strong></span> <span class='ocrx_word' id='word_1_35' title='bbox 344 867 710 941; x_wconf 82' lang='lat' dir='ltr'><strong>confugerat.</strong></span> <span class='ocrx_word' id='word_1_36' title='bbox 742 865 892 932; x_wconf 84' lang='lat' dir='ltr'><strong>Quid</strong></span> <span class='ocrx_word' id='word_1_37' title='bbox 921 882 1058 939; x_wconf 88' lang='lat' dir='ltr'><strong>ergo</strong></span> <span class='ocrx_word' id='word_1_38' title='bbox 1090 866 1161 922; x_wconf 88' lang='lat' dir='ltr'><strong>ad</strong></span> <span class='ocrx_word' id='word_1_39' title='bbox 1195 864 1536 921; x_wconf 84' lang='lat' dir='ltr'><strong>electionem</strong></span> <span class='ocrx_word' id='word_1_40' title='bbox 1568 862 1744 927; x_wconf 90' lang='lat' dir='ltr'><strong>Petri,</strong></span> <span class='ocrx_word' id='word_1_41' title='bbox 1774 871 1825 924; x_wconf 84' lang='lat' dir='ltr'><strong>si</strong></span> 
     </span>
    </p>
   </div>
   <div class='ocr_carea' id='block_1_7' title="bbox 169 953 1821 1027">
    <p class='ocr_par' dir='ltr' id='par_1_7' title="bbox 169 953 1821 1027">
     <span class='ocr_line' id='line_1_7' title="bbox 169 953 1821 1027; baseline -0.004 -13"><span class='ocrx_word' id='word_1_42' title='bbox 169 958 313 1014; x_wconf 86' lang='lat' dir='ltr'><strong>facta</strong></span> <span class='ocrx_word' id='word_1_43' title='bbox 341 956 551 1013; x_wconf 84' lang='lat' dir='ltr'><strong>fuisset</strong></span> <span class='ocrx_word' id='word_1_44' title='bbox 588 972 741 1011; x_wconf 90' lang='lat' dir='ltr'><strong>anno</strong></span> <span class='ocrx_word' id='word_1_45' title='bbox 786 956 947 1022; x_wconf 89' lang='lat'>1078,</span> <span class='ocrx_word' id='word_1_46' title='bbox 982 954 1257 1027; x_wconf 85' lang='lat' dir='ltr'><strong>princeps</strong></span> <span class='ocrx_word' id='word_1_47' title='bbox 1298 953 1397 1010; x_wconf 92' lang='lat' dir='ltr'><strong>ille</strong></span> <span class='ocrx_word' id='word_1_48' title='bbox 1434 956 1646 1010; x_wconf 83' lang='lat' dir='ltr'><strong>exutus</strong></span> <span class='ocrx_word' id='word_1_49' title='bbox 1686 968 1821 1008; x_wconf 89' lang='lat' dir='ltr'><strong>eon-</strong></span> 
     </span>
    </p>
   </div>
   <div class='ocr_carea' id='block_1_8' title="bbox 170 1042 1822 1117">
    <p class='ocr_par' dir='ltr' id='par_1_8' title="bbox 170 1042 1822 1117">
     <span class='ocr_line' id='line_1_8' title="bbox 170 1042 1822 1117; baseline -0.004 -16"><span class='ocrx_word' id='word_1_50' title='bbox 170 1046 369 1101; x_wconf 80' lang='lat' dir='ltr'><strong>ducere</strong></span> <span class='ocrx_word' id='word_1_51' title='bbox 400 1043 630 1117; x_wconf 88' lang='lat' dir='ltr'><strong>potuit?</strong></span> <span class='ocrx_word' id='word_1_52' title='bbox 660 1044 785 1100; x_wconf 87' lang='lat' dir='ltr'>Nisi</span> <span class='ocrx_word' id='word_1_53' title='bbox 814 1044 961 1100; x_wconf 89' lang='lat' dir='ltr'><strong>forte</strong></span> <span class='ocrx_word' id='word_1_54' title='bbox 994 1044 1149 1115; x_wconf 90' lang='lat' dir='ltr'><strong>apud</strong></span> <span class='ocrx_word' id='word_1_55' title='bbox 1174 1042 1519 1113; x_wconf 76' lang='lat' dir='ltr'><strong>Gregorium</strong></span> <span class='ocrx_word' id='word_1_56' title='bbox 1544 1043 1822 1097; x_wconf 88' lang='lat' dir='ltr'><strong>interces-</strong></span> 
     </span>
    </p>
   </div>
   <div class='ocr_carea' id='block_1_9' title="bbox 170 1131 1822 1205">
    <p class='ocr_par' dir='ltr' id='par_1_9' title="bbox 170 1131 1822 1205">
     <span class='ocr_line' id='line_1_9' title="bbox 170 1131 1822 1205; baseline -0.005 -13"><span class='ocrx_word' id='word_1_57' title='bbox 170 1134 321 1202; x_wconf 86' lang='lat' dir='ltr'><strong>serit,</strong></span> <span class='ocrx_word' id='word_1_58' title='bbox 355 1137 423 1190; x_wconf 91' lang='lat' dir='ltr'><strong>ut</strong></span> <span class='ocrx_word' id='word_1_59' title='bbox 451 1133 681 1201; x_wconf 82' lang='lat' dir='ltr'><strong>Petrus,</strong></span> <span class='ocrx_word' id='word_1_60' title='bbox 716 1149 892 1205; x_wconf 90' lang='lat' dir='ltr'><strong>quem</strong></span> <span class='ocrx_word' id='word_1_61' title='bbox 941 1131 1132 1188; x_wconf 90' lang='lat' dir='ltr'><strong>virum</strong></span> <span class='ocrx_word' id='word_1_62' title='bbox 1174 1133 1396 1189; x_wconf 91' lang='lat' dir='ltr'><strong>bonum</strong></span> <span class='ocrx_word' id='word_1_63' title='bbox 1447 1135 1505 1187; x_wconf 90' lang='lat' dir='ltr'><strong>et</strong></span> <span class='ocrx_word' id='word_1_64' title='bbox 1549 1135 1822 1187; x_wconf 90' lang='lat' dir='ltr'><strong>sanctum</strong></span> 
     </span>
    </p>
   </div>
   <div class='ocr_carea' id='block_1_10' title="bbox 170 1219 1819 1298">
    <p class='ocr_par' dir='ltr' id='par_1_10' title="bbox 170 1219 1819 1298">
     <span class='ocr_line' id='line_1_10' title="bbox 170 1219 1819 1298; baseline -0.004 -18"><span class='ocrx_word' id='word_1_65' title='bbox 170 1223 341 1298; x_wconf 87' lang='lat' dir='ltr'><strong>probe</strong></span> <span class='ocrx_word' id='word_1_66' title='bbox 393 1225 655 1290; x_wconf 83' lang='lat' dir='ltr'><strong>noverat,</strong></span> <span class='ocrx_word' id='word_1_67' title='bbox 686 1220 747 1278; x_wconf 88' lang='lat' dir='ltr'><strong>in</strong></span> <span class='ocrx_word' id='word_1_68' title='bbox 788 1219 1201 1278; x_wconf 89' lang='lat' dir='ltr'><strong>Policastrensi</strong></span> <span class='ocrx_word' id='word_1_69' title='bbox 1236 1220 1384 1277; x_wconf 91' lang='lat' dir='ltr'><strong>solio</strong></span> <span class='ocrx_word' id='word_1_70' title='bbox 1423 1219 1819 1290; x_wconf 50' lang='lat' dir='ltr'><strong>collocaretur,</strong></span> 
     </span>
    </p>
   </div>
   <div class='ocr_carea' id='block_1_11' title="bbox 172 1307 1821 1386">
    <p class='ocr_par' dir='ltr' id='par_1_11' title="bbox 172 1307 1821 1386">
     <span class='ocr_line' id='line_1_11' title="bbox 172 1307 1821 1386; baseline -0.004 -17"><span class='ocrx_word' id='word_1_71' title='bbox 172 1315 349 1386; x_wconf 84' lang='lat' dir='ltr'><strong>Atque</strong></span> <span class='ocrx_word' id='word_1_72' title='bbox 399 1311 511 1367; x_wconf 89' lang='lat' dir='ltr'><strong>hoc</strong></span> <span class='ocrx_word' id='word_1_73' title='bbox 558 1310 732 1367; x_wconf 89' lang='lat' dir='ltr'><strong>modo</strong></span> <span class='ocrx_word' id='word_1_74' title='bbox 781 1309 947 1366; x_wconf 82' lang='lat' dir='ltr'><strong>facile</strong></span> <span class='ocrx_word' id='word_1_75' title='bbox 1005 1310 1351 1366; x_wconf 89' lang='lat' dir='ltr'><strong>conciliatur</strong></span> <span class='ocrx_word' id='word_1_76' title='bbox 1406 1315 1652 1382; x_wconf 87' lang='lat' dir='ltr'><strong>uterque</strong></span> <span class='ocrx_word' id='word_1_77' title='bbox 1679 1307 1821 1363; x_wconf 80' lang='lat' dir='ltr'><strong>Vitae</strong></span> 
     </span>
    </p>
   </div>
   <div class='ocr_carea' id='block_1_12' title="bbox 172 1397 1820 1473">
    <p class='ocr_par' dir='ltr' id='par_1_12' title="bbox 172 1397 1820 1473">
     <span class='ocr_line' id='line_1_12' title="bbox 172 1397 1820 1473; baseline -0.004 -14"><span class='ocrx_word' id='word_1_78' title='bbox 172 1402 313 1459; x_wconf 88' lang='lat' dir='ltr'><strong>Petri</strong></span> <span class='ocrx_word' id='word_1_79' title='bbox 374 1400 631 1473; x_wconf 90' lang='lat' dir='ltr'><strong>scriptor</strong></span> <span class='ocrx_word' id='word_1_80' title='bbox 691 1417 826 1456; x_wconf 90' lang='lat' dir='ltr'><strong>cum</strong></span> <span class='ocrx_word' id='word_1_81' title='bbox 883 1398 1018 1456; x_wconf 90' lang='lat' dir='ltr'><strong>aliis</strong></span> <span class='ocrx_word' id='word_1_82' title='bbox 1074 1399 1388 1457; x_wconf 85' lang='lat' dir='ltr'><strong>historicis.</strong></span> <span class='ocrx_word' id='word_1_83' title='bbox 1421 1401 1567 1456; x_wconf 85' lang='lat' dir='ltr'><strong>Nam</strong></span> <span class='ocrx_word' id='word_1_84' title='bbox 1615 1397 1820 1455; x_wconf 84' lang='lat' dir='ltr'><strong>Gisulﬁ</strong></span> 
     </span>
    </p>
   </div>
   <div class='ocr_carea' id='block_1_13' title="bbox 171 1487 1820 1563">
    <p class='ocr_par' dir='ltr' id='par_1_13' title="bbox 171 1487 1820 1563">
     <span class='ocr_line' id='line_1_13' title="bbox 171 1487 1820 1563; baseline -0.002 -16"><span class='ocrx_word' id='word_1_85' title='bbox 171 1491 339 1548; x_wconf 86' lang='lat' dir='ltr'><strong>etiam</strong></span> <span class='ocrx_word' id='word_1_86' title='bbox 372 1507 405 1547; x_wconf 79' lang='grc' dir='ltr'>θ</span> <span class='ocrx_word' id='word_1_87' title='bbox 435 1489 625 1563; x_wconf 87' lang='lat' dir='ltr'><strong>patria</strong></span> <span class='ocrx_word' id='word_1_88' title='bbox 665 1488 821 1563; x_wconf 89' lang='lat' dir='ltr'><strong>pulsi</strong></span> <span class='ocrx_word' id='word_1_89' title='bbox 868 1489 1123 1545; x_wconf 89' lang='lat' dir='ltr'><strong>multum</strong></span> <span class='ocrx_word' id='word_1_90' title='bbox 1171 1490 1450 1545; x_wconf 84' lang='lat' dir='ltr'><strong>intererat</strong></span> <span class='ocrx_word' id='word_1_91' title='bbox 1495 1494 1562 1545; x_wconf 90' lang='lat' dir='ltr'><strong>ut</strong></span> <span class='ocrx_word' id='word_1_92' title='bbox 1607 1487 1820 1560; x_wconf 86' lang='lat' dir='ltr'><strong>aliquis</strong></span> 
     </span>
    </p>
   </div>
   <div class='ocr_carea' id='block_1_14' title="bbox 172 1578 1821 1652">
    <p class='ocr_par' dir='ltr' id='par_1_14' title="bbox 172 1578 1821 1652">
     <span class='ocr_line' id='line_1_14' title="bbox 172 1578 1821 1652; baseline -0.003 -15"><span class='ocrx_word' id='word_1_93' title='bbox 172 1580 275 1637; x_wconf 82' lang='lat' dir='ltr'><strong>sibi</strong></span> <span class='ocrx_word' id='word_1_94' title='bbox 305 1584 482 1635; x_wconf 88' lang='lat' dir='ltr'><strong>notus</strong></span> <span class='ocrx_word' id='word_1_95' title='bbox 515 1578 667 1635; x_wconf 88' lang='lat' dir='ltr'><strong>hanc</strong></span> <span class='ocrx_word' id='word_1_96' title='bbox 697 1578 1042 1652; x_wconf 87' lang='lat' dir='ltr'><strong>dignitatem</strong></span> <span class='ocrx_word' id='word_1_97' title='bbox 1086 1578 1398 1635; x_wconf 87' lang='lat' dir='ltr'><strong>obtineret.</strong></span> <span class='ocrx_word' id='word_1_98' title='bbox 1421 1579 1584 1636; x_wconf 87' lang='lat' dir='ltr'><strong>Certe</strong></span> <span class='ocrx_word' id='word_1_99' title='bbox 1615 1578 1821 1634; x_wconf 81' lang='lat' dir='ltr'><strong>Petrus</strong></span> 
     </span>
    </p>
   </div>
   <div class='ocr_carea' id='block_1_15' title="bbox 171 1667 1821 1741">
    <p class='ocr_par' dir='ltr' id='par_1_15' title="bbox 171 1667 1821 1741">
     <span class='ocr_line' id='line_1_15' title="bbox 171 1667 1821 1741; baseline -0.003 -15"><span class='ocrx_word' id='word_1_100' title='bbox 171 1687 274 1726; x_wconf 83' lang='lat' dir='ltr'><strong>non</strong></span> <span class='ocrx_word' id='word_1_101' title='bbox 298 1670 478 1726; x_wconf 78' lang='lat' dir='ltr'><strong>multo</strong></span> <span class='ocrx_word' id='word_1_102' title='bbox 494 1672 619 1741; x_wconf 78' lang='lat' dir='ltr'><strong>post</strong></span> <span class='ocrx_word' id='word_1_103' title='bbox 645 1684 808 1724; x_wconf 83' lang='lat' dir='ltr'><strong>suum</strong></span> <span class='ocrx_word' id='word_1_104' title='bbox 827 1683 857 1724; x_wconf 90' lang='lat' dir='ltr'><strong>e</strong></span> <span class='ocrx_word' id='word_1_105' title='bbox 877 1667 1138 1724; x_wconf 84' lang='lat' dir='ltr'><strong>Cluniaco</strong></span> <span class='ocrx_word' id='word_1_106' title='bbox 1159 1668 1417 1737; x_wconf 75' lang='lat' dir='ltr'><strong>reditum,</strong></span> <span class='ocrx_word' id='word_1_107' title='bbox 1441 1671 1506 1723; x_wconf 90' lang='lat' dir='ltr'><strong>ut</strong></span> <span class='ocrx_word' id='word_1_108' title='bbox 1533 1667 1710 1723; x_wconf 84' lang='lat' dir='ltr'><strong>habet</strong></span> <span class='ocrx_word' id='word_1_109' title='bbox 1729 1681 1821 1721; x_wconf 91' lang='lat' dir='ltr'><strong>se-</strong></span> 
     </span>
    </p>
   </div>
   <div class='ocr_carea' id='block_1_16' title="bbox 170 1756 1820 1830">
    <p class='ocr_par' dir='ltr' id='par_1_16' title="bbox 170 1756 1820 1830">
     <span class='ocr_line' id='line_1_16' title="bbox 170 1756 1820 1830; baseline -0.003 -14"><span class='ocrx_word' id='word_1_110' title='bbox 170 1760 368 1817; x_wconf 70' lang='lat' dir='ltr'><strong>cunda:</strong></span> <span class='ocrx_word' id='word_1_111' title='bbox 400 1758 545 1813; x_wconf 59' lang='lat' dir='ltr'><strong>Vitae</strong></span> <span class='ocrx_word' id='word_1_112' title='bbox 574 1762 797 1823; x_wconf 85' lang='lat' dir='ltr'><strong>auctor,</strong></span> <span class='ocrx_word' id='word_1_113' title='bbox 816 1756 1264 1814; x_wconf 86' lang='lat' dir='ltr'><strong>Policastrensis</strong></span> <span class='ocrx_word' id='word_1_114' title='bbox 1292 1757 1603 1830; x_wconf 84' lang='lat' dir='ltr'><strong>episcOpus</strong></span> <span class='ocrx_word' id='word_1_115' title='bbox 1632 1756 1820 1811; x_wconf 88' lang='lat' dir='ltr'><strong>factus</strong></span> 
     </span>
    </p>
   </div>
   <div class='ocr_carea' id='block_1_17' title="bbox 173 1844 1819 1921">
    <p class='ocr_par' dir='ltr' id='par_1_17' title="bbox 173 1844 1819 1921">
     <span class='ocr_line' id='line_1_17' title="bbox 173 1844 1819 1921; baseline -0.003 -17"><span class='ocrx_word' id='word_1_116' title='bbox 173 1854 272 1921; x_wconf 75' lang='lat' dir='ltr'><strong>est.</strong></span> <span class='ocrx_word' id='word_1_117' title='bbox 296 1849 425 1914; x_wconf 85' lang='lat' dir='ltr'><strong>Qua</strong></span> <span class='ocrx_word' id='word_1_118' title='bbox 446 1846 504 1903; x_wconf 90' lang='lat' dir='ltr'><strong>in</strong></span> <span class='ocrx_word' id='word_1_119' title='bbox 537 1846 822 1920; x_wconf 86' lang='lat' dir='ltr'><strong>dignitate</strong></span> <span class='ocrx_word' id='word_1_120' title='bbox 852 1862 986 1903; x_wconf 89' lang='lat' dir='ltr'><strong>cum</strong></span> <span class='ocrx_word' id='word_1_121' title='bbox 1015 1863 1216 1919; x_wconf 87' lang='lat' dir='ltr'><strong>parum</strong></span> <span class='ocrx_word' id='word_1_122' title='bbox 1240 1847 1501 1919; x_wconf 78' lang='lat' dir='ltr'><strong>temporis</strong></span> <span class='ocrx_word' id='word_1_123' title='bbox 1531 1844 1819 1917; x_wconf 73' lang='lat' dir='ltr'><strong>expendis-</strong></span> 
     </span>
    </p>
   </div>
   <div class='ocr_carea' id='block_1_18' title="bbox 168 1933 1898 2030">
    <p class='ocr_par' dir='ltr' id='par_1_18' title="bbox 168 1933 1898 2030">
     <span class='ocr_line' id='line_1_18' title="bbox 168 1933 1898 2030; baseline -0.005 -34"><span class='ocrx_word' id='word_1_124' title='bbox 168 1941 262 2004; x_wconf 66' lang='grc' dir='ltr'><strong>εει,</strong></span> <span class='ocrx_word' id='word_1_125' title='bbox 296 1938 355 1993; x_wconf 93' lang='lat' dir='ltr'><strong>in</strong></span> <span class='ocrx_word' id='word_1_126' title='bbox 391 1934 816 1992; x_wconf 75' lang='lat' dir='ltr'><strong>monasterium</strong></span> <span class='ocrx_word' id='word_1_127' title='bbox 842 1935 1095 1992; x_wconf 91' lang='lat' dir='ltr'><strong>Cavense</strong></span> <span class='ocrx_word' id='word_1_128' title='bbox 1122 1935 1619 2003; x_wconf 72' lang='lat' dir='ltr'><strong>reversus,staﬁm</strong></span> <span class='ocrx_word' id='word_1_129' title='bbox 1647 1933 1821 1990; x_wconf 87' lang='lat' dir='ltr'><strong>Leoni</strong></span> <span class='ocrx_word' id='word_1_130' title='bbox 1852 1963 1898 2030; x_wconf 67' lang='grc' dir='ltr'>Β</span> 
     </span>
    </p>
   </div>
   <div class='ocr_carea' id='block_1_19' title="bbox 178 2022 1821 2098">
    <p class='ocr_par' dir='ltr' id='par_1_19' title="bbox 178 2022 1821 2098">
     <span class='ocr_line' id='line_1_19' title="bbox 178 2022 1821 2098; baseline -0.004 -14"><span class='ocrx_word' id='word_1_131' title='bbox 178 2026 367 2084; x_wconf 82' lang='lat' dir='ltr'><strong>abbati</strong></span> <span class='ocrx_word' id='word_1_132' title='bbox 394 2024 573 2098; x_wconf 91' lang='lat' dir='ltr'><strong>paulo</strong></span> <span class='ocrx_word' id='word_1_133' title='bbox 604 2028 738 2081; x_wconf 87' lang='lat' dir='ltr'><strong>ante</strong></span> <span class='ocrx_word' id='word_1_134' title='bbox 768 2024 896 2096; x_wconf 86' lang='lat' dir='ltr'><strong>ejus</strong></span> <span class='ocrx_word' id='word_1_135' title='bbox 927 2028 1197 2092; x_wconf 90' lang='lat' dir='ltr'><strong>mortem,</strong></span> <span class='ocrx_word' id='word_1_136' title='bbox 1221 2029 1286 2081; x_wconf 90' lang='lat' dir='ltr'><strong>ut</strong></span> <span class='ocrx_word' id='word_1_137' title='bbox 1315 2042 1384 2082; x_wconf 85' lang='lat' dir='ltr'><strong>ex</strong></span> <span class='ocrx_word' id='word_1_138' title='bbox 1411 2029 1660 2096; x_wconf 87' lang='lat' dir='ltr'><strong>utroque</strong></span> <span class='ocrx_word' id='word_1_139' title='bbox 1687 2022 1821 2079; x_wconf 77' lang='lat' dir='ltr'><strong>Vita:</strong></span> 
     </span>
    </p>
   </div>
   <div class='ocr_carea' id='block_1_20' title="bbox 173 2111 1825 2183">
    <p class='ocr_par' dir='ltr' id='par_1_20' title="bbox 173 2111 1825 2183">
     <span class='ocr_line' id='line_1_20' title="bbox 173 2111 1825 2183; baseline -0.005 -10"><span class='ocrx_word' id='word_1_140' title='bbox 173 2120 403 2173; x_wconf 85' lang='lat' dir='ltr'><strong>auctore</strong></span> <span class='ocrx_word' id='word_1_141' title='bbox 435 2118 686 2182; x_wconf 88' lang='lat' dir='ltr'><strong>constat,</strong></span> <span class='ocrx_word' id='word_1_142' title='bbox 719 2113 1077 2170; x_wconf 88' lang='lat' dir='ltr'><strong>substitutus</strong></span> <span class='ocrx_word' id='word_1_143' title='bbox 1107 2118 1214 2170; x_wconf 91' lang='lat' dir='ltr'><strong>est.</strong></span> <span class='ocrx_word' id='word_1_144' title='bbox 1246 2114 1358 2170; x_wconf 89' lang='lat' dir='ltr'><strong>Leo</strong></span> <span class='ocrx_word' id='word_1_145' title='bbox 1389 2117 1608 2183; x_wconf 89' lang='lat' dir='ltr'><strong>autem,</strong></span> <span class='ocrx_word' id='word_1_146' title='bbox 1640 2111 1725 2168; x_wconf 87' lang='lat' dir='ltr'><strong>uti</strong></span> <span class='ocrx_word' id='word_1_147' title='bbox 1756 2126 1825 2166; x_wconf 82' lang='lat' dir='ltr'><strong>ex</strong></span> 
     </span>
    </p>
   </div>
   <div class='ocr_carea' id='block_1_21' title="bbox 175 2200 1824 2275">
    <p class='ocr_par' dir='ltr' id='par_1_21' title="bbox 175 2200 1824 2275">
     <span class='ocr_line' id='line_1_21' title="bbox 175 2200 1824 2275; baseline -0.003 -13"><span class='ocrx_word' id='word_1_148' title='bbox 175 2202 522 2262; x_wconf 85' lang='lat' dir='ltr'><strong>Kalendario</strong></span> <span class='ocrx_word' id='word_1_149' title='bbox 570 2200 808 2258; x_wconf 81' lang='lat' dir='ltr'><strong>Gavensi</strong></span> <span class='ocrx_word' id='word_1_150' title='bbox 850 2205 909 2257; x_wconf 90' lang='lat' dir='ltr'><strong>et</strong></span> <span class='ocrx_word' id='word_1_151' title='bbox 954 2201 1238 2259; x_wconf 84' lang='lat' dir='ltr'><strong>Chronico</strong></span> <span class='ocrx_word' id='word_1_152' title='bbox 1285 2202 1444 2260; x_wconf 88' lang='lat' dir='ltr'><strong>brevi</strong></span> <span class='ocrx_word' id='word_1_153' title='bbox 1503 2203 1574 2258; x_wconf 94' lang='lat' dir='ltr'><strong>ad</strong></span> <span class='ocrx_word' id='word_1_154' title='bbox 1633 2200 1824 2275; x_wconf 78' lang='lat' dir='ltr'><strong>cyclos</strong></span> 
     </span>
    </p>
   </div>
   <div class='ocr_carea' id='block_1_22' title="bbox 173 2290 1823 2367">
    <p class='ocr_par' dir='ltr' id='par_1_22' title="bbox 173 2290 1823 2367">
     <span class='ocr_line' id='line_1_22' title="bbox 173 2290 1823 2367; baseline -0.002 -16"><span class='ocrx_word' id='word_1_155' title='bbox 173 2291 482 2367; x_wconf 82' lang='lat' dir='ltr'><strong>paschales</strong></span> <span class='ocrx_word' id='word_1_156' title='bbox 514 2294 740 2347; x_wconf 89' lang='lat' dir='ltr'><strong>certum</strong></span> <span class='ocrx_word' id='word_1_157' title='bbox 780 2290 1029 2359; x_wconf 89' lang='lat' dir='ltr'><strong>videtur,</strong></span> <span class='ocrx_word' id='word_1_158' title='bbox 1062 2290 1206 2348; x_wconf 85' lang='lat' dir='ltr'><strong>obiit</strong></span> <span class='ocrx_word' id='word_1_159' title='bbox 1233 2308 1434 2348; x_wconf 88' lang='lat' dir='ltr'><strong>mense</strong></span> <span class='ocrx_word' id='word_1_160' title='bbox 1479 2290 1635 2347; x_wconf 88' lang='lat' dir='ltr'><strong>Julio</strong></span> <span class='ocrx_word' id='word_1_161' title='bbox 1685 2292 1823 2347; x_wconf 90' lang='lat' dir='ltr'><strong>anni</strong></span> 
     </span>
    </p>
   </div>
   <div class='ocr_carea' id='block_1_23' title="bbox 172 2378 1829 2454">
    <p class='ocr_par' dir='ltr' id='par_1_23' title="bbox 172 2378 1829 2454">
     <span class='ocr_line' id='line_1_23' title="bbox 172 2378 1829 2454; baseline -0.004 -14"><span class='ocrx_word' id='word_1_162' title='bbox 172 2382 302 2440; x_wconf 77' lang='grc'><strong>1079</strong></span> <span class='ocrx_word' id='word_1_163' title='bbox 335 2400 349 2439; x_wconf 88' lang='grc'>;</span> <span class='ocrx_word' id='word_1_164' title='bbox 383 2398 520 2454; x_wconf 71' lang='lat' dir='ltr'><strong>qua:</strong></span> <span class='ocrx_word' id='word_1_165' title='bbox 550 2378 750 2436; x_wconf 88' lang='lat' dir='ltr'><strong>omnia</strong></span> <span class='ocrx_word' id='word_1_166' title='bbox 775 2396 910 2435; x_wconf 88' lang='lat' dir='ltr'><strong>cum</strong></span> <span class='ocrx_word' id='word_1_167' title='bbox 951 2378 1109 2436; x_wconf 89' lang='lat' dir='ltr'><strong>intra</strong></span> <span class='ocrx_word' id='word_1_168' title='bbox 1142 2380 1319 2437; x_wconf 91' lang='lat' dir='ltr'><strong>unius</strong></span> <span class='ocrx_word' id='word_1_169' title='bbox 1349 2381 1487 2437; x_wconf 86' lang='lat' dir='ltr'><strong>anni</strong></span> <span class='ocrx_word' id='word_1_170' title='bbox 1519 2385 1577 2437; x_wconf 92' lang='lat' dir='ltr'><strong>et</strong></span> <span class='ocrx_word' id='word_1_171' title='bbox 1605 2379 1829 2453; x_wconf 85' lang='lat' dir='ltr'><strong>aliquot</strong></span> 
     </span>
    </p>
   </div>
   <div class='ocr_carea' id='block_1_24' title="bbox 171 2467 1825 2543">
    <p class='ocr_par' dir='ltr' id='par_1_24' title="bbox 171 2467 1825 2543">
     <span class='ocr_line' id='line_1_24' title="bbox 171 2467 1825 2543; baseline -0.003 -14"><span class='ocrx_word' id='word_1_172' title='bbox 171 2471 470 2529; x_wconf 88' lang='lat' dir='ltr'><strong>mensium</strong></span> <span class='ocrx_word' id='word_1_173' title='bbox 500 2469 759 2542; x_wconf 91' lang='lat' dir='ltr'><strong>spatium</strong></span> <span class='ocrx_word' id='word_1_174' title='bbox 794 2467 962 2524; x_wconf 89' lang='lat' dir='ltr'><strong>facile</strong></span> <span class='ocrx_word' id='word_1_175' title='bbox 1006 2468 1342 2542; x_wconf 88' lang='lat' dir='ltr'><strong>contingere</strong></span> <span class='ocrx_word' id='word_1_176' title='bbox 1372 2468 1690 2543; x_wconf 91' lang='lat' dir='ltr'><strong>potuerint,</strong></span> <span class='ocrx_word' id='word_1_177' title='bbox 1723 2486 1825 2524; x_wconf 91' lang='lat' dir='ltr'><strong>no-</strong></span> 
     </span>
    </p>
   </div>
   <div class='ocr_carea' id='block_1_25' title="bbox 172 2556 1825 2630">
    <p class='ocr_par' dir='ltr' id='par_1_25' title="bbox 172 2556 1825 2630">
     <span class='ocr_line' id='line_1_25' title="bbox 172 2556 1825 2630; baseline -0.003 -12"><span class='ocrx_word' id='word_1_178' title='bbox 172 2566 285 2618; x_wconf 84' lang='lat' dir='ltr'><strong>stro</strong></span> <span class='ocrx_word' id='word_1_179' title='bbox 317 2557 555 2617; x_wconf 78' lang='lat' dir='ltr'><strong>calculo</strong></span> <span class='ocrx_word' id='word_1_180' title='bbox 584 2556 804 2630; x_wconf 89' lang='lat' dir='ltr'><strong>optime</strong></span> <span class='ocrx_word' id='word_1_181' title='bbox 832 2558 1204 2615; x_wconf 91' lang='lat' dir='ltr'><strong>concordant.</strong></span> <span class='ocrx_word' id='word_1_182' title='bbox 1236 2559 1339 2616; x_wconf 86' lang='lat' dir='ltr'><strong>His</strong></span> <span class='ocrx_word' id='word_1_183' title='bbox 1367 2577 1481 2615; x_wconf 91' lang='lat' dir='ltr'><strong>non</strong></span> <span class='ocrx_word' id='word_1_184' title='bbox 1507 2559 1825 2615; x_wconf 91' lang='lat' dir='ltr'><strong>admodum</strong></span> 
     </span>
    </p>
   </div>
   <div class='ocr_carea' id='block_1_26' title="bbox 171 2646 1827 2719">
    <p class='ocr_par' dir='ltr' id='par_1_26' title="bbox 171 2646 1827 2719">
     <span class='ocr_line' id='line_1_26' title="bbox 171 2646 1827 2719; baseline -0.002 -13"><span class='ocrx_word' id='word_1_185' title='bbox 171 2649 462 2706; x_wconf 87' lang='lat' dir='ltr'><strong>consentit</strong></span> <span class='ocrx_word' id='word_1_186' title='bbox 492 2646 660 2703; x_wconf 90' lang='lat' dir='ltr'><strong>bulla</strong></span> <span class='ocrx_word' id='word_1_187' title='bbox 696 2662 872 2719; x_wconf 89' lang='lat' dir='ltr'><strong>quam</strong></span> <span class='ocrx_word' id='word_1_188' title='bbox 905 2646 1174 2704; x_wconf 88' lang='lat' dir='ltr'><strong>Urbanus</strong></span> <span class='ocrx_word' id='word_1_189' title='bbox 1205 2648 1263 2704; x_wconf 92' lang='lat' dir='ltr'><strong>in</strong></span> <span class='ocrx_word' id='word_1_190' title='bbox 1295 2648 1637 2705; x_wconf 88' lang='lat' dir='ltr'><strong>Cavensium</strong></span> <span class='ocrx_word' id='word_1_191' title='bbox 1668 2647 1827 2703; x_wconf 85' lang='lat' dir='ltr'><strong>favo-</strong></span> 
     </span>
    </p>
   </div>
   <div class='ocr_carea' id='block_1_27' title="bbox 178 2735 1827 2815">
    <p class='ocr_par' dir='ltr' id='par_1_27' title="bbox 178 2735 1827 2815">
     <span class='ocr_line' id='line_1_27' title="bbox 178 2735 1827 2815; baseline -0.004 -19"><span class='ocrx_word' id='word_1_192' title='bbox 178 2755 294 2796; x_wconf 88' lang='lat' dir='ltr'><strong>rem</strong></span> <span class='ocrx_word' id='word_1_193' title='bbox 326 2736 513 2793; x_wconf 89' lang='lat' dir='ltr'><strong>dedit.</strong></span> <span class='ocrx_word' id='word_1_194' title='bbox 544 2735 761 2792; x_wconf 86' lang='lat' dir='ltr'><strong>Verum</strong></span> <span class='ocrx_word' id='word_1_195' title='bbox 792 2735 852 2790; x_wconf 89' lang='lat' dir='ltr'><strong>in</strong></span> <span class='ocrx_word' id='word_1_196' title='bbox 884 2735 993 2792; x_wconf 90' lang='lat' dir='ltr'><strong>hac</strong></span> <span class='ocrx_word' id='word_1_197' title='bbox 1034 2735 1198 2815; x_wconf 73' lang='lat' dir='ltr'><strong>bulla</strong></span> <span class='ocrx_word' id='word_1_198' title='bbox 1226 2736 1548 2809; x_wconf 85' lang='lat' dir='ltr'><strong>complura,</strong></span> <span class='ocrx_word' id='word_1_199' title='bbox 1573 2754 1700 2809; x_wconf 68' lang='lat' dir='ltr'><strong>qua:</strong></span> <span class='ocrx_word' id='word_1_200' title='bbox 1728 2752 1827 2791; x_wconf 89' lang='lat' dir='ltr'><strong>va-</strong></span> 
     </span>
    </p>
   </div>
   <div class='ocr_carea' id='block_1_28' title="bbox 175 2825 1825 2899">
    <p class='ocr_par' dir='ltr' id='par_1_28' title="bbox 175 2825 1825 2899">
     <span class='ocr_line' id='line_1_28' title="bbox 175 2825 1825 2899; baseline -0.002 -15"><span class='ocrx_word' id='word_1_201' title='bbox 175 2828 272 2885; x_wconf 85' lang='lat' dir='ltr'><strong>riis</strong></span> <span class='ocrx_word' id='word_1_202' title='bbox 302 2825 677 2899; x_wconf 87' lang='lat' dir='ltr'><strong>temporibus</strong></span> <span class='ocrx_word' id='word_1_203' title='bbox 706 2828 1045 2894; x_wconf 89' lang='lat' dir='ltr'><strong>evenerunt,</strong></span> <span class='ocrx_word' id='word_1_204' title='bbox 1076 2825 1252 2882; x_wconf 91' lang='lat' dir='ltr'><strong>simul</strong></span> <span class='ocrx_word' id='word_1_205' title='bbox 1297 2826 1356 2881; x_wconf 90' lang='lat' dir='ltr'><strong>in</strong></span> <span class='ocrx_word' id='word_1_206' title='bbox 1401 2843 1584 2881; x_wconf 88' lang='lat' dir='ltr'><strong>unum</strong></span> <span class='ocrx_word' id='word_1_207' title='bbox 1617 2842 1825 2898; x_wconf 92' lang='lat' dir='ltr'><strong>conge-</strong></span> 
     </span>
    </p>
   </div>
   <div class='ocr_carea' id='block_1_29' title="bbox 173 2912 1826 2987">
    <p class='ocr_par' dir='ltr' id='par_1_29' title="bbox 173 2912 1826 2987">
     <span class='ocr_line' id='line_1_29' title="bbox 173 2912 1826 2987; baseline -0.003 -14"><span class='ocrx_word' id='word_1_208' title='bbox 173 2921 255 2974; x_wconf 82' lang='lat' dir='ltr'><strong>sta</strong></span> <span class='ocrx_word' id='word_1_209' title='bbox 302 2919 470 2973; x_wconf 89' lang='lat' dir='ltr'><strong>sunt.</strong></span> <span class='ocrx_word' id='word_1_210' title='bbox 522 2912 743 2970; x_wconf 90' lang='lat' dir='ltr'><strong>Deinde</strong></span> <span class='ocrx_word' id='word_1_211' title='bbox 787 2913 993 2970; x_wconf 88' lang='lat' dir='ltr'><strong>multis</strong></span> <span class='ocrx_word' id='word_1_212' title='bbox 1036 2913 1602 2987; x_wconf 89' lang='lat' dir='ltr'><strong>interpolationibus,</strong></span> <span class='ocrx_word' id='word_1_213' title='bbox 1636 2921 1701 2969; x_wconf 92' lang='lat' dir='ltr'><strong>ut</strong></span> <span class='ocrx_word' id='word_1_214' title='bbox 1745 2913 1826 2969; x_wconf 92' lang='lat' dir='ltr'><strong>1e-</strong></span> 
     </span>
    </p>
   </div>
   <div class='ocr_carea' id='block_1_30' title="bbox 176 3001 1828 3079">
    <p class='ocr_par' dir='ltr' id='par_1_30' title="bbox 176 3001 1828 3079">
     <span class='ocr_line' id='line_1_30' title="bbox 176 3001 1828 3079; baseline -0.003 -17"><span class='ocrx_word' id='word_1_215' title='bbox 176 3005 330 3079; x_wconf 85' lang='lat' dir='ltr'><strong>genti</strong></span> <span class='ocrx_word' id='word_1_216' title='bbox 373 3007 558 3077; x_wconf 85' lang='lat' dir='ltr'><strong>patet,</strong></span> <span class='ocrx_word' id='word_1_217' title='bbox 586 3001 910 3058; x_wconf 88' lang='lat' dir='ltr'><strong>deformata</strong></span> <span class='ocrx_word' id='word_1_218' title='bbox 938 3006 1055 3071; x_wconf 89' lang='lat' dir='ltr'><strong>est;</strong></span> <span class='ocrx_word' id='word_1_219' title='bbox 1104 3020 1292 3075; x_wconf 90' lang='lat' dir='ltr'><strong>neque</strong></span> <span class='ocrx_word' id='word_1_220' title='bbox 1321 3004 1497 3060; x_wconf 87' lang='lat' dir='ltr'><strong>etiam</strong></span> <span class='ocrx_word' id='word_1_221' title='bbox 1546 3003 1604 3058; x_wconf 94' lang='lat' dir='ltr'><strong>in</strong></span> <span class='ocrx_word' id='word_1_222' title='bbox 1653 3002 1828 3059; x_wconf 87' lang='lat' dir='ltr'><strong>variis</strong></span> 
     </span>
    </p>
   </div>
   <div class='ocr_carea' id='block_1_31' title="bbox 176 3090 1829 3167">
    <p class='ocr_par' dir='ltr' id='par_1_31' title="bbox 176 3090 1829 3167">
     <span class='ocr_line' id='line_1_31' title="bbox 176 3090 1829 3167; baseline -0.003 -15"><span class='ocrx_word' id='word_1_223' title='bbox 176 3092 609 3167; x_wconf 80' lang='lat' dir='ltr'><strong>exemplaribus</strong></span> <span class='ocrx_word' id='word_1_224' title='bbox 640 3090 754 3147; x_wconf 90' lang='lat' dir='ltr'><strong>sibi</strong></span> <span class='ocrx_word' id='word_1_225' title='bbox 785 3094 1035 3164; x_wconf 85' lang='lat' dir='ltr'><strong>constat,</strong></span> <span class='ocrx_word' id='word_1_226' title='bbox 1069 3090 1150 3148; x_wconf 88' lang='lat' dir='ltr'><strong>ita</strong></span> <span class='ocrx_word' id='word_1_227' title='bbox 1180 3096 1245 3148; x_wconf 92' lang='lat' dir='ltr'><strong>ut</strong></span> <span class='ocrx_word' id='word_1_228' title='bbox 1281 3091 1468 3149; x_wconf 89' lang='lat' dir='ltr'><strong>multa</strong></span> <span class='ocrx_word' id='word_1_229' title='bbox 1497 3092 1557 3148; x_wconf 92' lang='lat' dir='ltr'><strong>in</strong></span> <span class='ocrx_word' id='word_1_230' title='bbox 1592 3109 1709 3148; x_wconf 89' lang='lat' dir='ltr'><strong>uno</strong></span> <span class='ocrx_word' id='word_1_231' title='bbox 1728 3108 1829 3147; x_wconf 89' lang='lat' dir='ltr'><strong>oc-</strong></span> 
     </span>
    </p>
   </div>
   <div class='ocr_carea' id='block_1_32' title="bbox 173 3179 1627 3253">
    <p class='ocr_par' dir='ltr' id='par_1_32' title="bbox 173 3179 1627 3253">
     <span class='ocr_line' id='line_1_32' title="bbox 173 3179 1627 3253; baseline -0.003 -13"><span class='ocrx_word' id='word_1_232' title='bbox 173 3185 411 3240; x_wconf 83' lang='lat' dir='ltr'><strong>currant</strong></span> <span class='ocrx_word' id='word_1_233' title='bbox 442 3198 573 3253; x_wconf 73' lang='lat' dir='ltr'><strong>qua:</strong></span> <span class='ocrx_word' id='word_1_234' title='bbox 604 3179 665 3235; x_wconf 90' lang='lat' dir='ltr'><strong>in</strong></span> <span class='ocrx_word' id='word_1_235' title='bbox 699 3179 877 3237; x_wconf 89' lang='lat' dir='ltr'><strong>altero</strong></span> <span class='ocrx_word' id='word_1_236' title='bbox 907 3180 1170 3253; x_wconf 86' lang='lat' dir='ltr'><strong>exemplo</strong></span> <span class='ocrx_word' id='word_1_237' title='bbox 1200 3181 1627 3237; x_wconf 86' lang='lat' dir='ltr'><strong>desiderantur.</strong></span> 
     </span>
    </p>
   </div>
   <div class='ocr_carea' id='block_1_33' title="bbox 1936 672 3582 749">
    <p class='ocr_par' dir='ltr' id='par_1_33' title="bbox 1936 672 3582 749">
     <span class='ocr_line' id='line_1_33' title="bbox 1936 672 3582 749; baseline -0.006 -12"><span class='ocrx_word' id='word_1_238' title='bbox 1936 686 2221 749; x_wconf 89' lang='lat' dir='ltr'><strong>rerentur,</strong></span> <span class='ocrx_word' id='word_1_239' title='bbox 2241 685 2307 738; x_wconf 92' lang='lat' dir='ltr'><strong>ut</strong></span> <span class='ocrx_word' id='word_1_240' title='bbox 2347 678 2488 738; x_wconf 91' lang='lat' dir='ltr'><strong>olim</strong></span> <span class='ocrx_word' id='word_1_241' title='bbox 2531 680 2731 736; x_wconf 90' lang='lat' dir='ltr'><strong>sancto</strong></span> <span class='ocrx_word' id='word_1_242' title='bbox 2763 674 3038 749; x_wconf 87' lang='lat' dir='ltr'><strong>Gregorio</strong></span> <span class='ocrx_word' id='word_1_243' title='bbox 3070 672 3247 730; x_wconf 86' lang='lat' dir='ltr'><strong>simili</strong></span> <span class='ocrx_word' id='word_1_244' title='bbox 3279 672 3582 729; x_wconf 87' lang='lat' dir='ltr'><strong>occasione</strong></span> 
     </span>
    </p>
   </div>
   <div class='ocr_carea' id='block_1_34' title="bbox 1934 764 3584 846">
    <p class='ocr_par' dir='ltr' id='par_1_34' title="bbox 1934 764 3584 846">
     <span class='ocr_line' id='line_1_34' title="bbox 1934 764 3584 846; baseline -0.007 -17"><span class='ocrx_word' id='word_1_245' title='bbox 1934 772 2279 846; x_wconf 85' lang='lat' dir='ltr'><strong>contigerat,</strong></span> <span class='ocrx_word' id='word_1_246' title='bbox 2310 771 2449 845; x_wconf 92' lang='lat' dir='ltr'><strong>quid</strong></span> <span class='ocrx_word' id='word_1_247' title='bbox 2508 771 2580 828; x_wconf 91' lang='lat' dir='ltr'><strong>de</strong></span> <span class='ocrx_word' id='word_1_248' title='bbox 2622 768 2985 826; x_wconf 70' lang='lat' dir='ltr'><strong>eucharistiae</strong></span> <span class='ocrx_word' id='word_1_249' title='bbox 3040 766 3155 822; x_wconf 86' lang='lat' dir='ltr'><strong>ﬁde</strong></span> <span class='ocrx_word' id='word_1_250' title='bbox 3212 764 3584 822; x_wconf 87' lang='lat' dir='ltr'><strong>sentiendum</strong></span> 
     </span>
    </p>
   </div>
   <div class='ocr_carea' id='block_1_35' title="bbox 1934 866 2935 919">
    <p class='ocr_par' dir='ltr' id='par_1_35' title="bbox 1934 866 2935 919">
     <span class='ocr_line' id='line_1_35' title="bbox 1934 866 2935 919; baseline -0.008 0"><span class='ocrx_word' id='word_1_251' title='bbox 1934 866 2110 919; x_wconf 86' lang='lat' dir='ltr'><strong>esset.</strong></span> <span class='ocrx_word' id='word_1_252' title='bbox 2930 866 2935 869; x_wconf 85' lang='lat'>‘</span> 
     </span>
    </p>
   </div>
   <div class='ocr_carea' id='block_1_36' title="bbox 2360 951 3149 1023">
    <p class='ocr_par' dir='ltr' id='par_1_36' title="bbox 2360 951 3149 1023">
     <span class='ocr_line' id='line_1_36' title="bbox 2360 951 3149 1023; baseline -0.003 -16"><span class='ocrx_word' id='word_1_253' title='bbox 2360 951 2449 1007; x_wconf 89' lang='lat' dir='ltr'><strong>IX.</strong></span> <span class='ocrx_word' id='word_1_254' title='bbox 2481 954 2557 1008; x_wconf 88' lang='lat' dir='ltr'><strong>Dc</strong></span> <span class='ocrx_word' id='word_1_255' title='bbox 2588 952 2829 1009; x_wconf 80' lang='lat' dir='ltr'><strong>Wiberto</strong></span> <span class='ocrx_word' id='word_1_256' title='bbox 2867 952 3149 1023; x_wconf 81' lang='lat' dir='ltr'><strong>antipapa.</strong></span> 
     </span>
    </p>
   </div>
   <div class='ocr_carea' id='block_1_37' title="bbox 2003 1041 3584 1113">
    <p class='ocr_par' dir='ltr' id='par_1_37' title="bbox 2003 1041 3584 1113">
     <span class='ocr_line' id='line_1_37' title="bbox 2003 1041 3584 1113; baseline 0 -16"><span class='ocrx_word' id='word_1_257' title='bbox 2003 1045 2163 1097; x_wconf 87' lang='lat' dir='ltr'><strong>Certe</strong></span> <span class='ocrx_word' id='word_1_258' title='bbox 2194 1041 2541 1097; x_wconf 76' lang='lat' dir='ltr'><strong>difﬁcillima</strong></span> <span class='ocrx_word' id='word_1_259' title='bbox 2582 1045 2748 1097; x_wconf 87' lang='lat' dir='ltr'><strong>erant</strong></span> <span class='ocrx_word' id='word_1_260' title='bbox 2795 1044 2936 1096; x_wconf 90' lang='lat' dir='ltr'><strong>tunc</strong></span> <span class='ocrx_word' id='word_1_261' title='bbox 2977 1045 3245 1113; x_wconf 89' lang='lat' dir='ltr'><strong>tempora</strong></span> <span class='ocrx_word' id='word_1_262' title='bbox 3274 1041 3346 1095; x_wconf 93' lang='lat' dir='ltr'><strong>ob</strong></span> <span class='ocrx_word' id='word_1_263' title='bbox 3379 1052 3584 1113; x_wconf 83' lang='lat' dir='ltr'><strong>graves</strong></span> 
     </span>
    </p>
   </div>
   <div class='ocr_carea' id='block_1_38' title="bbox 1931 1129 3579 1203">
    <p class='ocr_par' dir='ltr' id='par_1_38' title="bbox 1931 1129 3579 1203">
     <span class='ocr_line' id='line_1_38' title="bbox 1931 1129 3579 1203; baseline -0.001 -16"><span class='ocrx_word' id='word_1_264' title='bbox 1931 1130 2255 1188; x_wconf 89' lang='lat' dir='ltr'><strong>discordias</strong></span> <span class='ocrx_word' id='word_1_265' title='bbox 2312 1147 2438 1203; x_wconf 68' lang='lat' dir='ltr'><strong>quae</strong></span> <span class='ocrx_word' id='word_1_266' title='bbox 2497 1130 2648 1186; x_wconf 87' lang='lat' dir='ltr'><strong>inter</strong></span> <span class='ocrx_word' id='word_1_267' title='bbox 2704 1130 3092 1187; x_wconf 89' lang='lat' dir='ltr'><strong>sacerdotium</strong></span> <span class='ocrx_word' id='word_1_268' title='bbox 3152 1135 3209 1185; x_wconf 88' lang='lat' dir='ltr'><strong>et</strong></span> <span class='ocrx_word' id='word_1_269' title='bbox 3264 1129 3579 1202; x_wconf 88' lang='lat' dir='ltr'><strong>imperium</strong></span> 
     </span>
    </p>
   </div>
   <div class='ocr_carea' id='block_1_39' title="bbox 1928 1219 3579 1293">
    <p class='ocr_par' dir='ltr' id='par_1_39' title="bbox 1928 1219 3579 1293">
     <span class='ocr_line' id='line_1_39' title="bbox 1928 1219 3579 1293; baseline -0.001 -16"><span class='ocrx_word' id='word_1_270' title='bbox 1928 1224 2057 1277; x_wconf 91' lang='lat' dir='ltr'><strong>tum</strong></span> <span class='ocrx_word' id='word_1_271' title='bbox 2106 1219 2359 1277; x_wconf 88' lang='lat' dir='ltr'><strong>maxime</strong></span> <span class='ocrx_word' id='word_1_272' title='bbox 2402 1220 2677 1292; x_wconf 84' lang='lat' dir='ltr'><strong>vigebant</strong></span> <span class='ocrx_word' id='word_1_273' title='bbox 2717 1220 2827 1291; x_wconf 83' lang='lat' dir='ltr'><strong>(an.</strong></span> <span class='ocrx_word' id='word_1_274' title='bbox 2864 1221 3044 1291; x_wconf 89' lang='lat'>1080),</span> <span class='ocrx_word' id='word_1_275' title='bbox 3081 1236 3344 1293; x_wconf 85' lang='lat' dir='ltr'><strong>quasque</strong></span> <span class='ocrx_word' id='word_1_276' title='bbox 3398 1221 3579 1276; x_wconf 84' lang='lat' dir='ltr'><strong>ferme</strong></span> 
     </span>
    </p>
   </div>
   <div class='ocr_carea' id='block_1_40' title="bbox 1929 1308 3577 1387">
    <p class='ocr_par' dir='ltr' id='par_1_40' title="bbox 1929 1308 3577 1387">
     <span class='ocr_line' id='line_1_40' title="bbox 1929 1308 3577 1387; baseline 0 -22"><span class='ocrx_word' id='word_1_277' title='bbox 1929 1309 2290 1367; x_wconf 84' lang='lat' dir='ltr'><strong>insanabiles</strong></span> <span class='ocrx_word' id='word_1_278' title='bbox 2320 1309 2651 1366; x_wconf 87' lang='lat' dir='ltr'><strong>reddiderat</strong></span> <span class='ocrx_word' id='word_1_279' title='bbox 2681 1308 2960 1365; x_wconf 87' lang='lat' dir='ltr'><strong>Henricus</strong></span> <span class='ocrx_word' id='word_1_280' title='bbox 2987 1310 3306 1365; x_wconf 65' lang='lat' dir='ltr'><strong>Germaniae</strong></span> <span class='ocrx_word' id='word_1_281' title='bbox 3339 1309 3577 1387; x_wconf 79' lang='lat' dir='ltr'><strong>rexele—</strong></span> 
     </span>
    </p>
   </div>
   <div class='ocr_carea' id='block_1_41' title="bbox 1929 1398 3582 1470">
    <p class='ocr_par' dir='ltr' id='par_1_41' title="bbox 1929 1398 3582 1470">
     <span class='ocr_line' id='line_1_41' title="bbox 1929 1398 3582 1470; baseline -0.002 -14"><span class='ocrx_word' id='word_1_282' title='bbox 1929 1399 2119 1456; x_wconf 88' lang='lat' dir='ltr'><strong>ctione</strong></span> <span class='ocrx_word' id='word_1_283' title='bbox 2167 1398 2427 1455; x_wconf 91' lang='lat' dir='ltr'><strong>Guiberti</strong></span> <span class='ocrx_word' id='word_1_284' title='bbox 2484 1398 2741 1454; x_wconf 87' lang='lat' dir='ltr'><strong>hominis</strong></span> <span class='ocrx_word' id='word_1_285' title='bbox 2786 1398 3117 1467; x_wconf 86' lang='lat' dir='ltr'><strong>facinerosi,</strong></span> <span class='ocrx_word' id='word_1_286' title='bbox 3151 1417 3327 1470; x_wconf 89' lang='lat' dir='ltr'><strong>quem</strong></span> <span class='ocrx_word' id='word_1_287' title='bbox 3383 1400 3503 1470; x_wconf 88' lang='lat' dir='ltr'><strong>jam</strong></span> <span class='ocrx_word' id='word_1_288' title='bbox 3536 1416 3582 1454; x_wconf 91' lang='lat' dir='ltr'><strong>-a</strong></span> 
     </span>
    </p>
   </div>
   <div class='ocr_carea' id='block_1_42' title="bbox 1927 1486 3578 1555">
    <p class='ocr_par' dir='ltr' id='par_1_42' title="bbox 1927 1486 3578 1555">
     <span class='ocr_line' id='line_1_42' title="bbox 1927 1486 3578 1555; baseline -0.001 -11"><span class='ocrx_word' id='word_1_289' title='bbox 1927 1489 2181 1545; x_wconf 90' lang='lat' dir='ltr'><strong>triennio</strong></span> <span class='ocrx_word' id='word_1_290' title='bbox 2230 1490 2367 1544; x_wconf 90' lang='lat' dir='ltr'><strong>sede</strong></span> <span class='ocrx_word' id='word_1_291' title='bbox 2397 1488 2760 1544; x_wconf 89' lang='lat' dir='ltr'><strong>Ravennensi</strong></span> <span class='ocrx_word' id='word_1_292' title='bbox 2800 1492 3125 1555; x_wconf 79' lang='lat' dir='ltr'><strong>extrusum,</strong></span> <span class='ocrx_word' id='word_1_293' title='bbox 3161 1487 3268 1543; x_wconf 90' lang='lat' dir='ltr'><strong>hoc</strong></span> <span class='ocrx_word' id='word_1_294' title='bbox 3316 1489 3469 1544; x_wconf 82' lang='lat' dir='ltr'><strong>anno</strong></span> <span class='ocrx_word' id='word_1_295' title='bbox 3518 1486 3578 1542; x_wconf 83' lang='lat' dir='ltr'><strong>in</strong></span> 
     </span>
    </p>
   </div>
   <div class='ocr_carea' id='block_1_43' title="bbox 1928 1576 3579 1651">
    <p class='ocr_par' dir='ltr' id='par_1_43' title="bbox 1928 1576 3579 1651">
     <span class='ocr_line' id='line_1_43' title="bbox 1928 1576 3579 1651; baseline -0.002 -17"><span class='ocrx_word' id='word_1_296' title='bbox 1928 1578 2490 1651; x_wconf 84' lang='lat' dir='ltr'><strong>pseudOpontiﬁcem</strong></span> <span class='ocrx_word' id='word_1_297' title='bbox 2539 1577 2860 1633; x_wconf 88' lang='lat' dir='ltr'><strong>renuntiari</strong></span> <span class='ocrx_word' id='word_1_298' title='bbox 2891 1578 3135 1644; x_wconf 89' lang='lat' dir='ltr'><strong>curavit,</strong></span> <span class='ocrx_word' id='word_1_299' title='bbox 3170 1582 3235 1632; x_wconf 88' lang='lat' dir='ltr'><strong>ut</strong></span> <span class='ocrx_word' id='word_1_300' title='bbox 3278 1577 3427 1633; x_wconf 88' lang='lat' dir='ltr'><strong>hanc</strong></span> <span class='ocrx_word' id='word_1_301' title='bbox 3457 1576 3579 1631; x_wconf 89' lang='lat' dir='ltr'><strong>lar-</strong></span> 
     </span>
    </p>
   </div>
   <div class='ocr_carea' id='block_1_44' title="bbox 1928 1665 3579 1739">
    <p class='ocr_par' dir='ltr' id='par_1_44' title="bbox 1928 1665 3579 1739">
     <span class='ocr_line' id='line_1_44' title="bbox 1928 1665 3579 1739; baseline -0.001 -18"><span class='ocrx_word' id='word_1_302' title='bbox 1928 1683 2059 1721; x_wconf 87' lang='lat' dir='ltr'><strong>vam</strong></span> <span class='ocrx_word' id='word_1_303' title='bbox 2092 1666 2366 1739; x_wconf 89' lang='lat' dir='ltr'><strong>Gregorio</strong></span> <span class='ocrx_word' id='word_1_304' title='bbox 2413 1666 2674 1739; x_wconf 89' lang='lat' dir='ltr'><strong>legitimo</strong></span> <span class='ocrx_word' id='word_1_305' title='bbox 2714 1665 2972 1738; x_wconf 79' lang='lat' dir='ltr'><strong>pontifici</strong></span> <span class='ocrx_word' id='word_1_306' title='bbox 3005 1670 3342 1739; x_wconf 90' lang='lat' dir='ltr'><strong>opponeret.</strong></span> <span class='ocrx_word' id='word_1_307' title='bbox 3376 1667 3439 1721; x_wconf 91' lang='lat' dir='ltr'><strong>Id</strong></span> <span class='ocrx_word' id='word_1_308' title='bbox 3491 1667 3579 1721; x_wconf 86' lang='lat' dir='ltr'><strong>fa-</strong></span> 
     </span>
    </p>
   </div>
   <div class='ocr_carea' id='block_1_45' title="bbox 1929 1753 3578 1829">
    <p class='ocr_par' dir='ltr' id='par_1_45' title="bbox 1929 1753 3578 1829">
     <span class='ocr_line' id='line_1_45' title="bbox 1929 1753 3578 1829; baseline -0.001 -18"><span class='ocrx_word' id='word_1_309' title='bbox 1929 1760 2088 1811; x_wconf 91' lang='lat' dir='ltr'><strong>ctum</strong></span> <span class='ocrx_word' id='word_1_310' title='bbox 2120 1760 2208 1812; x_wconf 92' lang='lat' dir='ltr'><strong>est</strong></span> <span class='ocrx_word' id='word_1_311' title='bbox 2226 1756 2380 1829; x_wconf 89' lang='lat' dir='ltr'><strong>apud</strong></span> <span class='ocrx_word' id='word_1_312' title='bbox 2403 1755 2699 1812; x_wconf 79' lang='lat' dir='ltr'><strong>Brixinam</strong></span> <span class='ocrx_word' id='word_1_313' title='bbox 2720 1754 2911 1811; x_wconf 87' lang='lat' dir='ltr'><strong>Norici</strong></span> <span class='ocrx_word' id='word_1_314' title='bbox 2937 1755 3141 1811; x_wconf 90' lang='lat' dir='ltr'><strong>urbem</strong></span> <span class='ocrx_word' id='word_1_315' title='bbox 3163 1754 3220 1810; x_wconf 92' lang='lat' dir='ltr'><strong>in</strong></span> <span class='ocrx_word' id='word_1_316' title='bbox 3245 1753 3578 1811; x_wconf 86' lang='lat' dir='ltr'><strong>concilabu-</strong></span> 
     </span>
    </p>
   </div>
   <div class='ocr_carea' id='block_1_46' title="bbox 1928 1843 3577 1923">
    <p class='ocr_par' dir='ltr' id='par_1_46' title="bbox 1928 1843 3577 1923">
     <span class='ocr_line' id='line_1_46' title="bbox 1928 1843 3577 1923; baseline -0.001 -24"><span class='ocrx_word' id='word_1_317' title='bbox 1928 1843 1984 1900; x_wconf 92' lang='lat' dir='ltr'><strong>lo</strong></span> <span class='ocrx_word' id='word_1_318' title='bbox 2015 1843 2255 1918; x_wconf 87' lang='lat' dir='ltr'><strong>triginta</strong></span> <span class='ocrx_word' id='word_1_319' title='bbox 2277 1845 2686 1917; x_wconf 90' lang='lat' dir='ltr'><strong>episcoporum</strong></span> <span class='ocrx_word' id='word_1_320' title='bbox 2711 1844 3221 1900; x_wconf 89' lang='lat' dir='ltr'><strong>schismaticorum</strong></span> <span class='ocrx_word' id='word_1_321' title='bbox 3245 1862 3396 1923; x_wconf 83' lang='lat' dir='ltr'><strong>anno</strong></span> <span class='ocrx_word' id='word_1_322' title='bbox 3420 1845 3577 1911; x_wconf 90' lang='lat'>1080,</span> 
     </span>
    </p>
   </div>
   <div class='ocr_carea' id='block_1_47' title="bbox 1930 1932 3582 2007">
    <p class='ocr_par' dir='ltr' id='par_1_47' title="bbox 1930 1932 3582 2007">
     <span class='ocr_line' id='line_1_47' title="bbox 1930 1932 3582 2007; baseline -0.001 -18"><span class='ocrx_word' id='word_1_323' title='bbox 1930 1932 2179 2006; x_wconf 87' lang='lat' dir='ltr'><strong>septimo</strong></span> <span class='ocrx_word' id='word_1_324' title='bbox 2208 1933 2486 1990; x_wconf 86' lang='lat' dir='ltr'><strong>Kalendis</strong></span> <span class='ocrx_word' id='word_1_325' title='bbox 2515 1933 2678 2001; x_wconf 87' lang='lat' dir='ltr'><strong>Julii,</strong></span> <span class='ocrx_word' id='word_1_326' title='bbox 2708 1939 2771 1990; x_wconf 89' lang='lat' dir='ltr'><strong>ut</strong></span> <span class='ocrx_word' id='word_1_327' title='bbox 2795 1934 2991 1991; x_wconf 91' lang='lat' dir='ltr'><strong>videre</strong></span> <span class='ocrx_word' id='word_1_328' title='bbox 3015 1938 3103 1990; x_wconf 87' lang='lat' dir='ltr'><strong>est</strong></span> <span class='ocrx_word' id='word_1_329' title='bbox 3131 1934 3284 2007; x_wconf 88' lang='lat' dir='ltr'><strong>apud</strong></span> <span class='ocrx_word' id='word_1_330' title='bbox 3317 1937 3582 1990; x_wconf 82' lang='lat' dir='ltr'><strong>auctores</strong></span> 
     </span>
    </p>
   </div>
   <div class='ocr_carea' id='block_1_48' title="bbox 1931 2021 3439 2099">
    <p class='ocr_par' dir='ltr' id='par_1_48' title="bbox 1931 2021 3439 2099">
     <span class='ocr_line' id='line_1_48' title="bbox 1931 2021 3439 2099; baseline 0 -22"><span class='ocrx_word' id='word_1_331' title='bbox 1931 2021 2153 2094; x_wconf 88' lang='lat' dir='ltr'><strong>passim</strong></span> <span class='ocrx_word' id='word_1_332' title='bbox 2189 2021 2477 2095; x_wconf 87' lang='lat' dir='ltr'><strong>vulgatos.</strong></span> <span class='ocrx_word' id='word_1_333' title='bbox 3432 2096 3439 2099; x_wconf 94' lang='lat'>_</span> 
     </span>
    </p>
   </div>
   <div class='ocr_carea' id='block_1_49' title="bbox 2146 2110 3364 2186">
    <p class='ocr_par' dir='ltr' id='par_1_49' title="bbox 2146 2110 3364 2186">
     <span class='ocr_line' id='line_1_49' title="bbox 2146 2110 3364 2186; baseline 0.002 -20"><span class='ocrx_word' id='word_1_334' title='bbox 2146 2110 2210 2167; x_wconf 93' lang='lat' dir='ltr'><strong>X.</strong></span> <span class='ocrx_word' id='word_1_335' title='bbox 2249 2113 2496 2169; x_wconf 80' lang='lat' dir='ltr'><strong>Urbanus</strong></span> <span class='ocrx_word' id='word_1_336' title='bbox 2523 2114 2714 2169; x_wconf 77' lang='lat' dir='ltr'><strong>scribit</strong></span> <span class='ocrx_word' id='word_1_337' title='bbox 2741 2113 2980 2169; x_wconf 79' lang='lat' dir='ltr'><strong>Simonis</strong></span> <span class='ocrx_word' id='word_1_338' title='bbox 3008 2115 3364 2186; x_wconf 80' lang='lat' dir='ltr'><strong>epitaphium.</strong></span> 
     </span>
    </p>
   </div>
   <div class='ocr_carea' id='block_1_50' title="bbox 2003 2202 3583 2273">
    <p class='ocr_par' dir='ltr' id='par_1_50' title="bbox 2003 2202 3583 2273">
     <span class='ocr_line' id='line_1_50' title="bbox 2003 2202 3583 2273; baseline 0.003 -17"><span class='ocrx_word' id='word_1_339' title='bbox 2003 2202 2167 2256; x_wconf 81' lang='lat' dir='ltr'><strong>Anno</strong></span> <span class='ocrx_word' id='word_1_340' title='bbox 2199 2202 2339 2257; x_wconf 91' lang='lat'>1082</span> <span class='ocrx_word' id='word_1_341' title='bbox 2377 2202 2573 2258; x_wconf 62' lang='lat' dir='ltr'><strong>Roma:</strong></span> <span class='ocrx_word' id='word_1_342' title='bbox 2624 2202 2815 2258; x_wconf 90' lang='lat' dir='ltr'><strong>adhuc</strong></span> <span class='ocrx_word' id='word_1_343' title='bbox 2864 2204 3204 2259; x_wconf 89' lang='lat' dir='ltr'><strong>morabatur</strong></span> <span class='ocrx_word' id='word_1_344' title='bbox 3230 2204 3371 2273; x_wconf 89' lang='lat' dir='ltr'><strong>Odo,</strong></span> <span class='ocrx_word' id='word_1_345' title='bbox 3407 2204 3456 2261; x_wconf 89' lang='lat' dir='ltr'>si</span> <span class='ocrx_word' id='word_1_346' title='bbox 3488 2223 3583 2261; x_wconf 89' lang='lat' dir='ltr'><strong>ve-</strong></span> 
     </span>
    </p>
   </div>
   <div class='ocr_carea' id='block_1_51' title="bbox 1936 2288 3581 2363">
    <p class='ocr_par' dir='ltr' id='par_1_51' title="bbox 1936 2288 3581 2363">
     <span class='ocr_line' id='line_1_51' title="bbox 1936 2288 3581 2363; baseline 0.004 -21"><span class='ocrx_word' id='word_1_347' title='bbox 1936 2304 2065 2343; x_wconf 89' lang='lat' dir='ltr'><strong>rum</strong></span> <span class='ocrx_word' id='word_1_348' title='bbox 2098 2288 2175 2343; x_wconf 89' lang='lat' dir='ltr'><strong>sit</strong></span> <span class='ocrx_word' id='word_1_349' title='bbox 2204 2303 2339 2343; x_wconf 89' lang='lat' dir='ltr'><strong>eum</strong></span> <span class='ocrx_word' id='word_1_350' title='bbox 2373 2288 2630 2344; x_wconf 91' lang='lat' dir='ltr'><strong>Simonis</strong></span> <span class='ocrx_word' id='word_1_351' title='bbox 2653 2305 2683 2345; x_wconf 93' lang='lat' dir='ltr'><strong>e</strong></span> <span class='ocrx_word' id='word_1_352' title='bbox 2712 2289 3059 2363; x_wconf 88' lang='lat' dir='ltr'><strong>Cripseiensi</strong></span> <span class='ocrx_word' id='word_1_353' title='bbox 3087 2292 3297 2348; x_wconf 87' lang='lat' dir='ltr'><strong>comite</strong></span> <span class='ocrx_word' id='word_1_354' title='bbox 3320 2296 3459 2349; x_wconf 90' lang='lat' dir='ltr'><strong>tunc</strong></span> <span class='ocrx_word' id='word_1_355' title='bbox 3479 2288 3581 2349; x_wconf 90' lang='lat' dir='ltr'><strong>Ju-</strong></span> 
     </span>
    </p>
   </div>
   <div class='ocr_carea' id='block_1_52' title="bbox 1933 2376 3582 2448">
    <p class='ocr_par' dir='ltr' id='par_1_52' title="bbox 1933 2376 3582 2448">
     <span class='ocr_line' id='line_1_52' title="bbox 1933 2376 3582 2448; baseline 0.004 -16"><span class='ocrx_word' id='word_1_356' title='bbox 1933 2376 2122 2433; x_wconf 90' lang='lat' dir='ltr'><strong>rensis</strong></span> <span class='ocrx_word' id='word_1_357' title='bbox 2153 2377 2446 2447; x_wconf 88' lang='lat' dir='ltr'><strong>monachi,</strong></span> <span class='ocrx_word' id='word_1_358' title='bbox 2469 2394 2536 2434; x_wconf 92' lang='lat' dir='ltr'><strong>eo</strong></span> <span class='ocrx_word' id='word_1_359' title='bbox 2559 2396 2732 2446; x_wconf 88' lang='lat' dir='ltr'><strong>anno,</strong></span> <span class='ocrx_word' id='word_1_360' title='bbox 2757 2384 2821 2435; x_wconf 93' lang='lat' dir='ltr'><strong>ut</strong></span> <span class='ocrx_word' id='word_1_361' title='bbox 2843 2382 3005 2436; x_wconf 88' lang='lat' dir='ltr'><strong>notat</strong></span> <span class='ocrx_word' id='word_1_362' title='bbox 3027 2380 3351 2448; x_wconf 86' lang='lat' dir='ltr'><strong>Albericus,</strong></span> <span class='ocrx_word' id='word_1_363' title='bbox 3375 2382 3582 2438; x_wconf 91' lang='lat' dir='ltr'><strong>defun-</strong></span> 
     </span>
    </p>
   </div>
   <div class='ocr_carea' id='block_1_53' title="bbox 1934 2466 3585 2541">
    <p class='ocr_par' dir='ltr' id='par_1_53' title="bbox 1934 2466 3585 2541">
     <span class='ocr_line' id='line_1_53' title="bbox 1934 2466 3585 2541; baseline 0.003 -18"><span class='ocrx_word' id='word_1_364' title='bbox 1934 2467 2033 2534; x_wconf 89' lang='lat' dir='ltr'><strong>cti,</strong></span> <span class='ocrx_word' id='word_1_365' title='bbox 2083 2466 2445 2540; x_wconf 89' lang='lat' dir='ltr'><strong>epitaphium</strong></span> <span class='ocrx_word' id='word_1_366' title='bbox 2498 2469 2840 2541; x_wconf 88' lang='lat' dir='ltr'><strong>scripsisse;</strong></span> <span class='ocrx_word' id='word_1_367' title='bbox 2873 2486 2979 2526; x_wconf 92' lang='lat' dir='ltr'><strong>nec</strong></span> <span class='ocrx_word' id='word_1_368' title='bbox 3029 2470 3245 2526; x_wconf 88' lang='lat' dir='ltr'><strong>mirum</strong></span> <span class='ocrx_word' id='word_1_369' title='bbox 3291 2474 3381 2527; x_wconf 86' lang='lat' dir='ltr'><strong>est</strong></span> <span class='ocrx_word' id='word_1_370' title='bbox 3428 2472 3585 2528; x_wconf 87' lang='lat' dir='ltr'><strong>hunc</strong></span> 
     </span>
    </p>
   </div>
   <div class='ocr_carea' id='block_1_54' title="bbox 1934 2542 3588 2626">
    <p class='ocr_par' dir='ltr' id='par_1_54' title="bbox 1934 2542 3588 2626">
     <span class='ocr_line' id='line_1_54' title="bbox 1934 2542 3588 2626; baseline 0.004 -14"><span class='ocrx_word' id='word_1_371' title='bbox 1934 2555 2215 2613; x_wconf 89' lang='lat' dir='ltr'><strong>honorem</strong></span> <span class='ocrx_word' id='word_1_372' title='bbox 2271 2556 2497 2612; x_wconf 90' lang='lat' dir='ltr'><strong>Simoni</strong></span> <span class='ocrx_word' id='word_1_373' title='bbox 2547 2557 2728 2613; x_wconf 84' lang='lat' dir='ltr'><strong>fuisse</strong></span> <span class='ocrx_word' id='word_1_374' title='bbox 2776 2558 3056 2626; x_wconf 88' lang='lat' dir='ltr'><strong>delatum,</strong></span> <span class='ocrx_word' id='word_1_375' title='bbox 3092 2560 3182 2615; x_wconf 90' lang='lat' dir='ltr'><strong>cui</strong></span> <span class='ocrx_word' id='word_1_376' title='bbox 3225 2560 3388 2617; x_wconf 90' lang='lat' dir='ltr'><strong>locus</strong></span> <span class='ocrx_word' id='word_1_377' title='bbox 3436 2542 3588 2618; x_wconf 83' lang='lat' dir='ltr'><strong>inter</strong></span> 
     </span>
    </p>
   </div>
   <div class='ocr_carea' id='block_1_55' title="bbox 1935 2645 3585 2717">
    <p class='ocr_par' dir='ltr' id='par_1_55' title="bbox 1935 2645 3585 2717">
     <span class='ocr_line' id='line_1_55' title="bbox 1935 2645 3585 2717; baseline 0.002 -15"><span class='ocrx_word' id='word_1_378' title='bbox 1935 2645 2286 2717; x_wconf 86' lang='lat' dir='ltr'><strong>apostolicos</strong></span> <span class='ocrx_word' id='word_1_379' title='bbox 2331 2646 2593 2703; x_wconf 84' lang='lat' dir='ltr'><strong>tumulos</strong></span> <span class='ocrx_word' id='word_1_380' title='bbox 2632 2648 2690 2701; x_wconf 89' lang='lat' dir='ltr'><strong>in</strong></span> <span class='ocrx_word' id='word_1_381' title='bbox 2721 2647 3002 2704; x_wconf 87' lang='lat' dir='ltr'><strong>Vaticana</strong></span> <span class='ocrx_word' id='word_1_382' title='bbox 3051 2649 3292 2704; x_wconf 86' lang='lat' dir='ltr'><strong>basilica</strong></span> <span class='ocrx_word' id='word_1_383' title='bbox 3341 2667 3585 2706; x_wconf 82' lang='lat' dir='ltr'><strong>conces-</strong></span> 
     </span>
    </p>
   </div>
   <div class='ocr_carea' id='block_1_56' title="bbox 1936 2735 3586 2810">
    <p class='ocr_par' dir='ltr' id='par_1_56' title="bbox 1936 2735 3586 2810">
     <span class='ocr_line' id='line_1_56' title="bbox 1936 2735 3586 2810; baseline 0.003 -21"><span class='ocrx_word' id='word_1_384' title='bbox 1936 2752 2039 2790; x_wconf 89' lang='lat' dir='ltr'><strong>sus</strong></span> <span class='ocrx_word' id='word_1_385' title='bbox 2068 2735 2198 2802; x_wconf 87' lang='lat' dir='ltr'><strong>fuit,</strong></span> <span class='ocrx_word' id='word_1_386' title='bbox 2235 2752 2349 2791; x_wconf 92' lang='lat' dir='ltr'><strong>non</strong></span> <span class='ocrx_word' id='word_1_387' title='bbox 2380 2735 2571 2791; x_wconf 90' lang='lat' dir='ltr'><strong>solum</strong></span> <span class='ocrx_word' id='word_1_388' title='bbox 2606 2737 2676 2791; x_wconf 93' lang='lat' dir='ltr'><strong>ob</strong></span> <span class='ocrx_word' id='word_1_389' title='bbox 2703 2735 2974 2792; x_wconf 83' lang='lat' dir='ltr'><strong>eximiam</strong></span> <span class='ocrx_word' id='word_1_390' title='bbox 3007 2738 3135 2809; x_wconf 83' lang='lat' dir='ltr'><strong>ejus</strong></span> <span class='ocrx_word' id='word_1_391' title='bbox 3164 2739 3393 2810; x_wconf 89' lang='lat' dir='ltr'><strong>generis</strong></span> <span class='ocrx_word' id='word_1_392' title='bbox 3426 2740 3586 2794; x_wconf 87' lang='lat' dir='ltr'><strong>nobi-</strong></span> 
     </span>
    </p>
   </div>
   <div class='ocr_carea' id='block_1_57' title="bbox 1935 2823 3584 2899">
    <p class='ocr_par' dir='ltr' id='par_1_57' title="bbox 1935 2823 3584 2899">
     <span class='ocr_line' id='line_1_57' title="bbox 1935 2823 3584 2899; baseline 0.004 -22"><span class='ocrx_word' id='word_1_393' title='bbox 1935 2823 2180 2889; x_wconf 88' lang='lat' dir='ltr'><strong>litatem,</strong></span> <span class='ocrx_word' id='word_1_394' title='bbox 2215 2825 2337 2891; x_wconf 91' lang='lat' dir='ltr'><strong>sed,</strong></span> <span class='ocrx_word' id='word_1_395' title='bbox 2368 2829 2425 2880; x_wconf 92' lang='lat' dir='ltr'><strong>et</strong></span> <span class='ocrx_word' id='word_1_396' title='bbox 2477 2825 2532 2880; x_wconf 87' lang='lat' dir='ltr'><strong>id</strong></span> <span class='ocrx_word' id='word_1_397' title='bbox 2576 2825 2850 2894; x_wconf 80' lang='lat' dir='ltr'><strong>maxime,</strong></span> <span class='ocrx_word' id='word_1_398' title='bbox 2877 2826 2949 2881; x_wconf 92' lang='lat' dir='ltr'><strong>ob</strong></span> <span class='ocrx_word' id='word_1_399' title='bbox 2982 2826 3244 2899; x_wconf 84' lang='lat' dir='ltr'><strong>ingentia</strong></span> <span class='ocrx_word' id='word_1_400' title='bbox 3285 2829 3493 2884; x_wconf 87' lang='lat' dir='ltr'><strong>merita</strong></span> <span class='ocrx_word' id='word_1_401' title='bbox 3525 2824 3584 2883; x_wconf 85' lang='lat' dir='ltr'><strong>in</strong></span> 
     </span>
    </p>
   </div>
   <div class='ocr_carea' id='block_1_58' title="bbox 1935 2912 3583 2990">
    <p class='ocr_par' dir='ltr' id='par_1_58' title="bbox 1935 2912 3583 2990">
     <span class='ocr_line' id='line_1_58' title="bbox 1935 2912 3583 2990; baseline 0.003 -23"><span class='ocrx_word' id='word_1_402' title='bbox 1935 2912 2252 2968; x_wconf 88' lang='lat' dir='ltr'><strong>Ecclesiam</strong></span> <span class='ocrx_word' id='word_1_403' title='bbox 2303 2913 2649 2979; x_wconf 82' lang='lat' dir='ltr'><strong>Romanam,</strong></span> <span class='ocrx_word' id='word_1_404' title='bbox 2699 2914 2793 2969; x_wconf 92' lang='lat' dir='ltr'><strong>cui</strong></span> <span class='ocrx_word' id='word_1_405' title='bbox 2842 2915 3069 2970; x_wconf 64' lang='lat' dir='ltr'><strong>tuendae</strong></span> <span class='ocrx_word' id='word_1_406' title='bbox 3121 2933 3154 2971; x_wconf 91' lang='lat' dir='ltr'><strong>a</strong></span> <span class='ocrx_word' id='word_1_407' title='bbox 3200 2916 3474 2990; x_wconf 86' lang='lat' dir='ltr'><strong>Gregorio</strong></span> <span class='ocrx_word' id='word_1_408' title='bbox 3524 2918 3583 2972; x_wconf 91' lang='lat' dir='ltr'><strong>in</strong></span> 
     </span>
    </p>
   </div>
   <div class='ocr_carea' id='block_1_59' title="bbox 1936 3000 3582 3077">
    <p class='ocr_par' dir='ltr' id='par_1_59' title="bbox 1936 3000 3582 3077">
     <span class='ocr_line' id='line_1_59' title="bbox 1936 3000 3582 3077; baseline 0.001 -20"><span class='ocrx_word' id='word_1_409' title='bbox 1936 3000 2161 3057; x_wconf 90' lang='lat' dir='ltr'><strong>Italiam</strong></span> <span class='ocrx_word' id='word_1_410' title='bbox 2206 3004 2526 3058; x_wconf 85' lang='lat' dir='ltr'><strong>accersitus</strong></span> <span class='ocrx_word' id='word_1_411' title='bbox 2572 3003 2778 3071; x_wconf 83' lang='lat' dir='ltr'><strong>fuerat,</strong></span> <span class='ocrx_word' id='word_1_412' title='bbox 2812 3003 2896 3058; x_wconf 86' lang='lat' dir='ltr'><strong>uti</strong></span> <span class='ocrx_word' id='word_1_413' title='bbox 2940 3008 3211 3059; x_wconf 89' lang='lat' dir='ltr'><strong>narratur</strong></span> <span class='ocrx_word' id='word_1_414' title='bbox 3237 3004 3296 3060; x_wconf 90' lang='lat' dir='ltr'><strong>in</strong></span> <span class='ocrx_word' id='word_1_415' title='bbox 3329 3007 3457 3077; x_wconf 92' lang='lat' dir='ltr'><strong>ejus</strong></span> <span class='ocrx_word' id='word_1_416' title='bbox 3486 3005 3582 3059; x_wconf 90' lang='lat' dir='ltr'><strong>Vi-</strong></span> 
     </span>
    </p>
   </div>
   <div class='ocr_carea' id='block_1_60' title="bbox 1935 3091 3582 3163">
    <p class='ocr_par' dir='ltr' id='par_1_60' title="bbox 1935 3091 3582 3163">
     <span class='ocr_line' id='line_1_60' title="bbox 1935 3091 3582 3163; baseline 0.001 -17"><span class='ocrx_word' id='word_1_417' title='bbox 1935 3093 2016 3156; x_wconf 87' lang='lat' dir='ltr'><strong>ta,</strong></span> <span class='ocrx_word' id='word_1_418' title='bbox 2057 3091 2278 3147; x_wconf 72' lang='lat' dir='ltr'><strong>Saecula</strong></span> <span class='ocrx_word' id='word_1_419' title='bbox 2325 3091 2389 3158; x_wconf 76' lang='grc' dir='ltr'><strong>ν,</strong></span> <span class='ocrx_word' id='word_1_420' title='bbox 2422 3095 2585 3163; x_wconf 90' lang='lat' dir='ltr'><strong>parte</strong></span> <span class='ocrx_word' id='word_1_421' title='bbox 2641 3109 2681 3146; x_wconf 88' lang='lat'>11</span> <span class='ocrx_word' id='word_1_422' title='bbox 2737 3094 2861 3147; x_wconf 88' lang='lat' dir='ltr'><strong>Aet.</strong></span> <span class='ocrx_word' id='word_1_423' title='bbox 2912 3093 3006 3148; x_wconf 88' lang='lat' dir='ltr'><strong>SS.</strong></span> <span class='ocrx_word' id='word_1_424' title='bbox 3059 3093 3280 3148; x_wconf 85' lang='lat' dir='ltr'><strong>ordinis</strong></span> <span class='ocrx_word' id='word_1_425' title='bbox 3339 3094 3582 3149; x_wconf 88' lang='lat' dir='ltr'><strong>Benedi-</strong></span> 
     </span>
    </p>
   </div>
   <div class='ocr_carea' id='block_1_61' title="bbox 1935 3178 2096 3234">
    <p class='ocr_par' dir='ltr' id='par_1_61' title="bbox 1935 3178 2096 3234">
     <span class='ocr_line' id='line_1_61' title="bbox 1935 3178 2096 3234; baseline -0.006 0"><span class='ocrx_word' id='word_1_426' title='bbox 1935 3178 2096 3234; x_wconf 90' lang='lat' dir='ltr'><strong>ctini.</strong></span> 
     </span>
    </p>
   </div>
   <div class='ocr_carea' id='block_1_62' title="bbox 244 3266 3585 3361">
    <p class='ocr_par' dir='ltr' id='par_1_62' title="bbox 244 3268 3585 3361">
     <span class='ocr_line' id='line_1_62' title="bbox 244 3268 3585 3361; baseline 0.001 -19"><span class='ocrx_word' id='word_1_427' title='bbox 244 3271 305 3327; x_wconf 67' lang='lat' dir='ltr'><strong>Si</strong></span> <span class='ocrx_word' id='word_1_428' title='bbox 328 3275 538 3361; x_wconf 46' lang='lat' dir='ltr'><strong>ian)”</strong></span> <span class='ocrx_word' id='word_1_429' title='bbox 570 3275 792 3324; x_wconf 58' lang='lat' dir='ltr'><strong>certum</strong></span> <span class='ocrx_word' id='word_1_430' title='bbox 837 3268 1090 3361; x_wconf 56' lang='grc' dir='ltr'><strong>ουίΡίθῖη</strong></span> <span class='ocrx_word' id='word_1_431' title='bbox 1120 3270 1386 3361; x_wconf 52' lang='lat' dir='ltr'><strong>Videat“?</strong></span> <span class='ocrx_word' id='word_1_432' title='bbox 1433 3270 1666 3327; x_wconf 60' lang='lat' dir='ltr'><strong>Petrum</strong></span> <span class='ocrx_word' id='word_1_433' title='bbox 1696 3275 1831 3326; x_wconf 55' lang='lat' dir='ltr'><strong>ante</strong></span> <span class='ocrx_word' id='word_1_434' title='bbox 1865 3336 1904 3361; x_wconf 65' lang='grc' dir='ltr'>η</span> <span class='ocrx_word' id='word_1_435' title='bbox 1941 3289 2036 3345; x_wconf 82' lang='grc' dir='ltr'><strong>ΧΙ.</strong></span> <span class='ocrx_word' id='word_1_436' title='bbox 2065 3289 2319 3344; x_wconf 84' lang='lat' dir='ltr'><strong>Wiberto</strong></span> <span class='ocrx_word' id='word_1_437' title='bbox 2361 3290 2423 3344; x_wconf 85' lang='lat' dir='ltr'><strong>in</strong></span> <span class='ocrx_word' id='word_1_438' title='bbox 2462 3290 2718 3344; x_wconf 69' lang='lat' dir='ltr'><strong>Vaticana</strong></span> <span class='ocrx_word' id='word_1_439' title='bbox 2757 3290 2984 3345; x_wconf 80' lang='lat' dir='ltr'><strong>basilica</strong></span> <span class='ocrx_word' id='word_1_440' title='bbox 3024 3292 3373 3361; x_wconf 61' lang='lat' dir='ltr'><strong>intronisato,</strong></span> <span class='ocrx_word' id='word_1_441' title='bbox 3408 3307 3585 3347; x_wconf 80' lang='lat' dir='ltr'><strong>conci-</strong></span> 
     </span>
    </p>
   </div>
   <div class='ocr_carea' id='block_1_63' title="bbox 179 3336 1906 3431">
    <p class='ocr_par' dir='ltr' id='par_1_63' title="bbox 179 3336 1906 3431">
     <span class='ocr_line' id='line_1_63' title="bbox 179 3336 1906 3431; baseline -0.002 -14"><span class='ocrx_word' id='word_1_442' title='bbox 179 3360 385 3418; x_wconf 81' lang='lat' dir='ltr'><strong>Gisulﬁ</strong></span> <span class='ocrx_word' id='word_1_443' title='bbox 422 3358 627 3431; x_wconf 85' lang='lat' dir='ltr'><strong>fugam</strong></span> <span class='ocrx_word' id='word_1_444' title='bbox 658 3336 1302 3431; x_wconf 41' lang='lat' dir='ltr'><strong>creatum-episcopum</strong></span> <span class='ocrx_word' id='word_1_445' title='bbox 1347 3360 1549 3428; x_wconf 90' lang='lat' dir='ltr'><strong>fuisse,</strong></span> <span class='ocrx_word' id='word_1_446' title='bbox 1585 3364 1651 3415; x_wconf 89' lang='lat' dir='ltr'><strong>ut</strong></span> <span class='ocrx_word' id='word_1_447' title='bbox 1681 3363 1831 3416; x_wconf 90' lang='lat' dir='ltr'><strong>certe</strong></span> <span class='ocrx_word' id='word_1_448' title='bbox 1863 3336 1906 3403; x_wconf 66' lang='grc' dir='ltr'><strong>(ἶ</strong></span> 
     </span>
    </p>
   </div>
   <div class='ocr_carea' id='block_1_64' title="bbox 180 3446 1833 3520">
    <p class='ocr_par' dir='ltr' id='par_1_64' title="bbox 180 3446 1833 3520">
     <span class='ocr_line' id='line_1_64' title="bbox 180 3446 1833 3520; baseline -0.002 -13"><span class='ocrx_word' id='word_1_449' title='bbox 180 3449 373 3511; x_wconf 87' lang='lat' dir='ltr'><strong>innuit</strong></span> <span class='ocrx_word' id='word_1_450' title='bbox 406 3453 656 3520; x_wconf 88' lang='lat' dir='ltr'><strong>uterque</strong></span> <span class='ocrx_word' id='word_1_451' title='bbox 684 3446 826 3503; x_wconf 73' lang='lat' dir='ltr'><strong>Vita:</strong></span> <span class='ocrx_word' id='word_1_452' title='bbox 857 3452 1078 3515; x_wconf 89' lang='lat' dir='ltr'><strong>auctor,</strong></span> <span class='ocrx_word' id='word_1_453' title='bbox 1112 3448 1428 3504; x_wconf 90' lang='lat' dir='ltr'><strong>dicendum</strong></span> <span class='ocrx_word' id='word_1_454' title='bbox 1458 3448 1568 3505; x_wconf 89' lang='lat' dir='ltr'><strong>erit</strong></span> <span class='ocrx_word' id='word_1_455' title='bbox 1596 3449 1833 3505; x_wconf 91' lang='lat' dir='ltr'><strong>Petrum</strong></span> 
     </span>
    </p>
   </div>
   <div class='ocr_carea' id='block_1_65' title="bbox 183 3536 1832 3604">
    <p class='ocr_par' dir='ltr' id='par_1_65' title="bbox 183 3536 1832 3604">
     <span class='ocr_line' id='line_1_65' title="bbox 183 3536 1832 3604; baseline -0.001 -9"><span class='ocrx_word' id='word_1_456' title='bbox 183 3538 364 3596; x_wconf 88' lang='lat' dir='ltr'><strong>multo</strong></span> <span class='ocrx_word' id='word_1_457' title='bbox 412 3540 549 3593; x_wconf 88' lang='lat' dir='ltr'><strong>ante</strong></span> <span class='ocrx_word' id='word_1_458' title='bbox 581 3536 842 3593; x_wconf 90' lang='lat' dir='ltr'><strong>Odonem</strong></span> <span class='ocrx_word' id='word_1_459' title='bbox 892 3537 951 3592; x_wconf 91' lang='lat' dir='ltr'><strong>in</strong></span> <span class='ocrx_word' id='word_1_460' title='bbox 999 3536 1227 3593; x_wconf 87' lang='lat' dir='ltr'><strong>Italiam</strong></span> <span class='ocrx_word' id='word_1_461' title='bbox 1278 3538 1460 3594; x_wconf 89' lang='lat' dir='ltr'><strong>fuisse</strong></span> <span class='ocrx_word' id='word_1_462' title='bbox 1513 3555 1832 3604; x_wconf 85' lang='lat' dir='ltr'><strong>reversum,</strong></span> 
     </span>
    </p>
   </div>
   <div class='ocr_carea' id='block_1_66' title="bbox 182 3625 1838 3700">
    <p class='ocr_par' dir='ltr' id='par_1_66' title="bbox 182 3625 1838 3700">
     <span class='ocr_line' id='line_1_66' title="bbox 182 3625 1838 3700; baseline -0.001 -16"><span class='ocrx_word' id='word_1_463' title='bbox 182 3644 356 3700; x_wconf 89' lang='lat' dir='ltr'><strong>quem</strong></span> <span class='ocrx_word' id='word_1_464' title='bbox 390 3625 627 3683; x_wconf 92' lang='lat' dir='ltr'><strong>nonnisi</strong></span> <span class='ocrx_word' id='word_1_465' title='bbox 672 3629 807 3698; x_wconf 91' lang='lat' dir='ltr'><strong>post</strong></span> <span class='ocrx_word' id='word_1_466' title='bbox 849 3626 1073 3698; x_wconf 90' lang='lat' dir='ltr'><strong>aliquot</strong></span> <span class='ocrx_word' id='word_1_467' title='bbox 1102 3644 1285 3683; x_wconf 90' lang='lat' dir='ltr'><strong>annos</strong></span> <span class='ocrx_word' id='word_1_468' title='bbox 1314 3628 1436 3683; x_wconf 90' lang='lat' dir='ltr'><strong>0do</strong></span> <span class='ocrx_word' id='word_1_469' title='bbox 1485 3628 1838 3683; x_wconf 88' lang='lat' dir='ltr'><strong>subsecutus</strong></span> 
     </span>
    </p>
   </div>
   <div class='ocr_carea' id='block_1_67' title="bbox 185 3714 1838 3788">
    <p class='ocr_par' dir='ltr' id='par_1_67' title="bbox 185 3714 1838 3788">
     <span class='ocr_line' id='line_1_67' title="bbox 185 3714 1838 3788; baseline -0.002 -14"><span class='ocrx_word' id='word_1_470' title='bbox 185 3720 391 3774; x_wconf 70' lang='lat' dir='ltr'><strong>Caram</strong></span> <span class='ocrx_word' id='word_1_471' title='bbox 429 3714 792 3783; x_wconf 88' lang='lat' dir='ltr'><strong>convenerit;</strong></span> <span class='ocrx_word' id='word_1_472' title='bbox 827 3730 1169 3788; x_wconf 90' lang='lat' dir='ltr'><strong>errasseque</strong></span> <span class='ocrx_word' id='word_1_473' title='bbox 1200 3717 1525 3772; x_wconf 89' lang='lat' dir='ltr'><strong>secundum</strong></span> <span class='ocrx_word' id='word_1_474' title='bbox 1558 3715 1699 3771; x_wconf 59' lang='lat' dir='ltr'><strong>Vitas</strong></span> <span class='ocrx_word' id='word_1_475' title='bbox 1730 3733 1838 3771; x_wconf 90' lang='lat' dir='ltr'><strong>au-</strong></span> 
     </span>
    </p>
   </div>
   <div class='ocr_carea' id='block_1_68' title="bbox 184 3802 1839 3876">
    <p class='ocr_par' dir='ltr' id='par_1_68' title="bbox 184 3802 1839 3876">
     <span class='ocr_line' id='line_1_68' title="bbox 184 3802 1839 3876; baseline -0.001 -15"><span class='ocrx_word' id='word_1_476' title='bbox 184 3811 407 3862; x_wconf 83' lang='lat' dir='ltr'><strong>ctorem</strong></span> <span class='ocrx_word' id='word_1_477' title='bbox 440 3804 543 3876; x_wconf 87' lang='lat' dir='ltr'><strong>qui</strong></span> <span class='ocrx_word' id='word_1_478' title='bbox 569 3802 718 3859; x_wconf 91' lang='lat' dir='ltr'><strong>illud</strong></span> <span class='ocrx_word' id='word_1_479' title='bbox 768 3802 878 3859; x_wconf 87' lang='lat' dir='ltr'><strong>iter</strong></span> <span class='ocrx_word' id='word_1_480' title='bbox 906 3805 1060 3875; x_wconf 91' lang='lat' dir='ltr'><strong>quod</strong></span> <span class='ocrx_word' id='word_1_481' title='bbox 1111 3804 1170 3860; x_wconf 89' lang='lat' dir='ltr'><strong>bi</strong></span> <span class='ocrx_word' id='word_1_482' title='bbox 1218 3804 1323 3861; x_wconf 92' lang='lat' dir='ltr'><strong>viri</strong></span> <span class='ocrx_word' id='word_1_483' title='bbox 1359 3804 1545 3861; x_wconf 89' lang='lat' dir='ltr'><strong>sancti</strong></span> <span class='ocrx_word' id='word_1_484' title='bbox 1594 3804 1839 3861; x_wconf 89' lang='lat' dir='ltr'><strong>seorsim</strong></span> 
     </span>
    </p>
   </div>
   <div class='ocr_carea' id='block_1_69' title="bbox 185 3890 1844 3967">
    <p class='ocr_par' dir='ltr' id='par_1_69' title="bbox 185 3890 1844 3967">
     <span class='ocr_line' id='line_1_69' title="bbox 185 3890 1844 3967; baseline -0.002 -16"><span class='ocrx_word' id='word_1_485' title='bbox 185 3894 579 3960; x_wconf 85' lang='lat' dir='ltr'><strong>confecerant,</strong></span> <span class='ocrx_word' id='word_1_486' title='bbox 614 3890 794 3948; x_wconf 89' lang='lat' dir='ltr'><strong>simul</strong></span> <span class='ocrx_word' id='word_1_487' title='bbox 825 3891 897 3948; x_wconf 92' lang='lat' dir='ltr'><strong>ab</strong></span> <span class='ocrx_word' id='word_1_488' title='bbox 944 3891 1019 3949; x_wconf 92' lang='lat' dir='ltr'><strong>iis</strong></span> <span class='ocrx_word' id='word_1_489' title='bbox 1059 3898 1399 3967; x_wconf 87' lang='lat' dir='ltr'><strong>susceptum</strong></span> <span class='ocrx_word' id='word_1_490' title='bbox 1450 3892 1628 3951; x_wconf 89' lang='lat' dir='ltr'><strong>fuisse</strong></span> <span class='ocrx_word' id='word_1_491' title='bbox 1658 3893 1844 3950; x_wconf 87' lang='lat' dir='ltr'><strong>credi-</strong></span> 
     </span>
    </p>
   </div>
   <div class='ocr_carea' id='block_1_70' title="bbox 184 3982 364 4040">
    <p class='ocr_par' dir='ltr' id='par_1_70' title="bbox 184 3982 364 4040">
     <span class='ocr_line' id='line_1_70' title="bbox 184 3982 364 4040; baseline -0.017 0"><span class='ocrx_word' id='word_1_492' title='bbox 184 3982 364 4040; x_wconf 86' lang='lat' dir='ltr'><strong>derit.</strong></span> 
     </span>
    </p>
   </div>
   <div class='ocr_carea' id='block_1_71' title="bbox 598 4102 1445 4177">
    <p class='ocr_par' dir='ltr' id='par_1_71' title="bbox 598 4102 1445 4177">
     <span class='ocr_line' id='line_1_71' title="bbox 598 4102 1445 4177; baseline 0.004 -19"><span class='ocrx_word' id='word_1_493' title='bbox 598 4102 747 4159; x_wconf 85' lang='lat' dir='ltr'><strong>VIII.</strong></span> <span class='ocrx_word' id='word_1_494' title='bbox 781 4105 866 4159; x_wconf 84' lang='lat' dir='ltr'><strong>Fit</strong></span> <span class='ocrx_word' id='word_1_495' title='bbox 892 4121 1049 4177; x_wconf 74' lang='lat' dir='ltr'><strong>papae</strong></span> <span class='ocrx_word' id='word_1_496' title='bbox 1076 4108 1445 4163; x_wconf 76' lang='lat' dir='ltr'><strong>consiliarius.</strong></span> 
     </span>
    </p>
   </div>
   <div class='ocr_carea' id='block_1_72' title="bbox 261 4246 1851 4323">
    <p class='ocr_par' dir='ltr' id='par_1_72' title="bbox 261 4246 1851 4323">
     <span class='ocr_line' id='line_1_72' title="bbox 261 4246 1851 4323; baseline 0.003 -21"><span class='ocrx_word' id='word_1_497' title='bbox 261 4247 416 4313; x_wconf 87' lang='lat' dir='ltr'><strong>Quid</strong></span> <span class='ocrx_word' id='word_1_498' title='bbox 448 4262 582 4302; x_wconf 89' lang='lat' dir='ltr'><strong>vero</strong></span> <span class='ocrx_word' id='word_1_499' title='bbox 612 4246 736 4302; x_wconf 91' lang='lat' dir='ltr'><strong>Odo</strong></span> <span class='ocrx_word' id='word_1_500' title='bbox 767 4247 955 4303; x_wconf 88' lang='lat' dir='ltr'><strong>factus</strong></span> <span class='ocrx_word' id='word_1_501' title='bbox 985 4247 1273 4305; x_wconf 89' lang='lat' dir='ltr'><strong>Ostiensis</strong></span> <span class='ocrx_word' id='word_1_502' title='bbox 1302 4249 1613 4323; x_wconf 91' lang='lat' dir='ltr'><strong>episcopus</strong></span> <span class='ocrx_word' id='word_1_503' title='bbox 1646 4250 1851 4323; x_wconf 89' lang='lat' dir='ltr'><strong>primis</strong></span> 
     </span>
    </p>
   </div>
   <div class='ocr_carea' id='block_1_73' title="bbox 190 4335 1851 4413">
    <p class='ocr_par' dir='ltr' id='par_1_73' title="bbox 190 4335 1851 4413">
     <span class='ocr_line' id='line_1_73' title="bbox 190 4335 1851 4413; baseline 0.001 -19"><span class='ocrx_word' id='word_1_504' title='bbox 190 4337 574 4410; x_wconf 83' lang='lat' dir='ltr'><strong>episcopatus</strong></span> <span class='ocrx_word' id='word_1_505' title='bbox 596 4335 688 4392; x_wconf 89' lang='lat' dir='ltr'><strong>sui</strong></span> <span class='ocrx_word' id='word_1_506' title='bbox 713 4337 882 4393; x_wconf 89' lang='lat' dir='ltr'><strong>annis</strong></span> <span class='ocrx_word' id='word_1_507' title='bbox 906 4337 1120 4403; x_wconf 86' lang='lat' dir='ltr'><strong>fecerit,</strong></span> <span class='ocrx_word' id='word_1_508' title='bbox 1149 4355 1438 4410; x_wconf 87' lang='lat' dir='ltr'><strong>nusquam</strong></span> <span class='ocrx_word' id='word_1_509' title='bbox 1462 4339 1677 4412; x_wconf 86' lang='lat' dir='ltr'><strong>legitur</strong></span> <span class='ocrx_word' id='word_1_510' title='bbox 1697 4342 1851 4413; x_wconf 91' lang='lat' dir='ltr'><strong>apud</strong></span> 
     </span>
    </p>
   </div>
   <div class='ocr_carea' id='block_1_74' title="bbox 190 4424 1854 4503">
    <p class='ocr_par' dir='ltr' id='par_1_74' title="bbox 190 4424 1854 4503">
     <span class='ocr_line' id='line_1_74' title="bbox 190 4424 1854 4503; baseline 0.002 -20"><span class='ocrx_word' id='word_1_511' title='bbox 190 4430 473 4483; x_wconf 80' lang='lat' dir='ltr'><strong>auctores</strong></span> <span class='ocrx_word' id='word_1_512' title='bbox 506 4424 812 4497; x_wconf 89' lang='lat' dir='ltr'><strong>antiquos;</strong></span> <span class='ocrx_word' id='word_1_513' title='bbox 860 4430 917 4481; x_wconf 88' lang='lat' dir='ltr'><strong>at</strong></span> <span class='ocrx_word' id='word_1_514' title='bbox 943 4443 1078 4482; x_wconf 89' lang='lat' dir='ltr'><strong>eum</strong></span> <span class='ocrx_word' id='word_1_515' title='bbox 1112 4432 1249 4483; x_wconf 88' lang='lat' dir='ltr'><strong>tunc</strong></span> <span class='ocrx_word' id='word_1_516' title='bbox 1298 4428 1575 4501; x_wconf 85' lang='lat' dir='ltr'><strong>Gregorio</strong></span> <span class='ocrx_word' id='word_1_517' title='bbox 1624 4431 1854 4503; x_wconf 86' lang='lat' dir='ltr'><strong>magnis</strong></span> 
     </span>
    </p>
   </div>
   <div class='ocr_carea' id='block_1_75' title="bbox 192 4513 1854 4589">
    <p class='ocr_par' dir='ltr' id='par_1_75' title="bbox 192 4513 1854 4589">
     <span class='ocr_line' id='line_1_75' title="bbox 192 4513 1854 4589; baseline 0.002 -17"><span class='ocrx_word' id='word_1_518' title='bbox 192 4513 457 4587; x_wconf 89' lang='lat' dir='ltr'><strong>negotiis</strong></span> <span class='ocrx_word' id='word_1_519' title='bbox 479 4530 627 4587; x_wconf 89' lang='lat' dir='ltr'><strong>pene</strong></span> <span class='ocrx_word' id='word_1_520' title='bbox 647 4514 853 4570; x_wconf 89' lang='lat' dir='ltr'><strong>obruto</strong></span> <span class='ocrx_word' id='word_1_521' title='bbox 881 4530 1113 4587; x_wconf 85' lang='lat' dir='ltr'><strong>semper</strong></span> <span class='ocrx_word' id='word_1_522' title='bbox 1132 4520 1341 4589; x_wconf 60' lang='lat' dir='ltr'><strong>praesto</strong></span> <span class='ocrx_word' id='word_1_523' title='bbox 1365 4517 1544 4574; x_wconf 89' lang='lat' dir='ltr'><strong>fuisse</strong></span> <span class='ocrx_word' id='word_1_524' title='bbox 1565 4518 1721 4574; x_wconf 90' lang='lat' dir='ltr'><strong>haud</strong></span> <span class='ocrx_word' id='word_1_525' title='bbox 1742 4520 1854 4574; x_wconf 92' lang='lat' dir='ltr'><strong>du-</strong></span> 
     </span>
    </p>
   </div>
   <div class='ocr_carea' id='block_1_76' title="bbox 194 4602 1854 4677">
    <p class='ocr_par' dir='ltr' id='par_1_76' title="bbox 194 4602 1854 4677">
     <span class='ocr_line' id='line_1_76' title="bbox 194 4602 1854 4677; baseline 0.003 -17"><span class='ocrx_word' id='word_1_526' title='bbox 194 4604 366 4660; x_wconf 90' lang='lat' dir='ltr'><strong>bium</strong></span> <span class='ocrx_word' id='word_1_527' title='bbox 399 4606 512 4659; x_wconf 90' lang='lat' dir='ltr'><strong>est.</strong></span> <span class='ocrx_word' id='word_1_528' title='bbox 535 4605 696 4659; x_wconf 84' lang='lat' dir='ltr'><strong>Certe</strong></span> <span class='ocrx_word' id='word_1_529' title='bbox 724 4602 841 4658; x_wconf 91' lang='lat' dir='ltr'><strong>huc</strong></span> <span class='ocrx_word' id='word_1_530' title='bbox 880 4604 1132 4660; x_wconf 89' lang='lat' dir='ltr'><strong>revocari</strong></span> <span class='ocrx_word' id='word_1_531' title='bbox 1163 4608 1354 4677; x_wconf 89' lang='lat' dir='ltr'><strong>potest</strong></span> <span class='ocrx_word' id='word_1_532' title='bbox 1382 4605 1640 4663; x_wconf 89' lang='lat' dir='ltr'><strong>Orderiei</strong></span> <span class='ocrx_word' id='word_1_533' title='bbox 1672 4607 1854 4676; x_wconf 89' lang='lat' dir='ltr'><strong>locus,</strong></span> 
     </span>
    </p>
   </div>
   <div class='ocr_carea' id='block_1_77' title="bbox 2169 3361 3407 3435">
    <p class='ocr_par' dir='ltr' id='par_1_77' title="bbox 2169 3361 3407 3435">
     <span class='ocr_line' id='line_1_77' title="bbox 2169 3361 3407 3435; baseline 0.002 -20"><span class='ocrx_word' id='word_1_534' title='bbox 2169 3362 2308 3416; x_wconf 82' lang='lat' dir='ltr'><strong>lium</strong></span> <span class='ocrx_word' id='word_1_535' title='bbox 2331 3361 2612 3416; x_wconf 82' lang='lat' dir='ltr'><strong>indicitur.</strong></span> <span class='ocrx_word' id='word_1_536' title='bbox 2640 3361 2748 3416; x_wconf 88' lang='lat' dir='ltr'><strong>Odo</strong></span> <span class='ocrx_word' id='word_1_537' title='bbox 2767 3362 2835 3416; x_wconf 85' lang='lat' dir='ltr'><strong>ab</strong></span> <span class='ocrx_word' id='word_1_538' title='bbox 2864 3363 3095 3417; x_wconf 81' lang='lat' dir='ltr'><strong>Henrico</strong></span> <span class='ocrx_word' id='word_1_539' title='bbox 3122 3365 3356 3435; x_wconf 78' lang='lat' dir='ltr'><strong>capitur.</strong></span> <span class='ocrx_word' id='word_1_540' title='bbox 3400 3386 3407 3393; x_wconf 63' lang='grc'><strong>”</strong></span> 
     </span>
    </p>
   </div>
   <div class='ocr_carea' id='block_1_78' title="bbox 2015 3448 3589 3508">
    <p class='ocr_par' dir='ltr' id='par_1_78' title="bbox 2015 3448 3589 3508">
     <span class='ocr_line' id='line_1_78' title="bbox 2015 3448 3589 3508; baseline 0.002 -3"><span class='ocrx_word' id='word_1_541' title='bbox 2015 3448 2279 3506; x_wconf 65' lang='lat' dir='ltr'><strong>Ecclesiae</strong></span> <span class='ocrx_word' id='word_1_542' title='bbox 2328 3448 2689 3506; x_wconf 89' lang='lat' dir='ltr'><strong>calamitates</strong></span> <span class='ocrx_word' id='word_1_543' title='bbox 2722 3467 2869 3506; x_wconf 91' lang='lat' dir='ltr'><strong>novo</strong></span> <span class='ocrx_word' id='word_1_544' title='bbox 2900 3450 3152 3508; x_wconf 87' lang='lat' dir='ltr'><strong>facinore</strong></span> <span class='ocrx_word' id='word_1_545' title='bbox 3182 3453 3341 3508; x_wconf 84' lang='lat' dir='ltr'><strong>auxit</strong></span> <span class='ocrx_word' id='word_1_546' title='bbox 3388 3452 3589 3508; x_wconf 88' lang='lat' dir='ltr'><strong>Henri-</strong></span> 
     </span>
    </p>
   </div>
   <div class='ocr_carea' id='block_1_79' title="bbox 1944 3536 3592 3613">
    <p class='ocr_par' dir='ltr' id='par_1_79' title="bbox 1944 3536 3592 3613">
     <span class='ocr_line' id='line_1_79' title="bbox 1944 3536 3592 3613; baseline 0 -17"><span class='ocrx_word' id='word_1_547' title='bbox 1944 3557 2050 3596; x_wconf 89' lang='lat' dir='ltr'><strong>cus</strong></span> <span class='ocrx_word' id='word_1_548' title='bbox 2078 3541 2401 3612; x_wconf 91' lang='lat' dir='ltr'><strong>Augustus,</strong></span> <span class='ocrx_word' id='word_1_549' title='bbox 2434 3555 2586 3594; x_wconf 88' lang='lat' dir='ltr'><strong>anno</strong></span> <span class='ocrx_word' id='word_1_550' title='bbox 2619 3540 2774 3607; x_wconf 86' lang='lat'>1083,</span> <span class='ocrx_word' id='word_1_551' title='bbox 2809 3556 2941 3595; x_wconf 90' lang='lat' dir='ltr'><strong>cum</strong></span> <span class='ocrx_word' id='word_1_552' title='bbox 2974 3544 3108 3613; x_wconf 89' lang='lat' dir='ltr'><strong>post</strong></span> <span class='ocrx_word' id='word_1_553' title='bbox 3153 3545 3439 3597; x_wconf 87' lang='lat' dir='ltr'><strong>tentatam</strong></span> <span class='ocrx_word' id='word_1_554' title='bbox 3475 3536 3592 3596; x_wconf 83' lang='lat' dir='ltr'><strong>tru-</strong></span> 
     </span>
    </p>
   </div>
   <div class='ocr_carea' id='block_1_80' title="bbox 1946 3628 3599 3703">
    <p class='ocr_par' dir='ltr' id='par_1_80' title="bbox 1946 3628 3599 3703">
     <span class='ocr_line' id='line_1_80' title="bbox 1946 3628 3599 3703; baseline 0 -16"><span class='ocrx_word' id='word_1_555' title='bbox 1946 3635 2069 3687; x_wconf 89' lang='lat' dir='ltr'><strong>stra</strong></span> <span class='ocrx_word' id='word_1_556' title='bbox 2098 3628 2501 3700; x_wconf 86' lang='lat' dir='ltr'><strong>superioribus</strong></span> <span class='ocrx_word' id='word_1_557' title='bbox 2541 3628 2711 3684; x_wconf 89' lang='lat' dir='ltr'><strong>annis</strong></span> <span class='ocrx_word' id='word_1_558' title='bbox 2758 3629 2961 3684; x_wconf 88' lang='lat' dir='ltr'><strong>urbem</strong></span> <span class='ocrx_word' id='word_1_559' title='bbox 3013 3631 3279 3699; x_wconf 82' lang='lat' dir='ltr'><strong>Romam,</strong></span> <span class='ocrx_word' id='word_1_560' title='bbox 3323 3649 3441 3687; x_wconf 89' lang='lat' dir='ltr'><strong>una</strong></span> <span class='ocrx_word' id='word_1_561' title='bbox 3470 3631 3599 3703; x_wconf 85' lang='lat' dir='ltr'><strong>ejus</strong></span> 
     </span>
    </p>
   </div>
   <div class='ocr_carea' id='block_1_81' title="bbox 1949 3717 3597 3791">
    <p class='ocr_par' dir='ltr' id='par_1_81' title="bbox 1949 3717 3597 3791">
     <span class='ocr_line' id='line_1_81' title="bbox 1949 3717 3597 3791; baseline 0 -18"><span class='ocrx_word' id='word_1_562' title='bbox 1949 3723 2114 3791; x_wconf 88' lang='lat' dir='ltr'><strong>parte</strong></span> <span class='ocrx_word' id='word_1_563' title='bbox 2159 3717 2270 3772; x_wconf 87' lang='lat' dir='ltr'><strong>hoc</strong></span> <span class='ocrx_word' id='word_1_564' title='bbox 2318 3733 2470 3771; x_wconf 89' lang='lat' dir='ltr'><strong>anno</strong></span> <span class='ocrx_word' id='word_1_565' title='bbox 2519 3717 2757 3787; x_wconf 87' lang='lat' dir='ltr'><strong>potitus,</strong></span> <span class='ocrx_word' id='word_1_566' title='bbox 2793 3723 3078 3789; x_wconf 86' lang='lat' dir='ltr'><strong>captaque</strong></span> <span class='ocrx_word' id='word_1_567' title='bbox 3128 3720 3386 3775; x_wconf 89' lang='lat' dir='ltr'><strong>Leonina</strong></span> <span class='ocrx_word' id='word_1_568' title='bbox 3434 3721 3597 3785; x_wconf 90' lang='lat' dir='ltr'><strong>urbe,</strong></span> 
     </span>
    </p>
   </div>
   <div class='ocr_carea' id='block_1_82' title="bbox 1951 3805 3602 3863">
    <p class='ocr_par' dir='ltr' id='par_1_82' title="bbox 1951 3805 3602 3863">
     <span class='ocr_line' id='line_1_82' title="bbox 1951 3805 3602 3863; baseline 0 0"><span class='ocrx_word' id='word_1_569' title='bbox 1951 3806 2294 3863; x_wconf 89' lang='lat' dir='ltr'><strong>Guibertum</strong></span> <span class='ocrx_word' id='word_1_570' title='bbox 2326 3821 2499 3860; x_wconf 91' lang='lat' dir='ltr'><strong>suum</strong></span> <span class='ocrx_word' id='word_1_571' title='bbox 2531 3805 2588 3859; x_wconf 91' lang='lat' dir='ltr'><strong>in</strong></span> <span class='ocrx_word' id='word_1_572' title='bbox 2620 3805 2809 3860; x_wconf 87' lang='lat' dir='ltr'><strong>sancti</strong></span> <span class='ocrx_word' id='word_1_573' title='bbox 2856 3805 3007 3860; x_wconf 89' lang='lat' dir='ltr'><strong>Petri</strong></span> <span class='ocrx_word' id='word_1_574' title='bbox 3038 3805 3281 3862; x_wconf 86' lang='lat' dir='ltr'><strong>basilica</strong></span> <span class='ocrx_word' id='word_1_575' title='bbox 3313 3807 3424 3862; x_wconf 91' lang='lat' dir='ltr'><strong>sub</strong></span> <span class='ocrx_word' id='word_1_576' title='bbox 3456 3806 3602 3863; x_wconf 87' lang='lat' dir='ltr'><strong>falso</strong></span> 
     </span>
    </p>
   </div>
   <div class='ocr_carea' id='block_1_83' title="bbox 1951 3894 3603 3967">
    <p class='ocr_par' dir='ltr' id='par_1_83' title="bbox 1951 3894 3603 3967">
     <span class='ocr_line' id='line_1_83' title="bbox 1951 3894 3603 3967; baseline 0 -15"><span class='ocrx_word' id='word_1_577' title='bbox 1951 3894 2267 3953; x_wconf 89' lang='lat' dir='ltr'><strong>Clementis</strong></span> <span class='ocrx_word' id='word_1_578' title='bbox 2297 3895 2373 3950; x_wconf 86' lang='lat' dir='ltr'><strong>Ill</strong></span> <span class='ocrx_word' id='word_1_579' title='bbox 2409 3894 2646 3950; x_wconf 89' lang='lat' dir='ltr'><strong>nomine</strong></span> <span class='ocrx_word' id='word_1_580' title='bbox 2686 3894 3020 3966; x_wconf 81' lang='lat' dir='ltr'><strong>pontificem</strong></span> <span class='ocrx_word' id='word_1_581' title='bbox 3058 3894 3406 3967; x_wconf 89' lang='lat' dir='ltr'><strong>proclamari</strong></span> <span class='ocrx_word' id='word_1_582' title='bbox 3436 3913 3603 3952; x_wconf 89' lang='lat' dir='ltr'><strong>cura-</strong></span> 
     </span>
    </p>
   </div>
   <div class='ocr_carea' id='block_1_84' title="bbox 1952 3982 3607 4057">
    <p class='ocr_par' dir='ltr' id='par_1_84' title="bbox 1952 3982 3607 4057">
     <span class='ocr_line' id='line_1_84' title="bbox 1952 3982 3607 4057; baseline 0 -17"><span class='ocrx_word' id='word_1_583' title='bbox 1952 3985 2063 4051; x_wconf 86' lang='lat' dir='ltr'><strong>vit;</strong></span> <span class='ocrx_word' id='word_1_584' title='bbox 2090 4000 2265 4057; x_wconf 90' lang='lat' dir='ltr'><strong>quem</strong></span> <span class='ocrx_word' id='word_1_585' title='bbox 2292 4000 2406 4039; x_wconf 90' lang='lat' dir='ltr'><strong>non</strong></span> <span class='ocrx_word' id='word_1_586' title='bbox 2428 3982 2715 4039; x_wconf 89' lang='lat' dir='ltr'><strong>Ostiensis</strong></span> <span class='ocrx_word' id='word_1_587' title='bbox 2744 3987 2801 4039; x_wconf 92' lang='lat' dir='ltr'><strong>et</strong></span> <span class='ocrx_word' id='word_1_588' title='bbox 2829 3983 3177 4040; x_wconf 87' lang='lat' dir='ltr'><strong>Albanensis</strong></span> <span class='ocrx_word' id='word_1_589' title='bbox 3208 4000 3310 4041; x_wconf 90' lang='lat' dir='ltr'><strong>seu</strong></span> <span class='ocrx_word' id='word_1_590' title='bbox 3334 3985 3607 4041; x_wconf 89' lang='lat' dir='ltr'><strong>Portuen-</strong></span> 
     </span>
    </p>
   </div>
   <div class='ocr_carea' id='block_1_85' title="bbox 1957 4071 3605 4147">
    <p class='ocr_par' dir='ltr' id='par_1_85' title="bbox 1957 4071 3605 4147">
     <span class='ocr_line' id='line_1_85' title="bbox 1957 4071 3605 4147; baseline -0.001 -17"><span class='ocrx_word' id='word_1_591' title='bbox 1957 4074 2041 4131; x_wconf 89' lang='lat' dir='ltr'><strong>sis</strong></span> <span class='ocrx_word' id='word_1_592' title='bbox 2068 4071 2381 4140; x_wconf 88' lang='lat' dir='ltr'><strong>antistites,</strong></span> <span class='ocrx_word' id='word_1_593' title='bbox 2403 4072 2475 4127; x_wconf 89' lang='lat' dir='ltr'><strong>ad</strong></span> <span class='ocrx_word' id='word_1_594' title='bbox 2509 4088 2657 4144; x_wconf 90' lang='lat' dir='ltr'><strong>quos</strong></span> <span class='ocrx_word' id='word_1_595' title='bbox 2680 4072 2736 4126; x_wconf 90' lang='lat' dir='ltr'><strong>id</strong></span> <span class='ocrx_word' id='word_1_596' title='bbox 2759 4071 3020 4128; x_wconf 90' lang='lat' dir='ltr'><strong>muneris</strong></span> <span class='ocrx_word' id='word_1_597' title='bbox 3039 4073 3210 4143; x_wconf 85' lang='lat' dir='ltr'><strong>juxta</strong></span> <span class='ocrx_word' id='word_1_598' title='bbox 3238 4073 3605 4147; x_wconf 87' lang='lat' dir='ltr'><strong>privilegium</strong></span> 
     </span>
    </p>
   </div>
   <div class='ocr_carea' id='block_1_86' title="bbox 1957 4160 3611 4223">
    <p class='ocr_par' dir='ltr' id='par_1_86' title="bbox 1957 4160 3611 4223">
     <span class='ocr_line' id='line_1_86' title="bbox 1957 4160 3611 4223; baseline 0 -5"><span class='ocrx_word' id='word_1_599' title='bbox 1957 4179 2161 4219; x_wconf 88' lang='lat' dir='ltr'><strong>eorum</strong></span> <span class='ocrx_word' id='word_1_600' title='bbox 2209 4162 2451 4217; x_wconf 89' lang='lat' dir='ltr'><strong>sedibus</strong></span> <span class='ocrx_word' id='word_1_601' title='bbox 2501 4178 2535 4216; x_wconf 92' lang='lat' dir='ltr'><strong>a</strong></span> <span class='ocrx_word' id='word_1_602' title='bbox 2584 4162 2681 4217; x_wconf 89' lang='lat' dir='ltr'><strong>SS.</strong></span> <span class='ocrx_word' id='word_1_603' title='bbox 2718 4160 2985 4217; x_wconf 89' lang='lat' dir='ltr'><strong>Patribus</strong></span> <span class='ocrx_word' id='word_1_604' title='bbox 3017 4178 3381 4223; x_wconf 80' lang='lat' dir='ltr'><strong>concessum.</strong></span> <span class='ocrx_word' id='word_1_605' title='bbox 3416 4168 3480 4217; x_wconf 88' lang='lat' dir='ltr'><strong>ut</strong></span> <span class='ocrx_word' id='word_1_606' title='bbox 3527 4163 3611 4218; x_wconf 88' lang='lat' dir='ltr'><strong>ait</strong></span> 
     </span>
    </p>
   </div>
   <div class='ocr_carea' id='block_1_87' title="bbox 1960 4250 3611 4323">
    <p class='ocr_par' dir='ltr' id='par_1_87' title="bbox 1960 4250 3611 4323">
     <span class='ocr_line' id='line_1_87' title="bbox 1960 4250 3611 4323; baseline -0.001 -16"><span class='ocrx_word' id='word_1_607' title='bbox 1960 4250 2287 4318; x_wconf 89' lang='lat' dir='ltr'><strong>Bertoldus,</strong></span> <span class='ocrx_word' id='word_1_608' title='bbox 2338 4250 2685 4323; x_wconf 83' lang='lat' dir='ltr'><strong>pertinebat,</strong></span> <span class='ocrx_word' id='word_1_609' title='bbox 2739 4252 2839 4306; x_wconf 89' lang='lat' dir='ltr'><strong>sed</strong></span> <span class='ocrx_word' id='word_1_610' title='bbox 2891 4250 3244 4307; x_wconf 88' lang='lat' dir='ltr'><strong>Mutinensis</strong></span> <span class='ocrx_word' id='word_1_611' title='bbox 3293 4257 3351 4307; x_wconf 92' lang='lat' dir='ltr'><strong>et</strong></span> <span class='ocrx_word' id='word_1_612' title='bbox 3397 4251 3611 4307; x_wconf 88' lang='lat' dir='ltr'><strong>Arimi-</strong></span> 
     </span>
    </p>
   </div>
   <div class='ocr_carea' id='block_1_88' title="bbox 1962 4338 3610 4412">
    <p class='ocr_par' dir='ltr' id='par_1_88' title="bbox 1962 4338 3610 4412">
     <span class='ocr_line' id='line_1_88' title="bbox 1962 4338 3610 4412; baseline -0.001 -15"><span class='ocrx_word' id='word_1_613' title='bbox 1962 4340 2162 4397; x_wconf 85' lang='lat' dir='ltr'><strong>nensis</strong></span> <span class='ocrx_word' id='word_1_614' title='bbox 2193 4338 2450 4412; x_wconf 76' lang='lat' dir='ltr'><strong>epis00pi</strong></span> <span class='ocrx_word' id='word_1_615' title='bbox 2481 4340 2602 4412; x_wconf 79' lang='lat' dir='ltr'><strong>jam</strong></span> <span class='ocrx_word' id='word_1_616' title='bbox 2626 4342 2815 4395; x_wconf 80' lang='lat' dir='ltr'><strong>multis</strong></span> <span class='ocrx_word' id='word_1_617' title='bbox 2846 4340 3009 4395; x_wconf 83' lang='lat' dir='ltr'><strong>annis</strong></span> <span class='ocrx_word' id='word_1_618' title='bbox 3046 4340 3277 4411; x_wconf 73' lang='lat' dir='ltr'><strong>depositi</strong></span> <span class='ocrx_word' id='word_1_619' title='bbox 3302 4345 3353 4395; x_wconf 78' lang='lat' dir='ltr'><strong>et</strong></span> <span class='ocrx_word' id='word_1_620' title='bbox 3384 4340 3610 4396; x_wconf 79' lang='lat' dir='ltr'><strong>anathe-</strong></span> 
     </span>
    </p>
   </div>
   <div class='ocr_carea' id='block_1_89' title="bbox 1961 4428 3612 4503">
    <p class='ocr_par' dir='ltr' id='par_1_89' title="bbox 1961 4428 3612 4503">
     <span class='ocr_line' id='line_1_89' title="bbox 1961 4428 3612 4503; baseline -0.002 -16"><span class='ocrx_word' id='word_1_621' title='bbox 1961 4431 2216 4487; x_wconf 70' lang='lat' dir='ltr'><strong>matizati</strong></span> <span class='ocrx_word' id='word_1_622' title='bbox 2261 4429 2790 4494; x_wconf 69' lang='lat' dir='ltr'><strong>infhronizavcrunt,</strong></span> <span class='ocrx_word' id='word_1_623' title='bbox 2835 4429 2988 4500; x_wconf 89' lang='lat' dir='ltr'><strong>quod</strong></span> <span class='ocrx_word' id='word_1_624' title='bbox 3044 4428 3139 4483; x_wconf 87' lang='lat' dir='ltr'><strong>alii</strong></span> <span class='ocrx_word' id='word_1_625' title='bbox 3193 4429 3266 4484; x_wconf 87' lang='lat' dir='ltr'><strong>ab</strong></span> <span class='ocrx_word' id='word_1_626' title='bbox 3315 4428 3447 4486; x_wconf 89' lang='lat' dir='ltr'><strong>aliis</strong></span> <span class='ocrx_word' id='word_1_627' title='bbox 3494 4430 3612 4503; x_wconf 88' lang='lat' dir='ltr'><strong>epi-</strong></span> 
     </span>
    </p>
   </div>
   <div class='ocr_carea' id='block_1_90' title="bbox 1964 4517 3615 4592">
    <p class='ocr_par' dir='ltr' id='par_1_90' title="bbox 1964 4517 3615 4592">
     <span class='ocr_line' id='line_1_90' title="bbox 1964 4517 3615 4592; baseline -0.003 -15"><span class='ocrx_word' id='word_1_628' title='bbox 1964 4520 2157 4592; x_wconf 79' lang='lat' dir='ltr'><strong>300pis</strong></span> <span class='ocrx_word' id='word_1_629' title='bbox 2187 4519 2405 4574; x_wconf 87' lang='lat' dir='ltr'><strong>factum</strong></span> <span class='ocrx_word' id='word_1_630' title='bbox 2452 4518 2738 4573; x_wconf 88' lang='lat' dir='ltr'><strong>scribunt.</strong></span> <span class='ocrx_word' id='word_1_631' title='bbox 2772 4517 3136 4573; x_wconf 71' lang='lat' dir='ltr'><strong>Praeferenda</strong></span> <span class='ocrx_word' id='word_1_632' title='bbox 3179 4522 3333 4572; x_wconf 91' lang='lat' dir='ltr'><strong>esset</strong></span> <span class='ocrx_word' id='word_1_633' title='bbox 3365 4518 3615 4574; x_wconf 90' lang='lat' dir='ltr'><strong>Bertoldi</strong></span> 
     </span>
    </p>
   </div>
   <div class='ocr_carea' id='block_1_91' title="bbox 1966 4606 3621 4687">
    <p class='ocr_par' dir='ltr' id='par_1_91' title="bbox 1966 4606 3621 4687">
     <span class='ocr_line' id='line_1_91' title="bbox 1966 4606 3621 4687; baseline -0.001 -22"><span class='ocrx_word' id='word_1_634' title='bbox 1966 4607 2301 4674; x_wconf 88' lang='lat' dir='ltr'><strong>auctoritas,</strong></span> <span class='ocrx_word' id='word_1_635' title='bbox 2335 4612 2534 4679; x_wconf 88' lang='lat' dir='ltr'><strong>utpote</strong></span> <span class='ocrx_word' id='word_1_636' title='bbox 2567 4606 2665 4678; x_wconf 90' lang='lat' dir='ltr'><strong>qui</strong></span> <span class='ocrx_word' id='word_1_637' title='bbox 2698 4611 2837 4662; x_wconf 88' lang='lat' dir='ltr'><strong>tunc</strong></span> <span class='ocrx_word' id='word_1_638' title='bbox 2867 4607 3116 4687; x_wconf 85' lang='lat' dir='ltr'><strong>vivebat,</strong></span> <span class='ocrx_word' id='word_1_639' title='bbox 3141 4612 3197 4663; x_wconf 85' lang='lat' dir='ltr'><strong>et</strong></span> <span class='ocrx_word' id='word_1_640' title='bbox 3230 4624 3323 4663; x_wconf 89' lang='lat' dir='ltr'><strong>res</strong></span> <span class='ocrx_word' id='word_1_641' title='bbox 3356 4607 3621 4680; x_wconf 86' lang='lat' dir='ltr'><strong>singulas</strong></span> 
     </span>
    </p>
   </div>
   <div class='ocr_carea' id='block_1_92' title="bbox 189 4689 3624 4772">
    <p class='ocr_par' dir='ltr' id='par_1_92' title="bbox 189 4689 3624 4772">
     <span class='ocr_line' id='line_1_92' title="bbox 189 4689 3624 4772; baseline 0.001 -23"><span class='ocrx_word' id='word_1_642' title='bbox 189 4694 324 4765; x_wconf 88' lang='lat' dir='ltr'><strong>jam</strong></span> <span class='ocrx_word' id='word_1_643' title='bbox 357 4709 393 4747; x_wconf 93' lang='lat' dir='ltr'><strong>a</strong></span> <span class='ocrx_word' id='word_1_644' title='bbox 423 4689 595 4747; x_wconf 90' lang='lat' dir='ltr'><strong>nobis</strong></span> <span class='ocrx_word' id='word_1_645' title='bbox 620 4708 801 4764; x_wconf 89' lang='lat' dir='ltr'><strong>supra</strong></span> <span class='ocrx_word' id='word_1_646' title='bbox 828 4691 1125 4762; x_wconf 89' lang='lat' dir='ltr'><strong>laudatus,</strong></span> <span class='ocrx_word' id='word_1_647' title='bbox 1149 4691 1208 4749; x_wconf 92' lang='lat' dir='ltr'><strong>in</strong></span> <span class='ocrx_word' id='word_1_648' title='bbox 1239 4710 1354 4766; x_wconf 93' lang='lat' dir='ltr'><strong>quo</strong></span> <span class='ocrx_word' id='word_1_649' title='bbox 1384 4696 1695 4769; x_wconf 73' lang='lat' dir='ltr'><strong>Gregorius</strong></span> <span class='ocrx_word' id='word_1_650' title='bbox 1728 4698 1863 4754; x_wconf 90' lang='lat' dir='ltr'><strong>dici-</strong></span> <span class='ocrx_word' id='word_1_651' title='bbox 1892 4704 1939 4770; x_wconf 79' lang='grc' dir='ltr'><strong>Ι)</strong></span> <span class='ocrx_word' id='word_1_652' title='bbox 1970 4716 2073 4772; x_wconf 90' lang='lat' dir='ltr'><strong>per</strong></span> <span class='ocrx_word' id='word_1_653' title='bbox 2105 4695 2371 4769; x_wconf 89' lang='lat' dir='ltr'><strong>singulos</strong></span> <span class='ocrx_word' id='word_1_654' title='bbox 2393 4712 2579 4751; x_wconf 83' lang='lat' dir='ltr'><strong>annos</strong></span> <span class='ocrx_word' id='word_1_655' title='bbox 2605 4700 2868 4751; x_wconf 85' lang='lat' dir='ltr'><strong>accurate</strong></span> <span class='ocrx_word' id='word_1_656' title='bbox 2891 4696 3155 4768; x_wconf 90' lang='lat' dir='ltr'><strong>digessit,</strong></span> <span class='ocrx_word' id='word_1_657' title='bbox 3180 4697 3229 4752; x_wconf 90' lang='lat' dir='ltr'><strong>si</strong></span> <span class='ocrx_word' id='word_1_658' title='bbox 3257 4696 3369 4752; x_wconf 90' lang='lat' dir='ltr'><strong>sibi</strong></span> <span class='ocrx_word' id='word_1_659' title='bbox 3392 4702 3624 4753; x_wconf 78' lang='lat' dir='ltr'><strong>consta-</strong></span> 
     </span>
    </p>
   </div>
   <div class='ocr_carea' id='block_1_93' title="bbox 197 4780 1865 4858">
    <p class='ocr_par' dir='ltr' id='par_1_93' title="bbox 197 4780 1865 4858">
     <span class='ocr_line' id='line_1_93' title="bbox 197 4780 1865 4858; baseline 0.005 -19"><span class='ocrx_word' id='word_1_660' title='bbox 197 4788 303 4839; x_wconf 85' lang='lat' dir='ltr'><strong>tur</strong></span> <span class='ocrx_word' id='word_1_661' title='bbox 345 4782 464 4838; x_wconf 80' lang='lat' dir='ltr'><strong>sibi</strong></span> <span class='ocrx_word' id='word_1_662' title='bbox 509 4780 773 4837; x_wconf 81' lang='lat' dir='ltr'><strong>Odonem</strong></span> <span class='ocrx_word' id='word_1_663' title='bbox 815 4784 1161 4854; x_wconf 68' lang='lat' dir='ltr'><strong>praecipuum</strong></span> <span class='ocrx_word' id='word_1_664' title='bbox 1186 4785 1575 4842; x_wconf 76' lang='lat' dir='ltr'><strong>consiliarium</strong></span> <span class='ocrx_word' id='word_1_665' title='bbox 1622 4788 1865 4858; x_wconf 73' lang='lat' dir='ltr'><strong>elegisse.</strong></span> 
     </span>
    </p>
   </div>
   <div class='ocr_carea' id='block_1_94' title="bbox 203 4869 1871 4948">
    <p class='ocr_par' dir='ltr' id='par_1_94' title="bbox 203 4869 1871 4948">
     <span class='ocr_line' id='line_1_94' title="bbox 203 4869 1871 4948; baseline 0.005 -22"><span class='ocrx_word' id='word_1_666' title='bbox 203 4870 321 4938; x_wconf 84' lang='lat' dir='ltr'><strong>Qui</strong></span> <span class='ocrx_word' id='word_1_667' title='bbox 354 4869 553 4943; x_wconf 84' lang='lat' dir='ltr'><strong>reipsa</strong></span> <span class='ocrx_word' id='word_1_668' title='bbox 582 4875 703 4926; x_wconf 89' lang='lat' dir='ltr'><strong>toto</strong></span> <span class='ocrx_word' id='word_1_669' title='bbox 734 4870 825 4926; x_wconf 92' lang='lat' dir='ltr'><strong>sui</strong></span> <span class='ocrx_word' id='word_1_670' title='bbox 868 4871 1238 4944; x_wconf 86' lang='lat' dir='ltr'><strong>episcopatus</strong></span> <span class='ocrx_word' id='word_1_671' title='bbox 1268 4873 1456 4945; x_wconf 90' lang='lat' dir='ltr'><strong>primo</strong></span> <span class='ocrx_word' id='word_1_672' title='bbox 1487 4876 1871 4948; x_wconf 88' lang='lat' dir='ltr'><strong>quadriennio</strong></span> 
     </span>
    </p>
   </div>
   <div class='ocr_carea' id='block_1_95' title="bbox 200 4957 1874 5032">
    <p class='ocr_par' dir='ltr' id='par_1_95' title="bbox 200 4957 1874 5032">
     <span class='ocr_line' id='line_1_95' title="bbox 200 4957 1874 5032; baseline 0.003 -15"><span class='ocrx_word' id='word_1_673' title='bbox 200 4975 444 5032; x_wconf 88' lang='lat' dir='ltr'><strong>semper</strong></span> <span class='ocrx_word' id='word_1_674' title='bbox 472 4957 769 5032; x_wconf 81' lang='lat' dir='ltr'><strong>pontiﬁcis</strong></span> <span class='ocrx_word' id='word_1_675' title='bbox 800 4958 978 5016; x_wconf 68' lang='lat' dir='ltr'><strong>lmteri</strong></span> <span class='ocrx_word' id='word_1_676' title='bbox 1001 4959 1338 5030; x_wconf 78' lang='lat' dir='ltr'><strong>adhaesit,ut</strong></span> <span class='ocrx_word' id='word_1_677' title='bbox 1361 4978 1497 5019; x_wconf 90' lang='lat' dir='ltr'><strong>eum</strong></span> <span class='ocrx_word' id='word_1_678' title='bbox 1527 4965 1654 5021; x_wconf 89' lang='lat' dir='ltr'><strong>suis</strong></span> <span class='ocrx_word' id='word_1_679' title='bbox 1683 4967 1874 5024; x_wconf 91' lang='lat' dir='ltr'><strong>consi-</strong></span> 
     </span>
    </p>
   </div>
   <div class='ocr_carea' id='block_1_96' title="bbox 204 5049 1878 5127">
    <p class='ocr_par' dir='ltr' id='par_1_96' title="bbox 204 5049 1878 5127">
     <span class='ocr_line' id='line_1_96' title="bbox 204 5049 1878 5127; baseline 0.005 -22"><span class='ocrx_word' id='word_1_680' title='bbox 204 5049 333 5116; x_wconf 84' lang='lat' dir='ltr'><strong>liis,</strong></span> <span class='ocrx_word' id='word_1_681' title='bbox 348 5064 578 5121; x_wconf 86' lang='lat' dir='ltr'><strong>suaque</strong></span> <span class='ocrx_word' id='word_1_682' title='bbox 593 5065 770 5121; x_wconf 93' lang='lat' dir='ltr'><strong>opera</strong></span> <span class='ocrx_word' id='word_1_683' title='bbox 783 5049 1105 5120; x_wconf 90' lang='lat' dir='ltr'><strong>adjuvaret.</strong></span> <span class='ocrx_word' id='word_1_684' title='bbox 1124 5050 1187 5106; x_wconf 91' lang='lat' dir='ltr'><strong>Id</strong></span> <span class='ocrx_word' id='word_1_685' title='bbox 1211 5050 1405 5108; x_wconf 90' lang='lat' dir='ltr'><strong>innuit</strong></span> <span class='ocrx_word' id='word_1_686' title='bbox 1420 5053 1617 5110; x_wconf 92' lang='lat' dir='ltr'><strong>Benno</strong></span> <span class='ocrx_word' id='word_1_687' title='bbox 1634 5058 1878 5127; x_wconf 86' lang='lat' dir='ltr'><strong>pseudo-</strong></span> 
     </span>
    </p>
   </div>
   <div class='ocr_carea' id='block_1_97' title="bbox 204 5137 1881 5211">
    <p class='ocr_par' dir='ltr' id='par_1_97' title="bbox 204 5137 1881 5211">
     <span class='ocr_line' id='line_1_97' title="bbox 204 5137 1881 5211; baseline 0.005 -17"><span class='ocrx_word' id='word_1_688' title='bbox 204 5137 534 5194; x_wconf 87' lang='lat' dir='ltr'><strong>cardinalis</strong></span> <span class='ocrx_word' id='word_1_689' title='bbox 556 5141 613 5193; x_wconf 88' lang='lat' dir='ltr'><strong>et</strong></span> <span class='ocrx_word' id='word_1_690' title='bbox 629 5137 892 5211; x_wconf 89' lang='lat' dir='ltr'><strong>Gregorii</strong></span> <span class='ocrx_word' id='word_1_691' title='bbox 915 5142 1090 5211; x_wconf 90' lang='lat' dir='ltr'><strong>atque</strong></span> <span class='ocrx_word' id='word_1_692' title='bbox 1108 5140 1382 5197; x_wconf 68' lang='lat' dir='ltr'><strong>Romana:</strong></span> <span class='ocrx_word' id='word_1_693' title='bbox 1398 5142 1667 5200; x_wconf 65' lang='lat' dir='ltr'><strong>Ecclesia:</strong></span> <span class='ocrx_word' id='word_1_694' title='bbox 1691 5144 1881 5202; x_wconf 89' lang='lat' dir='ltr'><strong>hostis</strong></span> 
     </span>
    </p>
   </div>
   <div class='ocr_carea' id='block_1_98' title="bbox 206 5226 1881 5308">
    <p class='ocr_par' dir='ltr' id='par_1_98' title="bbox 206 5226 1881 5308">
     <span class='ocr_line' id='line_1_98' title="bbox 206 5226 1881 5308; baseline 0.004 -24"><span class='ocrx_word' id='word_1_695' title='bbox 206 5226 804 5300; x_wconf 85' lang='lat' dir='ltr'><strong>infensissimus,qui</strong></span> <span class='ocrx_word' id='word_1_696' title='bbox 833 5227 1093 5286; x_wconf 89' lang='lat' dir='ltr'><strong>Odonem</strong></span> <span class='ocrx_word' id='word_1_697' title='bbox 1120 5228 1371 5300; x_wconf 84' lang='lat' dir='ltr'><strong>Gregorii</strong></span> <span class='ocrx_word' id='word_1_698' title='bbox 1393 5232 1748 5305; x_wconf 81' lang='lat' dir='ltr'><strong>pedisequum</strong></span> <span class='ocrx_word' id='word_1_699' title='bbox 1779 5252 1881 5308; x_wconf 89' lang='lat' dir='ltr'><strong>ap-</strong></span> 
     </span>
    </p>
   </div>
   <div class='ocr_carea' id='block_1_99' title="bbox 208 5315 1885 5389">
    <p class='ocr_par' dir='ltr' id='par_1_99' title="bbox 208 5315 1885 5389">
     <span class='ocr_line' id='line_1_99' title="bbox 208 5315 1885 5389; baseline 0.003 -16"><span class='ocrx_word' id='word_1_700' title='bbox 208 5315 441 5388; x_wconf 87' lang='lat' dir='ltr'><strong>pellare</strong></span> <span class='ocrx_word' id='word_1_701' title='bbox 474 5315 649 5373; x_wconf 88' lang='lat' dir='ltr'><strong>solet.</strong></span> <span class='ocrx_word' id='word_1_702' title='bbox 684 5316 844 5372; x_wconf 87' lang='lat' dir='ltr'><strong>Idem</strong></span> <span class='ocrx_word' id='word_1_703' title='bbox 875 5315 1001 5389; x_wconf 89' lang='lat' dir='ltr'><strong>ipse</strong></span> <span class='ocrx_word' id='word_1_704' title='bbox 1031 5322 1235 5374; x_wconf 88' lang='lat' dir='ltr'><strong>auctor</strong></span> <span class='ocrx_word' id='word_1_705' title='bbox 1262 5324 1461 5375; x_wconf 89' lang='lat' dir='ltr'><strong>narrat</strong></span> <span class='ocrx_word' id='word_1_706' title='bbox 1491 5320 1549 5376; x_wconf 90' lang='lat' dir='ltr'><strong>in</strong></span> <span class='ocrx_word' id='word_1_707' title='bbox 1584 5321 1716 5379; x_wconf 88' lang='lat' dir='ltr'><strong>Vita</strong></span> <span class='ocrx_word' id='word_1_708' title='bbox 1745 5324 1885 5380; x_wconf 85' lang='lat' dir='ltr'><strong>Gre-</strong></span> 
     </span>
    </p>
   </div>
   <div class='ocr_carea' id='block_1_100' title="bbox 210 5405 1889 5481">
    <p class='ocr_par' dir='ltr' id='par_1_100' title="bbox 210 5405 1889 5481">
     <span class='ocr_line' id='line_1_100' title="bbox 210 5405 1889 5481; baseline 0.005 -20"><span class='ocrx_word' id='word_1_709' title='bbox 210 5405 370 5479; x_wconf 85' lang='lat' dir='ltr'><strong>gorii</strong></span> <span class='ocrx_word' id='word_1_710' title='bbox 401 5405 503 5461; x_wconf 82' lang='lat' dir='ltr'><strong>VII</strong></span> <span class='ocrx_word' id='word_1_711' title='bbox 552 5406 815 5462; x_wconf 89' lang='lat' dir='ltr'><strong>Odonem</strong></span> <span class='ocrx_word' id='word_1_712' title='bbox 860 5410 1129 5462; x_wconf 87' lang='lat' dir='ltr'><strong>nostrum</strong></span> <span class='ocrx_word' id='word_1_713' title='bbox 1178 5412 1236 5464; x_wconf 91' lang='lat' dir='ltr'><strong>et</strong></span> <span class='ocrx_word' id='word_1_714' title='bbox 1282 5413 1599 5481; x_wconf 90' lang='lat' dir='ltr'><strong>Cunonem,</strong></span> <span class='ocrx_word' id='word_1_715' title='bbox 1634 5412 1889 5469; x_wconf 84' lang='lat' dir='ltr'><strong>fervente</strong></span> 
     </span>
    </p>
   </div>
   <div class='ocr_carea' id='block_1_101' title="bbox 215 5494 1895 5570">
    <p class='ocr_par' dir='ltr' id='par_1_101' title="bbox 215 5494 1895 5570">
     <span class='ocr_line' id='line_1_101' title="bbox 215 5494 1895 5570; baseline 0.004 -19"><span class='ocrx_word' id='word_1_716' title='bbox 215 5494 558 5567; x_wconf 65' lang='lat' dir='ltr'><strong>quastione</strong></span> <span class='ocrx_word' id='word_1_717' title='bbox 570 5495 643 5551; x_wconf 87' lang='lat' dir='ltr'><strong>de</strong></span> <span class='ocrx_word' id='word_1_718' title='bbox 654 5494 1013 5553; x_wconf 88' lang='lat' dir='ltr'><strong>eucharistia</strong></span> <span class='ocrx_word' id='word_1_719' title='bbox 1028 5500 1231 5552; x_wconf 89' lang='lat' dir='ltr'><strong>contra</strong></span> <span class='ocrx_word' id='word_1_720' title='bbox 1248 5496 1661 5570; x_wconf 82' lang='lat' dir='ltr'><strong>Berengarium</strong></span> <span class='ocrx_word' id='word_1_721' title='bbox 1682 5499 1743 5556; x_wconf 93' lang='lat' dir='ltr'><strong>in</strong></span> <span class='ocrx_word' id='word_1_722' title='bbox 1762 5518 1895 5557; x_wconf 91' lang='lat' dir='ltr'><strong>eon-</strong></span> 
     </span>
    </p>
   </div>
   <div class='ocr_carea' id='block_1_102' title="bbox 215 5583 1897 5663">
    <p class='ocr_par' dir='ltr' id='par_1_102' title="bbox 215 5583 1897 5663">
     <span class='ocr_line' id='line_1_102' title="bbox 215 5583 1897 5663; baseline 0.005 -24"><span class='ocrx_word' id='word_1_723' title='bbox 215 5583 361 5640; x_wconf 87' lang='lat' dir='ltr'><strong>cilio</strong></span> <span class='ocrx_word' id='word_1_724' title='bbox 391 5584 665 5642; x_wconf 87' lang='lat' dir='ltr'><strong>Romano</strong></span> <span class='ocrx_word' id='word_1_725' title='bbox 705 5584 844 5639; x_wconf 91' lang='lat' dir='ltr'><strong>anni</strong></span> <span class='ocrx_word' id='word_1_726' title='bbox 892 5585 1051 5653; x_wconf 90' lang='lat'>1079,</span> <span class='ocrx_word' id='word_1_727' title='bbox 1076 5585 1292 5643; x_wconf 86' lang='lat' dir='ltr'><strong>missos</strong></span> <span class='ocrx_word' id='word_1_728' title='bbox 1323 5604 1358 5643; x_wconf 90' lang='lat' dir='ltr'><strong>a</strong></span> <span class='ocrx_word' id='word_1_729' title='bbox 1387 5588 1665 5663; x_wconf 91' lang='lat' dir='ltr'><strong>Gregorio</strong></span> <span class='ocrx_word' id='word_1_730' title='bbox 1713 5590 1897 5649; x_wconf 90' lang='lat' dir='ltr'><strong>fuisse</strong></span> 
     </span>
    </p>
   </div>
   <div class='ocr_carea' id='block_1_103' title="bbox 218 5674 1896 5752">
    <p class='ocr_par' dir='ltr' id='par_1_103' title="bbox 218 5674 1896 5752">
     <span class='ocr_line' id='line_1_103' title="bbox 218 5674 1896 5752; baseline 0.004 -22"><span class='ocrx_word' id='word_1_731' title='bbox 218 5674 293 5730; x_wconf 83' lang='lat' dir='ltr'><strong>ad</strong></span> <span class='ocrx_word' id='word_1_732' title='bbox 328 5674 619 5731; x_wconf 81' lang='lat' dir='ltr'><strong>Sanctam</strong></span> <span class='ocrx_word' id='word_1_733' title='bbox 647 5674 1043 5743; x_wconf 88' lang='lat' dir='ltr'><strong>Anastasiam,</strong></span> <span class='ocrx_word' id='word_1_734' title='bbox 1067 5678 1133 5730; x_wconf 90' lang='lat' dir='ltr'><strong>ut</strong></span> <span class='ocrx_word' id='word_1_735' title='bbox 1164 5675 1245 5731; x_wconf 92' lang='lat' dir='ltr'><strong>ibi</strong></span> <span class='ocrx_word' id='word_1_736' title='bbox 1275 5693 1410 5733; x_wconf 91' lang='lat' dir='ltr'><strong>cum</strong></span> <span class='ocrx_word' id='word_1_737' title='bbox 1442 5679 1717 5752; x_wconf 88' lang='lat' dir='ltr'><strong>Suppone</strong></span> <span class='ocrx_word' id='word_1_738' title='bbox 1739 5682 1896 5752; x_wconf 88' lang='lat' dir='ltr'><strong>ejus-</strong></span> 
     </span>
    </p>
   </div>
   <div class='ocr_carea' id='block_1_104' title="bbox 220 5762 1901 5839">
    <p class='ocr_par' dir='ltr' id='par_1_104' title="bbox 220 5762 1901 5839">
     <span class='ocr_line' id='line_1_104' title="bbox 220 5762 1901 5839; baseline 0.004 -19"><span class='ocrx_word' id='word_1_739' title='bbox 220 5763 364 5821; x_wconf 86' lang='lat' dir='ltr'><strong>dem</strong></span> <span class='ocrx_word' id='word_1_740' title='bbox 394 5762 674 5821; x_wconf 74' lang='lat' dir='ltr'><strong>Ecclesits</strong></span> <span class='ocrx_word' id='word_1_741' title='bbox 721 5762 1245 5839; x_wconf 80' lang='lat' dir='ltr'><strong>archipresbytero,</strong></span> <span class='ocrx_word' id='word_1_742' title='bbox 1271 5766 1499 5839; x_wconf 89' lang='lat' dir='ltr'><strong>jejunio</strong></span> <span class='ocrx_word' id='word_1_743' title='bbox 1532 5773 1589 5824; x_wconf 91' lang='lat' dir='ltr'><strong>et</strong></span> <span class='ocrx_word' id='word_1_744' title='bbox 1619 5768 1901 5827; x_wconf 86' lang='lat' dir='ltr'><strong>orationi-</strong></span> 
     </span>
    </p>
   </div>
   <div class='ocr_carea' id='block_1_105' title="bbox 222 5851 1906 5929">
    <p class='ocr_par' dir='ltr' id='par_1_105' title="bbox 222 5851 1906 5929">
     <span class='ocr_line' id='line_1_105' title="bbox 222 5851 1906 5929; baseline 0.006 -19"><span class='ocrx_word' id='word_1_745' title='bbox 222 5853 345 5912; x_wconf 87' lang='lat' dir='ltr'><strong>bus</strong></span> <span class='ocrx_word' id='word_1_746' title='bbox 375 5868 629 5929; x_wconf 87' lang='lat' dir='ltr'><strong>operam</strong></span> <span class='ocrx_word' id='word_1_747' title='bbox 659 5851 866 5912; x_wconf 88' lang='lat' dir='ltr'><strong>dantes</strong></span> <span class='ocrx_word' id='word_1_748' title='bbox 895 5853 1086 5912; x_wconf 79' lang='lat' dir='ltr'><strong>tribus</strong></span> <span class='ocrx_word' id='word_1_749' title='bbox 1114 5854 1346 5927; x_wconf 89' lang='lat' dir='ltr'><strong>diebus,</strong></span> <span class='ocrx_word' id='word_1_750' title='bbox 1370 5858 1631 5918; x_wconf 80' lang='lat' dir='ltr'><strong>recitatis</strong></span> <span class='ocrx_word' id='word_1_751' title='bbox 1659 5860 1906 5920; x_wconf 82' lang='lat' dir='ltr'><strong>totidem</strong></span> 
     </span>
    </p>
   </div>
   <div class='ocr_carea' id='block_1_106' title="bbox 1978 4784 3627 4857">
    <p class='ocr_par' dir='ltr' id='par_1_106' title="bbox 1978 4784 3627 4857">
     <span class='ocr_line' id='line_1_106' title="bbox 1978 4784 3627 4857; baseline -0.003 -13"><span class='ocrx_word' id='word_1_752' title='bbox 1978 4792 2083 4844; x_wconf 89' lang='lat' dir='ltr'><strong>ret.</strong></span> <span class='ocrx_word' id='word_1_753' title='bbox 2114 4789 2187 4842; x_wconf 90' lang='lat' dir='ltr'><strong>At</strong></span> <span class='ocrx_word' id='word_1_754' title='bbox 2216 4786 2462 4857; x_wconf 86' lang='lat' dir='ltr'><strong>ipsemet</strong></span> <span class='ocrx_word' id='word_1_755' title='bbox 2490 4801 2642 4840; x_wconf 90' lang='lat' dir='ltr'><strong>anno</strong></span> <span class='ocrx_word' id='word_1_756' title='bbox 2674 4785 2812 4840; x_wconf 84' lang='grc'>1084</span> <span class='ocrx_word' id='word_1_757' title='bbox 2852 4784 2977 4840; x_wconf 91' lang='lat' dir='ltr'><strong>loco</strong></span> <span class='ocrx_word' id='word_1_758' title='bbox 3022 4785 3411 4841; x_wconf 89' lang='lat' dir='ltr'><strong>Ariminensis</strong></span> <span class='ocrx_word' id='word_1_759' title='bbox 3440 4784 3627 4841; x_wconf 84' lang='lat' dir='ltr'><strong>Areti-</strong></span> 
     </span>
    </p>
   </div>
   <div class='ocr_carea' id='block_1_107' title="bbox 1982 4873 3627 4946">
    <p class='ocr_par' dir='ltr' id='par_1_107' title="bbox 1982 4873 3627 4946">
     <span class='ocr_line' id='line_1_107' title="bbox 1982 4873 3627 4946; baseline -0.002 -13"><span class='ocrx_word' id='word_1_760' title='bbox 1982 4893 2125 4933; x_wconf 91' lang='lat' dir='ltr'><strong>num</strong></span> <span class='ocrx_word' id='word_1_761' title='bbox 2157 4874 2449 4942; x_wconf 90' lang='lat' dir='ltr'><strong>nominat;</strong></span> <span class='ocrx_word' id='word_1_762' title='bbox 2483 4875 2639 4945; x_wconf 91' lang='lat' dir='ltr'><strong>quod</strong></span> <span class='ocrx_word' id='word_1_763' title='bbox 2677 4873 2777 4929; x_wconf 89' lang='lat' dir='ltr'><strong>alii</strong></span> <span class='ocrx_word' id='word_1_764' title='bbox 2817 4890 3049 4946; x_wconf 91' lang='lat' dir='ltr'><strong>quoque</strong></span> <span class='ocrx_word' id='word_1_765' title='bbox 3095 4878 3362 4930; x_wconf 90' lang='lat' dir='ltr'><strong>auctores</strong></span> <span class='ocrx_word' id='word_1_766' title='bbox 3391 4874 3627 4930; x_wconf 90' lang='lat' dir='ltr'><strong>habent.</strong></span> 
     </span>
    </p>
   </div>
   <div class='ocr_carea' id='block_1_108' title="bbox 1983 4962 3634 5038">
    <p class='ocr_par' dir='ltr' id='par_1_108' title="bbox 1983 4962 3634 5038">
     <span class='ocr_line' id='line_1_108' title="bbox 1983 4962 3634 5038; baseline -0.002 -15"><span class='ocrx_word' id='word_1_767' title='bbox 1983 4967 2054 5023; x_wconf 89' lang='lat' dir='ltr'><strong>Et</strong></span> <span class='ocrx_word' id='word_1_768' title='bbox 2083 4965 2321 5038; x_wconf 90' lang='lat' dir='ltr'><strong>quidem</strong></span> <span class='ocrx_word' id='word_1_769' title='bbox 2351 4963 2654 5035; x_wconf 89' lang='lat' dir='ltr'><strong>episcopos</strong></span> <span class='ocrx_word' id='word_1_770' title='bbox 2685 4962 3071 5018; x_wconf 89' lang='lat' dir='ltr'><strong>Mutinensem</strong></span> <span class='ocrx_word' id='word_1_771' title='bbox 3097 4967 3154 5018; x_wconf 93' lang='lat' dir='ltr'><strong>et</strong></span> <span class='ocrx_word' id='word_1_772' title='bbox 3180 4963 3485 5019; x_wconf 87' lang='lat' dir='ltr'><strong>Aretinum</strong></span> <span class='ocrx_word' id='word_1_773' title='bbox 3515 4981 3634 5019; x_wconf 91' lang='lat' dir='ltr'><strong>non</strong></span> 
     </span>
    </p>
   </div>
   <div class='ocr_carea' id='block_1_109' title="bbox 1984 5051 3634 5124">
    <p class='ocr_par' dir='ltr' id='par_1_109' title="bbox 1984 5051 3634 5124">
     <span class='ocr_line' id='line_1_109' title="bbox 1984 5051 3634 5124; baseline -0.002 -13"><span class='ocrx_word' id='word_1_774' title='bbox 1984 5053 2473 5120; x_wconf 85' lang='lat' dir='ltr'><strong>benedictionem,</strong></span> <span class='ocrx_word' id='word_1_775' title='bbox 2503 5052 2602 5108; x_wconf 89' lang='lat' dir='ltr'><strong>sed</strong></span> <span class='ocrx_word' id='word_1_776' title='bbox 2635 5052 3074 5107; x_wconf 86' lang='lat' dir='ltr'><strong>damnationem</strong></span> <span class='ocrx_word' id='word_1_777' title='bbox 3109 5069 3287 5124; x_wconf 89' lang='lat' dir='ltr'><strong>quam</strong></span> <span class='ocrx_word' id='word_1_778' title='bbox 3320 5051 3634 5119; x_wconf 87' lang='lat' dir='ltr'><strong>habebant,</strong></span> 
     </span>
    </p>
   </div>
   <div class='ocr_carea' id='block_1_110' title="bbox 1989 5140 3639 5216">
    <p class='ocr_par' dir='ltr' id='par_1_110' title="bbox 1989 5140 3639 5216">
     <span class='ocr_line' id='line_1_110' title="bbox 1989 5140 3639 5216; baseline -0.001 -17"><span class='ocrx_word' id='word_1_779' title='bbox 1989 5143 2344 5216; x_wconf 86' lang='lat' dir='ltr'><strong>imposuisse</strong></span> <span class='ocrx_word' id='word_1_780' title='bbox 2373 5141 2656 5210; x_wconf 87' lang='lat' dir='ltr'><strong>Wiberto,</strong></span> <span class='ocrx_word' id='word_1_781' title='bbox 2695 5141 2900 5197; x_wconf 89' lang='lat' dir='ltr'><strong>scribit</strong></span> <span class='ocrx_word' id='word_1_782' title='bbox 2942 5141 3317 5197; x_wconf 88' lang='lat' dir='ltr'><strong>Gebehardus</strong></span> <span class='ocrx_word' id='word_1_783' title='bbox 3347 5140 3639 5197; x_wconf 86' lang='lat' dir='ltr'><strong>Salisbur-</strong></span> 
     </span>
    </p>
   </div>
   <div class='ocr_carea' id='block_1_111' title="bbox 1993 5230 3643 5307">
    <p class='ocr_par' dir='ltr' id='par_1_111' title="bbox 1993 5230 3643 5307">
     <span class='ocr_line' id='line_1_111' title="bbox 1993 5230 3643 5307; baseline -0.002 -17"><span class='ocrx_word' id='word_1_784' title='bbox 1993 5234 2189 5307; x_wconf 88' lang='lat' dir='ltr'><strong>gensis</strong></span> <span class='ocrx_word' id='word_1_785' title='bbox 2222 5231 2694 5303; x_wconf 88' lang='lat' dir='ltr'><strong>archiepiscopus</strong></span> <span class='ocrx_word' id='word_1_786' title='bbox 2717 5230 2775 5285; x_wconf 91' lang='lat' dir='ltr'><strong>in</strong></span> <span class='ocrx_word' id='word_1_787' title='bbox 2802 5230 2971 5303; x_wconf 90' lang='lat' dir='ltr'><strong>epist.</strong></span> <span class='ocrx_word' id='word_1_788' title='bbox 3000 5231 3071 5286; x_wconf 88' lang='lat' dir='ltr'><strong>ad</strong></span> <span class='ocrx_word' id='word_1_789' title='bbox 3095 5231 3495 5286; x_wconf 88' lang='lat' dir='ltr'><strong>Hermannum</strong></span> <span class='ocrx_word' id='word_1_790' title='bbox 3528 5231 3643 5287; x_wconf 89' lang='lat' dir='ltr'><strong>Me-</strong></span> 
     </span>
    </p>
   </div>
   <div class='ocr_carea' id='block_1_112' title="bbox 1996 5319 3644 5392">
    <p class='ocr_par' dir='ltr' id='par_1_112' title="bbox 1996 5319 3644 5392">
     <span class='ocr_line' id='line_1_112' title="bbox 1996 5319 3644 5392; baseline -0.002 -13"><span class='ocrx_word' id='word_1_791' title='bbox 1996 5328 2245 5380; x_wconf 88' lang='lat' dir='ltr'><strong>tensem.</strong></span> <span class='ocrx_word' id='word_1_792' title='bbox 2270 5321 2435 5377; x_wconf 87' lang='lat' dir='ltr'><strong>Haud</strong></span> <span class='ocrx_word' id='word_1_793' title='bbox 2465 5319 2709 5375; x_wconf 89' lang='lat' dir='ltr'><strong>dubium</strong></span> <span class='ocrx_word' id='word_1_794' title='bbox 2741 5319 2884 5392; x_wconf 88' lang='lat' dir='ltr'><strong>quin</strong></span> <span class='ocrx_word' id='word_1_795' title='bbox 2915 5322 2973 5375; x_wconf 90' lang='lat' dir='ltr'><strong>et</strong></span> <span class='ocrx_word' id='word_1_796' title='bbox 3001 5319 3390 5375; x_wconf 87' lang='lat' dir='ltr'><strong>Ariminensis</strong></span> <span class='ocrx_word' id='word_1_797' title='bbox 3420 5324 3478 5375; x_wconf 90' lang='lat' dir='ltr'><strong>et</strong></span> <span class='ocrx_word' id='word_1_798' title='bbox 3505 5322 3644 5375; x_wconf 89' lang='lat' dir='ltr'><strong>Are-</strong></span> 
     </span>
    </p>
   </div>
   <div class='ocr_carea' id='block_1_113' title="bbox 1998 5408 3649 5483">
    <p class='ocr_par' dir='ltr' id='par_1_113' title="bbox 1998 5408 3649 5483">
     <span class='ocr_line' id='line_1_113' title="bbox 1998 5408 3649 5483; baseline -0.002 -16"><span class='ocrx_word' id='word_1_799' title='bbox 1998 5413 2161 5468; x_wconf 89' lang='lat' dir='ltr'><strong>tinus</strong></span> <span class='ocrx_word' id='word_1_800' title='bbox 2218 5409 2475 5483; x_wconf 90' lang='lat' dir='ltr'><strong>episcopi</strong></span> <span class='ocrx_word' id='word_1_801' title='bbox 2534 5409 2673 5465; x_wconf 89' lang='lat' dir='ltr'><strong>huic</strong></span> <span class='ocrx_word' id='word_1_802' title='bbox 2731 5408 3085 5465; x_wconf 66' lang='lat' dir='ltr'><strong>caeremoniae</strong></span> <span class='ocrx_word' id='word_1_803' title='bbox 3135 5409 3477 5465; x_wconf 90' lang='lat' dir='ltr'><strong>adfuerint:</strong></span> <span class='ocrx_word' id='word_1_804' title='bbox 3513 5426 3649 5464; x_wconf 90' lang='lat' dir='ltr'><strong>nam</strong></span> 
     </span>
    </p>
   </div>
   <div class='ocr_carea' id='block_1_114' title="bbox 2001 5499 3655 5571">
    <p class='ocr_par' dir='ltr' id='par_1_114' title="bbox 2001 5499 3655 5571">
     <span class='ocr_line' id='line_1_114' title="bbox 2001 5499 3655 5571; baseline -0.002 -14"><span class='ocrx_word' id='word_1_805' title='bbox 2001 5500 2308 5557; x_wconf 88' lang='lat' dir='ltr'><strong>Bertoldus</strong></span> <span class='ocrx_word' id='word_1_806' title='bbox 2354 5500 2640 5565; x_wconf 89' lang='lat' dir='ltr'><strong>observat,</strong></span> <span class='ocrx_word' id='word_1_807' title='bbox 2692 5499 2764 5553; x_wconf 90' lang='lat' dir='ltr'><strong>ad</strong></span> <span class='ocrx_word' id='word_1_808' title='bbox 2814 5515 3034 5554; x_wconf 90' lang='lat' dir='ltr'><strong>annum</strong></span> <span class='ocrx_word' id='word_1_809' title='bbox 3091 5499 3250 5565; x_wconf 77' lang='grc'>1084,</span> <span class='ocrx_word' id='word_1_810' title='bbox 3296 5502 3505 5571; x_wconf 65' lang='lat' dir='ltr'><strong>praeter</strong></span> <span class='ocrx_word' id='word_1_811' title='bbox 3556 5516 3655 5554; x_wconf 91' lang='lat' dir='ltr'><strong>eos</strong></span> 
     </span>
    </p>
   </div>
   <div class='ocr_carea' id='block_1_115' title="bbox 2005 5587 3659 5663">
    <p class='ocr_par' dir='ltr' id='par_1_115' title="bbox 2005 5587 3659 5663">
     <span class='ocr_line' id='line_1_115' title="bbox 2005 5587 3659 5663; baseline -0.004 -17"><span class='ocrx_word' id='word_1_812' title='bbox 2005 5606 2153 5663; x_wconf 90' lang='lat' dir='ltr'><strong>quos</strong></span> <span class='ocrx_word' id='word_1_813' title='bbox 2183 5588 2467 5656; x_wconf 89' lang='lat' dir='ltr'><strong>nominat,</strong></span> <span class='ocrx_word' id='word_1_814' title='bbox 2484 5592 2718 5643; x_wconf 80' lang='lat' dir='ltr'><strong>caeteros</strong></span> <span class='ocrx_word' id='word_1_815' title='bbox 2750 5604 2981 5660; x_wconf 91' lang='lat' dir='ltr'><strong>quoque</strong></span> <span class='ocrx_word' id='word_1_816' title='bbox 3001 5587 3305 5660; x_wconf 90' lang='lat' dir='ltr'><strong>episcopos</strong></span> <span class='ocrx_word' id='word_1_817' title='bbox 3327 5603 3659 5643; x_wconf 83' lang='lat' dir='ltr'><strong>excommu-</strong></span> 
     </span>
    </p>
   </div>
   <div class='ocr_carea' id='block_1_116' title="bbox 2009 5676 3660 5748">
    <p class='ocr_par' dir='ltr' id='par_1_116' title="bbox 2009 5676 3660 5748">
     <span class='ocr_line' id='line_1_116' title="bbox 2009 5676 3660 5748; baseline -0.004 -12"><span class='ocrx_word' id='word_1_818' title='bbox 2009 5680 2232 5736; x_wconf 88' lang='lat' dir='ltr'><strong>nicatos</strong></span> <span class='ocrx_word' id='word_1_819' title='bbox 2251 5676 2505 5733; x_wconf 89' lang='lat' dir='ltr'><strong>Wiberti</strong></span> <span class='ocrx_word' id='word_1_820' title='bbox 2536 5676 2890 5733; x_wconf 88' lang='lat' dir='ltr'><strong>ordinationi</strong></span> <span class='ocrx_word' id='word_1_821' title='bbox 2922 5676 3277 5743; x_wconf 87' lang='lat' dir='ltr'><strong>interfuisse,</strong></span> <span class='ocrx_word' id='word_1_822' title='bbox 3305 5694 3481 5748; x_wconf 86' lang='lat' dir='ltr'><strong>quam</strong></span> <span class='ocrx_word' id='word_1_823' title='bbox 3509 5691 3660 5731; x_wconf 88' lang='lat' dir='ltr'><strong>anno</strong></span> 
     </span>
    </p>
   </div>
   <div class='ocr_carea' id='block_1_117' title="bbox 2010 5764 3661 5842">
    <p class='ocr_par' dir='ltr' id='par_1_117' title="bbox 2010 5764 3661 5842">
     <span class='ocr_line' id='line_1_117' title="bbox 2010 5764 3661 5842; baseline -0.007 -15"><span class='ocrx_word' id='word_1_824' title='bbox 2010 5767 2392 5842; x_wconf 85' lang='lat' dir='ltr'><strong>subsequenti</strong></span> <span class='ocrx_word' id='word_1_825' title='bbox 2443 5766 2713 5824; x_wconf 84' lang='lat' dir='ltr'><strong>Albertus</strong></span> <span class='ocrx_word' id='word_1_826' title='bbox 2772 5767 3075 5824; x_wconf 88' lang='lat' dir='ltr'><strong>Stadensis</strong></span> <span class='ocrx_word' id='word_1_827' title='bbox 3132 5772 3188 5822; x_wconf 89' lang='lat' dir='ltr'><strong>et</strong></span> <span class='ocrx_word' id='word_1_828' title='bbox 3247 5764 3343 5821; x_wconf 89' lang='lat' dir='ltr'><strong>alii</strong></span> <span class='ocrx_word' id='word_1_829' title='bbox 3397 5767 3661 5820; x_wconf 81' lang='lat' dir='ltr'><strong>auctores</strong></span> 
     </span>
    </p>
   </div>
   <div class='ocr_carea' id='block_1_118' title="bbox 2018 5860 2386 5935">
    <p class='ocr_par' dir='ltr' id='par_1_118' title="bbox 2018 5860 2386 5935">
     <span class='ocr_line' id='line_1_118' title="bbox 2018 5860 2386 5935; baseline -0.008 -16"><span class='ocrx_word' id='word_1_830' title='bbox 2018 5860 2386 5935; x_wconf 83' lang='lat' dir='ltr'><strong>consignant.</strong></span> 
     </span>
    </p>
   </div>
  </div>
