3972 6362
387 385 472 454 !3
1691 388 1766 453 Β.
1811 379 2045 455 URBAl

2202 387 2206 448 ἶ
2247 385 2500 452 PAPrE.
3718 378 3804 454 24

461 525 529 583 In
557 523 724 584 tanta
749 539 946 584 rerum
973 488 1415 600 perturbatione
1441 524 1634 581 visum
1656 527 1744 581 est
1775 521 2038 580 Ecclesiae
2067 519 2124 589 Α
2150 523 2326 580 Deum
2351 523 2664 582 timentibus
2685 540 2790 599 pro
2819 532 2964 582 certo
3006 522 3200 582 haberi
3223 496 3594 598 cognominat
3616 536 3808 583 eorum

389 614 732 690 proceribus
763 615 1244 689 operm'pretium
1295 633 1423 671 esse
1472 629 1826 687 congregare
1877 629 2050 684 syno-

387 703 559 772 dum,
582 705 752 777 c‘ujus
775 709 1002 772 statuta,
1030 704 1224 776 inquit
1245 703 1570 773 Bertoldus,
1587 703 1652 758 de
1676 720 1839 758 causa
1870 701 2046 770 regni,

388 811 492 852 nec
516 795 768 863 Henrico,
799 811 898 850 nec
945 795 1222 862 Romanis,
1257 794 1366 850 imo
1409 793 1558 846 nulli
1597 794 1820 863 penitus
1869 778 2058 846 liceret

385 883 770 957 praevaricari.
801 883 945 938 Eam
989 881 1304 955 Gregorius
1353 897 1550 937 mense
1603 880 1911 936 Novembri
1941 879 2048 934 ha-

391 973 649 1030 bendam
680 971 910 1038 indixit,
944 970 1155 1027 litteris
1185 987 1253 1026 ea
1281 971 1353 1026 de
1389 986 1448 1026 re
1489 971 1560 1025 ad
1589 986 1794 1026 omnes
1825 970 2047 1040 episco-

394 1079 506 1136 pos
533 1065 592 1118 et
621 1061 860 1117 abbates
907 1059 1082 1116 datis.
1115 1059 1399 1115 Henricus
1427 1075 1560 1115 vero
1609 1058 1670 1113 in
1720 1057 2047 1130 Langobar-

397 1151 558 1208 diam
589 1166 877 1218 reversus,
909 1148 1172 1205 adhibito
1197 1148 1604 1220 jurejurando,
1639 1147 1930 1220 pollicitus
1959 1149 2050 1202 est

329 1253 336 1260 ‘
399 1256 636 1298 omnem
666 1239 1039 1296 securitatem
1072 1235 1362 1293 universis
1391 1237 1488 1309 qui
1524 1240 1628 1292 aut
1657 1237 1726 1292 ad
1761 1235 2046 1309 synodum

397 1328 540 1386 ituri
571 1331 787 1396 essent,
818 1331 940 1395 aut,
971 1343 1039 1382 ea
1082 1325 1266 1392 ﬁnita,
1299 1326 1369 1382 ad
1418 1325 1652 1396 propria
1693 1327 2048 1380 reverteren-

400 1421 529 1488 tur;
584 1421 644 1474 at
696 1415 1124 1489 promissorum
1186 1429 1426 1470 suorum
1481 1413 1811 1476 immemor,
1873 1410 2048 1484 paulo

401 1509 554 1582 post,
583 1506 766 1562 fracta
784 1505 918 1572 ﬁde,
942 1502 1252 1575 plerosque
1279 1519 1481 1558 eorum
1502 1502 1602 1573 qui
1630 1503 1701 1556 ad
1733 1499 2047 1557 concilium

400 1595 812 1670 properabant,
835 1609 902 1648 ac
941 1592 1090 1648 inter
1117 1591 1265 1647 alios
1295 1591 1490 1663 ipsum
1523 1591 1781 1646 Odonem
1812 1590 2048 1646 Ostien‘

399 1701 525 1743 sem
553 1683 916 1756 episcopum,
943 1697 1117 1753 quem
1161 1677 1234 1736 eid
1265 1696 1400 1736 eum
1431 1679 1746 1752 Gregorius
1790 1678 2048 1752 legatum

399 1773 662 1840 miserat,
683 1771 748 1827 in
779 1769 985 1826 itinere
1033 1769 1391 1842 apprehendi
1421 1769 1624 1840 jussit,
1660 1773 1832 1840 atque
1863 1769 1918 1823 in
1953 1786 2046 1824 ca-

400 1861 666 1936 ptivitate
695 1861 964 1916 detentus
995 1858 1196 1915 multis
1225 1859 1534 1914 tormentis
1561 1859 1897 1914 immaniter
1925 1875 2050 1914 cru-

401 1949 565 2009 ciari.
597 1949 938 2012 Audiendus
981 1965 1049 2003 ea
1076 1949 1149 2003 de
1177 1964 1238 2002 re
1279 1946 1609 2014 Bertoldus,
1642 1947 1742 2020 qui
1792 1965 1914 2003 rem
1959 1947 2052 2004 his

399 2040 594 2097 verbis
623 2037 858 2112 exponit
889 2055 902 2093 :
935 2039 1124 2108 Legati
1152 2035 1614 2093 Theutonicorum
1637 2037 1954 2108 principum
1979 2037 2050 2092 ad

403 2127 720 2188 concilium
749 2129 832 2183 ire
859 2125 1177 2193 debuerant,
1201 2124 1296 2182 sed
1334 2127 1402 2181 ab
1443 2127 1670 2181 Henrico
1699 2127 1756 2180 in
1788 2127 1878 2181 via
1906 2127 2051 2198 apud

401 2218 806 2276 Forum-Cassii
832 2217 979 2288 capti
1008 2220 1057 2270 et
1083 2215 1279 2287 faadati
1305 2217 1434 2270 sunt
1477 2217 1626 2270 circa
1651 2219 1852 2286 festum
1873 2219 2052 2272 sancti

402 2307 652 2375 Martini,
683 2307 810 2364 licet
843 2305 1095 2361 omnibus
1124 2305 1282 2359 illam
1322 2303 1591 2374 synodum
1631 2305 1938 2376 petentibus
1966 2321 2049 2361 se-

402 2399 698 2455 curitatem
730 2397 1046 2468 juramento
1069 2393 1474 2466 promiserit....
1497 2395 1668 2448 Erant
1704 2401 1886 2448 autem
1916 2394 2050 2450 reli-

401 2485 701 2559 giosissimi
727 2483 988 2542 monachi
1025 2491 1076 2539 et
1114 2483 1323 2552 clerici,
1346 2498 1475 2556 quos
1503 2483 1564 2537 in
1592 2484 1900 2554 captivitate
1921 2485 2052 2554 fecit

400 2576 664 2644 cruciari,
695 2591 822 2630 cum
850 2573 1046 2644 quibus
1079 2576 1131 2628 et
1156 2571 1400 2628 Ottonem
1424 2571 1794 2627 venerandum
1839 2572 2048 2628 Ostien-

398 2681 512 2724 sem
542 2667 852 2737 episcopum
889 2663 1241 2734 capt-iratum,
1262 2659 1512 2717 videlicet
1538 2660 1610 2717 ad
1639 2663 1815 2732 ipsum
1836 2662 1904 2717 ab
1925 2678 2048 2734 apo~

396 2755 591 2812 statim
617 2753 738 2810 sede
765 2753 1171 2808 transmissum.
1195 2751 1326 2805 Ilaec
1356 2749 1454 2806 ille
1479 2768 1491 2806 :
1519 2767 1720 2806 verum
1771 2767 1876 2806 nec
1923 2749 2045 2818 illa,

398 2860 506 2902 nec
534 2841 712 2902 etiam
741 2841 832 2897 vis
875 2839 1138 2896 acerbior
1167 2839 1424 2895 O'donem
1457 2855 1492 2894 a
1515 2839 1772 2913 Gregorii
1800 2839 2046 2913 legitimi

395 2931 694 3008 pontiﬁcis
723 2929 1054 2986 obedientia
1085 2943 1348 2999 unquam
1387 2928 1680 3002 dimovere
1709 2932 2042 3002 potuerunt.

394 3023 452 3081 Is
481 3019 806 3079 econtrario
837 3035 971 3074 cum
1018 3015 1143 3074 suis
1186 3016 1444 3090 collegis,
1475 3017 1790 3074 Albanensi
1821 3023 1879 3074 et
1910 3018 2045 3074 Por-

393 3109 592 3169 tuensi
613 3107 924 3182 episcopis,
947 3107 1222 3174 libentius,
1247 3106 1332 3161 uti
1357 3105 1427 3160 ad
1450 3123 1670 3162 annum
1703 3108 2045 3178 sequentem

395 3199 574 3258 habet
598 3195 929 3265 Bertoldus,
949 3199 1210 3252 extrema
1234 3212 1481 3268 quaeque
1511 3195 1800 3252 sustinere
1830 3214 2046 3269 praeop-

2156 614 2564 686 simplicitatem
2607 616 2806 670 melius
2833 617 3228 672 circumvenire
3263 623 3455 688 posset,
3487 614 3558 671 ad
3601 615 3811 672 callida

2157 719 2213 759 se
2227 708 2547 774 argumenta
2562 707 2843 760 convertit.
2869 709 2994 760 Post
3015 707 3322 777 captionem
3342 706 3526 777 itaque
3546 704 3812 762 Ostiensis

2159 793 2395 862 epismpi
2422 801 2471 847 et
2501 795 2741 849 aliorum
2769 795 3090 861 multorum,
3123 808 3256 865 quos
3283 795 3506 866 recepit,
3539 794 3815 850 absolutos

2157 879 2401 942 dimisit;
2439 883 2710 936 universis
2739 883 2961 937 Romam
3000 883 3221 938 visitare
3255 883 3558 938 volentibus
3585 883 3814 954 ﬁrmam

2157 973 2500 1026 securitatem
2527 969 2692 1038 dedit,
2724 987 2889 1042 quam
2915 971 3232 1042 juramento
3271 971 3490 1042 publice
3518 971 3812 1042 conﬁrma-

2157 1059 2250 1113 vit.
2276 1059 2342 1113 Et
2369 1067 2430 1114 ut
2455 1060 2698 1130 favorem
2721 1061 3044 1132 popularem
3071 1061 3296 1116 omnino
3321 1064 3739 1133 prosequeretur
3763 1069 3819 1116 et

2155 1149 2417 1216 gratiam,
2451 1150 2512 1203 in
2547 1148 2764 1220 publico
2814 1149 2980 1215 dixit,
3014 1149 3152 1222 quod
3197 1166 3233 1203 a
3279 1149 3498 1205 domino
3556 1148 3814 1221 Gregorio

2151 1253 2300 1308 papa
2327 1239 2636 1309 imperialis
2679 1253 2889 1293 coronae
2932 1237 3256 1307 dignitatem
3283 1239 3446 1294 vellet
3475 1241 3810 1310 acciperem.

2155 1326 2226 1380 At
2256 1325 2542 1397 Gregorius
2572 1326 2846 1398 respondit
2876 1345 2926 1382 :«
2957 1328 3064 1399 Ego
3102 1329 3365 1382 versutias
3401 1330 3454 1382 et
3483 1327 3813 1384 calliditates

2157 1417 2297 1486 regis
2324 1417 2638 1488 freqzmzter
2685 1420 2939 1487 expertus
2968 1433 3107 1471 sum.
3141 1415 3202 1472 Si
3229 1424 3413 1472 autem
3460 1417 3579 1472 vult
3627 1418 3688 1474 in
3739 1419 3812 1472 iis

2156 1503 2356 1575 quibus
2377 1505 2666 1576 manifeste
2687 1506 2927 1576 peccavit
2955 1505 3060 1560 Deo
3097 1508 3150 1560 et
3189 1505 3442 1562 Ecclesia
3469 1506 3808 1578 satisfacere,

2159 1593 2388 1648 libenter
2415 1594 2710 1662 absolvam,
2744 1597 2796 1650 et
2839 1593 3186 1667 imperialem
3231 1595 3342 1650 sibi
3385 1609 3642 1650 coronam
3685 1610 3813 1650 cum

2159 1681 2526 1738 benedictione
2572 1685 2849 1754 imponam
2871 1705 2971 1738 n...
3007 1683 3145 1756 quod
3169 1684 3389 1738 verbum
3418 1699 3541 1738 cum
3571 1700 3690 1750 rex,
3723 1700 3812 1739 re-

2155 1770 2432 1826 mordente
2487 1773 2848 1840 conscientia,
2904 1773 3124 1844 penitus
3189 1770 3483 1840 denegaret
3540 1774 3812 1844 facere...

2080 1893 2128 1959 Β
2157 1857 2414 1932 Pontifex
2455 1861 2712 1932 difﬁdens
2757 1877 2870 1916 sese
2912 1863 2975 1916 in
3027 1862 3334 1917 Crescentii
3379 1865 3618 1917 castrum
3666 1877 3812 1918 rece-

2155 1951 2260 2021 pit,
2294 1953 2402 2005 etc.

2245 2057 2389 2113 ΧῙΙΙ.
2423 2058 2684 2113 Henricus
2713 2075 2748 2112 a
2779 2057 3030 2140 Guiberto
3059 2061 3384 2125 coronatur;
3414 2073 3724 2114 excommu—

2866 2136 3104 2184 περαίαν.

2230 2215 2514 2272 Henricus
2545 2234 2676 2273 vero
2705 2217 2804 2290 qui
2839 2219 3287 2273 Lateranensem
3320 2217 3624 2274 basilicam
3655 2217 3816 2274 inva-

2159 2311 2331 2373 serat,
2355 2305 2486 2378 ipsa
2510 2306 2820 2362 Dominicis
2842 2305 3285 2362 resurrectionis
3311 2306 3424 2375 die,
3451 2323 3723 2363 coronam
3751 2307 3810 2364 in

2159 2393 2432 2464 Ecclesia,
2455 2412 2562 2451 non
2579 2397 2794 2467 gloriae,
2809 2400 2873 2451 ut
2894 2396 2976 2450 ait
2999 2393 3321 2464 Bertoldus,
3338 2395 3432 2450 sed
3449 2398 3807 2468 confusionis,

2159 2500 2192 2538 a
2223 2500 2328 2539 suo
2360 2484 2632 2540 Guiberto
2676 2486 2953 2557 suscepit,
2978 2483 3442 2558 Gregoriumque
3470 2484 3803 2558 legitimum

2157 2573 2488 2645 pontiﬁcem
2521 2573 2580 2629 in
2630 2573 2812 2630 altera
2859 2573 3022 2630 urbis
3071 2577 3236 2646 parte
3282 2571 3530 2630 obsedit.
3565 2574 3808 2631 Inutiles

2155 2666 2350 2717 tamen
2381 2663 2540 2718 fuere
2569 2663 2698 2734 ejus
2739 2669 2982 2722 conatus
3017 2681 3030 2718 :
3064 2679 3198 2718 nam
3231 2661 3506 2734 pontifex,
3543 2663 3803 2720 Rotberti

2157 2751 2460 2806 Guiscardi
2481 2752 3019 2808 Northmannorum
3050 2751 3111 2806 in
3133 2748 3299 2806 Italia
3319 2751 3600 2824 principis
3629 2769 3810 2825 opera

2155 2839 2329 2912 paulo
2359 2844 2490 2913 post
2537 2839 2838 2909 liberatus,
2871 2841 3160 2914 synodum
3209 2839 3270 2896 in
3319 2839 3448 2912 ipsa
3478 2840 3628 2896 Urbe
3657 2841 3807 2897 cele-

2154 2929 2362 2999 bravit,
2395 2929 2454 2984 in
2485 2947 2602 3002 qua
2649 2929 3011 2986 schismatici
3056 2946 3264 2986 rursus
3312 2929 3809 2986 excommunicati

2154 3017 2409 3075 fuerunt.
2434 3019 2514 3075 De
2540 3019 2647 3075 hac
2669 3019 2890 3092 synodo
2911 3017 3220 3074 Bertoldus
3249 3017 3319 3072 ad
3350 3016 3509 3072 hunc
3539 3033 3762 3074 annum
3791 3037 3805 3076 :

2153 3109 2416 3162 Dominus
2451 3115 2633 3162 autem
2665 3125 2830 3180 papa,
2861 3107 3072 3178 inquit,
3095 3107 3319 3162 collecta
3347 3105 3572 3177 synodo,
3607 3108 3812 3163 iter-um

2155 3199 2477 3252 sententiam
2521 3195 2888 3252 anathematis
2918 3197 2978 3252 in
3009 3195 3326 3252 Guibertum
3362 3195 3805 3265 hzeresiarcham,

394 3291 610 3355 tasset,
667 3302 846 3359 quam
901 3261 1014 3341 tam
1065 3261 1345 3356 sacrilege,
1387 3261 1652 3339 Guiberti
1707 3261 2048 3340 ordinationi
2077 3261 2119 3329 CI
2156 3286 2450 3340 Henricum
2474 3293 2523 3342 et
2550 3301 2732 3340 omnes
2760 3301 2948 3340 eorum
2974 3285 3218 3355 fautores
3244 3285 3630 3354 promulgavit,
3663 3261 3809 3356 quod

399 3385 664 3451 tauquam
731 3375 1134 3447 superbissimae
1205 3375 1628 3446 praesumptioni
1646 3418 1661 3443 ,
1727 3375 2045 3430 immisceri.

401 3466 625 3524 Bonam
654 3463 1010 3520 voluntatem
1054 3463 1259 3518 effectu
1311 3461 1786 3534 comprobarunt,
1819 3461 1869 3518 si
1916 3464 2045 3535 qui-

402 3556 540 3612 dem
567 3553 784 3611 domino
827 3553 1117 3625 apostolico
1145 3551 1420 3624 Gregorio
1465 3553 1740 3624 conjuncti
1779 3552 2045 3608 eamdem

392 3642 822 3702 ordinationem
853 3639 1119 3716 synodali
1145 3639 1368 3713 judicio
1398 3639 1670 3698 canonice
1701 3641 2044 3698 condemna-

391 3737 550 3790 runt.

674 3821 798 3876 XII.
833 3821 906 3874 De
929 3833 1064 3891 pace
1093 3819 1310 3888 agitur;
1344 3815 1452 3872 Odo
1477 3816 1764 3874 liberatur.

455 3909 582 3980 (An.
609 3907 794 3979 1084.)
823 3907 1045 3962 Tantas
1076 3921 1211 3960 vero
1254 3907 1494 3974 tamque
1541 3920 1746 3976 graves
1779 3904 2042 3964 Ecclesiae

382 3996 750 4056 calamitates
779 4009 928 4068 aegre
957 3993 1341 4066 patiebantur
1367 3991 1474 4047 viri
1507 3994 1728 4065 passim
1759 3993 2036 4068 religiosi,

381 4104 416 4145 e
445 4085 665 4162 quibus
695 4081 985 4150 nonnulli,
1015 4081 1114 4154 qui
1161 4080 1354 4138 neutri
1385 4083 1535 4153 parti
1566 4084 1819 4155 suspecti
1853 4091 2034 4141 erant.

381 4175 454 4237 ad
485 4189 692 4248 pacem
721 4171 874 4228 inter
903 4169 1240 4243 pontiﬁcem
1282 4173 1338 4226 et
1378 4186 1574 4244 regem
1613 4171 2054 4230 conciliandam.

383 4278 622 4336 operam
653 4259 1047 4318 contulerunt.
1081 4259 1210 4315 Haec
1239 4275 1308 4314 ex
1347 4258 1632 4316 Pandult‘o
1663 4260 1948 4318 discimus
1975 4263 2036 4318 in

382 4351 574 4410 Gentis
593 4349 964 4424 pontiﬁcum,
979 4347 1080 4404 ubi
1103 4347 1255 4404 inter
1277 4346 1422 4404 alios
1443 4347 1746 4422 signanter
1764 4349 2037 4422 exprimit

380 4442 687 4514 Hugonem
731 4437 994 4496 Gluniaci
1043 4437 1334 4501 abbatem,
1387 4437 1487 4510 qui
1541 4455 1674 4493 cum
1725 4438 1854 4496 aliis
1897 4441 2035 4497 viris

380 4529 582 4604 probis
610 4527 925 4584 Henricum
951 4525 1179 4582 monuit
1203 4543 1274 4581 ne
1295 4526 1669 4582 anathemata
1689 4544 1722 4582 a
1743 4533 1828 4583 tot
1847 4531 2036 4601 ponti-

2155 3381 2204 3429 et
2234 3376 2290 3430 in
2311 3377 2442 3446 festo
2459 3375 2638 3430 sancti
2657 3374 2884 3430 Joannis
2905 3373 3160 3444 Baptista:
3175 3373 3462 3444 praeterito
3471 3373 3808 3444 jamdudum

2155 3463 2341 3521 Romae
2365 3465 2512 3536 fecit,
2538 3479 2664 3518 cum
2691 3464 2954 3518 Henricus
2975 3461 3154 3517 adhuc
3182 3461 3260 3516 ibi
3285 3466 3614 3533 moraretur.
3649 3464 3806 3519 Tum

2154 3553 2316 3610 addit
2345 3553 2496 3608 hanc
2536 3552 2884 3609 sententiam
2917 3569 2952 3607 a
2979 3551 3185 3624 legatis
3235 3549 3592 3622 apostolicis,
3637 3551 3806 3608 Petro

2151 3641 2412 3698 videlicet
2445 3641 2757 3698 Albanensi
2805 3640 3078 3712 episcopo
3127 3639 3186 3694 in
3239 3638 3498 3706 Francia,
3531 3643 3587 3694 et
3617 3640 3807 3698 Ottone

2153 3733 2389 3787 Ostiensi
2443 3733 2686 3802 episcopo
2753 3733 2812 3785 in
2877 3732 3026 3785 terra
3093 3728 3538 3784 Theutonicorum
3605 3729 3808 3801 ubique

2149 3821 2332 3876 fuisse
2377 3819 2732 3889 divulgatum.
2767 3820 2952 3890 Atque
2982 3816 3103 3873 haec
3133 3815 3325 3888 prima
3353 3820 3445 3872 est
3488 3815 3804 3890 legationis

2149 3908 2478 3980 apostolicae
2518 3907 2757 3972 mentio,
2806 3922 2924 3977 qua
2972 3905 3094 3960 Odo
3141 3908 3338 3960 noster
3384 3905 3443 3960 in
3491 3905 3805 3963 Germania

2147 3997 2386 4053 functus
2415 4000 2520 4052 est.

2147 4102 2290 4158 XIV.
2321 4102 2428 4158 Octo
2461 4102 2670 4171 legatus
2715 4102 2776 4155 in
2823 4103 3138 4157 Germania.
3175 4101 3548 4156 Gebehardum
3595 4101 3801 4171 episco-

2523 4189 2657 4245 pum
2686 4172 3152 4228 Constantiensem
3179 4173 3420 4230 ordinat.

2217 4262 2343 4318 Una
2372 4265 2569 4318 autem
2601 4279 2632 4318 e
2664 4261 2969 4334 praecipuis
2991 4261 3120 4333 ejus
3149 4260 3304 4318 curis
3335 4261 3396 4316 in
3417 4278 3484 4316 ea
3511 4259 3803 4334 legatione

2143 4351 2275 4420 fuit,
2305 4356 2370 4406 ut
2399 4351 2692 4406 antistites
2712 4349 2975 4406 ecclesiis
2995 4351 3214 4407 orbatis
3245 4350 3592 4422 provideret,
3615 4349 3799 4404 animi

2142 4439 2338 4512 vigore
2367 4445 2424 4496 et
2455 4439 2739 4510 probitate
2771 4456 3001 4495 morum
3033 4443 3396 4512 praestantes,
3426 4438 3629 4512 quales
3661 4455 3802 4495 sane

2143 4530 2410 4602 exigebat
2443 4529 2779 4601 iniquorum
2818 4528 3052 4584 illorum
3083 4533 3415 4602 temporum
3457 4527 3798 4596 necessitas.

380 4617 593 4679 ficibus
611 4617 775 4674 illata
793 4615 1255 4690 parvipenderet.
1280 4614 1480 4670 Paruit
1506 4615 1625 4683 ille,
1651 4621 1753 4672 aut
1781 4623 1952 4686 certe,
1968 4624 2034 4675 ut
2063 4631 2108 4696 Β
2142 4619 2221 4673 Ex
2249 4619 2342 4676 his
2370 4618 2480 4674 fuit
2500 4618 2786 4674 Henricus
2809 4634 3003 4674 comes
3025 4619 3094 4674 de
3114 4617 3450 4690 Aslo,quem
3483 4617 3803 4674 Hermanni

378 4706 574 4767 innuit
607 4705 706 4764 ille
734 4710 959 4776 auctor,
983 4720 1184 4776 parere
1228 4703 1556 4770 simulavit;
1591 4710 1768 4778 atque
1803 4708 2026 4778 Odone,

379 4795 722 4870 ceterisque
742 4795 988 4869 captivis
1007 4795 1281 4852 libertate
1301 4793 1578 4849 redeundi
1601 4795 1669 4848 ad
1691 4796 1925 4868 prepria
1947 4797 2044 4853 do-

379 4885 554 4954 natis,
577 4901 715 4942 cum
745 4883 1020 4956 Gregorio
1053 4900 1115 4940 se
1145 4899 1349 4956 pacem
1383 4881 1665 4937 initurum
1704 4885 2038 4956 spopondit,

378 4973 432 5032 si
460 4973 558 5030 ille
583 4973 695 5030 sibi
723 4971 897 5028 vellet
928 4971 1232 5042 imperiale
1277 4970 1549 5027 diadema
1578 4971 1896 5044 imponere.
1930 4977 2042 5032 Sed

381 5079 516 5121 cum
531 5061 847 5136 Gregorius
868 5060 924 5116 id
945 5077 1007 5116 se
1029 5060 1320 5116 facturum
1345 5065 1580 5132 negaret
1604 5060 1719 5116 nisi
1740 5063 1848 5119 sub
1868 5065 2040 5122 certis

382 5149 840 5217 conditionibus,
861 5165 1010 5222 quas
1037 5148 1324 5205 Henricus
1354 5149 1678 5218 recusabat,
1705 5168 1795 5207 res
1827 5153 2041 5210 infecta

381 5239 696 5308 remansit;
721 5243 780 5295 et
799 5236 916 5306 ille,
941 5237 1001 5292 in
1025 5236 1343 5293 schismate
1374 5237 1739 5307 obﬁrmatus,
1765 5257 2036 5299 coronam

383 5345 420 5386 a
448 5345 554 5384 suo
585 5326 862 5386 Guiberto
911 5325 1252 5382 solemniter
1298 5325 1548 5398 recepit;
1585 5345 1697 5399 quo
1749 5330 1897 5386 facto
1951 5333 2038 5387 fas

383 5417 658 5490 deinceps
688 5434 806 5472 non
832 5415 942 5471 fuit
963 5418 1125 5470 atrox
1148 5413 1296 5470 illud
1321 5415 1666 5471 scandalum
1691 5418 1762 5473 ab
1781 5419 2039 5477 Ecclesia

382 5523 696 5564 removere.
720 5503 891 5562 Libet
917 5503 1184 5560 Pandulfi
1213 5503 1406 5560 locum
1430 5505 1725 5579 integrum
1749 5509 2035 5580 proferre;

381 5599 447 5655 In
492 5597 672 5664 tertio,
723 5593 938 5667 inquit,
971 5610 1179 5666 quoque
1228 5610 1373 5650 anno
1432 5611 1530 5649 rex
1577 5595 1648 5650 ad
1688 5591 2036 5654 obsidendam

385 5687 609 5744 Romam
638 5699 881 5740 reversus
907 5690 1014 5748 est;
1042 5684 1132 5739 sed
1163 5684 1293 5755 quia
1339 5699 1394 5740 se
1441 5685 1622 5756 ipsum
1659 5691 2034 5745 excommuni-

386 5779 571 5833 catum
616 5791 650 5830 a
711 5774 1056 5829 Cluniacensi
1110 5773 1316 5840 abbate,
1367 5781 1526 5846 atque
1581 5775 1712 5836 aliis
1768 5777 2039 5850 religiosis

2139 4709 2291 4782 regis
2344 4713 2402 4764 et
2449 4706 2582 4762 cleri
2630 4723 2696 4763 ac
2732 4705 2932 4779 populi
2975 4705 3466 4764 Paderbornensis
3507 4721 3802 4763 consensu

2150 4815 2216 4856 ac
2247 4797 2465 4854 Odonis
2496 4795 2668 4870 legati
2714 4794 3016 4868 apostolici
3045 4796 3390 4853 auctoritate
3421 4796 3801 4853 Paderbornaa

2150 4889 2489 4960 episcopum
2539 4885 2878 4941 institutum
2925 4885 3108 4942 fuisse
3157 4891 3444 4942 memorat
3472 4886 3803 4942 Schatenus

2149 4975 2207 5030 in
2241 4977 2505 5048 ejusdem
2538 4973 2802 5030 Ecclesiae
2827 4974 3173 5032 Annalibus.
3197 4975 3319 5031 Huc
3337 4975 3514 5031 etiam
3543 4975 3802 5030 revocari

2149 5065 2320 5121 debet
2351 5063 2683 5121 Reinwardi
2710 5063 2770 5119 in
2802 5063 3166 5120 Mindensem
3200 5064 3540 5136 episcopum
3571 5063 3801 5136 electio,

2148 5154 2198 5209 si
2226 5169 2428 5209 verum
2461 5152 2554 5216 sit,
2582 5161 2645 5208 ut
2673 5151 2826 5207 idem
2859 5157 3062 5208 auctor
3091 5151 3434 5218 babet,cum
3461 5153 3804 5209 acclamante

2145 5243 2288 5300 clero
2315 5252 2365 5298 ct
2403 5243 2604 5314 papan
2661 5242 2727 5296 ab
2778 5242 2968 5297 Ottone
3023 5241 3254 5296 Ostiensi
3309 5241 3574 5310 episcopo,
3621 5239 3802 5310 legato

2147 5335 2436 5406 apostolico
2469 5331 2718 5399 Gregorii
2755 5329 3034 5402 pontiﬁcis
3073 5346 3177 5400 per
3223 5330 3519 5386 Saxoniam
3551 5327 3611 5384 in
3642 5329 3800 5402 Egil-

2148 5424 2297 5481 berti
2329 5420 2619 5479 demortui
2638 5419 2828 5474 locum
2855 5417 3242 5490 subrogatum
3264 5417 3466 5474 fuisse.
3492 5417 3604 5474 Sed
3627 5435 3802 5475 nemo

2147 5532 2216 5570 ex
2246 5514 2337 5569 bis
2367 5508 2650 5570 celebrior
2679 5506 2789 5562 fuit
2808 5506 3149 5562 Gebehardo
3180 5507 3300 5564 ﬁlio
3323 5507 3578 5564 Bartoldi
3607 5507 3800 5574 ducis,

2148 5619 2321 5676 quem
2353 5601 2582 5674 legatus
2614 5611 2843 5651 morum
2877 5596 3183 5652 sanctitate
3214 5601 3272 5652 et
3301 5595 3586 5652 natalium
3612 5594 3806 5668 splen-

2148 5693 2287 5749 dore
2306 5691 2611 5754 illustrem,
2635 5703 2706 5742 ex
2725 5684 3013 5740 monacho
3028 5684 3428 5758 Hirsaugiensi
3455 5685 3799 5758 episcopum

2147 5778 2652 5838 Constantiensem
2683 5773 2934 5843 creavit;
2971 5778 3172 5847 postea
3193 5776 3457 5832 futurum
3479 5771 3635 5831 sedis
3665 5786 3802 5845 apo-
