  <div class='ocr_page' id='page_1' title='image "/cluster/home/n/w/nwhite01/storage/ocr_20150623/151/umn.31951002477444s/022.png"; bbox 0 0 3972 6444; ppageno 0'>
   <div class='ocr_carea' id='block_1_1' title="bbox 227 454 3628 578">
    <p class='ocr_par' dir='ltr' id='par_1_1' title="bbox 227 454 3628 578">
     <span class='ocr_line' id='line_1_1' title="bbox 227 454 3628 578; baseline -0.006 -1"><span class='ocrx_word' id='word_1_1' title='bbox 227 511 302 578; x_wconf 69' lang='lat' dir='ltr'><strong>es</strong></span> <span class='ocrx_word' id='word_1_2' title='bbox 1820 497 2034 564; x_wconf 78' lang='lat' dir='ltr'><strong>vm.</strong></span> <span class='ocrx_word' id='word_1_3' title='bbox 3549 454 3628 560; x_wconf 67' lang='lat' dir='ltr'><strong>se</strong></span> 
     </span>
    </p>
   </div>
   <div class='ocr_carea' id='block_1_2' title="bbox 233 617 3628 720">
    <p class='ocr_par' dir='ltr' id='par_1_2' title="bbox 233 617 3628 720">
     <span class='ocr_line' id='line_1_2' title="bbox 233 617 3628 720; baseline -0.001 -15"><span class='ocrx_word' id='word_1_4' title='bbox 233 645 444 706; x_wconf 76' lang='lat' dir='ltr'><strong>stolicsa</strong></span> <span class='ocrx_word' id='word_1_5' title='bbox 498 642 785 720; x_wconf 84' lang='lat' dir='ltr'><strong>legatum;</strong></span> <span class='ocrx_word' id='word_1_6' title='bbox 841 643 898 701; x_wconf 88' lang='lat' dir='ltr'><strong>et</strong></span> <span class='ocrx_word' id='word_1_7' title='bbox 925 636 1404 700; x_wconf 82' lang='lat' dir='ltr'><strong>strenuissimum</strong></span> <span class='ocrx_word' id='word_1_8' title='bbox 1451 633 1513 696; x_wconf 88' lang='lat' dir='ltr'><strong>in</strong></span> <span class='ocrx_word' id='word_1_9' title='bbox 1561 634 1954 704; x_wconf 79' lang='lat' dir='ltr'><strong>Germania’A</strong></span> <span class='ocrx_word' id='word_1_10' title='bbox 1980 635 2303 704; x_wconf 83' lang='lat' dir='ltr'><strong>tuerentur,</strong></span> <span class='ocrx_word' id='word_1_11' title='bbox 2336 631 2622 712; x_wconf 84' lang='lat' dir='ltr'><strong>synodum</strong></span> <span class='ocrx_word' id='word_1_12' title='bbox 2645 617 3014 696; x_wconf 77' lang='lat' dir='ltr'><strong>indicandam</strong></span> <span class='ocrx_word' id='word_1_13' title='bbox 3039 637 3392 709; x_wconf 83' lang='lat' dir='ltr'><strong>statuerunt,</strong></span> <span class='ocrx_word' id='word_1_14' title='bbox 3417 657 3546 716; x_wconf 69' lang='lat' dir='ltr'><strong>qua:</strong></span> <span class='ocrx_word' id='word_1_15' title='bbox 3566 641 3628 700; x_wconf 90' lang='lat' dir='ltr'><strong>in</strong></span> 
     </span>
    </p>
   </div>
   <div class='ocr_carea' id='block_1_3' title="bbox 232 729 1874 798">
    <p class='ocr_par' dir='ltr' id='par_1_3' title="bbox 232 729 1874 798">
     <span class='ocr_line' id='line_1_3' title="bbox 232 729 1874 798; baseline -0.008 -2"><span class='ocrx_word' id='word_1_16' title='bbox 232 736 498 796; x_wconf 68' lang='lat' dir='ltr'><strong>Ecclesia:</strong></span> <span class='ocrx_word' id='word_1_17' title='bbox 528 734 824 792; x_wconf 72' lang='lat' dir='ltr'><strong>catholica:</strong></span> <span class='ocrx_word' id='word_1_18' title='bbox 855 733 1242 790; x_wconf 75' lang='lat' dir='ltr'><strong>defensorem.</strong></span> <span class='ocrx_word' id='word_1_19' title='bbox 1275 731 1441 788; x_wconf 91' lang='lat' dir='ltr'><strong>Hunc</strong></span> <span class='ocrx_word' id='word_1_20' title='bbox 1481 731 1735 798; x_wconf 86' lang='lat' dir='ltr'><strong>invitum,</strong></span> <span class='ocrx_word' id='word_1_21' title='bbox 1766 729 1874 784; x_wconf 88' lang='lat' dir='ltr'><strong>imo</strong></span> 
     </span>
    </p>
   </div>
   <div class='ocr_carea' id='block_1_4' title="bbox 230 819 1874 896">
    <p class='ocr_par' dir='ltr' id='par_1_4' title="bbox 230 819 1874 896">
     <span class='ocr_line' id='line_1_4' title="bbox 230 819 1874 896; baseline -0.007 -12"><span class='ocrx_word' id='word_1_22' title='bbox 230 829 460 884; x_wconf 74' lang='lat' dir='ltr'><strong>multum</strong></span> <span class='ocrx_word' id='word_1_23' title='bbox 487 827 871 882; x_wconf 76' lang='lat' dir='ltr'><strong>reclamantem</strong></span> <span class='ocrx_word' id='word_1_24' title='bbox 929 839 992 879; x_wconf 87' lang='lat' dir='ltr'><strong>ac</strong></span> <span class='ocrx_word' id='word_1_25' title='bbox 1019 823 1336 896; x_wconf 86' lang='lat' dir='ltr'><strong>ejulantem,</strong></span> <span class='ocrx_word' id='word_1_26' title='bbox 1377 821 1592 876; x_wconf 77' lang='lat' dir='ltr'><strong>clericis</strong></span> <span class='ocrx_word' id='word_1_27' title='bbox 1621 822 1671 874; x_wconf 86' lang='lat' dir='ltr'><strong>et</strong></span> <span class='ocrx_word' id='word_1_28' title='bbox 1719 819 1874 873; x_wconf 87' lang='lat' dir='ltr'><strong>laicis</strong></span> 
     </span>
    </p>
   </div>
   <div class='ocr_carea' id='block_1_5' title="bbox 227 910 1875 991">
    <p class='ocr_par' dir='ltr' id='par_1_5' title="bbox 227 910 1875 991">
     <span class='ocr_line' id='line_1_5' title="bbox 227 910 1875 991; baseline -0.007 -18"><span class='ocrx_word' id='word_1_29' title='bbox 227 917 528 991; x_wconf 81' lang='lat' dir='ltr'><strong>petentibus</strong></span> <span class='ocrx_word' id='word_1_30' title='bbox 557 922 609 970; x_wconf 85' lang='lat' dir='ltr'><strong>et</strong></span> <span class='ocrx_word' id='word_1_31' title='bbox 637 913 1008 982; x_wconf 78' lang='lat' dir='ltr'><strong>laudantibus,</strong></span> <span class='ocrx_word' id='word_1_32' title='bbox 1041 913 1114 968; x_wconf 88' lang='lat' dir='ltr'><strong>ab</strong></span> <span class='ocrx_word' id='word_1_33' title='bbox 1133 911 1331 968; x_wconf 91' lang='lat' dir='ltr'><strong>Odone</strong></span> <span class='ocrx_word' id='word_1_34' title='bbox 1359 910 1469 966; x_wconf 89' lang='lat' dir='ltr'><strong>hoc</strong></span> <span class='ocrx_word' id='word_1_35' title='bbox 1501 925 1652 964; x_wconf 89' lang='lat' dir='ltr'><strong>anno</strong></span> <span class='ocrx_word' id='word_1_36' title='bbox 1685 925 1740 962; x_wconf 80' lang='lat' dir='ltr'><strong>x1</strong></span> <span class='ocrx_word' id='word_1_37' title='bbox 1760 911 1875 962; x_wconf 76' lang='lat' dir='ltr'><strong>Ka-</strong></span> 
     </span>
    </p>
   </div>
   <div class='ocr_carea' id='block_1_6' title="bbox 232 997 1880 1062">
    <p class='ocr_par' dir='ltr' id='par_1_6' title="bbox 232 997 1880 1062">
     <span class='ocr_line' id='line_1_6' title="bbox 232 997 1880 1062; baseline -0.007 0"><span class='ocrx_word' id='word_1_38' title='bbox 232 1007 433 1062; x_wconf 84' lang='lat' dir='ltr'><strong>lendas</strong></span> <span class='ocrx_word' id='word_1_39' title='bbox 457 1003 724 1061; x_wconf 80' lang='lat' dir='ltr'><strong>Januarii</strong></span> <span class='ocrx_word' id='word_1_40' title='bbox 777 1004 1185 1058; x_wconf 88' lang='lat' dir='ltr'><strong>consecratum</strong></span> <span class='ocrx_word' id='word_1_41' title='bbox 1219 1000 1402 1056; x_wconf 84' lang='lat' dir='ltr'><strong>fuisse</strong></span> <span class='ocrx_word' id='word_1_42' title='bbox 1451 999 1720 1055; x_wconf 82' lang='lat' dir='ltr'><strong>observat</strong></span> <span class='ocrx_word' id='word_1_43' title='bbox 1750 997 1880 1052; x_wconf 56' lang='lat' dir='ltr'><strong>Ber.</strong></span> 
     </span>
    </p>
   </div>
   <div class='ocr_carea' id='block_1_7' title="bbox 231 1089 1879 1164">
    <p class='ocr_par' dir='ltr' id='par_1_7' title="bbox 231 1089 1879 1164">
     <span class='ocr_line' id='line_1_7' title="bbox 231 1089 1879 1164; baseline -0.007 -13"><span class='ocrx_word' id='word_1_44' title='bbox 231 1094 446 1152; x_wconf 79' lang='lat' dir='ltr'><strong>toldus.</strong></span> <span class='ocrx_word' id='word_1_45' title='bbox 475 1094 620 1150; x_wconf 86' lang='lat' dir='ltr'><strong>Cum</strong></span> <span class='ocrx_word' id='word_1_46' title='bbox 645 1091 849 1164; x_wconf 80' lang='lat' dir='ltr'><strong>pridie,</strong></span> <span class='ocrx_word' id='word_1_47' title='bbox 898 1091 956 1148; x_wconf 82' lang='lat' dir='ltr'><strong>id</strong></span> <span class='ocrx_word' id='word_1_48' title='bbox 985 1095 1084 1156; x_wconf 86' lang='lat' dir='ltr'><strong>cst,</strong></span> <span class='ocrx_word' id='word_1_49' title='bbox 1117 1091 1251 1160; x_wconf 79' lang='lat' dir='ltr'><strong>festo</strong></span> <span class='ocrx_word' id='word_1_50' title='bbox 1281 1091 1462 1144; x_wconf 85' lang='lat' dir='ltr'><strong>sancti</strong></span> <span class='ocrx_word' id='word_1_51' title='bbox 1490 1089 1702 1144; x_wconf 76' lang='lat' dir='ltr'><strong>Thema:</strong></span> <span class='ocrx_word' id='word_1_52' title='bbox 1751 1101 1879 1158; x_wconf 91' lang='lat' dir='ltr'><strong>pre-</strong></span> 
     </span>
    </p>
   </div>
   <div class='ocr_carea' id='block_1_8' title="bbox 235 1175 1884 1258">
    <p class='ocr_par' dir='ltr' id='par_1_8' title="bbox 235 1175 1884 1258">
     <span class='ocr_line' id='line_1_8' title="bbox 235 1175 1884 1258; baseline -0.007 -17"><span class='ocrx_word' id='word_1_53' title='bbox 235 1185 446 1258; x_wconf 70' lang='lat' dir='ltr'><strong>sbyter,</strong></span> <span class='ocrx_word' id='word_1_54' title='bbox 471 1199 604 1239; x_wconf 89' lang='lat' dir='ltr'><strong>cum</strong></span> <span class='ocrx_word' id='word_1_55' title='bbox 625 1183 877 1256; x_wconf 90' lang='lat' dir='ltr'><strong>ipsomet</strong></span> <span class='ocrx_word' id='word_1_56' title='bbox 898 1179 1212 1236; x_wconf 90' lang='lat' dir='ltr'><strong>Bertholdo</strong></span> <span class='ocrx_word' id='word_1_57' title='bbox 1233 1179 1312 1234; x_wconf 91' lang='lat' dir='ltr'><strong>Ch</strong></span> <span class='ocrx_word' id='word_1_58' title='bbox 1322 1177 1501 1234; x_wconf 89' lang='lat' dir='ltr'><strong>ronici</strong></span> <span class='ocrx_word' id='word_1_59' title='bbox 1525 1175 1806 1248; x_wconf 79' lang='lat' dir='ltr'><strong>scriptore</strong></span> <span class='ocrx_word' id='word_1_60' title='bbox 1826 1178 1884 1230; x_wconf 91' lang='lat' dir='ltr'><strong>et</strong></span> 
     </span>
    </p>
   </div>
   <div class='ocr_carea' id='block_1_9' title="bbox 237 1267 1883 1338">
    <p class='ocr_par' dir='ltr' id='par_1_9' title="bbox 237 1267 1883 1338">
     <span class='ocr_line' id='line_1_9' title="bbox 237 1267 1883 1338; baseline -0.007 -6"><span class='ocrx_word' id='word_1_61' title='bbox 237 1273 365 1332; x_wconf 89' lang='lat' dir='ltr'><strong>aliis</strong></span> <span class='ocrx_word' id='word_1_62' title='bbox 385 1271 632 1338; x_wconf 78' lang='lat' dir='ltr'><strong>clericis,</strong></span> <span class='ocrx_word' id='word_1_63' title='bbox 650 1271 856 1327; x_wconf 85' lang='lat' dir='ltr'><strong>fuisset</strong></span> <span class='ocrx_word' id='word_1_64' title='bbox 875 1270 1197 1326; x_wconf 90' lang='lat' dir='ltr'><strong>ordinatus.</strong></span> <span class='ocrx_word' id='word_1_65' title='bbox 1213 1267 1618 1325; x_wconf 87' lang='lat' dir='ltr'><strong>Gebehardum</strong></span> <span class='ocrx_word' id='word_1_66' title='bbox 1633 1283 1666 1321; x_wconf 89' lang='lat' dir='ltr'><strong>a</strong></span> <span class='ocrx_word' id='word_1_67' title='bbox 1683 1269 1883 1321; x_wconf 89' lang='lat' dir='ltr'><strong>nostro</strong></span> 
     </span>
    </p>
   </div>
   <div class='ocr_carea' id='block_1_10' title="bbox 240 1353 1884 1423">
    <p class='ocr_par' dir='ltr' id='par_1_10' title="bbox 240 1353 1884 1423">
     <span class='ocr_line' id='line_1_10' title="bbox 240 1353 1884 1423; baseline -0.01 0"><span class='ocrx_word' id='word_1_68' title='bbox 240 1365 427 1423; x_wconf 66' lang='lat' dir='ltr'><strong>Ditem:</strong></span> <span class='ocrx_word' id='word_1_69' title='bbox 474 1361 655 1418; x_wconf 81' lang='lat' dir='ltr'><strong>fuisse</strong></span> <span class='ocrx_word' id='word_1_70' title='bbox 705 1363 1108 1416; x_wconf 86' lang='lat' dir='ltr'><strong>consecratum</strong></span> <span class='ocrx_word' id='word_1_71' title='bbox 1151 1361 1399 1414; x_wconf 80' lang='lat' dir='ltr'><strong>testatur</strong></span> <span class='ocrx_word' id='word_1_72' title='bbox 1445 1355 1619 1412; x_wconf 88' lang='lat' dir='ltr'><strong>etiam</strong></span> <span class='ocrx_word' id='word_1_73' title='bbox 1667 1353 1884 1411; x_wconf 79' lang='lat' dir='ltr'><strong>Paulus</strong></span> 
     </span>
    </p>
   </div>
   <div class='ocr_carea' id='block_1_11' title="bbox 237 1444 1884 1520">
    <p class='ocr_par' dir='ltr' id='par_1_11' title="bbox 237 1444 1884 1520">
     <span class='ocr_line' id='line_1_11' title="bbox 237 1444 1884 1520; baseline -0.009 -10"><span class='ocrx_word' id='word_1_74' title='bbox 237 1450 677 1510; x_wconf 79' lang='lat' dir='ltr'><strong>Bern‘rediensis</strong></span> <span class='ocrx_word' id='word_1_75' title='bbox 709 1449 768 1505; x_wconf 90' lang='lat' dir='ltr'><strong>in</strong></span> <span class='ocrx_word' id='word_1_76' title='bbox 798 1449 932 1504; x_wconf 83' lang='lat' dir='ltr'><strong>Vita</strong></span> <span class='ocrx_word' id='word_1_77' title='bbox 960 1447 1222 1520; x_wconf 77' lang='lat' dir='ltr'><strong>Gregorii</strong></span> <span class='ocrx_word' id='word_1_78' title='bbox 1251 1447 1350 1502; x_wconf 84' lang='lat' dir='ltr'><strong>VII</strong></span> <span class='ocrx_word' id='word_1_79' title='bbox 1374 1465 1388 1514; x_wconf 85' lang='lat'><strong>;</strong></span> <span class='ocrx_word' id='word_1_80' title='bbox 1422 1462 1528 1502; x_wconf 88' lang='lat' dir='ltr'><strong>nec</strong></span> <span class='ocrx_word' id='word_1_81' title='bbox 1557 1444 1884 1501; x_wconf 86' lang='lat' dir='ltr'><strong>audiendus</strong></span> 
     </span>
    </p>
   </div>
   <div class='ocr_carea' id='block_1_12' title="bbox 241 1531 1885 1605">
    <p class='ocr_par' dir='ltr' id='par_1_12' title="bbox 241 1531 1885 1605">
     <span class='ocr_line' id='line_1_12' title="bbox 241 1531 1885 1605; baseline -0.007 -7"><span class='ocrx_word' id='word_1_82' title='bbox 241 1545 440 1599; x_wconf 87' lang='lat' dir='ltr'><strong>contra</strong></span> <span class='ocrx_word' id='word_1_83' title='bbox 469 1543 668 1596; x_wconf 88' lang='lat' dir='ltr'><strong>tantos</strong></span> <span class='ocrx_word' id='word_1_84' title='bbox 707 1542 888 1595; x_wconf 83' lang='lat' dir='ltr'><strong>testes</strong></span> <span class='ocrx_word' id='word_1_85' title='bbox 917 1537 1236 1594; x_wconf 86' lang='lat' dir='ltr'><strong>Bruscbius</strong></span> <span class='ocrx_word' id='word_1_86' title='bbox 1285 1553 1486 1592; x_wconf 87' lang='lat' dir='ltr'><strong>recens</strong></span> <span class='ocrx_word' id='word_1_87' title='bbox 1535 1538 1756 1601; x_wconf 88' lang='lat' dir='ltr'><strong>auctor,</strong></span> <span class='ocrx_word' id='word_1_88' title='bbox 1785 1531 1885 1605; x_wconf 89' lang='lat' dir='ltr'><strong>qui</strong></span> 
     </span>
    </p>
   </div>
   <div class='ocr_carea' id='block_1_13' title="bbox 239 1621 1887 1695">
    <p class='ocr_par' dir='ltr' id='par_1_13' title="bbox 239 1621 1887 1695">
     <span class='ocr_line' id='line_1_13' title="bbox 239 1621 1887 1695; baseline -0.007 -7"><span class='ocrx_word' id='word_1_89' title='bbox 239 1631 293 1688; x_wconf 87' lang='lat' dir='ltr'><strong>id</strong></span> <span class='ocrx_word' id='word_1_90' title='bbox 327 1649 363 1686; x_wconf 90' lang='lat' dir='ltr'><strong>a</strong></span> <span class='ocrx_word' id='word_1_91' title='bbox 391 1629 562 1686; x_wconf 86' lang='lat' dir='ltr'><strong>Petro</strong></span> <span class='ocrx_word' id='word_1_92' title='bbox 590 1627 906 1684; x_wconf 86' lang='lat' dir='ltr'><strong>Albanensi</strong></span> <span class='ocrx_word' id='word_1_93' title='bbox 939 1626 1158 1682; x_wconf 86' lang='lat' dir='ltr'><strong>factum</strong></span> <span class='ocrx_word' id='word_1_94' title='bbox 1191 1625 1371 1680; x_wconf 86' lang='lat' dir='ltr'><strong>fuisse</strong></span> <span class='ocrx_word' id='word_1_95' title='bbox 1403 1623 1622 1680; x_wconf 86' lang='lat' dir='ltr'><strong>scribit.</strong></span> <span class='ocrx_word' id='word_1_96' title='bbox 1657 1623 1724 1678; x_wconf 90' lang='lat' dir='ltr'><strong>Et</strong></span> <span class='ocrx_word' id='word_1_97' title='bbox 1754 1621 1887 1695; x_wconf 89' lang='lat' dir='ltr'><strong>qui-</strong></span> 
     </span>
    </p>
   </div>
   <div class='ocr_carea' id='block_1_14' title="bbox 241 1709 1889 1790">
    <p class='ocr_par' dir='ltr' id='par_1_14' title="bbox 241 1709 1889 1790">
     <span class='ocr_line' id='line_1_14' title="bbox 241 1709 1889 1790; baseline -0.007 -14"><span class='ocrx_word' id='word_1_98' title='bbox 241 1721 375 1778; x_wconf 88' lang='lat' dir='ltr'><strong>dem</strong></span> <span class='ocrx_word' id='word_1_99' title='bbox 409 1733 740 1790; x_wconf 83' lang='lat' dir='ltr'><strong>anonymus</strong></span> <span class='ocrx_word' id='word_1_100' title='bbox 787 1715 1066 1789; x_wconf 71' lang='lat' dir='ltr'><strong>apologia:</strong></span> <span class='ocrx_word' id='word_1_101' title='bbox 1097 1713 1328 1770; x_wconf 90' lang='lat' dir='ltr'><strong>Henrici</strong></span> <span class='ocrx_word' id='word_1_102' title='bbox 1359 1714 1432 1769; x_wconf 89' lang='lat' dir='ltr'><strong>IV</strong></span> <span class='ocrx_word' id='word_1_103' title='bbox 1463 1717 1666 1769; x_wconf 84' lang='lat' dir='ltr'><strong>auctor</strong></span> <span class='ocrx_word' id='word_1_104' title='bbox 1693 1709 1889 1774; x_wconf 86' lang='lat' dir='ltr'><strong>Ottoni</strong></span> 
     </span>
    </p>
   </div>
   <div class='ocr_carea' id='block_1_15' title="bbox 242 1801 1890 1885">
    <p class='ocr_par' dir='ltr' id='par_1_15' title="bbox 242 1801 1890 1885">
     <span class='ocr_line' id='line_1_15' title="bbox 242 1801 1890 1885; baseline -0.006 -20"><span class='ocrx_word' id='word_1_105' title='bbox 242 1808 346 1885; x_wconf 86' lang='lat' dir='ltr'><strong>(sic</strong></span> <span class='ocrx_word' id='word_1_106' title='bbox 377 1807 599 1881; x_wconf 88' lang='lat' dir='ltr'><strong>quippe</strong></span> <span class='ocrx_word' id='word_1_107' title='bbox 628 1805 885 1862; x_wconf 89' lang='lat' dir='ltr'><strong>Odonem</strong></span> <span class='ocrx_word' id='word_1_108' title='bbox 919 1808 1187 1860; x_wconf 87' lang='lat' dir='ltr'><strong>nostrum</strong></span> <span class='ocrx_word' id='word_1_109' title='bbox 1219 1803 1508 1876; x_wconf 88' lang='lat' dir='ltr'><strong>appellare</strong></span> <span class='ocrx_word' id='word_1_110' title='bbox 1531 1805 1731 1858; x_wconf 90' lang='lat' dir='ltr'><strong>amant</strong></span> <span class='ocrx_word' id='word_1_111' title='bbox 1753 1801 1890 1856; x_wconf 90' lang='lat' dir='ltr'><strong>scri-</strong></span> 
     </span>
    </p>
   </div>
   <div class='ocr_carea' id='block_1_16' title="bbox 243 1891 1888 1974">
    <p class='ocr_par' dir='ltr' id='par_1_16' title="bbox 243 1891 1888 1974">
     <span class='ocr_line' id='line_1_16' title="bbox 243 1891 1888 1974; baseline -0.007 -19"><span class='ocrx_word' id='word_1_112' title='bbox 243 1903 440 1974; x_wconf 87' lang='lat' dir='ltr'><strong>ptores</strong></span> <span class='ocrx_word' id='word_1_113' title='bbox 491 1895 788 1964; x_wconf 81' lang='lat' dir='ltr'><strong>Germani)</strong></span> <span class='ocrx_word' id='word_1_114' title='bbox 817 1893 956 1950; x_wconf 90' lang='lat' dir='ltr'><strong>vitio</strong></span> <span class='ocrx_word' id='word_1_115' title='bbox 1010 1893 1186 1948; x_wconf 90' lang='lat' dir='ltr'><strong>vertit</strong></span> <span class='ocrx_word' id='word_1_116' title='bbox 1238 1892 1391 1949; x_wconf 89' lang='lat' dir='ltr'><strong>hanc</strong></span> <span class='ocrx_word' id='word_1_117' title='bbox 1440 1891 1888 1956; x_wconf 82' lang='lat' dir='ltr'><strong>ordinationem,</strong></span> 
     </span>
    </p>
   </div>
   <div class='ocr_carea' id='block_1_17' title="bbox 1984 725 3625 806">
    <p class='ocr_par' dir='ltr' id='par_1_17' title="bbox 1984 725 3625 806">
     <span class='ocr_line' id='line_1_17' title="bbox 1984 725 3625 806; baseline 0.007 -26"><span class='ocrx_word' id='word_1_118' title='bbox 1984 725 2113 798; x_wconf 88' lang='lat' dir='ltr'><strong>ipsa</strong></span> <span class='ocrx_word' id='word_1_119' title='bbox 2141 725 2440 782; x_wconf 82' lang='lat' dir='ltr'><strong>Paschalis</strong></span> <span class='ocrx_word' id='word_1_120' title='bbox 2463 727 2834 784; x_wconf 89' lang='lat' dir='ltr'><strong>hebdomada</strong></span> <span class='ocrx_word' id='word_1_121' title='bbox 2872 730 3026 802; x_wconf 89' lang='lat' dir='ltr'><strong>apud</strong></span> <span class='ocrx_word' id='word_1_122' title='bbox 3076 731 3625 806; x_wconf 85' lang='lat' dir='ltr'><strong>Quindeliburgum,</strong></span> 
     </span>
    </p>
   </div>
   <div class='ocr_carea' id='block_1_18' title="bbox 1984 814 3628 890">
    <p class='ocr_par' dir='ltr' id='par_1_18' title="bbox 1984 814 3628 890">
     <span class='ocr_line' id='line_1_18' title="bbox 1984 814 3628 890; baseline 0.005 -20"><span class='ocrx_word' id='word_1_123' title='bbox 1984 832 2108 883; x_wconf 89' lang='lat' dir='ltr'><strong>seu,</strong></span> <span class='ocrx_word' id='word_1_124' title='bbox 2120 818 2180 870; x_wconf 89' lang='lat' dir='ltr'><strong>ut</strong></span> <span class='ocrx_word' id='word_1_125' title='bbox 2193 814 2428 871; x_wconf 90' lang='lat' dir='ltr'><strong>illorum</strong></span> <span class='ocrx_word' id='word_1_126' title='bbox 2441 822 2771 890; x_wconf 89' lang='lat' dir='ltr'><strong>temporum</strong></span> <span class='ocrx_word' id='word_1_127' title='bbox 2785 824 3048 877; x_wconf 87' lang='lat' dir='ltr'><strong>auctores</strong></span> <span class='ocrx_word' id='word_1_128' title='bbox 3061 821 3330 878; x_wconf 87' lang='lat' dir='ltr'><strong>Germani</strong></span> <span class='ocrx_word' id='word_1_129' title='bbox 3346 821 3628 889; x_wconf 88' lang='lat' dir='ltr'><strong>scribunt,</strong></span> 
     </span>
    </p>
   </div>
   <div class='ocr_carea' id='block_1_19' title="bbox 1985 903 3630 982">
    <p class='ocr_par' dir='ltr' id='par_1_19' title="bbox 1985 903 3630 982">
     <span class='ocr_line' id='line_1_19' title="bbox 1985 903 3630 982; baseline 0.007 -25"><span class='ocrx_word' id='word_1_130' title='bbox 1985 903 2560 978; x_wconf 83' lang='lat' dir='ltr'><strong>Quintilineburgum</strong></span> <span class='ocrx_word' id='word_1_131' title='bbox 2592 909 2848 964; x_wconf 68' lang='lat' dir='ltr'><strong>Saxoniaa</strong></span> <span class='ocrx_word' id='word_1_132' title='bbox 2879 909 3197 982; x_wconf 88' lang='lat' dir='ltr'><strong>superioris</strong></span> <span class='ocrx_word' id='word_1_133' title='bbox 3249 913 3451 968; x_wconf 82' lang='lat' dir='ltr'><strong>urbem</strong></span> <span class='ocrx_word' id='word_1_134' title='bbox 3485 911 3630 968; x_wconf 90' lang='lat' dir='ltr'><strong>cele-</strong></span> 
     </span>
    </p>
   </div>
   <div class='ocr_carea' id='block_1_20' title="bbox 1985 988 3632 1070">
    <p class='ocr_par' dir='ltr' id='par_1_20' title="bbox 1985 988 3632 1070">
     <span class='ocr_line' id='line_1_20' title="bbox 1985 988 3632 1070; baseline 0.006 -22"><span class='ocrx_word' id='word_1_135' title='bbox 1985 993 2152 1048; x_wconf 89' lang='lat' dir='ltr'><strong>brata</strong></span> <span class='ocrx_word' id='word_1_136' title='bbox 2179 997 2286 1061; x_wconf 87' lang='lat' dir='ltr'><strong>est,</strong></span> <span class='ocrx_word' id='word_1_137' title='bbox 2321 1011 2454 1050; x_wconf 90' lang='lat' dir='ltr'><strong>cum</strong></span> <span class='ocrx_word' id='word_1_138' title='bbox 2487 995 2705 1054; x_wconf 88' lang='lat' dir='ltr'><strong>ibidem</strong></span> <span class='ocrx_word' id='word_1_139' title='bbox 2727 997 2848 1054; x_wconf 93' lang='lat' dir='ltr'><strong>Odo</strong></span> <span class='ocrx_word' id='word_1_140' title='bbox 2872 998 3124 1070; x_wconf 86' lang='lat' dir='ltr'><strong>legatus,</strong></span> <span class='ocrx_word' id='word_1_141' title='bbox 3147 988 3516 1058; x_wconf 85' lang='lat' dir='ltr'><strong>Hermannus</strong></span> <span class='ocrx_word' id='word_1_142' title='bbox 3537 1019 3632 1058; x_wconf 81' lang='lat' dir='ltr'><strong>rex</strong></span> 
     </span>
    </p>
   </div>
   <div class='ocr_carea' id='block_1_21' title="bbox 1987 1081 3634 1164">
    <p class='ocr_par' dir='ltr' id='par_1_21' title="bbox 1987 1081 3634 1164">
     <span class='ocr_line' id='line_1_21' title="bbox 1987 1081 3634 1164; baseline 0.007 -26"><span class='ocrx_word' id='word_1_143' title='bbox 1987 1087 2044 1138; x_wconf 88' lang='lat' dir='ltr'><strong>et</strong></span> <span class='ocrx_word' id='word_1_144' title='bbox 2095 1081 2191 1138; x_wconf 90' lang='lat' dir='ltr'><strong>alii</strong></span> <span class='ocrx_word' id='word_1_145' title='bbox 2224 1099 2491 1155; x_wconf 89' lang='lat' dir='ltr'><strong>proceres</strong></span> <span class='ocrx_word' id='word_1_146' title='bbox 2539 1087 2900 1160; x_wconf 90' lang='lat' dir='ltr'><strong>peregissent</strong></span> <span class='ocrx_word' id='word_1_147' title='bbox 2945 1090 3096 1146; x_wconf 86' lang='lat' dir='ltr'><strong>festa</strong></span> <span class='ocrx_word' id='word_1_148' title='bbox 3143 1090 3456 1164; x_wconf 83' lang='lat' dir='ltr'><strong>paschalia.</strong></span> <span class='ocrx_word' id='word_1_149' title='bbox 3507 1095 3634 1149; x_wconf 86' lang='lat' dir='ltr'><strong>Huc</strong></span> 
     </span>
    </p>
   </div>
   <div class='ocr_carea' id='block_1_22' title="bbox 1989 1175 3637 1252">
    <p class='ocr_par' dir='ltr' id='par_1_22' title="bbox 1989 1175 3637 1252">
     <span class='ocr_line' id='line_1_22' title="bbox 1989 1175 3637 1252; baseline 0.005 -24"><span class='ocrx_word' id='word_1_150' title='bbox 1989 1187 2308 1228; x_wconf 88' lang='lat' dir='ltr'><strong>convenere</strong></span> <span class='ocrx_word' id='word_1_151' title='bbox 2338 1189 2469 1230; x_wconf 88' lang='lat' dir='ltr'><strong>cum</strong></span> <span class='ocrx_word' id='word_1_152' title='bbox 2492 1175 2681 1247; x_wconf 88' lang='lat' dir='ltr'><strong>legato</strong></span> <span class='ocrx_word' id='word_1_153' title='bbox 2703 1177 2817 1233; x_wconf 90' lang='lat' dir='ltr'><strong>duo</strong></span> <span class='ocrx_word' id='word_1_154' title='bbox 2865 1178 3310 1252; x_wconf 89' lang='lat' dir='ltr'><strong>archiepiscopi,</strong></span> <span class='ocrx_word' id='word_1_155' title='bbox 3351 1181 3637 1237; x_wconf 90' lang='lat' dir='ltr'><strong>Gebehar-</strong></span> 
     </span>
    </p>
   </div>
   <div class='ocr_carea' id='block_1_23' title="bbox 1990 1259 3632 1344">
    <p class='ocr_par' dir='ltr' id='par_1_23' title="bbox 1990 1259 3632 1344">
     <span class='ocr_line' id='line_1_23' title="bbox 1990 1259 3632 1344; baseline 0.007 -29"><span class='ocrx_word' id='word_1_156' title='bbox 1990 1259 2104 1316; x_wconf 89' lang='lat' dir='ltr'><strong>dus</strong></span> <span class='ocrx_word' id='word_1_157' title='bbox 2131 1261 2594 1336; x_wconf 87' lang='lat' dir='ltr'><strong>Salisburgensis</strong></span> <span class='ocrx_word' id='word_1_158' title='bbox 2625 1269 2681 1320; x_wconf 90' lang='lat' dir='ltr'><strong>et</strong></span> <span class='ocrx_word' id='word_1_159' title='bbox 2718 1267 3055 1341; x_wconf 86' lang='lat' dir='ltr'><strong>Hartwigus</strong></span> <span class='ocrx_word' id='word_1_160' title='bbox 3089 1269 3632 1344; x_wconf 84' lang='lat' dir='ltr'><strong>Magdeburgensis,</strong></span> 
     </span>
    </p>
   </div>
   <div class='ocr_carea' id='block_1_24' title="bbox 1993 1347 3635 1432">
    <p class='ocr_par' dir='ltr' id='par_1_24' title="bbox 1993 1347 3635 1432">
     <span class='ocr_line' id='line_1_24' title="bbox 1993 1347 3635 1432; baseline 0.007 -28"><span class='ocrx_word' id='word_1_161' title='bbox 1993 1347 2208 1423; x_wconf 90' lang='lat' dir='ltr'><strong>aliique</strong></span> <span class='ocrx_word' id='word_1_162' title='bbox 2242 1352 2574 1424; x_wconf 82' lang='lat' dir='ltr'><strong>complures</strong></span> <span class='ocrx_word' id='word_1_163' title='bbox 2619 1355 2898 1429; x_wconf 88' lang='lat' dir='ltr'><strong>episcopi,</strong></span> <span class='ocrx_word' id='word_1_164' title='bbox 2931 1357 3032 1430; x_wconf 91' lang='lat' dir='ltr'><strong>qui</strong></span> <span class='ocrx_word' id='word_1_165' title='bbox 3085 1357 3268 1415; x_wconf 88' lang='lat' dir='ltr'><strong>multa</strong></span> <span class='ocrx_word' id='word_1_166' title='bbox 3296 1363 3354 1416; x_wconf 89' lang='lat' dir='ltr'><strong>et</strong></span> <span class='ocrx_word' id='word_1_167' title='bbox 3397 1360 3635 1432; x_wconf 84' lang='lat' dir='ltr'><strong>quidem</strong></span> 
     </span>
    </p>
   </div>
   <div class='ocr_carea' id='block_1_25' title="bbox 1993 1435 3636 1522">
    <p class='ocr_par' dir='ltr' id='par_1_25' title="bbox 1993 1435 3636 1522">
     <span class='ocr_line' id='line_1_25' title="bbox 1993 1435 3636 1522; baseline 0.008 -29"><span class='ocrx_word' id='word_1_168' title='bbox 1993 1441 2288 1510; x_wconf 67' lang='lat' dir='ltr'><strong>praeclara,</strong></span> <span class='ocrx_word' id='word_1_169' title='bbox 2321 1443 2377 1497; x_wconf 92' lang='lat' dir='ltr'><strong>in</strong></span> <span class='ocrx_word' id='word_1_170' title='bbox 2409 1443 2515 1498; x_wconf 90' lang='lat' dir='ltr'><strong>hac</strong></span> <span class='ocrx_word' id='word_1_171' title='bbox 2547 1445 2766 1518; x_wconf 71' lang='lat' dir='ltr'><strong>synodo</strong></span> <span class='ocrx_word' id='word_1_172' title='bbox 2798 1450 3146 1517; x_wconf 86' lang='lat' dir='ltr'><strong>statuerunt,</strong></span> <span class='ocrx_word' id='word_1_173' title='bbox 3171 1435 3352 1522; x_wconf 52' lang='lat' dir='ltr'><strong>quoia</strong></span> <span class='ocrx_word' id='word_1_174' title='bbox 3371 1449 3636 1506; x_wconf 87' lang='lat' dir='ltr'><strong>Bertoldo</strong></span> 
     </span>
    </p>
   </div>
   <div class='ocr_carea' id='block_1_26' title="bbox 1995 1533 2881 1590">
    <p class='ocr_par' dir='ltr' id='par_1_26' title="bbox 1995 1533 2881 1590">
     <span class='ocr_line' id='line_1_26' title="bbox 1995 1533 2881 1590; baseline 0.001 -2"><span class='ocrx_word' id='word_1_175' title='bbox 1995 1533 2067 1588; x_wconf 88' lang='lat' dir='ltr'><strong>ad</strong></span> <span class='ocrx_word' id='word_1_176' title='bbox 2097 1533 2251 1588; x_wconf 89' lang='lat' dir='ltr'><strong>hunc</strong></span> <span class='ocrx_word' id='word_1_177' title='bbox 2278 1550 2498 1588; x_wconf 86' lang='lat' dir='ltr'><strong>annum</strong></span> <span class='ocrx_word' id='word_1_178' title='bbox 2530 1533 2881 1590; x_wconf 86' lang='lat' dir='ltr'><strong>referuntur.</strong></span> 
     </span>
    </p>
   </div>
   <div class='ocr_carea' id='block_1_27' title="bbox 2067 1623 3639 1695">
    <p class='ocr_par' dir='ltr' id='par_1_27' title="bbox 2067 1623 3639 1695">
     <span class='ocr_line' id='line_1_27' title="bbox 2067 1623 3639 1695; baseline 0.004 -19"><span class='ocrx_word' id='word_1_179' title='bbox 2067 1627 2132 1678; x_wconf 83' lang='lat' dir='ltr'><strong>In</strong></span> <span class='ocrx_word' id='word_1_180' title='bbox 2163 1623 2365 1678; x_wconf 89' lang='lat' dir='ltr'><strong>eadem</strong></span> <span class='ocrx_word' id='word_1_181' title='bbox 2391 1623 2613 1694; x_wconf 83' lang='lat' dir='ltr'><strong>synodo</strong></span> <span class='ocrx_word' id='word_1_182' title='bbox 2644 1624 3032 1682; x_wconf 76' lang='lat' dir='ltr'><strong>condemnata</strong></span> <span class='ocrx_word' id='word_1_183' title='bbox 3059 1629 3149 1682; x_wconf 89' lang='lat' dir='ltr'><strong>est</strong></span> <span class='ocrx_word' id='word_1_184' title='bbox 3180 1625 3520 1695; x_wconf 84' lang='lat' dir='ltr'><strong>Wcziliaua,</strong></span> <span class='ocrx_word' id='word_1_185' title='bbox 3553 1626 3639 1682; x_wconf 89' lang='lat' dir='ltr'><strong>uti</strong></span> 
     </span>
    </p>
   </div>
   <div class='ocr_carea' id='block_1_28' title="bbox 1997 1711 3646 1786">
    <p class='ocr_par' dir='ltr' id='par_1_28' title="bbox 1997 1711 3646 1786">
     <span class='ocr_line' id='line_1_28' title="bbox 1997 1711 3646 1786; baseline 0.003 -18"><span class='ocrx_word' id='word_1_186' title='bbox 1997 1729 2127 1769; x_wconf 89' lang='lat' dir='ltr'><strong>eam</strong></span> <span class='ocrx_word' id='word_1_187' title='bbox 2150 1713 2452 1777; x_wconf 88' lang='lat' dir='ltr'><strong>vocabant,</strong></span> <span class='ocrx_word' id='word_1_188' title='bbox 2469 1711 2726 1779; x_wconf 73' lang='lat' dir='ltr'><strong>hznresis,</strong></span> <span class='ocrx_word' id='word_1_189' title='bbox 2751 1713 2823 1770; x_wconf 90' lang='lat' dir='ltr'><strong>de</strong></span> <span class='ocrx_word' id='word_1_190' title='bbox 2843 1731 2958 1786; x_wconf 85' lang='lat' dir='ltr'><strong>qua</strong></span> <span class='ocrx_word' id='word_1_191' title='bbox 2981 1714 3252 1786; x_wconf 85' lang='lat' dir='ltr'><strong>superius</strong></span> <span class='ocrx_word' id='word_1_192' title='bbox 3274 1715 3560 1785; x_wconf 84' lang='lat' dir='ltr'><strong>diximus;</strong></span> <span class='ocrx_word' id='word_1_193' title='bbox 3584 1721 3646 1773; x_wconf 89' lang='lat' dir='ltr'><strong>et</strong></span> 
     </span>
    </p>
   </div>
   <div class='ocr_carea' id='block_1_29' title="bbox 1999 1800 3642 1879">
    <p class='ocr_par' dir='ltr' id='par_1_29' title="bbox 1999 1800 3642 1879">
     <span class='ocr_line' id='line_1_29' title="bbox 1999 1800 3642 1879; baseline 0.001 -20"><span class='ocrx_word' id='word_1_194' title='bbox 1999 1802 2264 1876; x_wconf 79' lang='lat' dir='ltr'><strong>synodali</strong></span> <span class='ocrx_word' id='word_1_195' title='bbox 2287 1800 2531 1874; x_wconf 89' lang='lat' dir='ltr'><strong>judicio,</strong></span> <span class='ocrx_word' id='word_1_196' title='bbox 2565 1807 2633 1858; x_wconf 89' lang='lat' dir='ltr'><strong>ut</strong></span> <span class='ocrx_word' id='word_1_197' title='bbox 2652 1802 2829 1859; x_wconf 85' lang='lat' dir='ltr'><strong>habet</strong></span> <span class='ocrx_word' id='word_1_198' title='bbox 2853 1803 3177 1870; x_wconf 87' lang='lat' dir='ltr'><strong>Bertoldus,</strong></span> <span class='ocrx_word' id='word_1_199' title='bbox 3201 1803 3438 1862; x_wconf 86' lang='lat' dir='ltr'><strong>laudata</strong></span> <span class='ocrx_word' id='word_1_200' title='bbox 3466 1809 3642 1879; x_wconf 86' lang='lat' dir='ltr'><strong>atque</strong></span> 
     </span>
    </p>
   </div>
   <div class='ocr_carea' id='block_1_30' title="bbox 1999 1890 3643 1952">
    <p class='ocr_par' dir='ltr' id='par_1_30' title="bbox 1999 1890 3643 1952">
     <span class='ocr_line' id='line_1_30' title="bbox 1999 1890 3643 1952; baseline 0.001 -4"><span class='ocrx_word' id='word_1_201' title='bbox 1999 1892 2343 1948; x_wconf 89' lang='lat' dir='ltr'><strong>conﬁrmata</strong></span> <span class='ocrx_word' id='word_1_202' title='bbox 2374 1890 2484 1946; x_wconf 89' lang='lat' dir='ltr'><strong>fuit</strong></span> <span class='ocrx_word' id='word_1_203' title='bbox 2504 1891 2791 1948; x_wconf 85' lang='lat' dir='ltr'><strong>ordinatio</strong></span> <span class='ocrx_word' id='word_1_204' title='bbox 2808 1893 3004 1948; x_wconf 90' lang='lat' dir='ltr'><strong>domni</strong></span> <span class='ocrx_word' id='word_1_205' title='bbox 3021 1892 3344 1951; x_wconf 90' lang='lat' dir='ltr'><strong>Gebehardi</strong></span> <span class='ocrx_word' id='word_1_206' title='bbox 3360 1893 3643 1952; x_wconf 85' lang='lat' dir='ltr'><strong>Constan-</strong></span> 
     </span>
    </p>
   </div>
   <div class='ocr_carea' id='block_1_31' title="bbox 241 1978 3646 2076">
    <p class='ocr_par' dir='ltr' id='par_1_31' title="bbox 241 1978 3646 2076">
     <span class='ocr_line' id='line_1_31' title="bbox 241 1978 3646 2076; baseline -0.006 -32"><span class='ocrx_word' id='word_1_207' title='bbox 241 1987 414 2062; x_wconf 86' lang='lat' dir='ltr'><strong>quasi</strong></span> <span class='ocrx_word' id='word_1_208' title='bbox 445 1985 556 2041; x_wconf 90' lang='lat' dir='ltr'><strong>hoc</strong></span> <span class='ocrx_word' id='word_1_209' title='bbox 588 1985 735 2041; x_wconf 87' lang='lat' dir='ltr'><strong>facto</strong></span> <span class='ocrx_word' id='word_1_210' title='bbox 763 1999 1016 2040; x_wconf 86' lang='lat' dir='ltr'><strong>canones</strong></span> <span class='ocrx_word' id='word_1_211' title='bbox 1045 1981 1336 2050; x_wconf 86' lang='lat' dir='ltr'><strong>violasset,</strong></span> <span class='ocrx_word' id='word_1_212' title='bbox 1389 1980 1488 2054; x_wconf 88' lang='lat' dir='ltr'><strong>qui</strong></span> <span class='ocrx_word' id='word_1_213' title='bbox 1519 1981 1598 2046; x_wconf 88' lang='lat' dir='ltr'><strong>id,</strong></span> <span class='ocrx_word' id='word_1_214' title='bbox 1633 1978 1741 2036; x_wconf 82' lang='lat' dir='ltr'><strong>etsi</strong></span> <span class='ocrx_word' id='word_1_215' title='bbox 1775 1996 1890 2040; x_wconf 87' lang='lat' dir='ltr'><strong>non</strong></span> <span class='ocrx_word' id='word_1_216' title='bbox 1923 2010 1972 2076; x_wconf 82' lang='grc' dir='ltr'>Β</span> <span class='ocrx_word' id='word_1_217' title='bbox 2000 1981 2209 2038; x_wconf 90' lang='lat' dir='ltr'><strong>tiensis</strong></span> <span class='ocrx_word' id='word_1_218' title='bbox 2239 1981 2522 2054; x_wconf 88' lang='lat' dir='ltr'><strong>episcopi,</strong></span> <span class='ocrx_word' id='word_1_219' title='bbox 2553 1998 2732 2053; x_wconf 87' lang='lat' dir='ltr'><strong>quam</strong></span> <span class='ocrx_word' id='word_1_220' title='bbox 2765 1982 2886 2038; x_wconf 90' lang='lat' dir='ltr'><strong>Odo</strong></span> <span class='ocrx_word' id='word_1_221' title='bbox 2917 1999 3071 2039; x_wconf 89' lang='lat' dir='ltr'><strong>anno</strong></span> <span class='ocrx_word' id='word_1_222' title='bbox 3099 1983 3468 2056; x_wconf 74' lang='lat' dir='ltr'><strong>praecedenti</strong></span> <span class='ocrx_word' id='word_1_223' title='bbox 3497 1983 3646 2041; x_wconf 63' lang='lat' dir='ltr'><strong>cale-</strong></span> 
     </span>
    </p>
   </div>
   <div class='ocr_carea' id='block_1_32' title="bbox 243 2067 1892 2148">
    <p class='ocr_par' dir='ltr' id='par_1_32' title="bbox 243 2067 1892 2148">
     <span class='ocr_line' id='line_1_32' title="bbox 243 2067 1892 2148; baseline -0.008 -13"><span class='ocrx_word' id='word_1_224' title='bbox 243 2079 400 2135; x_wconf 87' lang='lat' dir='ltr'><strong>esset</strong></span> <span class='ocrx_word' id='word_1_225' title='bbox 429 2073 743 2148; x_wconf 62' lang='lat' dir='ltr'><strong>provinciae</strong></span> <span class='ocrx_word' id='word_1_226' title='bbox 776 2071 1282 2144; x_wconf 85' lang='lat' dir='ltr'><strong>metropolitauus,</strong></span> <span class='ocrx_word' id='word_1_227' title='bbox 1312 2071 1536 2142; x_wconf 84' lang='lat' dir='ltr'><strong>absque</strong></span> <span class='ocrx_word' id='word_1_228' title='bbox 1567 2067 1892 2141; x_wconf 85' lang='lat' dir='ltr'><strong>Moguntini</strong></span> 
     </span>
    </p>
   </div>
   <div class='ocr_carea' id='block_1_33' title="bbox 245 2157 1898 2237">
    <p class='ocr_par' dir='ltr' id='par_1_33' title="bbox 245 2157 1898 2237">
     <span class='ocr_line' id='line_1_33' title="bbox 245 2157 1898 2237; baseline -0.006 -15"><span class='ocrx_word' id='word_1_229' title='bbox 245 2162 671 2237; x_wconf 79' lang='lat' dir='ltr'><strong>archiepiscopi</strong></span> <span class='ocrx_word' id='word_1_230' title='bbox 719 2159 996 2220; x_wconf 82' lang='lat' dir='ltr'><strong>facultate</strong></span> <span class='ocrx_word' id='word_1_231' title='bbox 1044 2161 1234 2216; x_wconf 88' lang='lat' dir='ltr'><strong>facere</strong></span> <span class='ocrx_word' id='word_1_232' title='bbox 1265 2177 1446 2216; x_wconf 90' lang='lat' dir='ltr'><strong>ausus</strong></span> <span class='ocrx_word' id='word_1_233' title='bbox 1502 2158 1726 2216; x_wconf 84' lang='lat' dir='ltr'><strong>fuisset.</strong></span> <span class='ocrx_word' id='word_1_234' title='bbox 1759 2157 1898 2213; x_wconf 88' lang='lat' dir='ltr'><strong>Erat</strong></span> 
     </span>
    </p>
   </div>
   <div class='ocr_carea' id='block_1_34' title="bbox 243 2247 1896 2322">
    <p class='ocr_par' dir='ltr' id='par_1_34' title="bbox 243 2247 1896 2322">
     <span class='ocr_line' id='line_1_34' title="bbox 243 2247 1896 2322; baseline -0.006 -11"><span class='ocrx_word' id='word_1_235' title='bbox 243 2269 400 2322; x_wconf 80' lang='lat' dir='ltr'><strong>vero,</strong></span> <span class='ocrx_word' id='word_1_236' title='bbox 437 2253 522 2308; x_wconf 91' lang='lat' dir='ltr'><strong>uti</strong></span> <span class='ocrx_word' id='word_1_237' title='bbox 553 2267 756 2307; x_wconf 89' lang='lat' dir='ltr'><strong>omnes</strong></span> <span class='ocrx_word' id='word_1_238' title='bbox 787 2249 1182 2317; x_wconf 89' lang='lat' dir='ltr'><strong>consentiunt,</strong></span> <span class='ocrx_word' id='word_1_239' title='bbox 1215 2249 1592 2305; x_wconf 89' lang='lat' dir='ltr'><strong>Gebehardus</strong></span> <span class='ocrx_word' id='word_1_240' title='bbox 1640 2247 1728 2302; x_wconf 88' lang='lat' dir='ltr'><strong>vir</strong></span> <span class='ocrx_word' id='word_1_241' title='bbox 1757 2264 1896 2302; x_wconf 88' lang='lat' dir='ltr'><strong>san—</strong></span> 
     </span>
    </p>
   </div>
   <div class='ocr_carea' id='block_1_35' title="bbox 249 2335 1899 2413">
    <p class='ocr_par' dir='ltr' id='par_1_35' title="bbox 249 2335 1899 2413">
     <span class='ocr_line' id='line_1_35' title="bbox 249 2335 1899 2413; baseline -0.007 -12"><span class='ocrx_word' id='word_1_242' title='bbox 249 2349 402 2409; x_wconf 87' lang='lat' dir='ltr'><strong>ctus,</strong></span> <span class='ocrx_word' id='word_1_243' title='bbox 435 2345 495 2398; x_wconf 88' lang='lat' dir='ltr'><strong>et</strong></span> <span class='ocrx_word' id='word_1_244' title='bbox 523 2339 838 2413; x_wconf 86' lang='lat' dir='ltr'><strong>episcopali</strong></span> <span class='ocrx_word' id='word_1_245' title='bbox 869 2339 1152 2412; x_wconf 85' lang='lat' dir='ltr'><strong>dignitate</strong></span> <span class='ocrx_word' id='word_1_246' title='bbox 1177 2337 1333 2394; x_wconf 88' lang='lat' dir='ltr'><strong>haud</strong></span> <span class='ocrx_word' id='word_1_247' title='bbox 1365 2336 1662 2411; x_wconf 89' lang='lat' dir='ltr'><strong>indignus,</strong></span> <span class='ocrx_word' id='word_1_248' title='bbox 1689 2335 1810 2408; x_wconf 89' lang='lat' dir='ltr'><strong>qui,</strong></span> <span class='ocrx_word' id='word_1_249' title='bbox 1833 2340 1899 2390; x_wconf 92' lang='lat' dir='ltr'><strong>ut</strong></span> 
     </span>
    </p>
   </div>
   <div class='ocr_carea' id='block_1_36' title="bbox 248 2425 1903 2499">
    <p class='ocr_par' dir='ltr' id='par_1_36' title="bbox 248 2425 1903 2499">
     <span class='ocr_line' id='line_1_36' title="bbox 248 2425 1903 2499; baseline -0.006 -10"><span class='ocrx_word' id='word_1_250' title='bbox 248 2433 428 2490; x_wconf 77' lang='lat' dir='ltr'><strong>refert</strong></span> <span class='ocrx_word' id='word_1_251' title='bbox 456 2429 818 2487; x_wconf 90' lang='lat' dir='ltr'><strong>Trithemius</strong></span> <span class='ocrx_word' id='word_1_252' title='bbox 849 2429 907 2483; x_wconf 90' lang='lat' dir='ltr'><strong>in</strong></span> <span class='ocrx_word' id='word_1_253' title='bbox 938 2427 1222 2484; x_wconf 88' lang='lat' dir='ltr'><strong>Chronico</strong></span> <span class='ocrx_word' id='word_1_254' title='bbox 1241 2425 1662 2499; x_wconf 88' lang='lat' dir='ltr'><strong>Hirsaugiensi,</strong></span> <span class='ocrx_word' id='word_1_255' title='bbox 1685 2426 1903 2496; x_wconf 82' lang='lat' dir='ltr'><strong>regula-</strong></span> 
     </span>
    </p>
   </div>
   <div class='ocr_carea' id='block_1_37' title="bbox 247 2515 1902 2589">
    <p class='ocr_par' dir='ltr' id='par_1_37' title="bbox 247 2515 1902 2589">
     <span class='ocr_line' id='line_1_37' title="bbox 247 2515 1902 2589; baseline -0.006 -11"><span class='ocrx_word' id='word_1_256' title='bbox 247 2524 330 2578; x_wconf 81' lang='lat' dir='ltr'><strong>ris</strong></span> <span class='ocrx_word' id='word_1_257' title='bbox 355 2522 486 2577; x_wconf 71' lang='lat' dir='ltr'><strong>vita:</strong></span> <span class='ocrx_word' id='word_1_258' title='bbox 521 2519 802 2574; x_wconf 86' lang='lat' dir='ltr'><strong>fervorem</strong></span> <span class='ocrx_word' id='word_1_259' title='bbox 846 2533 1019 2589; x_wconf 86' lang='lat' dir='ltr'><strong>quem</strong></span> <span class='ocrx_word' id='word_1_260' title='bbox 1075 2517 1136 2572; x_wconf 90' lang='lat' dir='ltr'><strong>in</strong></span> <span class='ocrx_word' id='word_1_261' title='bbox 1184 2515 1536 2572; x_wconf 87' lang='lat' dir='ltr'><strong>monasterio</strong></span> <span class='ocrx_word' id='word_1_262' title='bbox 1585 2516 1902 2571; x_wconf 74' lang='lat' dir='ltr'><strong>innocenter</strong></span> 
     </span>
    </p>
   </div>
   <div class='ocr_carea' id='block_1_38' title="bbox 249 2603 1903 2678">
    <p class='ocr_par' dir='ltr' id='par_1_38' title="bbox 249 2603 1903 2678">
     <span class='ocr_line' id='line_1_38' title="bbox 249 2603 1903 2678; baseline -0.005 -12"><span class='ocrx_word' id='word_1_263' title='bbox 249 2612 440 2667; x_wconf 80' lang='lat' dir='ltr'><strong>vivens</strong></span> <span class='ocrx_word' id='word_1_264' title='bbox 467 2624 686 2664; x_wconf 68' lang='lat' dir='ltr'><strong>semvare</strong></span> <span class='ocrx_word' id='word_1_265' title='bbox 713 2610 1060 2663; x_wconf 83' lang='lat' dir='ltr'><strong>consueverat</strong></span> <span class='ocrx_word' id='word_1_266' title='bbox 1107 2605 1414 2678; x_wconf 89' lang='lat' dir='ltr'><strong>episcopus</strong></span> <span class='ocrx_word' id='word_1_267' title='bbox 1463 2605 1650 2661; x_wconf 87' lang='lat' dir='ltr'><strong>factus</strong></span> <span class='ocrx_word' id='word_1_268' title='bbox 1681 2603 1903 2659; x_wconf 89' lang='lat' dir='ltr'><strong>minine</strong></span> 
     </span>
    </p>
   </div>
   <div class='ocr_carea' id='block_1_39' title="bbox 251 2692 1902 2766">
    <p class='ocr_par' dir='ltr' id='par_1_39' title="bbox 251 2692 1902 2766">
     <span class='ocr_line' id='line_1_39' title="bbox 251 2692 1902 2766; baseline -0.004 -11"><span class='ocrx_word' id='word_1_269' title='bbox 251 2697 881 2755; x_wconf 80' lang='lat' dir='ltr'><strong>intermisit.therum</strong></span> <span class='ocrx_word' id='word_1_270' title='bbox 903 2697 1164 2752; x_wconf 88' lang='lat' dir='ltr'><strong>Odonem</strong></span> <span class='ocrx_word' id='word_1_271' title='bbox 1187 2694 1535 2750; x_wconf 73' lang='lat' dir='ltr'><strong>Constantia:</strong></span> <span class='ocrx_word' id='word_1_272' title='bbox 1559 2692 1902 2766; x_wconf 88' lang='lat' dir='ltr'><strong>aliquandiu</strong></span> 
     </span>
    </p>
   </div>
   <div class='ocr_carea' id='block_1_40' title="bbox 249 2781 1904 2858">
    <p class='ocr_par' dir='ltr' id='par_1_40' title="bbox 249 2781 1904 2858">
     <span class='ocr_line' id='line_1_40' title="bbox 249 2781 1904 2858; baseline -0.005 -12"><span class='ocrx_word' id='word_1_273' title='bbox 249 2789 682 2846; x_wconf 87' lang='lat' dir='ltr'><strong>commoratum</strong></span> <span class='ocrx_word' id='word_1_274' title='bbox 713 2785 914 2851; x_wconf 90' lang='lat' dir='ltr'><strong>fuisse,</strong></span> <span class='ocrx_word' id='word_1_275' title='bbox 946 2784 1262 2858; x_wconf 71' lang='lat' dir='ltr'><strong>multaquae</strong></span> <span class='ocrx_word' id='word_1_276' title='bbox 1295 2783 1374 2839; x_wconf 91' lang='lat' dir='ltr'><strong>ibi</strong></span> <span class='ocrx_word' id='word_1_277' title='bbox 1407 2784 1477 2839; x_wconf 89' lang='lat' dir='ltr'><strong>ad</strong></span> <span class='ocrx_word' id='word_1_278' title='bbox 1508 2781 1778 2840; x_wconf 66' lang='lat' dir='ltr'><strong>Ecclesiae</strong></span> <span class='ocrx_word' id='word_1_279' title='bbox 1808 2783 1904 2838; x_wconf 92' lang='lat' dir='ltr'><strong>bo-</strong></span> 
     </span>
    </p>
   </div>
   <div class='ocr_carea' id='block_1_41' title="bbox 251 2871 1902 2940">
    <p class='ocr_par' dir='ltr' id='par_1_41' title="bbox 251 2871 1902 2940">
     <span class='ocr_line' id='line_1_41' title="bbox 251 2871 1902 2940; baseline -0.005 -5"><span class='ocrx_word' id='word_1_280' title='bbox 251 2894 397 2935; x_wconf 90' lang='lat' dir='ltr'><strong>num</strong></span> <span class='ocrx_word' id='word_1_281' title='bbox 431 2875 736 2933; x_wconf 86' lang='lat' dir='ltr'><strong>ordinasse</strong></span> <span class='ocrx_word' id='word_1_282' title='bbox 765 2891 834 2930; x_wconf 78' lang='lat' dir='ltr'><strong>ex</strong></span> <span class='ocrx_word' id='word_1_283' title='bbox 879 2875 1203 2932; x_wconf 87' lang='lat' dir='ltr'><strong>canonibus</strong></span> <span class='ocrx_word' id='word_1_284' title='bbox 1235 2871 1464 2930; x_wconf 89' lang='lat' dir='ltr'><strong>concilii</strong></span> <span class='ocrx_word' id='word_1_285' title='bbox 1495 2871 1902 2940; x_wconf 77' lang='lat' dir='ltr'><strong>Quinde‘ibur-</strong></span> 
     </span>
    </p>
   </div>
   <div class='ocr_carea' id='block_1_42' title="bbox 251 2962 1473 3040">
    <p class='ocr_par' dir='ltr' id='par_1_42' title="bbox 251 2962 1473 3040">
     <span class='ocr_line' id='line_1_42' title="bbox 251 2962 1473 3040; baseline -0.002 -19"><span class='ocrx_word' id='word_1_286' title='bbox 251 2965 456 3040; x_wconf 84' lang='lat' dir='ltr'><strong>gensis</strong></span> <span class='ocrx_word' id='word_1_287' title='bbox 487 2981 640 3020; x_wconf 87' lang='lat' dir='ltr'><strong>anno</strong></span> <span class='ocrx_word' id='word_1_288' title='bbox 661 2963 924 3036; x_wconf 84' lang='lat' dir='ltr'><strong>proximo</strong></span> <span class='ocrx_word' id='word_1_289' title='bbox 954 2963 1138 3019; x_wconf 89' lang='lat' dir='ltr'><strong>habiti</strong></span> <span class='ocrx_word' id='word_1_290' title='bbox 1160 2962 1473 3036; x_wconf 85' lang='lat' dir='ltr'><strong>colligitur.</strong></span> 
     </span>
    </p>
   </div>
   <div class='ocr_carea' id='block_1_43' title="bbox 480 3052 1670 3124">
    <p class='ocr_par' dir='ltr' id='par_1_43' title="bbox 480 3052 1670 3124">
     <span class='ocr_line' id='line_1_43' title="bbox 480 3052 1670 3124; baseline -0.003 -15"><span class='ocrx_word' id='word_1_291' title='bbox 480 3053 599 3109; x_wconf 82' lang='lat' dir='ltr'><strong>XV;</strong></span> <span class='ocrx_word' id='word_1_292' title='bbox 634 3053 742 3110; x_wconf 89' lang='lat' dir='ltr'><strong>Odo</strong></span> <span class='ocrx_word' id='word_1_293' title='bbox 770 3052 1034 3124; x_wconf 85' lang='lat' dir='ltr'><strong>colloquio</strong></span> <span class='ocrx_word' id='word_1_294' title='bbox 1067 3055 1128 3108; x_wconf 87' lang='lat' dir='ltr'><strong>in</strong></span> <span class='ocrx_word' id='word_1_295' title='bbox 1159 3052 1398 3108; x_wconf 69' lang='lat' dir='ltr'><strong>Saxonia</strong></span> <span class='ocrx_word' id='word_1_296' title='bbox 1429 3053 1670 3107; x_wconf 75' lang='lat' dir='ltr'><strong>interest.</strong></span> 
     </span>
    </p>
   </div>
   <div class='ocr_carea' id='block_1_44' title="bbox 321 3141 1902 3214">
    <p class='ocr_par' dir='ltr' id='par_1_44' title="bbox 321 3141 1902 3214">
     <span class='ocr_line' id='line_1_44' title="bbox 321 3141 1902 3214; baseline -0.004 -15"><span class='ocrx_word' id='word_1_297' title='bbox 321 3141 504 3200; x_wconf 88' lang='lat' dir='ltr'><strong>Initio</strong></span> <span class='ocrx_word' id='word_1_298' title='bbox 533 3141 709 3198; x_wconf 89' lang='lat' dir='ltr'><strong>annio</strong></span> <span class='ocrx_word' id='word_1_299' title='bbox 739 3142 1039 3214; x_wconf 89' lang='lat' dir='ltr'><strong>sequentis</strong></span> <span class='ocrx_word' id='word_1_300' title='bbox 1071 3142 1275 3214; x_wconf 83' lang='lat'><strong>(1085),</strong></span> <span class='ocrx_word' id='word_1_301' title='bbox 1310 3141 1431 3197; x_wconf 91' lang='lat' dir='ltr'><strong>Odo</strong></span> <span class='ocrx_word' id='word_1_302' title='bbox 1479 3141 1902 3207; x_wconf 91' lang='lat' dir='ltr'><strong>Hermannum,</strong></span> 
     </span>
    </p>
   </div>
   <div class='ocr_carea' id='block_1_45' title="bbox 253 3227 1904 3307">
    <p class='ocr_par' dir='ltr' id='par_1_45' title="bbox 253 3227 1904 3307">
     <span class='ocr_line' id='line_1_45' title="bbox 253 3227 1904 3307; baseline -0.001 -18"><span class='ocrx_word' id='word_1_303' title='bbox 253 3249 433 3307; x_wconf 86' lang='lat' dir='ltr'><strong>quem</strong></span> <span class='ocrx_word' id='word_1_304' title='bbox 464 3235 720 3287; x_wconf 78' lang='lat' dir='ltr'><strong>Saxones</strong></span> <span class='ocrx_word' id='word_1_305' title='bbox 751 3231 1028 3287; x_wconf 90' lang='lat' dir='ltr'><strong>adversus</strong></span> <span class='ocrx_word' id='word_1_306' title='bbox 1059 3230 1374 3286; x_wconf 87' lang='lat' dir='ltr'><strong>Henricum</strong></span> <span class='ocrx_word' id='word_1_307' title='bbox 1424 3229 1546 3284; x_wconf 90' lang='lat' dir='ltr'><strong>loco</strong></span> <span class='ocrx_word' id='word_1_308' title='bbox 1579 3227 1811 3284; x_wconf 82' lang='lat' dir='ltr'><strong>Rudolﬁ</strong></span> <span class='ocrx_word' id='word_1_309' title='bbox 1843 3228 1904 3287; x_wconf 89' lang='lat' dir='ltr'><strong>in</strong></span> 
     </span>
    </p>
   </div>
   <div class='ocr_carea' id='block_1_46' title="bbox 251 3318 1906 3396">
    <p class='ocr_par' dir='ltr' id='par_1_46' title="bbox 251 3318 1906 3396">
     <span class='ocr_line' id='line_1_46' title="bbox 251 3318 1906 3396; baseline -0.005 -16"><span class='ocrx_word' id='word_1_310' title='bbox 251 3337 453 3396; x_wconf 84' lang='lat' dir='ltr'><strong>regem</strong></span> <span class='ocrx_word' id='word_1_311' title='bbox 485 3319 800 3395; x_wconf 85' lang='lat' dir='ltr'><strong>elegerant,</strong></span> <span class='ocrx_word' id='word_1_312' title='bbox 833 3320 1136 3387; x_wconf 89' lang='lat' dir='ltr'><strong>convenit;</strong></span> <span class='ocrx_word' id='word_1_313' title='bbox 1159 3323 1217 3376; x_wconf 90' lang='lat' dir='ltr'><strong>et</strong></span> <span class='ocrx_word' id='word_1_314' title='bbox 1247 3318 1534 3392; x_wconf 90' lang='lat' dir='ltr'><strong>colloquio</strong></span> <span class='ocrx_word' id='word_1_315' title='bbox 1567 3319 1720 3390; x_wconf 92' lang='lat' dir='ltr'><strong>quod</strong></span> <span class='ocrx_word' id='word_1_316' title='bbox 1753 3318 1906 3373; x_wconf 85' lang='lat' dir='ltr'><strong>inter</strong></span> 
     </span>
    </p>
   </div>
   <div class='ocr_carea' id='block_1_47' title="bbox 251 3378 1977 3486">
    <p class='ocr_par' dir='ltr' id='par_1_47' title="bbox 251 3378 1977 3486">
     <span class='ocr_line' id='line_1_47' title="bbox 251 3378 1977 3486; baseline -0.003 -18"><span class='ocrx_word' id='word_1_317' title='bbox 251 3378 416 3486; x_wconf 54' lang='lat' dir='ltr'><strong>ipsos</strong></span> <span class='ocrx_word' id='word_1_318' title='bbox 431 3378 688 3466; x_wconf 61' lang='lat' dir='ltr'><strong>Saxohes</strong></span> <span class='ocrx_word' id='word_1_319' title='bbox 703 3378 1151 3466; x_wconf 65' lang='lat' dir='ltr'><strong>ettlenricianos</strong></span> <span class='ocrx_word' id='word_1_320' title='bbox 1169 3378 1442 3464; x_wconf 78' lang='lat' dir='ltr'><strong>habitum</strong></span> <span class='ocrx_word' id='word_1_321' title='bbox 1463 3412 1551 3462; x_wconf 90' lang='lat' dir='ltr'><strong>est</strong></span> <span class='ocrx_word' id='word_1_322' title='bbox 1572 3378 1664 3463; x_wconf 86' lang='lat' dir='ltr'><strong>die</strong></span> <span class='ocrx_word' id='word_1_323' title='bbox 1686 3407 1754 3462; x_wconf 83' lang='lat' dir='ltr'><strong>l5</strong></span> <span class='ocrx_word' id='word_1_324' title='bbox 1775 3410 1905 3480; x_wconf 91' lang='lat' dir='ltr'><strong>post</strong></span> <span class='ocrx_word' id='word_1_325' title='bbox 1933 3378 1977 3447; x_wconf 66' lang='grc' dir='ltr'>Ο</span> 
     </span>
    </p>
   </div>
   <div class='ocr_carea' id='block_1_48' title="bbox 255 3497 1903 3574">
    <p class='ocr_par' dir='ltr' id='par_1_48' title="bbox 255 3497 1903 3574">
     <span class='ocr_line' id='line_1_48' title="bbox 255 3497 1903 3574; baseline -0.003 -15"><span class='ocrx_word' id='word_1_326' title='bbox 255 3502 473 3559; x_wconf 57' lang='lat' dir='ltr'><strong>fastum</strong></span> <span class='ocrx_word' id='word_1_327' title='bbox 505 3497 840 3574; x_wconf 69' lang='lat' dir='ltr'><strong>Epiphania:</strong></span> <span class='ocrx_word' id='word_1_328' title='bbox 870 3498 1154 3554; x_wconf 86' lang='lat' dir='ltr'><strong>interluit.</strong></span> <span class='ocrx_word' id='word_1_329' title='bbox 1189 3499 1302 3554; x_wconf 90' lang='lat' dir='ltr'><strong>Sed</strong></span> <span class='ocrx_word' id='word_1_330' title='bbox 1326 3497 1471 3554; x_wconf 90' lang='lat' dir='ltr'><strong>nihil</strong></span> <span class='ocrx_word' id='word_1_331' title='bbox 1501 3497 1580 3554; x_wconf 88' lang='lat' dir='ltr'><strong>ibi</strong></span> <span class='ocrx_word' id='word_1_332' title='bbox 1603 3498 1903 3554; x_wconf 88' lang='lat' dir='ltr'><strong>decretum</strong></span> 
     </span>
    </p>
   </div>
   <div class='ocr_carea' id='block_1_49' title="bbox 255 3586 1907 3663">
    <p class='ocr_par' dir='ltr' id='par_1_49' title="bbox 255 3586 1907 3663">
     <span class='ocr_line' id='line_1_49' title="bbox 255 3586 1907 3663; baseline -0.004 -15"><span class='ocrx_word' id='word_1_333' title='bbox 255 3595 367 3660; x_wconf 82' lang='lat' dir='ltr'><strong>est,</strong></span> <span class='ocrx_word' id='word_1_334' title='bbox 401 3593 707 3663; x_wconf 84' lang='lat' dir='ltr'><strong>propterea</strong></span> <span class='ocrx_word' id='word_1_335' title='bbox 731 3589 882 3662; x_wconf 88' lang='lat' dir='ltr'><strong>quod</strong></span> <span class='ocrx_word' id='word_1_336' title='bbox 907 3592 1155 3660; x_wconf 88' lang='lat' dir='ltr'><strong>utraque</strong></span> <span class='ocrx_word' id='word_1_337' title='bbox 1185 3603 1340 3660; x_wconf 89' lang='lat' dir='ltr'><strong>pars,</strong></span> <span class='ocrx_word' id='word_1_338' title='bbox 1376 3591 1506 3660; x_wconf 84' lang='lat' dir='ltr'><strong>post</strong></span> <span class='ocrx_word' id='word_1_339' title='bbox 1527 3586 1746 3644; x_wconf 89' lang='lat' dir='ltr'><strong>multas</strong></span> <span class='ocrx_word' id='word_1_340' title='bbox 1777 3604 1907 3642; x_wconf 85' lang='lat' dir='ltr'><strong>con-</strong></span> 
     </span>
    </p>
   </div>
   <div class='ocr_carea' id='block_1_50' title="bbox 257 3675 1908 3750">
    <p class='ocr_par' dir='ltr' id='par_1_50' title="bbox 257 3675 1908 3750">
     <span class='ocr_line' id='line_1_50' title="bbox 257 3675 1908 3750; baseline -0.003 -15"><span class='ocrx_word' id='word_1_341' title='bbox 257 3677 624 3748; x_wconf 80' lang='lat' dir='ltr'><strong>certationes,</strong></span> <span class='ocrx_word' id='word_1_342' title='bbox 659 3677 774 3734; x_wconf 89' lang='lat' dir='ltr'><strong>sibi</strong></span> <span class='ocrx_word' id='word_1_343' title='bbox 802 3677 970 3750; x_wconf 90' lang='lat' dir='ltr'><strong>quasi</strong></span> <span class='ocrx_word' id='word_1_344' title='bbox 1003 3677 1075 3732; x_wconf 92' lang='lat' dir='ltr'><strong>de</strong></span> <span class='ocrx_word' id='word_1_345' title='bbox 1096 3675 1339 3732; x_wconf 88' lang='lat' dir='ltr'><strong>victoria</strong></span> <span class='ocrx_word' id='word_1_346' title='bbox 1358 3675 1721 3749; x_wconf 84' lang='lat' dir='ltr'><strong>applaudens</strong></span> <span class='ocrx_word' id='word_1_347' title='bbox 1743 3693 1776 3731; x_wconf 91' lang='lat' dir='ltr'><strong>a</strong></span> <span class='ocrx_word' id='word_1_348' title='bbox 1797 3675 1908 3731; x_wconf 86' lang='lat' dir='ltr'><strong>col-</strong></span> 
     </span>
    </p>
   </div>
   <div class='ocr_carea' id='block_1_51' title="bbox 257 3765 1904 3841">
    <p class='ocr_par' dir='ltr' id='par_1_51' title="bbox 257 3765 1904 3841">
     <span class='ocr_line' id='line_1_51' title="bbox 257 3765 1904 3841; baseline -0.002 -17"><span class='ocrx_word' id='word_1_349' title='bbox 257 3767 455 3841; x_wconf 85' lang='lat' dir='ltr'><strong>loquio</strong></span> <span class='ocrx_word' id='word_1_350' title='bbox 482 3766 840 3823; x_wconf 87' lang='lat' dir='ltr'><strong>discesserit.</strong></span> <span class='ocrx_word' id='word_1_351' title='bbox 872 3767 1000 3822; x_wconf 87' lang='lat' dir='ltr'><strong>Non</strong></span> <span class='ocrx_word' id='word_1_352' title='bbox 1029 3765 1299 3822; x_wconf 88' lang='lat' dir='ltr'><strong>convenit</strong></span> <span class='ocrx_word' id='word_1_353' title='bbox 1329 3765 1482 3820; x_wconf 88' lang='lat' dir='ltr'><strong>inter</strong></span> <span class='ocrx_word' id='word_1_354' title='bbox 1499 3769 1767 3820; x_wconf 89' lang='lat' dir='ltr'><strong>auctores</strong></span> <span class='ocrx_word' id='word_1_355' title='bbox 1789 3781 1904 3836; x_wconf 90' lang='lat' dir='ltr'><strong>quo</strong></span> 
     </span>
    </p>
   </div>
   <div class='ocr_carea' id='block_1_52' title="bbox 255 3851 1907 3926">
    <p class='ocr_par' dir='ltr' id='par_1_52' title="bbox 255 3851 1907 3926">
     <span class='ocr_line' id='line_1_52' title="bbox 255 3851 1907 3926; baseline -0.003 -13"><span class='ocrx_word' id='word_1_356' title='bbox 255 3857 319 3914; x_wconf 86' lang='lat' dir='ltr'><strong>in</strong></span> <span class='ocrx_word' id='word_1_357' title='bbox 366 3855 492 3913; x_wconf 89' lang='lat' dir='ltr'><strong>loco</strong></span> <span class='ocrx_word' id='word_1_358' title='bbox 520 3855 760 3912; x_wconf 88' lang='lat' dir='ltr'><strong>habitus</strong></span> <span class='ocrx_word' id='word_1_359' title='bbox 811 3854 983 3910; x_wconf 87' lang='lat' dir='ltr'><strong>fuerit</strong></span> <span class='ocrx_word' id='word_1_360' title='bbox 1008 3851 1105 3910; x_wconf 90' lang='lat' dir='ltr'><strong>ille</strong></span> <span class='ocrx_word' id='word_1_361' title='bbox 1135 3858 1472 3920; x_wconf 83' lang='lat' dir='ltr'><strong>conventus,</strong></span> <span class='ocrx_word' id='word_1_362' title='bbox 1519 3870 1692 3926; x_wconf 89' lang='lat' dir='ltr'><strong>quem</strong></span> <span class='ocrx_word' id='word_1_363' title='bbox 1726 3853 1907 3908; x_wconf 88' lang='lat' dir='ltr'><strong>abbas</strong></span> 
     </span>
    </p>
   </div>
   <div class='ocr_carea' id='block_1_53' title="bbox 257 3942 1906 4020">
    <p class='ocr_par' dir='ltr' id='par_1_53' title="bbox 257 3942 1906 4020">
     <span class='ocr_line' id='line_1_53' title="bbox 257 3942 1906 4020; baseline -0.004 -17"><span class='ocrx_word' id='word_1_364' title='bbox 257 3944 678 4020; x_wconf 82' lang='lat' dir='ltr'><strong>Urspergensis</strong></span> <span class='ocrx_word' id='word_1_365' title='bbox 691 3947 749 4000; x_wconf 91' lang='lat' dir='ltr'><strong>et</strong></span> <span class='ocrx_word' id='word_1_366' title='bbox 761 3943 1122 4001; x_wconf 89' lang='lat' dir='ltr'><strong>Trithemius</strong></span> <span class='ocrx_word' id='word_1_367' title='bbox 1135 3943 1194 3998; x_wconf 91' lang='lat' dir='ltr'><strong>in</strong></span> <span class='ocrx_word' id='word_1_368' title='bbox 1207 3943 1488 3999; x_wconf 85' lang='lat' dir='ltr'><strong>Chronico</strong></span> <span class='ocrx_word' id='word_1_369' title='bbox 1500 3942 1772 4015; x_wconf 88' lang='lat' dir='ltr'><strong>Hirsaugi</strong></span> <span class='ocrx_word' id='word_1_370' title='bbox 1781 3942 1906 3997; x_wconf 89' lang='lat' dir='ltr'><strong>ensi</strong></span> 
     </span>
    </p>
   </div>
   <div class='ocr_carea' id='block_1_54' title="bbox 256 4031 1907 4110">
    <p class='ocr_par' dir='ltr' id='par_1_54' title="bbox 256 4031 1907 4110">
     <span class='ocr_line' id='line_1_54' title="bbox 256 4031 1907 4110; baseline -0.004 -18"><span class='ocrx_word' id='word_1_371' title='bbox 256 4037 416 4110; x_wconf 83' lang='lat' dir='ltr'><strong>apud</strong></span> <span class='ocrx_word' id='word_1_372' title='bbox 445 4033 730 4092; x_wconf 87' lang='lat' dir='ltr'><strong>Berbares</strong></span> <span class='ocrx_word' id='word_1_373' title='bbox 759 4034 1041 4108; x_wconf 89' lang='lat' dir='ltr'><strong>oppidum</strong></span> <span class='ocrx_word' id='word_1_374' title='bbox 1061 4032 1414 4106; x_wconf 80' lang='lat' dir='ltr'><strong>Thuringiae,</strong></span> <span class='ocrx_word' id='word_1_375' title='bbox 1440 4031 1537 4088; x_wconf 86' lang='lat' dir='ltr'><strong>alii</strong></span> <span class='ocrx_word' id='word_1_376' title='bbox 1569 4032 1907 4104; x_wconf 84' lang='lat' dir='ltr'><strong>Gestrungae</strong></span> 
     </span>
    </p>
   </div>
   <div class='ocr_carea' id='block_1_55' title="bbox 257 4119 1910 4194">
    <p class='ocr_par' dir='ltr' id='par_1_55' title="bbox 257 4119 1910 4194">
     <span class='ocr_line' id='line_1_55' title="bbox 257 4119 1910 4194; baseline -0.005 -12"><span class='ocrx_word' id='word_1_377' title='bbox 257 4129 362 4182; x_wconf 87' lang='lat' dir='ltr'><strong>aut</strong></span> <span class='ocrx_word' id='word_1_378' title='bbox 387 4122 665 4181; x_wconf 72' lang='lat' dir='ltr'><strong>Goslarizs</strong></span> <span class='ocrx_word' id='word_1_379' title='bbox 694 4122 754 4178; x_wconf 93' lang='lat' dir='ltr'><strong>in</strong></span> <span class='ocrx_word' id='word_1_380' title='bbox 785 4123 988 4179; x_wconf 90' lang='lat' dir='ltr'><strong>eadem</strong></span> <span class='ocrx_word' id='word_1_381' title='bbox 1019 4121 1316 4194; x_wconf 87' lang='lat' dir='ltr'><strong>provincia</strong></span> <span class='ocrx_word' id='word_1_382' title='bbox 1344 4121 1698 4178; x_wconf 72' lang='lat' dir='ltr'><strong>celebratum</strong></span> <span class='ocrx_word' id='word_1_383' title='bbox 1729 4119 1910 4176; x_wconf 88' lang='lat' dir='ltr'><strong>fuisse</strong></span> 
     </span>
    </p>
   </div>
   <div class='ocr_carea' id='block_1_56' title="bbox 253 4207 1913 4284">
    <p class='ocr_par' dir='ltr' id='par_1_56' title="bbox 253 4207 1913 4284">
     <span class='ocr_line' id='line_1_56' title="bbox 253 4207 1913 4284; baseline -0.004 -14"><span class='ocrx_word' id='word_1_384' title='bbox 253 4211 482 4270; x_wconf 84' lang='lat' dir='ltr'><strong>volunt.</strong></span> <span class='ocrx_word' id='word_1_385' title='bbox 506 4211 595 4269; x_wconf 90' lang='lat' dir='ltr'><strong>Ibi</strong></span> <span class='ocrx_word' id='word_1_386' title='bbox 625 4211 1004 4268; x_wconf 86' lang='lat' dir='ltr'><strong>Gebehardus</strong></span> <span class='ocrx_word' id='word_1_387' title='bbox 1034 4210 1501 4284; x_wconf 81' lang='lat' dir='ltr'><strong>Salisburgensis</strong></span> <span class='ocrx_word' id='word_1_388' title='bbox 1531 4207 1913 4282; x_wconf 81' lang='lat' dir='ltr'><strong>archiepisco-</strong></span> 
     </span>
    </p>
   </div>
   <div class='ocr_carea' id='block_1_57' title="bbox 256 4297 1908 4377">
    <p class='ocr_par' dir='ltr' id='par_1_57' title="bbox 256 4297 1908 4377">
     <span class='ocr_line' id='line_1_57' title="bbox 256 4297 1908 4377; baseline -0.005 -17"><span class='ocrx_word' id='word_1_389' title='bbox 256 4319 374 4377; x_wconf 86' lang='lat' dir='ltr'><strong>pus</strong></span> <span class='ocrx_word' id='word_1_390' title='bbox 398 4300 822 4359; x_wconf 87' lang='lat' dir='ltr'><strong>catholicarum</strong></span> <span class='ocrx_word' id='word_1_391' title='bbox 840 4303 1036 4372; x_wconf 86' lang='lat' dir='ltr'><strong>partes</strong></span> <span class='ocrx_word' id='word_1_392' title='bbox 1059 4298 1284 4372; x_wconf 85' lang='lat' dir='ltr'><strong>prolixa</strong></span> <span class='ocrx_word' id='word_1_393' title='bbox 1303 4299 1564 4354; x_wconf 87' lang='lat' dir='ltr'><strong>oratione</strong></span> <span class='ocrx_word' id='word_1_394' title='bbox 1584 4297 1770 4354; x_wconf 87' lang='lat' dir='ltr'><strong>tuitus</strong></span> <span class='ocrx_word' id='word_1_395' title='bbox 1792 4301 1908 4366; x_wconf 91' lang='lat' dir='ltr'><strong>est;</strong></span> 
     </span>
    </p>
   </div>
   <div class='ocr_carea' id='block_1_58' title="bbox 255 4386 1912 4462">
    <p class='ocr_par' dir='ltr' id='par_1_58' title="bbox 255 4386 1912 4462">
     <span class='ocr_line' id='line_1_58' title="bbox 255 4386 1912 4462; baseline -0.005 -13"><span class='ocrx_word' id='word_1_396' title='bbox 255 4393 350 4449; x_wconf 88' lang='lat' dir='ltr'><strong>cui</strong></span> <span class='ocrx_word' id='word_1_397' title='bbox 384 4389 758 4447; x_wconf 88' lang='lat' dir='ltr'><strong>cumWerilo</strong></span> <span class='ocrx_word' id='word_1_398' title='bbox 779 4389 1254 4462; x_wconf 82' lang='lat' dir='ltr'><strong>archiepiscOpus</strong></span> <span class='ocrx_word' id='word_1_399' title='bbox 1280 4387 1658 4460; x_wconf 86' lang='lat' dir='ltr'><strong>Moguntinus</strong></span> <span class='ocrx_word' id='word_1_400' title='bbox 1678 4386 1737 4441; x_wconf 92' lang='lat' dir='ltr'><strong>in</strong></span> <span class='ocrx_word' id='word_1_401' title='bbox 1760 4387 1912 4442; x_wconf 90' lang='lat' dir='ltr'><strong>Hen-</strong></span> 
     </span>
    </p>
   </div>
   <div class='ocr_carea' id='block_1_59' title="bbox 256 4475 1912 4552">
    <p class='ocr_par' dir='ltr' id='par_1_59' title="bbox 256 4475 1912 4552">
     <span class='ocr_line' id='line_1_59' title="bbox 256 4475 1912 4552; baseline -0.005 -14"><span class='ocrx_word' id='word_1_402' title='bbox 256 4481 364 4538; x_wconf 84' lang='lat' dir='ltr'><strong>rici</strong></span> <span class='ocrx_word' id='word_1_403' title='bbox 399 4481 656 4537; x_wconf 81' lang='lat' dir='ltr'><strong>favorem</strong></span> <span class='ocrx_word' id='word_1_404' title='bbox 705 4477 1124 4552; x_wconf 88' lang='lat' dir='ltr'><strong>respondisset,</strong></span> <span class='ocrx_word' id='word_1_405' title='bbox 1173 4494 1264 4534; x_wconf 89' lang='lat' dir='ltr'><strong>res</strong></span> <span class='ocrx_word' id='word_1_406' title='bbox 1295 4493 1361 4534; x_wconf 90' lang='lat' dir='ltr'><strong>eo</strong></span> <span class='ocrx_word' id='word_1_407' title='bbox 1407 4475 1638 4532; x_wconf 87' lang='lat' dir='ltr'><strong>devenit</strong></span> <span class='ocrx_word' id='word_1_408' title='bbox 1684 4479 1748 4530; x_wconf 89' lang='lat' dir='ltr'><strong>ut</strong></span> <span class='ocrx_word' id='word_1_409' title='bbox 1795 4493 1912 4530; x_wconf 91' lang='lat' dir='ltr'><strong>non</strong></span> 
     </span>
    </p>
   </div>
   <div class='ocr_carea' id='block_1_60' title="bbox 256 4563 1912 4636">
    <p class='ocr_par' dir='ltr' id='par_1_60' title="bbox 256 4563 1912 4636">
     <span class='ocr_line' id='line_1_60' title="bbox 256 4563 1912 4636; baseline -0.005 -9"><span class='ocrx_word' id='word_1_410' title='bbox 256 4570 439 4627; x_wconf 87' lang='lat' dir='ltr'><strong>modo</strong></span> <span class='ocrx_word' id='word_1_411' title='bbox 467 4567 682 4634; x_wconf 82' lang='lat' dir='ltr'><strong>verbis,</strong></span> <span class='ocrx_word' id='word_1_412' title='bbox 715 4568 816 4624; x_wconf 87' lang='lat' dir='ltr'><strong>sed</strong></span> <span class='ocrx_word' id='word_1_413' title='bbox 849 4567 1024 4623; x_wconf 89' lang='lat' dir='ltr'><strong>etiam</strong></span> <span class='ocrx_word' id='word_1_414' title='bbox 1055 4567 1236 4622; x_wconf 86' lang='lat' dir='ltr'><strong>armis</strong></span> <span class='ocrx_word' id='word_1_415' title='bbox 1267 4565 1478 4622; x_wconf 87' lang='lat' dir='ltr'><strong>acriter</strong></span> <span class='ocrx_word' id='word_1_416' title='bbox 1497 4563 1670 4620; x_wconf 89' lang='lat' dir='ltr'><strong>fuerit</strong></span> <span class='ocrx_word' id='word_1_417' title='bbox 1693 4580 1912 4636; x_wconf 86' lang='lat' dir='ltr'><strong>pugna-</strong></span> 
     </span>
    </p>
   </div>
   <div class='ocr_carea' id='block_1_61' title="bbox 255 4651 1915 4729">
    <p class='ocr_par' dir='ltr' id='par_1_61' title="bbox 255 4651 1915 4729">
     <span class='ocr_line' id='line_1_61' title="bbox 255 4651 1915 4729; baseline -0.005 -14"><span class='ocrx_word' id='word_1_418' title='bbox 255 4659 633 4716; x_wconf 85' lang='lat' dir='ltr'><strong>tum.E&#39;odem</strong></span> <span class='ocrx_word' id='word_1_419' title='bbox 645 4656 1036 4729; x_wconf 88' lang='lat' dir='ltr'><strong>temporeOdo</strong></span> <span class='ocrx_word' id='word_1_420' title='bbox 1050 4653 1642 4728; x_wconf 84' lang='lat' dir='ltr'><strong>apostolicuslegatus</strong></span> <span class='ocrx_word' id='word_1_421' title='bbox 1655 4652 1700 4708; x_wconf 89' lang='lat' dir='ltr'>U</span> <span class='ocrx_word' id='word_1_422' title='bbox 1705 4651 1915 4708; x_wconf 88' lang='lat' dir='ltr'><strong>donem</strong></span> 
     </span>
    </p>
   </div>
   <div class='ocr_carea' id='block_1_62' title="bbox 2003 2069 3645 2145">
    <p class='ocr_par' dir='ltr' id='par_1_62' title="bbox 2003 2069 3645 2145">
     <span class='ocr_line' id='line_1_62' title="bbox 2003 2069 3645 2145; baseline 0 -18"><span class='ocrx_word' id='word_1_423' title='bbox 2003 2073 2232 2140; x_wconf 88' lang='lat' dir='ltr'><strong>brarat;</strong></span> <span class='ocrx_word' id='word_1_424' title='bbox 2257 2073 2387 2138; x_wconf 89' lang='lat' dir='ltr'><strong>imo,</strong></span> <span class='ocrx_word' id='word_1_425' title='bbox 2420 2069 2506 2126; x_wconf 90' lang='lat' dir='ltr'><strong>uti</strong></span> <span class='ocrx_word' id='word_1_426' title='bbox 2537 2069 2634 2144; x_wconf 82' lang='lat' dir='ltr'><strong>ille</strong></span> <span class='ocrx_word' id='word_1_427' title='bbox 2665 2074 2868 2127; x_wconf 89' lang='lat' dir='ltr'><strong>auctor</strong></span> <span class='ocrx_word' id='word_1_428' title='bbox 2895 2070 3407 2145; x_wconf 89' lang='lat' dir='ltr'><strong>prosequitur,.hic</strong></span> <span class='ocrx_word' id='word_1_429' title='bbox 3434 2073 3645 2130; x_wconf 85' lang='lat' dir='ltr'><strong>conﬁr-</strong></span> 
     </span>
    </p>
   </div>
   <div class='ocr_carea' id='block_1_63' title="bbox 2005 2160 3648 2236">
    <p class='ocr_par' dir='ltr' id='par_1_63' title="bbox 2005 2160 3648 2236">
     <span class='ocr_line' id='line_1_63' title="bbox 2005 2160 3648 2236; baseline 0.001 -20"><span class='ocrx_word' id='word_1_430' title='bbox 2005 2165 2166 2216; x_wconf 88' lang='lat' dir='ltr'><strong>mata</strong></span> <span class='ocrx_word' id='word_1_431' title='bbox 2191 2160 2350 2216; x_wconf 89' lang='lat' dir='ltr'><strong>fuere</strong></span> <span class='ocrx_word' id='word_1_432' title='bbox 2380 2177 2448 2216; x_wconf 89' lang='lat' dir='ltr'><strong>ea</strong></span> <span class='ocrx_word' id='word_1_433' title='bbox 2471 2163 2659 2216; x_wconf 86' lang='lat' dir='ltr'><strong>omnia</strong></span> <span class='ocrx_word' id='word_1_434' title='bbox 2689 2176 2815 2234; x_wconf 67' lang='lat' dir='ltr'><strong>qua?</strong></span> <span class='ocrx_word' id='word_1_435' title='bbox 2832 2165 3100 2234; x_wconf 66' lang='lat' dir='ltr'><strong>prec/atus</strong></span> <span class='ocrx_word' id='word_1_436' title='bbox 3145 2162 3286 2218; x_wconf 81' lang='lat' dir='ltr'><strong>sedis</strong></span> <span class='ocrx_word' id='word_1_437' title='bbox 3337 2161 3648 2236; x_wconf 68' lang='lat' dir='ltr'><strong>apostolicae</strong></span> 
     </span>
    </p>
   </div>
   <div class='ocr_carea' id='block_1_64' title="bbox 2005 2251 3648 2321">
    <p class='ocr_par' dir='ltr' id='par_1_64' title="bbox 2005 2251 3648 2321">
     <span class='ocr_line' id='line_1_64' title="bbox 2005 2251 3648 2321; baseline 0.001 -17"><span class='ocrx_word' id='word_1_438' title='bbox 2005 2251 2228 2321; x_wconf 75' lang='lat' dir='ltr'><strong>legatus,</strong></span> <span class='ocrx_word' id='word_1_439' title='bbox 2290 2266 2413 2304; x_wconf 83' lang='lat' dir='ltr'><strong>cum</strong></span> <span class='ocrx_word' id='word_1_440' title='bbox 2468 2253 2602 2305; x_wconf 82' lang='lat' dir='ltr'><strong>esset</strong></span> <span class='ocrx_word' id='word_1_441' title='bbox 2661 2251 3014 2319; x_wconf 61' lang='lat' dir='ltr'><strong>Constantine,</strong></span> <span class='ocrx_word' id='word_1_442' title='bbox 3073 2251 3438 2308; x_wconf 81' lang='lat' dir='ltr'><strong>ordinaverat.</strong></span> <span class='ocrx_word' id='word_1_443' title='bbox 3497 2252 3648 2308; x_wconf 90' lang='lat' dir='ltr'><strong>Tum</strong></span> 
     </span>
    </p>
   </div>
   <div class='ocr_carea' id='block_1_65' title="bbox 2007 2339 3648 2414">
    <p class='ocr_par' dir='ltr' id='par_1_65' title="bbox 2007 2339 3648 2414">
     <span class='ocr_line' id='line_1_65' title="bbox 2007 2339 3648 2414; baseline 0.001 -19"><span class='ocrx_word' id='word_1_444' title='bbox 2007 2339 2321 2396; x_wconf 87' lang='lat' dir='ltr'><strong>anathema</strong></span> <span class='ocrx_word' id='word_1_445' title='bbox 2351 2339 2574 2394; x_wconf 90' lang='lat' dir='ltr'><strong>dictum</strong></span> <span class='ocrx_word' id='word_1_446' title='bbox 2623 2343 2713 2396; x_wconf 90' lang='lat' dir='ltr'><strong>est</strong></span> <span class='ocrx_word' id='word_1_447' title='bbox 2758 2339 2818 2395; x_wconf 93' lang='lat' dir='ltr'><strong>in</strong></span> <span class='ocrx_word' id='word_1_448' title='bbox 2868 2339 3172 2414; x_wconf 90' lang='lat' dir='ltr'><strong>episcopos</strong></span> <span class='ocrx_word' id='word_1_449' title='bbox 3221 2340 3648 2406; x_wconf 88' lang='lat' dir='ltr'><strong>schismaticos,</strong></span> 
     </span>
    </p>
   </div>
   <div class='ocr_carea' id='block_1_66' title="bbox 2009 2427 3652 2502">
    <p class='ocr_par' dir='ltr' id='par_1_66' title="bbox 2009 2427 3652 2502">
     <span class='ocr_line' id='line_1_66' title="bbox 2009 2427 3652 2502; baseline 0.002 -18"><span class='ocrx_word' id='word_1_450' title='bbox 2009 2445 2328 2500; x_wconf 88' lang='lat' dir='ltr'><strong>eorumque</strong></span> <span class='ocrx_word' id='word_1_451' title='bbox 2351 2433 2526 2501; x_wconf 89' lang='lat' dir='ltr'><strong>caput</strong></span> <span class='ocrx_word' id='word_1_452' title='bbox 2545 2427 2878 2485; x_wconf 88' lang='lat' dir='ltr'><strong>Wibertum</strong></span> <span class='ocrx_word' id='word_1_453' title='bbox 2901 2429 3059 2486; x_wconf 90' lang='lat' dir='ltr'><strong>sedis</strong></span> <span class='ocrx_word' id='word_1_454' title='bbox 3079 2429 3407 2502; x_wconf 65' lang='lat' dir='ltr'><strong>apostolicae</strong></span> <span class='ocrx_word' id='word_1_455' title='bbox 3428 2429 3652 2487; x_wconf 86' lang='lat' dir='ltr'><strong>invaso-</strong></span> 
     </span>
    </p>
   </div>
   <div class='ocr_carea' id='block_1_67' title="bbox 2010 2517 3648 2593">
    <p class='ocr_par' dir='ltr' id='par_1_67' title="bbox 2010 2517 3648 2593">
     <span class='ocr_line' id='line_1_67' title="bbox 2010 2517 3648 2593; baseline 0.002 -21"><span class='ocrx_word' id='word_1_456' title='bbox 2010 2535 2154 2577; x_wconf 89' lang='lat' dir='ltr'><strong>rem.</strong></span> <span class='ocrx_word' id='word_1_457' title='bbox 2187 2519 2433 2591; x_wconf 72' lang='lat' dir='ltr'><strong>ejusque</strong></span> <span class='ocrx_word' id='word_1_458' title='bbox 2465 2517 3034 2590; x_wconf 84' lang='lat' dir='ltr'><strong>pseudocardinales.</strong></span> <span class='ocrx_word' id='word_1_459' title='bbox 3077 2519 3380 2593; x_wconf 86' lang='lat' dir='ltr'><strong>Hugonem</strong></span> <span class='ocrx_word' id='word_1_460' title='bbox 3415 2519 3648 2588; x_wconf 80' lang='lat' dir='ltr'><strong>Album,</strong></span> 
     </span>
    </p>
   </div>
   <div class='ocr_carea' id='block_1_68' title="bbox 2008 2595 3648 2677">
    <p class='ocr_par' dir='ltr' id='par_1_68' title="bbox 2008 2595 3648 2677">
     <span class='ocr_line' id='line_1_68' title="bbox 2008 2595 3648 2677; baseline 0 -13"><span class='ocrx_word' id='word_1_461' title='bbox 2008 2607 2291 2664; x_wconf 86' lang='lat' dir='ltr'><strong>Joannem</strong></span> <span class='ocrx_word' id='word_1_462' title='bbox 2322 2607 2718 2675; x_wconf 81' lang='lat' dir='ltr'><strong>Pertuensem,</strong></span> <span class='ocrx_word' id='word_1_463' title='bbox 2753 2609 2986 2667; x_wconf 89' lang='lat' dir='ltr'><strong>Petrum</strong></span> <span class='ocrx_word' id='word_1_464' title='bbox 3017 2595 3450 2677; x_wconf 83' lang='lat' dir='ltr'><strong>cancellarium,</strong></span> <span class='ocrx_word' id='word_1_465' title='bbox 3497 2612 3605 2666; x_wconf 88' lang='lat' dir='ltr'><strong>etc.</strong></span> <span class='ocrx_word' id='word_1_466' title='bbox 3634 2626 3648 2676; x_wconf 90' lang='lat'><strong>;</strong></span> 
     </span>
    </p>
   </div>
   <div class='ocr_carea' id='block_1_69' title="bbox 2011 2695 3648 2770">
    <p class='ocr_par' dir='ltr' id='par_1_69' title="bbox 2011 2695 3648 2770">
     <span class='ocr_line' id='line_1_69' title="bbox 2011 2695 3648 2770; baseline 0 -18"><span class='ocrx_word' id='word_1_467' title='bbox 2011 2713 2187 2770; x_wconf 85' lang='lat' dir='ltr'><strong>quam</strong></span> <span class='ocrx_word' id='word_1_468' title='bbox 2221 2695 2590 2765; x_wconf 85' lang='lat' dir='ltr'><strong>sententiam,</strong></span> <span class='ocrx_word' id='word_1_469' title='bbox 2643 2713 2716 2752; x_wconf 90' lang='lat' dir='ltr'><strong>ne</strong></span> <span class='ocrx_word' id='word_1_470' title='bbox 2762 2696 2960 2769; x_wconf 90' lang='lat' dir='ltr'><strong>aliqua</strong></span> <span class='ocrx_word' id='word_1_471' title='bbox 3004 2696 3346 2755; x_wconf 89' lang='lat' dir='ltr'><strong>solemnitas</strong></span> <span class='ocrx_word' id='word_1_472' title='bbox 3400 2698 3648 2764; x_wconf 84' lang='lat' dir='ltr'><strong>deesset,</strong></span> 
     </span>
    </p>
   </div>
   <div class='ocr_carea' id='block_1_70' title="bbox 2011 2785 3654 2858">
    <p class='ocr_par' dir='ltr' id='par_1_70' title="bbox 2011 2785 3654 2858">
     <span class='ocr_line' id='line_1_70' title="bbox 2011 2785 3654 2858; baseline -0.001 -16"><span class='ocrx_word' id='word_1_473' title='bbox 2011 2785 2209 2842; x_wconf 90' lang='lat' dir='ltr'><strong>Patres</strong></span> <span class='ocrx_word' id='word_1_474' title='bbox 2241 2803 2445 2841; x_wconf 86' lang='lat' dir='ltr'><strong>omnes</strong></span> <span class='ocrx_word' id='word_1_475' title='bbox 2471 2801 2744 2842; x_wconf 89' lang='lat' dir='ltr'><strong>accensas</strong></span> <span class='ocrx_word' id='word_1_476' title='bbox 2771 2785 3042 2842; x_wconf 87' lang='lat' dir='ltr'><strong>candelas</strong></span> <span class='ocrx_word' id='word_1_477' title='bbox 3065 2786 3338 2842; x_wconf 89' lang='lat' dir='ltr'><strong>manibus</strong></span> <span class='ocrx_word' id='word_1_478' title='bbox 3357 2789 3654 2858; x_wconf 80' lang='lat' dir='ltr'><strong>gestantes</strong></span> 
     </span>
    </p>
   </div>
   <div class='ocr_carea' id='block_1_71' title="bbox 2011 2863 3654 2948">
    <p class='ocr_par' dir='ltr' id='par_1_71' title="bbox 2011 2863 3654 2948">
     <span class='ocr_line' id='line_1_71' title="bbox 2011 2863 3654 2948; baseline 0 -19"><span class='ocrx_word' id='word_1_479' title='bbox 2011 2863 2246 2948; x_wconf 85' lang='lat' dir='ltr'><strong>publice</strong></span> <span class='ocrx_word' id='word_1_480' title='bbox 2270 2874 2738 2946; x_wconf 83' lang='lat' dir='ltr'><strong>promulgarunt.</strong></span> <span class='ocrx_word' id='word_1_481' title='bbox 2773 2875 2981 2930; x_wconf 88' lang='lat' dir='ltr'><strong>Mirum</strong></span> <span class='ocrx_word' id='word_1_482' title='bbox 3017 2874 3184 2932; x_wconf 86' lang='lat' dir='ltr'><strong>estin</strong></span> <span class='ocrx_word' id='word_1_483' title='bbox 3213 2875 3394 2948; x_wconf 88' lang='lat' dir='ltr'><strong>hujus</strong></span> <span class='ocrx_word' id='word_1_484' title='bbox 3425 2873 3654 2931; x_wconf 87' lang='lat' dir='ltr'><strong>concilii</strong></span> 
     </span>
    </p>
   </div>
   <div class='ocr_carea' id='block_1_72' title="bbox 2013 2962 3653 3038">
    <p class='ocr_par' dir='ltr' id='par_1_72' title="bbox 2013 2962 3653 3038">
     <span class='ocr_line' id='line_1_72' title="bbox 2013 2962 3653 3038; baseline 0.001 -20"><span class='ocrx_word' id='word_1_485' title='bbox 2013 2962 2566 3037; x_wconf 86' lang='lat' dir='ltr'><strong>subscriptionibus,</strong></span> <span class='ocrx_word' id='word_1_486' title='bbox 2603 2981 2730 3036; x_wconf 68' lang='lat' dir='ltr'><strong>quae</strong></span> <span class='ocrx_word' id='word_1_487' title='bbox 2761 2965 3094 3022; x_wconf 89' lang='lat' dir='ltr'><strong>referuntur</strong></span> <span class='ocrx_word' id='word_1_488' title='bbox 3122 2963 3182 3020; x_wconf 91' lang='lat' dir='ltr'><strong>in</strong></span> <span class='ocrx_word' id='word_1_489' title='bbox 3219 2964 3550 3038; x_wconf 88' lang='lat' dir='ltr'><strong>Appendice</strong></span> <span class='ocrx_word' id='word_1_490' title='bbox 3583 2965 3653 3020; x_wconf 89' lang='lat' dir='ltr'><strong>ad</strong></span> 
     </span>
    </p>
   </div>
   <div class='ocr_carea' id='block_1_73' title="bbox 2012 3052 3656 3120">
    <p class='ocr_par' dir='ltr' id='par_1_73' title="bbox 2012 3052 3656 3120">
     <span class='ocr_line' id='line_1_73' title="bbox 2012 3052 3656 3120; baseline -0.001 -11"><span class='ocrx_word' id='word_1_491' title='bbox 2012 3057 2239 3109; x_wconf 89' lang='lat' dir='ltr'><strong>tomum</strong></span> <span class='ocrx_word' id='word_1_492' title='bbox 2293 3057 2341 3108; x_wconf 80' lang='grc' dir='ltr'>Χ</span> <span class='ocrx_word' id='word_1_493' title='bbox 2373 3053 2752 3109; x_wconf 88' lang='lat' dir='ltr'><strong>conciliorum</strong></span> <span class='ocrx_word' id='word_1_494' title='bbox 2799 3053 3034 3120; x_wconf 77' lang='lat' dir='ltr'><strong>Labbei,</strong></span> <span class='ocrx_word' id='word_1_495' title='bbox 3085 3054 3344 3111; x_wconf 89' lang='lat' dir='ltr'><strong>Odonem</strong></span> <span class='ocrx_word' id='word_1_496' title='bbox 3393 3054 3505 3110; x_wconf 89' lang='lat' dir='ltr'><strong>sub</strong></span> <span class='ocrx_word' id='word_1_497' title='bbox 3533 3052 3656 3110; x_wconf 91' lang='lat' dir='ltr'><strong>solo</strong></span> 
     </span>
    </p>
   </div>
   <div class='ocr_carea' id='block_1_74' title="bbox 2011 3138 3656 3224">
    <p class='ocr_par' dir='ltr' id='par_1_74' title="bbox 2011 3138 3656 3224">
     <span class='ocr_line' id='line_1_74' title="bbox 2011 3138 3656 3224; baseline 0.001 -27"><span class='ocrx_word' id='word_1_498' title='bbox 2011 3143 2264 3224; x_wconf 79' lang='lat' dir='ltr'><strong>monachi</strong></span> <span class='ocrx_word' id='word_1_499' title='bbox 2293 3138 2746 3224; x_wconf 64' lang='lat' dir='ltr'><strong>Qluniacensis&#39;ct</strong></span> <span class='ocrx_word' id='word_1_500' title='bbox 2794 3144 2960 3211; x_wconf 82' lang='lat' dir='ltr'><strong>legati</strong></span> <span class='ocrx_word' id='word_1_501' title='bbox 2991 3143 3238 3213; x_wconf 80' lang='lat' dir='ltr'><strong>Gregorii</strong></span> <span class='ocrx_word' id='word_1_502' title='bbox 3281 3159 3460 3215; x_wconf 71' lang='lat' dir='ltr'><strong>papae,</strong></span> <span class='ocrx_word' id='word_1_503' title='bbox 3485 3141 3656 3200; x_wconf 86' lang='lat' dir='ltr'><strong>titulo</strong></span> 
     </span>
    </p>
   </div>
   <div class='ocr_carea' id='block_1_75' title="bbox 2011 3222 3659 3310">
    <p class='ocr_par' dir='ltr' id='par_1_75' title="bbox 2011 3222 3659 3310">
     <span class='ocr_line' id='line_1_75' title="bbox 2011 3222 3659 3310; baseline -0.001 -24"><span class='ocrx_word' id='word_1_504' title='bbox 2011 3222 2336 3300; x_wconf 77' lang='lat' dir='ltr'><strong>recenseri,</strong></span> <span class='ocrx_word' id='word_1_505' title='bbox 2372 3230 2536 3288; x_wconf 89' lang='lat' dir='ltr'><strong>nulla</strong></span> <span class='ocrx_word' id='word_1_506' title='bbox 2564 3232 2916 3304; x_wconf 87' lang='lat' dir='ltr'><strong>pontiﬁcalis</strong></span> <span class='ocrx_word' id='word_1_507' title='bbox 2963 3233 3092 3305; x_wconf 85' lang='lat' dir='ltr'><strong>ejus</strong></span> <span class='ocrx_word' id='word_1_508' title='bbox 3150 3233 3452 3310; x_wconf 81' lang='lat' dir='ltr'><strong>dignitatis</strong></span> <span class='ocrx_word' id='word_1_509' title='bbox 3507 3232 3659 3290; x_wconf 86' lang='lat' dir='ltr'><strong>facta</strong></span> 
     </span>
    </p>
   </div>
   <div class='ocr_carea' id='block_1_76' title="bbox 2014 3319 3655 3394">
    <p class='ocr_par' dir='ltr' id='par_1_76' title="bbox 2014 3319 3655 3394">
     <span class='ocr_line' id='line_1_76' title="bbox 2014 3319 3655 3394; baseline 0.001 -19"><span class='ocrx_word' id='word_1_510' title='bbox 2014 3320 2346 3376; x_wconf 88' lang='lat' dir='ltr'><strong>mentione:</strong></span> <span class='ocrx_word' id='word_1_511' title='bbox 2397 3319 2532 3376; x_wconf 78' lang='lat' dir='ltr'><strong>licet</strong></span> <span class='ocrx_word' id='word_1_512' title='bbox 2561 3325 2785 3376; x_wconf 90' lang='lat' dir='ltr'><strong>certum</strong></span> <span class='ocrx_word' id='word_1_513' title='bbox 2835 3321 2910 3377; x_wconf 90' lang='lat' dir='ltr'><strong>sit</strong></span> <span class='ocrx_word' id='word_1_514' title='bbox 2941 3339 3076 3378; x_wconf 87' lang='lat' dir='ltr'><strong>eum</strong></span> <span class='ocrx_word' id='word_1_515' title='bbox 3131 3325 3272 3377; x_wconf 91' lang='lat' dir='ltr'><strong>tunc</strong></span> <span class='ocrx_word' id='word_1_516' title='bbox 3317 3321 3655 3394; x_wconf 87' lang='lat' dir='ltr'><strong>episcopum</strong></span> 
     </span>
    </p>
   </div>
   <div class='ocr_carea' id='block_1_77' title="bbox 2015 3409 3659 3483">
    <p class='ocr_par' dir='ltr' id='par_1_77' title="bbox 2015 3409 3659 3483">
     <span class='ocr_line' id='line_1_77' title="bbox 2015 3409 3659 3483; baseline 0 -17"><span class='ocrx_word' id='word_1_517' title='bbox 2015 3409 2340 3466; x_wconf 88' lang='lat' dir='ltr'><strong>Ostiensem</strong></span> <span class='ocrx_word' id='word_1_518' title='bbox 2364 3409 2564 3466; x_wconf 90' lang='lat' dir='ltr'><strong>fuisse.</strong></span> <span class='ocrx_word' id='word_1_519' title='bbox 2588 3409 2853 3483; x_wconf 88' lang='lat' dir='ltr'><strong>Episcopi</strong></span> <span class='ocrx_word' id='word_1_520' title='bbox 2875 3427 3006 3468; x_wconf 81' lang='lat' dir='ltr'><strong>vero</strong></span> <span class='ocrx_word' id='word_1_521' title='bbox 3028 3409 3348 3466; x_wconf 78' lang='lat' dir='ltr'><strong>sanationis</strong></span> <span class='ocrx_word' id='word_1_522' title='bbox 3371 3409 3659 3468; x_wconf 87' lang='lat' dir='ltr'><strong>IIenricia-</strong></span> 
     </span>
    </p>
   </div>
   <div class='ocr_carea' id='block_1_78' title="bbox 2013 3499 3658 3574">
    <p class='ocr_par' dir='ltr' id='par_1_78' title="bbox 2013 3499 3658 3574">
     <span class='ocr_line' id='line_1_78' title="bbox 2013 3499 3658 3574; baseline 0.001 -20"><span class='ocrx_word' id='word_1_523' title='bbox 2013 3516 2118 3566; x_wconf 80' lang='lat' dir='ltr'><strong>me,</strong></span> <span class='ocrx_word' id='word_1_524' title='bbox 2155 3499 2250 3570; x_wconf 91' lang='lat' dir='ltr'><strong>qui</strong></span> <span class='ocrx_word' id='word_1_525' title='bbox 2286 3499 2455 3554; x_wconf 89' lang='lat' dir='ltr'><strong>tertia</strong></span> <span class='ocrx_word' id='word_1_526' title='bbox 2479 3499 2850 3556; x_wconf 88' lang='lat' dir='ltr'><strong>hebdomada</strong></span> <span class='ocrx_word' id='word_1_527' title='bbox 2897 3505 3031 3574; x_wconf 91' lang='lat' dir='ltr'><strong>post</strong></span> <span class='ocrx_word' id='word_1_528' title='bbox 3078 3500 3308 3556; x_wconf 86' lang='lat' dir='ltr'><strong>ﬁnitam</strong></span> <span class='ocrx_word' id='word_1_529' title='bbox 3336 3499 3490 3556; x_wconf 90' lang='lat' dir='ltr'><strong>hanc</strong></span> <span class='ocrx_word' id='word_1_530' title='bbox 3520 3517 3658 3572; x_wconf 79' lang='lat' dir='ltr'><strong>syn-</strong></span> 
     </span>
    </p>
   </div>
   <div class='ocr_carea' id='block_1_79' title="bbox 2015 3587 3662 3660">
    <p class='ocr_par' dir='ltr' id='par_1_79' title="bbox 2015 3587 3662 3660">
     <span class='ocr_line' id='line_1_79' title="bbox 2015 3587 3662 3660; baseline 0.002 -18"><span class='ocrx_word' id='word_1_531' title='bbox 2015 3587 3662 3660; x_wconf 78' lang='lat' dir='ltr'><strong>odumMoguntiamconvcnerant,paritcrcxcommunica—</strong></span> 
     </span>
    </p>
   </div>
   <div class='ocr_carea' id='block_1_80' title="bbox 2015 3675 3661 3750">
    <p class='ocr_par' dir='ltr' id='par_1_80' title="bbox 2015 3675 3661 3750">
     <span class='ocr_line' id='line_1_80' title="bbox 2015 3675 3661 3750; baseline 0.001 -18"><span class='ocrx_word' id='word_1_532' title='bbox 2015 3681 2152 3732; x_wconf 89' lang='lat' dir='ltr'><strong>runt</strong></span> <span class='ocrx_word' id='word_1_533' title='bbox 2173 3675 2428 3747; x_wconf 79' lang='lat' dir='ltr'><strong>Gregorii</strong></span> <span class='ocrx_word' id='word_1_534' title='bbox 2449 3676 3014 3749; x_wconf 88' lang='lat' dir='ltr'><strong>defensorem,atque</strong></span> <span class='ocrx_word' id='word_1_535' title='bbox 3025 3679 3328 3750; x_wconf 87' lang='lat' dir='ltr'><strong>episcopos</strong></span> <span class='ocrx_word' id='word_1_536' title='bbox 3344 3677 3661 3734; x_wconf 85' lang='lat' dir='ltr'><strong>catholicos</strong></span> 
     </span>
    </p>
   </div>
   <div class='ocr_carea' id='block_1_81' title="bbox 2015 3763 3660 3839">
    <p class='ocr_par' dir='ltr' id='par_1_81' title="bbox 2015 3763 3660 3839">
     <span class='ocr_line' id='line_1_81' title="bbox 2015 3763 3660 3839; baseline 0.001 -19"><span class='ocrx_word' id='word_1_537' title='bbox 2015 3781 2083 3821; x_wconf 77' lang='lat' dir='ltr'><strong>ex</strong></span> <span class='ocrx_word' id='word_1_538' title='bbox 2115 3782 2232 3820; x_wconf 64' lang='lat' dir='ltr'><strong>suae</strong></span> <span class='ocrx_word' id='word_1_539' title='bbox 2251 3765 2554 3836; x_wconf 88' lang='lat' dir='ltr'><strong>potestatis</strong></span> <span class='ocrx_word' id='word_1_540' title='bbox 2571 3763 2902 3822; x_wconf 82' lang='lat' dir='ltr'><strong>civitatibus</strong></span> <span class='ocrx_word' id='word_1_541' title='bbox 2925 3765 3579 3839; x_wconf 87' lang='lat' dir='ltr'><strong>expulerunt,sublectis</strong></span> <span class='ocrx_word' id='word_1_542' title='bbox 3599 3766 3660 3822; x_wconf 87' lang='lat' dir='ltr'><strong>in</strong></span> 
     </span>
    </p>
   </div>
   <div class='ocr_carea' id='block_1_82' title="bbox 2015 3851 3662 3928">
    <p class='ocr_par' dir='ltr' id='par_1_82' title="bbox 2015 3851 3662 3928">
     <span class='ocr_line' id='line_1_82' title="bbox 2015 3851 3662 3928; baseline 0 -18"><span class='ocrx_word' id='word_1_543' title='bbox 2015 3871 2215 3910; x_wconf 89' lang='lat' dir='ltr'><strong>eorum</strong></span> <span class='ocrx_word' id='word_1_544' title='bbox 2238 3851 2430 3910; x_wconf 87' lang='lat' dir='ltr'><strong>locum</strong></span> <span class='ocrx_word' id='word_1_545' title='bbox 2453 3853 2602 3920; x_wconf 90' lang='lat' dir='ltr'><strong>aliis,</strong></span> <span class='ocrx_word' id='word_1_546' title='bbox 2627 3855 2727 3927; x_wconf 91' lang='lat' dir='ltr'><strong>qui</strong></span> <span class='ocrx_word' id='word_1_547' title='bbox 2750 3854 2893 3926; x_wconf 88' lang='lat' dir='ltr'><strong>ipsis</strong></span> <span class='ocrx_word' id='word_1_548' title='bbox 2915 3855 3296 3912; x_wconf 75' lang='lat' dir='ltr'><strong>adhaererent.</strong></span> <span class='ocrx_word' id='word_1_549' title='bbox 3323 3855 3512 3928; x_wconf 83' lang='lat' dir='ltr'><strong>Hujus</strong></span> <span class='ocrx_word' id='word_1_550' title='bbox 3531 3873 3662 3912; x_wconf 89' lang='lat' dir='ltr'><strong>con-</strong></span> 
     </span>
    </p>
   </div>
   <div class='ocr_carea' id='block_1_83' title="bbox 2016 3941 3663 4018">
    <p class='ocr_par' dir='ltr' id='par_1_83' title="bbox 2016 3941 3663 4018">
     <span class='ocr_line' id='line_1_83' title="bbox 2016 3941 3663 4018; baseline 0.003 -21"><span class='ocrx_word' id='word_1_551' title='bbox 2016 3941 2270 3998; x_wconf 89' lang='lat' dir='ltr'><strong>ciliabuli</strong></span> <span class='ocrx_word' id='word_1_552' title='bbox 2294 3943 2698 4016; x_wconf 87' lang='lat' dir='ltr'><strong>episcoporum</strong></span> <span class='ocrx_word' id='word_1_553' title='bbox 2722 3943 2961 4000; x_wconf 88' lang='lat' dir='ltr'><strong>nomina</strong></span> <span class='ocrx_word' id='word_1_554' title='bbox 2979 3949 3276 4018; x_wconf 62' lang='lat' dir='ltr'><strong>praetereo,</strong></span> <span class='ocrx_word' id='word_1_555' title='bbox 3300 3961 3427 4018; x_wconf 63' lang='lat' dir='ltr'><strong>quae</strong></span> <span class='ocrx_word' id='word_1_556' title='bbox 3447 3943 3663 4002; x_wconf 88' lang='lat' dir='ltr'><strong>videsis</strong></span> 
     </span>
    </p>
   </div>
   <div class='ocr_carea' id='block_1_84' title="bbox 2016 4031 3664 4106">
    <p class='ocr_par' dir='ltr' id='par_1_84' title="bbox 2016 4031 3664 4106">
     <span class='ocr_line' id='line_1_84' title="bbox 2016 4031 3664 4106; baseline 0.002 -20"><span class='ocrx_word' id='word_1_557' title='bbox 2016 4032 2076 4088; x_wconf 90' lang='lat' dir='ltr'><strong>in</strong></span> <span class='ocrx_word' id='word_1_558' title='bbox 2107 4032 2310 4088; x_wconf 88' lang='lat' dir='ltr'><strong>eadem</strong></span> <span class='ocrx_word' id='word_1_559' title='bbox 2340 4031 2718 4088; x_wconf 90' lang='lat' dir='ltr'><strong>conciliorum</strong></span> <span class='ocrx_word' id='word_1_560' title='bbox 2750 4033 2962 4090; x_wconf 89' lang='lat' dir='ltr'><strong>Labbei</strong></span> <span class='ocrx_word' id='word_1_561' title='bbox 2983 4033 3348 4106; x_wconf 86' lang='lat' dir='ltr'><strong>Appendice:</strong></span> <span class='ocrx_word' id='word_1_562' title='bbox 3377 4037 3435 4090; x_wconf 87' lang='lat' dir='ltr'><strong>at</strong></span> <span class='ocrx_word' id='word_1_563' title='bbox 3462 4033 3664 4090; x_wconf 88' lang='lat' dir='ltr'><strong>Catho-</strong></span> 
     </span>
    </p>
   </div>
   <div class='ocr_carea' id='block_1_85' title="bbox 2018 4116 3663 4196">
    <p class='ocr_par' dir='ltr' id='par_1_85' title="bbox 2018 4116 3663 4196">
     <span class='ocr_line' id='line_1_85' title="bbox 2018 4116 3663 4196; baseline 0.001 -20"><span class='ocrx_word' id='word_1_564' title='bbox 2018 4116 2115 4176; x_wconf 89' lang='lat' dir='ltr'><strong>lici</strong></span> <span class='ocrx_word' id='word_1_565' title='bbox 2145 4121 2589 4194; x_wconf 88' lang='lat' dir='ltr'><strong>quatuordecim</strong></span> <span class='ocrx_word' id='word_1_566' title='bbox 2611 4121 2836 4178; x_wconf 87' lang='lat' dir='ltr'><strong>concilii</strong></span> <span class='ocrx_word' id='word_1_567' title='bbox 2868 4121 3468 4196; x_wconf 87' lang='lat' dir='ltr'><strong>Quindeliburgensis,</strong></span> <span class='ocrx_word' id='word_1_568' title='bbox 3515 4134 3663 4194; x_wconf 88' lang='lat' dir='ltr'><strong>quos</strong></span> 
     </span>
    </p>
   </div>
   <div class='ocr_carea' id='block_1_86' title="bbox 2019 4210 3662 4278">
    <p class='ocr_par' dir='ltr' id='par_1_86' title="bbox 2019 4210 3662 4278">
     <span class='ocr_line' id='line_1_86' title="bbox 2019 4210 3662 4278; baseline 0.002 -13"><span class='ocrx_word' id='word_1_569' title='bbox 2019 4210 2104 4266; x_wconf 85' lang='lat' dir='ltr'><strong>illi</strong></span> <span class='ocrx_word' id='word_1_570' title='bbox 2163 4213 2768 4278; x_wconf 86' lang='lat' dir='ltr'><strong>excommunicarunt,</strong></span> <span class='ocrx_word' id='word_1_571' title='bbox 2803 4212 2844 4271; x_wconf 81' lang='lat' dir='ltr'><strong>ii</strong></span> <span class='ocrx_word' id='word_1_572' title='bbox 2882 4215 3048 4270; x_wconf 83' lang='lat' dir='ltr'><strong>erant</strong></span> <span class='ocrx_word' id='word_1_573' title='bbox 3079 4229 3092 4267; x_wconf 88' lang='lat'><strong>:</strong></span> <span class='ocrx_word' id='word_1_574' title='bbox 3147 4211 3486 4270; x_wconf 82' lang='lat' dir='ltr'><strong>Gebehardus</strong></span> <span class='ocrx_word' id='word_1_575' title='bbox 3518 4212 3662 4268; x_wconf 85' lang='lat' dir='ltr'><strong>Sali-</strong></span> 
     </span>
    </p>
   </div>
   <div class='ocr_carea' id='block_1_87' title="bbox 2018 4300 3664 4374">
    <p class='ocr_par' dir='ltr' id='par_1_87' title="bbox 2018 4300 3664 4374">
     <span class='ocr_line' id='line_1_87' title="bbox 2018 4300 3664 4374; baseline 0 -18"><span class='ocrx_word' id='word_1_576' title='bbox 2018 4300 2346 4370; x_wconf 56' lang='lat' dir='ltr'><strong>sbury/ensis,</strong></span> <span class='ocrx_word' id='word_1_577' title='bbox 2381 4300 2696 4356; x_wconf 81' lang='lat' dir='ltr'><strong>Hardwicus</strong></span> <span class='ocrx_word' id='word_1_578' title='bbox 2725 4301 3240 4372; x_wconf 78' lang='lat' dir='ltr'><strong>Magdenbnrgensi,</strong></span> <span class='ocrx_word' id='word_1_579' title='bbox 3278 4318 3381 4358; x_wconf 87' lang='lat' dir='ltr'><strong>seu</strong></span> <span class='ocrx_word' id='word_1_580' title='bbox 3433 4301 3664 4374; x_wconf 82' lang='lat' dir='ltr'><strong>Magde-</strong></span> 
     </span>
    </p>
   </div>
   <div class='ocr_carea' id='block_1_88' title="bbox 2021 4389 3666 4462">
    <p class='ocr_par' dir='ltr' id='par_1_88' title="bbox 2021 4389 3666 4462">
     <span class='ocr_line' id='line_1_88' title="bbox 2021 4389 3666 4462; baseline 0.001 -18"><span class='ocrx_word' id='word_1_581' title='bbox 2021 4389 2214 4461; x_wconf 91' lang='lat' dir='ltr'><strong>burgi,</strong></span> <span class='ocrx_word' id='word_1_582' title='bbox 2277 4389 2540 4444; x_wconf 78' lang='lat' dir='ltr'><strong>Adalbcro</strong></span> <span class='ocrx_word' id='word_1_583' title='bbox 2595 4389 3066 4462; x_wconf 68' lang='lat' dir='ltr'><strong>ll’irtsburgcnsis,</strong></span> <span class='ocrx_word' id='word_1_584' title='bbox 3117 4390 3444 4446; x_wconf 79' lang='lat' dir='ltr'><strong>Altmannus</strong></span> <span class='ocrx_word' id='word_1_585' title='bbox 3465 4389 3666 4446; x_wconf 71' lang='lat' dir='ltr'><strong>Ballin-</strong></span> 
     </span>
    </p>
   </div>
   <div class='ocr_carea' id='block_1_89' title="bbox 2021 4477 3668 4554">
    <p class='ocr_par' dir='ltr' id='par_1_89' title="bbox 2021 4477 3668 4554">
     <span class='ocr_line' id='line_1_89' title="bbox 2021 4477 3668 4554; baseline 0.001 -20"><span class='ocrx_word' id='word_1_586' title='bbox 2021 4479 2218 4542; x_wconf 84' lang='lat' dir='ltr'><strong>vensis,</strong></span> <span class='ocrx_word' id='word_1_587' title='bbox 2257 4495 2356 4534; x_wconf 89' lang='lat' dir='ltr'><strong>seu</strong></span> <span class='ocrx_word' id='word_1_588' title='bbox 2391 4477 2625 4546; x_wconf 80' lang='lat' dir='ltr'><strong>Patavii,</strong></span> <span class='ocrx_word' id='word_1_589' title='bbox 2656 4479 2987 4545; x_wconf 68' lang='lat' dir='ltr'><strong>Bernartius,</strong></span> <span class='ocrx_word' id='word_1_590' title='bbox 3020 4496 3094 4536; x_wconf 88' lang='lat' dir='ltr'><strong>an</strong></span> <span class='ocrx_word' id='word_1_591' title='bbox 3124 4478 3531 4547; x_wconf 86' lang='lat' dir='ltr'><strong>Wernharius,</strong></span> <span class='ocrx_word' id='word_1_592' title='bbox 3565 4495 3668 4554; x_wconf 83' lang='lat' dir='ltr'><strong>seu</strong></span> 
     </span>
    </p>
   </div>
   <div class='ocr_carea' id='block_1_90' title="bbox 2025 4567 3668 4640">
    <p class='ocr_par' dir='ltr' id='par_1_90' title="bbox 2025 4567 3668 4640">
     <span class='ocr_line' id='line_1_90' title="bbox 2025 4567 3668 4640; baseline -0.001 -17"><span class='ocrx_word' id='word_1_593' title='bbox 2025 4567 2401 4634; x_wconf 81' lang='lat' dir='ltr'><strong>Guernerius,</strong></span> <span class='ocrx_word' id='word_1_594' title='bbox 2462 4567 2906 4640; x_wconf 70' lang='lat' dir='ltr'><strong>illersbnrgensis,</strong></span> <span class='ocrx_word' id='word_1_595' title='bbox 2968 4568 3276 4624; x_wconf 83' lang='lat' dir='ltr'><strong>Guntherus</strong></span> <span class='ocrx_word' id='word_1_596' title='bbox 3355 4570 3668 4635; x_wconf 64' lang='lat' dir='ltr'><strong>Citirensts,</strong></span> 
     </span>
    </p>
   </div>
   <div class='ocr_carea' id='block_1_91' title="bbox 2025 4657 3673 4730">
    <p class='ocr_par' dir='ltr' id='par_1_91' title="bbox 2025 4657 3673 4730">
     <span class='ocr_line' id='line_1_91' title="bbox 2025 4657 3673 4730; baseline 0.001 -18"><span class='ocrx_word' id='word_1_597' title='bbox 2025 4657 2209 4712; x_wconf 84' lang='lat' dir='ltr'><strong>Bcnno</strong></span> <span class='ocrx_word' id='word_1_598' title='bbox 2269 4657 2578 4724; x_wconf 71' lang='lat' dir='ltr'><strong>Maesianus,</strong></span> <span class='ocrx_word' id='word_1_599' title='bbox 2640 4674 2742 4714; x_wconf 87' lang='lat' dir='ltr'><strong>seu</strong></span> <span class='ocrx_word' id='word_1_600' title='bbox 2795 4659 2991 4730; x_wconf 89' lang='lat' dir='ltr'><strong>potius</strong></span> <span class='ocrx_word' id='word_1_601' title='bbox 3041 4658 3375 4724; x_wconf 83' lang='lat' dir='ltr'><strong>Misncnsis,</strong></span> <span class='ocrx_word' id='word_1_602' title='bbox 3427 4658 3673 4713; x_wconf 80' lang='lat' dir='ltr'><strong>Albertus</strong></span> 
     </span>
    </p>
   </div>
   <div class='ocr_carea' id='block_1_92' title="bbox 255 4741 3672 4820">
    <p class='ocr_par' dir='ltr' id='par_1_92' title="bbox 255 4741 3672 4820">
     <span class='ocr_line' id='line_1_92' title="bbox 255 4741 3672 4820; baseline -0.001 -17"><span class='ocrx_word' id='word_1_603' title='bbox 255 4746 834 4807; x_wconf 81' lang='lat' dir='ltr'><strong>Hildesheimensem</strong></span> <span class='ocrx_word' id='word_1_604' title='bbox 847 4746 1208 4818; x_wconf 86' lang='lat' dir='ltr'><strong>episcopum,</strong></span> <span class='ocrx_word' id='word_1_605' title='bbox 1229 4743 1328 4816; x_wconf 84' lang='lat' dir='ltr'><strong>qui</strong></span> <span class='ocrx_word' id='word_1_606' title='bbox 1353 4741 1571 4798; x_wconf 79' lang='lat' dir='ltr'><strong>relictis</strong></span> <span class='ocrx_word' id='word_1_607' title='bbox 1592 4741 1918 4798; x_wconf 82' lang='lat' dir='ltr'><strong>Saxonibus</strong></span> <span class='ocrx_word' id='word_1_608' title='bbox 1955 4755 1996 4820; x_wconf 77' lang='grc' dir='ltr'><strong>ι)</strong></span> <span class='ocrx_word' id='word_1_609' title='bbox 2032 4748 2361 4814; x_wconf 71' lang='lat' dir='ltr'><strong>Vangionas,</strong></span> <span class='ocrx_word' id='word_1_610' title='bbox 2394 4745 2452 4800; x_wconf 89' lang='lat' dir='ltr'><strong>id</strong></span> <span class='ocrx_word' id='word_1_611' title='bbox 2485 4752 2573 4801; x_wconf 85' lang='lat' dir='ltr'><strong>est</strong></span> <span class='ocrx_word' id='word_1_612' title='bbox 2605 4747 2959 4812; x_wconf 72' lang='lat' dir='ltr'><strong>Wormatiee,</strong></span> <span class='ocrx_word' id='word_1_613' title='bbox 2994 4747 3312 4802; x_wconf 81' lang='lat' dir='ltr'><strong>Burkardns</strong></span> <span class='ocrx_word' id='word_1_614' title='bbox 3363 4747 3672 4802; x_wconf 87' lang='lat' dir='ltr'><strong>Halbersta-</strong></span> 
     </span>
    </p>
   </div>
   <div class='ocr_carea' id='block_1_93' title="bbox 257 4829 3674 4908">
    <p class='ocr_par' dir='ltr' id='par_1_93' title="bbox 257 4829 3674 4908">
     <span class='ocr_line' id='line_1_93' title="bbox 257 4829 3674 4908; baseline 0 -17"><span class='ocrx_word' id='word_1_615' title='bbox 257 4839 333 4894; x_wconf 72' lang='lat' dir='ltr'><strong>ad</strong></span> <span class='ocrx_word' id='word_1_616' title='bbox 347 4836 865 4894; x_wconf 85' lang='lat' dir='ltr'><strong>schismaticorum</strong></span> <span class='ocrx_word' id='word_1_617' title='bbox 882 4837 1075 4907; x_wconf 88' lang='lat' dir='ltr'><strong>partes</strong></span> <span class='ocrx_word' id='word_1_618' title='bbox 1088 4829 1921 4899; x_wconf 76' lang='lat' dir='ltr'><strong>transierat,sucrisinterdixit</strong></span> <span class='ocrx_word' id='word_1_619' title='bbox 2027 4836 2215 4904; x_wconf 78' lang='lat' dir='ltr'><strong>tensis,</strong></span> <span class='ocrx_word' id='word_1_620' title='bbox 2276 4835 2618 4890; x_wconf 85' lang='lat' dir='ltr'><strong>Hermannns</strong></span> <span class='ocrx_word' id='word_1_621' title='bbox 2647 4835 3098 4903; x_wconf 81' lang='lat' dir='ltr'><strong>Mediomatricus,</strong></span> <span class='ocrx_word' id='word_1_622' title='bbox 3156 4835 3492 4908; x_wconf 82' lang='lat' dir='ltr'><strong>Reginardus</strong></span> <span class='ocrx_word' id='word_1_623' title='bbox 3536 4836 3674 4906; x_wconf 78' lang='lat' dir='ltr'><strong>Min-</strong></span> 
     </span>
    </p>
   </div>
   <div class='ocr_carea' id='block_1_94' title="bbox 255 4920 1918 4992">
    <p class='ocr_par' dir='ltr' id='par_1_94' title="bbox 255 4920 1918 4992">
     <span class='ocr_line' id='line_1_94' title="bbox 255 4920 1918 4992; baseline -0.005 -10"><span class='ocrx_word' id='word_1_624' title='bbox 255 4923 419 4982; x_wconf 81' lang='lat' dir='ltr'><strong>Nihil</strong></span> <span class='ocrx_word' id='word_1_625' title='bbox 451 4941 586 4982; x_wconf 85' lang='lat' dir='ltr'><strong>vero</strong></span> <span class='ocrx_word' id='word_1_626' title='bbox 619 4925 764 4982; x_wconf 88' lang='lat' dir='ltr'><strong>adeo</strong></span> <span class='ocrx_word' id='word_1_627' title='bbox 811 4922 1229 4981; x_wconf 84' lang='lat' dir='ltr'><strong>catholicorum</strong></span> <span class='ocrx_word' id='word_1_628' title='bbox 1261 4920 1492 4977; x_wconf 88' lang='lat' dir='ltr'><strong>animos</strong></span> <span class='ocrx_word' id='word_1_629' title='bbox 1539 4920 1823 4992; x_wconf 88' lang='lat' dir='ltr'><strong>permovit</strong></span> <span class='ocrx_word' id='word_1_630' title='bbox 1853 4935 1918 4976; x_wconf 88' lang='lat' dir='ltr'><strong>ac</strong></span> 
     </span>
    </p>
   </div>
   <div class='ocr_carea' id='block_1_95' title="bbox 260 5009 1918 5086">
    <p class='ocr_par' dir='ltr' id='par_1_95' title="bbox 260 5009 1918 5086">
     <span class='ocr_line' id='line_1_95' title="bbox 260 5009 1918 5086; baseline -0.006 -13"><span class='ocrx_word' id='word_1_631' title='bbox 260 5029 416 5073; x_wconf 85' lang='lat' dir='ltr'><strong>nova</strong></span> <span class='ocrx_word' id='word_1_632' title='bbox 443 5013 768 5070; x_wconf 65' lang='lat' dir='ltr'><strong>\ViceIOnis</strong></span> <span class='ocrx_word' id='word_1_633' title='bbox 800 5011 1222 5086; x_wconf 85' lang='lat' dir='ltr'><strong>archiepisc0pi</strong></span> <span class='ocrx_word' id='word_1_634' title='bbox 1243 5010 1506 5077; x_wconf 89' lang='lat' dir='ltr'><strong>assertio,</strong></span> <span class='ocrx_word' id='word_1_635' title='bbox 1535 5009 1635 5083; x_wconf 88' lang='lat' dir='ltr'><strong>qui</strong></span> <span class='ocrx_word' id='word_1_636' title='bbox 1667 5009 1724 5064; x_wconf 91' lang='lat' dir='ltr'><strong>in</strong></span> <span class='ocrx_word' id='word_1_637' title='bbox 1748 5009 1918 5080; x_wconf 88' lang='lat' dir='ltr'><strong>pleno</strong></span> 
     </span>
    </p>
   </div>
   <div class='ocr_carea' id='block_1_96' title="bbox 258 5099 1920 5172">
    <p class='ocr_par' dir='ltr' id='par_1_96' title="bbox 258 5099 1920 5172">
     <span class='ocr_line' id='line_1_96' title="bbox 258 5099 1920 5172; baseline -0.004 -11"><span class='ocrx_word' id='word_1_638' title='bbox 258 5107 555 5161; x_wconf 79' lang='lat' dir='ltr'><strong>conventu</strong></span> <span class='ocrx_word' id='word_1_639' title='bbox 585 5101 807 5159; x_wconf 86' lang='lat' dir='ltr'><strong>veritus</strong></span> <span class='ocrx_word' id='word_1_640' title='bbox 855 5118 970 5158; x_wconf 90' lang='lat' dir='ltr'><strong>non</strong></span> <span class='ocrx_word' id='word_1_641' title='bbox 1021 5107 1111 5157; x_wconf 88' lang='lat' dir='ltr'><strong>est</strong></span> <span class='ocrx_word' id='word_1_642' title='bbox 1161 5099 1456 5156; x_wconf 82' lang='lat' dir='ltr'><strong>afﬁrmare</strong></span> <span class='ocrx_word' id='word_1_643' title='bbox 1503 5114 1920 5172; x_wconf 89' lang='lat' dir='ltr'><strong>quemcunque</strong></span> 
     </span>
    </p>
   </div>
   <div class='ocr_carea' id='block_1_97' title="bbox 257 5189 1918 5263">
    <p class='ocr_par' dir='ltr' id='par_1_97' title="bbox 257 5189 1918 5263">
     <span class='ocr_line' id='line_1_97' title="bbox 257 5189 1918 5263; baseline -0.004 -14"><span class='ocrx_word' id='word_1_644' title='bbox 257 5191 568 5249; x_wconf 85' lang='lat' dir='ltr'><strong>hominem</strong></span> <span class='ocrx_word' id='word_1_645' title='bbox 586 5191 796 5250; x_wconf 86' lang='lat' dir='ltr'><strong>tandiu</strong></span> <span class='ocrx_word' id='word_1_646' title='bbox 811 5189 1264 5263; x_wconf 89' lang='lat' dir='ltr'><strong>divinislegibus</strong></span> <span class='ocrx_word' id='word_1_647' title='bbox 1279 5189 1580 5260; x_wconf 88' lang='lat' dir='ltr'><strong>subjacere</strong></span> <span class='ocrx_word' id='word_1_648' title='bbox 1597 5203 1711 5244; x_wconf 91' lang='lat' dir='ltr'><strong>non</strong></span> <span class='ocrx_word' id='word_1_649' title='bbox 1727 5203 1918 5260; x_wconf 90' lang='lat' dir='ltr'><strong>posse,</strong></span> 
     </span>
    </p>
   </div>
   <div class='ocr_carea' id='block_1_98' title="bbox 261 5275 1920 5355">
    <p class='ocr_par' dir='ltr' id='par_1_98' title="bbox 261 5275 1920 5355">
     <span class='ocr_line' id='line_1_98' title="bbox 261 5275 1920 5355; baseline -0.003 -17"><span class='ocrx_word' id='word_1_650' title='bbox 261 5279 646 5355; x_wconf 82' lang='lat' dir='ltr'><strong>quandiuille</strong></span> <span class='ocrx_word' id='word_1_651' title='bbox 659 5279 834 5337; x_wconf 83' lang='lat' dir='ltr'><strong>fuerit</strong></span> <span class='ocrx_word' id='word_1_652' title='bbox 847 5279 1022 5336; x_wconf 90' lang='lat' dir='ltr'><strong>rebus</strong></span> <span class='ocrx_word' id='word_1_653' title='bbox 1037 5279 1160 5336; x_wconf 87' lang='lat' dir='ltr'><strong>suis</strong></span> <span class='ocrx_word' id='word_1_654' title='bbox 1171 5276 1667 5350; x_wconf 88' lang='lat' dir='ltr'><strong>spoliatus.Quam</strong></span> <span class='ocrx_word' id='word_1_655' title='bbox 1683 5275 1920 5348; x_wconf 90' lang='lat' dir='ltr'><strong>quidem</strong></span> 
     </span>
    </p>
   </div>
   <div class='ocr_carea' id='block_1_99' title="bbox 261 5363 1924 5440">
    <p class='ocr_par' dir='ltr' id='par_1_99' title="bbox 261 5363 1924 5440">
     <span class='ocr_line' id='line_1_99' title="bbox 261 5363 1924 5440; baseline -0.004 -12"><span class='ocrx_word' id='word_1_656' title='bbox 261 5370 622 5428; x_wconf 72' lang='lat' dir='ltr'><strong>sententiam</strong></span> <span class='ocrx_word' id='word_1_657' title='bbox 636 5369 923 5435; x_wconf 64' lang='lat' dir='ltr'><strong>haeresim,</strong></span> <span class='ocrx_word' id='word_1_658' title='bbox 941 5368 1252 5440; x_wconf 79' lang='lat' dir='ltr'><strong>ipsumque</strong></span> <span class='ocrx_word' id='word_1_659' title='bbox 1265 5367 1406 5423; x_wconf 90' lang='lat' dir='ltr'><strong>adeo</strong></span> <span class='ocrx_word' id='word_1_660' title='bbox 1427 5364 1788 5422; x_wconf 85' lang='lat' dir='ltr'><strong>Wicelonem</strong></span> <span class='ocrx_word' id='word_1_661' title='bbox 1811 5363 1924 5421; x_wconf 72' lang='lat' dir='ltr'><strong>hee-</strong></span> 
     </span>
    </p>
   </div>
   <div class='ocr_carea' id='block_1_100' title="bbox 261 5453 1924 5530">
    <p class='ocr_par' dir='ltr' id='par_1_100' title="bbox 261 5453 1924 5530">
     <span class='ocr_line' id='line_1_100' title="bbox 261 5453 1924 5530; baseline -0.004 -15"><span class='ocrx_word' id='word_1_662' title='bbox 261 5461 610 5517; x_wconf 83' lang='lat' dir='ltr'><strong>resiarcham</strong></span> <span class='ocrx_word' id='word_1_663' title='bbox 639 5458 919 5530; x_wconf 88' lang='lat' dir='ltr'><strong>deinceps</strong></span> <span class='ocrx_word' id='word_1_664' title='bbox 948 5455 1227 5512; x_wconf 83' lang='lat' dir='ltr'><strong>Catholici</strong></span> <span class='ocrx_word' id='word_1_665' title='bbox 1265 5455 1556 5529; x_wconf 86' lang='lat' dir='ltr'><strong>appellare</strong></span> <span class='ocrx_word' id='word_1_666' title='bbox 1607 5472 1722 5510; x_wconf 85' lang='lat' dir='ltr'><strong>non</strong></span> <span class='ocrx_word' id='word_1_667' title='bbox 1755 5453 1924 5509; x_wconf 85' lang='lat' dir='ltr'><strong>dubi-</strong></span> 
     </span>
    </p>
   </div>
   <div class='ocr_carea' id='block_1_101' title="bbox 261 5551 1770 5705">
    <p class='ocr_par' dir='ltr' id='par_1_101' title="bbox 261 5551 1770 5705">
     <span class='ocr_line' id='line_1_101' title="bbox 261 5551 1770 5705; baseline -0.005 -11"><span class='ocrx_word' id='word_1_668' title='bbox 261 5551 566 5694; x_wconf 42' lang='lat' dir='ltr'><strong>“mihi.</strong></span> <span class='ocrx_word' id='word_1_669' title='bbox 603 5637 869 5694; x_wconf 85' lang='lat' dir='ltr'><strong>Convocat</strong></span> <span class='ocrx_word' id='word_1_670' title='bbox 897 5637 1194 5692; x_wconf 84' lang='lat' dir='ltr'><strong>concilium</strong></span> <span class='ocrx_word' id='word_1_671' title='bbox 1220 5631 1770 5705; x_wconf 82' lang='lat' dir='ltr'><strong>Quindeliburgense.</strong></span> 
     </span>
    </p>
   </div>
   <div class='ocr_carea' id='block_1_102' title="bbox 337 5719 1928 5805">
    <p class='ocr_par' dir='ltr' id='par_1_102' title="bbox 337 5719 1928 5805">
     <span class='ocr_line' id='line_1_102' title="bbox 337 5719 1928 5805; baseline -0.005 -21"><span class='ocrx_word' id='word_1_672' title='bbox 337 5727 603 5784; x_wconf 84' lang='lat' dir='ltr'><strong>Turbata</strong></span> <span class='ocrx_word' id='word_1_673' title='bbox 620 5725 716 5782; x_wconf 90' lang='lat' dir='ltr'><strong>his</strong></span> <span class='ocrx_word' id='word_1_674' title='bbox 739 5725 878 5782; x_wconf 82' lang='lat' dir='ltr'><strong>rixis</strong></span> <span class='ocrx_word' id='word_1_675' title='bbox 899 5725 1228 5805; x_wconf 79' lang='lat' dir='ltr'><strong>Germania,</strong></span> <span class='ocrx_word' id='word_1_676' title='bbox 1263 5722 1302 5779; x_wconf 89' lang='lat' dir='ltr'><strong>ii</strong></span> <span class='ocrx_word' id='word_1_677' title='bbox 1325 5723 1425 5797; x_wconf 91' lang='lat' dir='ltr'><strong>qui</strong></span> <span class='ocrx_word' id='word_1_678' title='bbox 1446 5720 1721 5796; x_wconf 87' lang='lat' dir='ltr'><strong>Gregorio</strong></span> <span class='ocrx_word' id='word_1_679' title='bbox 1739 5719 1928 5778; x_wconf 73' lang='lat' dir='ltr'><strong>adhae-</strong></span> 
     </span>
    </p>
   </div>
   <div class='ocr_carea' id='block_1_103' title="bbox 259 5813 1921 5887">
    <p class='ocr_par' dir='ltr' id='par_1_103' title="bbox 259 5813 1921 5887">
     <span class='ocr_line' id='line_1_103' title="bbox 259 5813 1921 5887; baseline -0.003 -16"><span class='ocrx_word' id='word_1_680' title='bbox 259 5816 494 5885; x_wconf 75' lang='lat' dir='ltr'><strong>rebant,</strong></span> <span class='ocrx_word' id='word_1_681' title='bbox 525 5819 592 5873; x_wconf 90' lang='lat' dir='ltr'><strong>ut</strong></span> <span class='ocrx_word' id='word_1_682' title='bbox 607 5831 671 5872; x_wconf 88' lang='lat' dir='ltr'><strong>se</strong></span> <span class='ocrx_word' id='word_1_683' title='bbox 691 5828 949 5887; x_wconf 88' lang='lat' dir='ltr'><strong>suosque</strong></span> <span class='ocrx_word' id='word_1_684' title='bbox 963 5819 1167 5872; x_wconf 89' lang='lat' dir='ltr'><strong>contra</strong></span> <span class='ocrx_word' id='word_1_685' title='bbox 1187 5813 1652 5872; x_wconf 86' lang='lat' dir='ltr'><strong>adversariorum</strong></span> <span class='ocrx_word' id='word_1_686' title='bbox 1676 5813 1921 5868; x_wconf 89' lang='lat' dir='ltr'><strong>conatus</strong></span> 
     </span>
    </p>
   </div>
   <div class='ocr_carea' id='block_1_104' title="bbox 2027 4923 3676 4996">
    <p class='ocr_par' dir='ltr' id='par_1_104' title="bbox 2027 4923 3676 4996">
     <span class='ocr_line' id='line_1_104' title="bbox 2027 4923 3676 4996; baseline 0.001 -17"><span class='ocrx_word' id='word_1_687' title='bbox 2027 4924 2228 4992; x_wconf 83' lang='lat' dir='ltr'><strong>densis,</strong></span> <span class='ocrx_word' id='word_1_688' title='bbox 2267 4923 2537 4994; x_wconf 76' lang='lat' dir='ltr'><strong>ll’igoldus</strong></span> <span class='ocrx_word' id='word_1_689' title='bbox 2595 4925 2962 4996; x_wconf 81' lang='lat' dir='ltr'><strong>Angustanns,</strong></span> <span class='ocrx_word' id='word_1_690' title='bbox 3005 4925 3349 4982; x_wconf 83' lang='lat' dir='ltr'><strong>Gebehardns</strong></span> <span class='ocrx_word' id='word_1_691' title='bbox 3407 4925 3676 4983; x_wconf 84' lang='lat' dir='ltr'><strong>Constan-</strong></span> 
     </span>
    </p>
   </div>
   <div class='ocr_carea' id='block_1_105' title="bbox 2027 5013 3078 5086">
    <p class='ocr_par' dir='ltr' id='par_1_105' title="bbox 2027 5013 3078 5086">
     <span class='ocr_line' id='line_1_105' title="bbox 2027 5013 3078 5086; baseline 0 -16"><span class='ocrx_word' id='word_1_692' title='bbox 2027 5015 2244 5082; x_wconf 76' lang='lat' dir='ltr'><strong>tiensis,</strong></span> <span class='ocrx_word' id='word_1_693' title='bbox 2269 5020 2318 5068; x_wconf 81' lang='lat' dir='ltr'><strong>et</strong></span> <span class='ocrx_word' id='word_1_694' title='bbox 2349 5014 2614 5070; x_wconf 82' lang='lat' dir='ltr'><strong>Henricus</strong></span> <span class='ocrx_word' id='word_1_695' title='bbox 2644 5013 3078 5086; x_wconf 82' lang='lat' dir='ltr'><strong>Bambergensis.</strong></span> 
     </span>
    </p>
   </div>
   <div class='ocr_carea' id='block_1_106' title="bbox 2411 5101 3302 5176">
    <p class='ocr_par' dir='ltr' id='par_1_106' title="bbox 2411 5101 3302 5176">
     <span class='ocr_line' id='line_1_106' title="bbox 2411 5101 3302 5176; baseline 0.002 -18"><span class='ocrx_word' id='word_1_696' title='bbox 2411 5101 2575 5158; x_wconf 80' lang='lat' dir='ltr'><strong>XVII.</strong></span> <span class='ocrx_word' id='word_1_697' title='bbox 2611 5103 2900 5176; x_wconf 81' lang='lat' dir='ltr'><strong>Gregorius</strong></span> <span class='ocrx_word' id='word_1_698' title='bbox 2932 5107 3021 5161; x_wconf 82' lang='lat' dir='ltr'><strong><em>VII</em></strong></span> <span class='ocrx_word' id='word_1_699' title='bbox 3049 5107 3302 5161; x_wconf 83' lang='lat' dir='ltr'><strong>moritur.</strong></span> 
     </span>
    </p>
   </div>
   <div class='ocr_carea' id='block_1_107' title="bbox 2103 5187 3677 5267">
    <p class='ocr_par' dir='ltr' id='par_1_107' title="bbox 2103 5187 3677 5267">
     <span class='ocr_line' id='line_1_107' title="bbox 2103 5187 3677 5267; baseline 0.004 -25"><span class='ocrx_word' id='word_1_700' title='bbox 2103 5187 2328 5246; x_wconf 86' lang='lat' dir='ltr'><strong>Interea</strong></span> <span class='ocrx_word' id='word_1_701' title='bbox 2355 5190 2692 5264; x_wconf 84' lang='lat' dir='ltr'><strong>Gregorius,</strong></span> <span class='ocrx_word' id='word_1_702' title='bbox 2726 5193 2847 5265; x_wconf 88' lang='lat' dir='ltr'><strong>qui,</strong></span> <span class='ocrx_word' id='word_1_703' title='bbox 2880 5193 3082 5250; x_wconf 88' lang='lat' dir='ltr'><strong>relicta</strong></span> <span class='ocrx_word' id='word_1_704' title='bbox 3112 5193 3282 5262; x_wconf 89' lang='lat' dir='ltr'><strong>Urbe,</strong></span> <span class='ocrx_word' id='word_1_705' title='bbox 3331 5193 3590 5267; x_wconf 88' lang='lat' dir='ltr'><strong>primum</strong></span> <span class='ocrx_word' id='word_1_706' title='bbox 3615 5193 3677 5249; x_wconf 90' lang='lat' dir='ltr'><strong>in</strong></span> 
     </span>
    </p>
   </div>
   <div class='ocr_carea' id='block_1_108' title="bbox 2031 5279 3681 5349">
    <p class='ocr_par' dir='ltr' id='par_1_108' title="bbox 2031 5279 3681 5349">
     <span class='ocr_line' id='line_1_108' title="bbox 2031 5279 3681 5349; baseline 0.004 -18"><span class='ocrx_word' id='word_1_707' title='bbox 2031 5279 2456 5335; x_wconf 88' lang='lat' dir='ltr'><strong>monasterium</strong></span> <span class='ocrx_word' id='word_1_708' title='bbox 2481 5280 2797 5338; x_wconf 88' lang='lat' dir='ltr'><strong>Casinense</strong></span> <span class='ocrx_word' id='word_1_709' title='bbox 2819 5286 3157 5349; x_wconf 90' lang='lat' dir='ltr'><strong>secesserat,</strong></span> <span class='ocrx_word' id='word_1_710' title='bbox 3183 5283 3406 5340; x_wconf 90' lang='lat' dir='ltr'><strong>Salerni</strong></span> <span class='ocrx_word' id='word_1_711' title='bbox 3429 5283 3681 5340; x_wconf 86' lang='lat' dir='ltr'><strong>moritur</strong></span> 
     </span>
    </p>
   </div>
   <div class='ocr_carea' id='block_1_109' title="bbox 2035 5365 3679 5443">
    <p class='ocr_par' dir='ltr' id='par_1_109' title="bbox 2035 5365 3679 5443">
     <span class='ocr_line' id='line_1_109' title="bbox 2035 5365 3679 5443; baseline 0.005 -23"><span class='ocrx_word' id='word_1_712' title='bbox 2035 5365 2127 5420; x_wconf 90' lang='lat' dir='ltr'><strong>die</strong></span> <span class='ocrx_word' id='word_1_713' title='bbox 2156 5383 2256 5422; x_wconf 84' lang='lat' dir='ltr'><strong>vm</strong></span> <span class='ocrx_word' id='word_1_714' title='bbox 2287 5368 2573 5424; x_wconf 86' lang='lat' dir='ltr'><strong>Kalendas</strong></span> <span class='ocrx_word' id='word_1_715' title='bbox 2603 5369 2762 5426; x_wconf 90' lang='lat' dir='ltr'><strong>Junii</strong></span> <span class='ocrx_word' id='word_1_716' title='bbox 2795 5371 2999 5443; x_wconf 78' lang='lat'><strong>(1085),</strong></span> <span class='ocrx_word' id='word_1_717' title='bbox 3021 5371 3120 5426; x_wconf 89' lang='lat' dir='ltr'><strong>ubi</strong></span> <span class='ocrx_word' id='word_1_718' title='bbox 3143 5373 3202 5427; x_wconf 91' lang='lat' dir='ltr'><strong>in</strong></span> <span class='ocrx_word' id='word_1_719' title='bbox 3224 5371 3466 5428; x_wconf 87' lang='lat' dir='ltr'><strong>ecclesia</strong></span> <span class='ocrx_word' id='word_1_720' title='bbox 3481 5373 3679 5429; x_wconf 87' lang='lat' dir='ltr'><strong>Sancti</strong></span> 
     </span>
    </p>
   </div>
   <div class='ocr_carea' id='block_1_110' title="bbox 2035 5455 3676 5536">
    <p class='ocr_par' dir='ltr' id='par_1_110' title="bbox 2035 5455 3676 5536">
     <span class='ocr_line' id='line_1_110' title="bbox 2035 5455 3676 5536; baseline 0.005 -26"><span class='ocrx_word' id='word_1_721' title='bbox 2035 5455 2290 5510; x_wconf 68' lang='lat' dir='ltr'><strong>Mattbaai</strong></span> <span class='ocrx_word' id='word_1_722' title='bbox 2323 5458 2395 5512; x_wconf 86' lang='lat' dir='ltr'><strong>ab</strong></span> <span class='ocrx_word' id='word_1_723' title='bbox 2434 5475 2500 5514; x_wconf 89' lang='lat' dir='ltr'><strong>eo</strong></span> <span class='ocrx_word' id='word_1_724' title='bbox 2551 5465 2890 5516; x_wconf 87' lang='lat' dir='ltr'><strong>consecrata</strong></span> <span class='ocrx_word' id='word_1_725' title='bbox 2920 5459 3239 5518; x_wconf 76' lang='lat' dir='ltr'><strong>honorifice</strong></span> <span class='ocrx_word' id='word_1_726' title='bbox 3270 5461 3536 5536; x_wconf 88' lang='lat' dir='ltr'><strong>sepultus</strong></span> <span class='ocrx_word' id='word_1_727' title='bbox 3567 5465 3676 5519; x_wconf 86' lang='lat' dir='ltr'><strong>est.</strong></span> 
     </span>
    </p>
   </div>
   <div class='ocr_carea' id='block_1_111' title="bbox 2034 5545 3677 5626">
    <p class='ocr_par' dir='ltr' id='par_1_111' title="bbox 2034 5545 3677 5626">
     <span class='ocr_line' id='line_1_111' title="bbox 2034 5545 3677 5626; baseline 0.005 -27"><span class='ocrx_word' id='word_1_728' title='bbox 2034 5545 2178 5600; x_wconf 86' lang='lat' dir='ltr'><strong>Cum</strong></span> <span class='ocrx_word' id='word_1_729' title='bbox 2202 5561 2335 5600; x_wconf 83' lang='lat' dir='ltr'><strong>vero</strong></span> <span class='ocrx_word' id='word_1_730' title='bbox 2367 5546 2668 5619; x_wconf 83' lang='lat' dir='ltr'><strong>proximus</strong></span> <span class='ocrx_word' id='word_1_731' title='bbox 2699 5555 2854 5604; x_wconf 89' lang='lat' dir='ltr'><strong>esset</strong></span> <span class='ocrx_word' id='word_1_732' title='bbox 2884 5551 3078 5615; x_wconf 90' lang='lat' dir='ltr'><strong>morti,</strong></span> <span class='ocrx_word' id='word_1_733' title='bbox 3111 5551 3503 5626; x_wconf 87' lang='lat' dir='ltr'><strong>interrogatus</strong></span> <span class='ocrx_word' id='word_1_734' title='bbox 3535 5553 3677 5622; x_wconf 91' lang='lat' dir='ltr'><strong>quid</strong></span> 
     </span>
    </p>
   </div>
   <div class='ocr_carea' id='block_1_112' title="bbox 2034 5632 3676 5707">
    <p class='ocr_par' dir='ltr' id='par_1_112' title="bbox 2034 5632 3676 5707">
     <span class='ocr_line' id='line_1_112' title="bbox 2034 5632 3676 5707; baseline 0.003 -19"><span class='ocrx_word' id='word_1_735' title='bbox 2034 5632 2277 5690; x_wconf 89' lang='lat' dir='ltr'><strong>sentiret</strong></span> <span class='ocrx_word' id='word_1_736' title='bbox 2307 5633 2377 5690; x_wconf 91' lang='lat' dir='ltr'><strong>de</strong></span> <span class='ocrx_word' id='word_1_737' title='bbox 2408 5636 2604 5692; x_wconf 83' lang='lat' dir='ltr'><strong>futuro</strong></span> <span class='ocrx_word' id='word_1_738' title='bbox 2635 5637 2746 5692; x_wconf 89' lang='lat' dir='ltr'><strong>sibi</strong></span> <span class='ocrx_word' id='word_1_739' title='bbox 2779 5655 3134 5707; x_wconf 87' lang='lat' dir='ltr'><strong>successore,</strong></span> <span class='ocrx_word' id='word_1_740' title='bbox 3187 5639 3498 5697; x_wconf 87' lang='lat' dir='ltr'><strong>nonnullos</strong></span> <span class='ocrx_word' id='word_1_741' title='bbox 3521 5639 3593 5694; x_wconf 86' lang='lat' dir='ltr'><strong>ad</strong></span> <span class='ocrx_word' id='word_1_742' title='bbox 3618 5639 3676 5694; x_wconf 92' lang='lat' dir='ltr'><strong>id</strong></span> 
     </span>
    </p>
   </div>
   <div class='ocr_carea' id='block_1_113' title="bbox 2034 5725 3678 5803">
    <p class='ocr_par' dir='ltr' id='par_1_113' title="bbox 2034 5725 3678 5803">
     <span class='ocr_line' id='line_1_113' title="bbox 2034 5725 3678 5803; baseline 0.004 -27"><span class='ocrx_word' id='word_1_743' title='bbox 2034 5738 2251 5779; x_wconf 90' lang='lat' dir='ltr'><strong>munus</strong></span> <span class='ocrx_word' id='word_1_744' title='bbox 2283 5728 2448 5797; x_wconf 89' lang='lat' dir='ltr'><strong>aptos</strong></span> <span class='ocrx_word' id='word_1_745' title='bbox 2499 5726 2838 5800; x_wconf 87' lang='lat' dir='ltr'><strong>designasse</strong></span> <span class='ocrx_word' id='word_1_746' title='bbox 2880 5727 3080 5796; x_wconf 85' lang='lat' dir='ltr'><strong>fertur,</strong></span> <span class='ocrx_word' id='word_1_747' title='bbox 3127 5729 3427 5803; x_wconf 87' lang='lat' dir='ltr'><strong>Hugonem</strong></span> <span class='ocrx_word' id='word_1_748' title='bbox 3459 5725 3678 5783; x_wconf 89' lang='lat' dir='ltr'><strong>scilicet</strong></span> 
     </span>
    </p>
   </div>
   <div class='ocr_carea' id='block_1_114' title="bbox 2036 5811 3674 5890">
    <p class='ocr_par' dir='ltr' id='par_1_114' title="bbox 2036 5811 3674 5890">
     <span class='ocr_line' id='line_1_114' title="bbox 2036 5811 3674 5890; baseline 0.001 -22"><span class='ocrx_word' id='word_1_749' title='bbox 2036 5811 2308 5885; x_wconf 87' lang='lat' dir='ltr'><strong>Lugduni</strong></span> <span class='ocrx_word' id='word_1_750' title='bbox 2340 5813 2868 5890; x_wconf 90' lang='lat' dir='ltr'><strong>archiepiscopum,</strong></span> <span class='ocrx_word' id='word_1_751' title='bbox 2931 5817 3274 5874; x_wconf 88' lang='lat' dir='ltr'><strong>Anselmum</strong></span> <span class='ocrx_word' id='word_1_752' title='bbox 3332 5818 3674 5885; x_wconf 87' lang='lat' dir='ltr'><strong>Lucensem,</strong></span> 
     </span>
    </p>
   </div>
  </div>
