3972 6364
328 371 424 440 2η

1648 373 1723 437 D.
1768 373 1982 439 UBBA

2104 371 2163 437 ΙΙ
2203 371 2458 438 ΡΔΡΛΕ.
3677 366 3760 432 28

345 509 604 570 Odonem
637 507 987 581 Ostiensem,
1019 513 1125 572 aut
1151 511 1306 568 certe
1331 509 1701 570 Desiderium
1718 510 1990 572 abbatem
2018 507 2076 578 Α
2100 513 2309 582 fuisse,
2341 518 2410 571 ut
2435 512 2495 571 in
2524 514 2825 587 posterum
2845 507 2978 584 ejus
3000 506 3286 570 festivitas
3316 505 3410 567 die
3437 522 3518 566 vn
3535 503 3752 568 Kalen-

346 601 563 660 Montis
591 601 785 658 Casini
813 619 826 657 :
860 602 947 658 sic
976 601 1238 676 plerique
1254 603 1481 676 antiqui
1504 607 1790 660 auctores.
1813 605 1992 662 AtPe-

344 695 473 748 trus
502 691 838 749 Casinensis
867 692 949 748 ait
977 691 1322 765 Gregorium
1343 691 1642 749 hortatum
1663 693 1844 750 fuisse
1869 693 1989 766 epi-

346 799 551 854 scopos
581 785 641 837 et
661 781 986 843 cardinales
1011 784 1075 836 ut
1095 781 1460 838 Desiderium
1477 780 1773 854 eligerent,
1797 788 1916 849 aut,
1943 783 1992 839 si

343 869 403 926 id
436 869 562 927 fieri
593 887 709 925 non
741 873 956 942 posset,
988 887 1172 926 unum
1220 869 1476 942 aliquem
1527 889 1596 928 ex
1623 871 1813 927 tribus
1861 872 1990 928 aliis

345 958 706 1016 memoratis.
720 958 1061 1014 Anselmum
1081 958 1298 1014 omittit
1316 959 1532 1015 Paulus
1549 960 1990 1017 Bernradiensis

343 1048 404 1104 in
449 1049 585 1104 Vita
613 1047 897 1120 Gregorii,
934 1049 1058 1117 sed,
1111 1049 1414 1105 recensitis
1448 1050 1640 1106 tribus
1669 1049 1801 1106 aliis
1841 1068 1988 1123 quos

343 1137 599 1212 pontifex
652 1137 1017 1204 indicaverit,
1075 1137 1422 1210 subiungit:
1484 1141 1680 1195 Verum
1707 1142 1840 1214 quia
1871 1141 1989 1197 Otto

341 1227 584 1284 nondum
614 1244 649 1282 a
677 1227 980 1283 Germaniae
1011 1232 1059 1283 et
1091 1227 1282 1283 Gallia:
1307 1229 1558 1300 partibus
1588 1229 1852 1293 redierat,
1893 1231 1990 1284 ubi

340 1317 638 1389 apostolica
685 1316 954 1386 legatione
1005 1318 1293 1388 functus...
1351 1322 1402 1372 et
1447 1319 1570 1374 alia
1619 1319 1890 1374 nonnulla
1917 1317 1990 1374 ad

339 1406 779 1461 stabitimentum
811 1407 1063 1461 Ecclesiae
1088 1406 1387 1478 prudenter
1413 1407 1795 1468 ordinaverat;
1825 1411 1987 1478 [Iugo

339 1510 548 1566 quoque
581 1511 683 1550 sua
713 1495 958 1550 lustrans
985 1495 1358 1564 gubernacula
1382 1497 1573 1566 ptocul
1601 1496 1808 1563 aberat,
1842 1498 1984 1552 inte-

339 1585 449 1639 rim
474 1584 652 1638 suasit
678 1585 812 1655 eligi
837 1584 1083 1638 vicinum
1119 1584 1462 1639 Desiderium
1491 1585 1619 1640 licet
1672 1587 1986 1641 brevissime

336 1675 629 1739 victurum,
659 1676 770 1729 etc.
802 1675 874 1728 At
901 1671 998 1728 vix
1016 1689 1280 1745 unquam
1303 1673 1514 1730 adduci
1537 1675 1727 1745 potuit
1748 1675 1984 1731 Deside-

336 1761 461 1818 rius
491 1764 557 1816 ut
604 1761 1010 1834 pontificatum
1059 1777 1232 1832 quem
1283 1761 1482 1817 statim
1539 1767 1674 1834 post
1723 1763 1983 1836 Gregorii

2101 604 2208 663 das
2239 605 2505 678 ejusdem
2537 603 2760 661 mensis
2789 599 3203 659 celebraretur.

2173 695 2297 752 Huc
2327 693 2583 752 revocari
2611 693 2783 751 debet
2812 710 2904 750 res
2958 690 3128 760 mira,
3163 706 3341 764 quam
3399 691 3604 746 sancto
3634 686 3754 746 Hu-

2101 786 2236 858 goni
2255 786 2408 856 apud
2436 786 2803 850 Nantuacum,
2835 783 2976 838 dum
3011 781 3106 838 hic
3123 781 3244 838 Odo
3271 783 3468 836 noster
3489 778 3756 836 moraba-

2101 879 2220 942 tur,
2269 873 2588 946 contigisse
2635 875 2984 929 memorant.
3017 872 3162 928 Cum
3193 869 3352 927 enim
3403 867 3455 924 ei
3504 867 3756 924 relatum

2102 959 2307 1017 fuisset
2325 959 2702 1028 Willencum,
2737 959 2838 1031 qui
2868 963 2995 1014 tum
3026 962 3150 1014 erat
3172 957 3330 1030 prior
3346 954 3760 1023 Charitatis,ex

2099 1050 2208 1106 hac
2236 1050 2353 1106 vita
2375 1051 2683 1124 migrasse,
2716 1049 2916 1106 statim
2945 1047 3035 1104 vir
3062 1051 3302 1104 sanctus
3329 1046 3399 1102 ad
3435 1044 3620 1101 altare
3648 1061 3756 1117 pro

2098 1141 2370 1196 defuncto
2393 1140 2644 1196 hostiam
2675 1137 2862 1194 vivam
2884 1139 3000 1195 Deo
3029 1135 3182 1194 Patri
3215 1136 3520 1192 oblaturus
3556 1151 3753 1191 acces-

2098 1229 2192 1286 sit.
2216 1231 2288 1284 At
2315 1247 2426 1284 non
2458 1245 2671 1301 passus
2701 1231 2788 1284 est
2816 1231 3043 1283 tantum
3093 1225 3283 1281 virum
3335 1223 3458 1280 falli
3485 1223 3752 1280 veritatis

2097 1322 2318 1383 auctor,
2370 1317 2804 1389 revelatumque
2836 1317 2886 1371 ei
2931 1318 3039 1381 est,
3072 1331 3189 1370 non
3239 1312 3612 1377 Willencum,
3645 1313 3749 1368 sed

2097 1408 2298 1464 Orium
2333 1410 2450 1463 fato
2479 1408 2746 1462 functum
2767 1423 2914 1462 esse.
2939 1405 3098 1469 Quod
3121 1409 3362 1460 sanctus
3383 1403 3568 1458 abbas
3587 1418 3748 1458 com-

2097 1495 2250 1570 pleto
2272 1496 2558 1552 sacrificio
2591 1495 2922 1551 astantibus
2943 1493 3136 1566 palam
3155 1491 3626 1548 declaravit.Erat
3648 1490 3749 1558 ibi,

2095 1585 2292 1658 inquit
2322 1586 2486 1658 Hugo
2518 1582 2844 1639 monachus
2873 1581 3017 1637 Vita:
3039 1581 3228 1638 sancti
3251 1579 3514 1652 Hugonis
3543 1583 3752 1636 auctor

2097 1675 2360 1748 aqualis,
2394 1675 2522 1738 Octo,
2556 1675 2653 1746 qui
2677 1674 2837 1746 prior
2863 1673 2973 1744 fuit
3019 1671 3416 1738 Ctuniacensis,
3461 1677 3584 1742 post
3629 1671 3748 1742 epi-

2093 1780 2284 1836 scopus
2343 1765 2624 1827 Ostiensis,
2680 1762 2877 1819 deinde
2936 1761 3241 1834 apostolicae
3297 1759 3438 1816 sedis
3489 1760 3748 1832 ponti/ex

337 1849 564 1908 obitum
596 1850 648 1906 ei
669 1867 875 1906 omnes
905 1849 1258 1920 detulerunt,
1293 1855 1637 1918 assumeret,
1670 1867 1881 1925 resque
1923 1853 1980 1908 in
2015 1881 2061 1946 B
2091 1870 2336 1910 summus
2370 1853 2616 1910 Urbanus
2642 1852 2940 1908 secundus:
2971 1851 3367 1924 qui,tegatione
3397 1849 3744 1916 transmissa,

336 1939 579 2013 longum
610 1943 904 2012 protracta
923 1943 1032 1996 est.

407 2046 601 2103 XVIII.
635 2046 1274 2122 0_do_Ctuniaco_transit.
1305 2049 1536 2122 Nantuae
1565 2065 1758 2122 corpus
1786 2049 1842 2106 S.
1873 2051 1986 2106 Ma-

611 2119 762 2176 ximi
790 2119 982 2174 elevat.
1016 2119 1070 2174 S.
1101 2121 1344 2190 Hugonis
1365 2119 1721 2176 miraculum.

407 2207 530 2264 Odo
559 2211 754 2264 autem
786 2224 854 2264 ex
875 2207 1217 2264 Germanica
1235 2208 1523 2280 legatione
1544 2209 1602 2264 in
1632 2209 1858 2266 Italiam
1875 2211 1986 2267 hoc

338 2313 492 2352 anno
524 2312 792 2354 reversus
817 2295 1197 2353 Cluniacense
1230 2314 1372 2354 suos
1405 2297 1460 2352 in
1482 2299 1732 2354 transitu
1763 2298 1982 2371 invisit,

337 2385 537 2458 ibique
565 2385 939 2441 infirmorum
972 2385 1275 2442 ecclesiam
1301 2387 1678 2450 consecravit,
1701 2387 1785 2443 uti
1809 2389 1982 2443 disci-

336 2489 473 2530 mus
503 2491 570 2530 ex
599 2473 849 2531 historia
875 2473 1281 2531 translationis
1313 2475 1501 2532 sancti
1554 2475 1812 2532 Maximi.
1845 2478 1980 2542 Quae

334 2561 642 2620 translatio
697 2563 945 2620 solemni
978 2563 1091 2618 ritu
1147 2563 1258 2620 hoe
1311 2582 1464 2620 anno
1521 2565 1581 2620 in
1633 2565 1982 2621 monasterio

336 2651 727 2709 Nantuacensi
745 2669 778 2708 a
791 2656 988 2708 nostro
1002 2653 1084 2709 Od
1092 2669 1200 2709 one
1217 2653 1368 2708 facta
1383 2658 1489 2710 est.
1501 2656 1655 2710 "anc
1671 2655 1981 2712 historiam

337 2741 410 2798 ab
441 2743 673 2798 auctore
703 2758 992 2813 anonymo
1021 2743 1124 2798 sed
1155 2742 1359 2814 aequali
1390 2743 1768 2816 descriptam,
1799 2761 1866 2800 ex
1887 2761 1980 2800 co-

337 2829 464 2888 dice
487 2846 598 2885 ms.
617 2829 1094 2900 ejusdemloci,in
1117 2830 1298 2900 hujus
1313 2831 1630 2888 voluminis
1649 2832 1982 2904 Appendice

337 2918 624 2992 integram
657 2918 1014 2988 referemus;
1049 2919 1149 2975 sed
1173 2919 1407 2976 interim
1438 2937 1624 2992 pauca
1653 2939 1722 2978 ex
1747 2938 1814 2978 ea
1842 2921 1982 2977 deli-

335 3007 534 3067 handa
555 3010 714 3062 sunt.
733 3008 1122 3076 Nantuacum,
1141 3025 1268 3074 seu,
1285 3009 1530 3081 utvulgo
1551 3009 1724 3066 hodie
1744 3010 1976 3077 dicitur,

336 3097 588 3168 Nantua,
595 3095 818 3154 celebre
831 3101 922 3152 est
932 3097 1352 3154 monasterium
1365 3099 1627 3156 dimcesis
1636 3099 1981 3173 Lugdunen-

338 3185 423 3243 sis
453 3185 608 3258 apud
639 3185 1162 3252 Sebusianos,olim
1195 3187 1440 3244 abbatize
1469 3188 1642 3245 titulo
1672 3189 1976 3256 donatum,

337 3253 887 3347 quod-postmodum
899 3275 1264 3333 Cluniacensi
1280 3278 1635 3334 monasterio
1651 3253 1980 3351 subjectum
2011 3253 2055 3321 α

336 3363 468 3419 fuit.
499 3363 586 3420 lbi
617 3365 1005 3421 servabantur
1031 3367 1214 3422 sancti
1247 3366 1506 3434 Maximi,
1543 3367 1631 3423 uti
1672 3369 1980 3441 putabant,

339 3451 643 3525 Regiensis
669 3453 948 3526 episcopi,
979 3454 1368 3528 reliquiae,sed
1401 3457 1622 3530 absque
1652 3456 1772 3514 ullo
1794 3456 1978 3527 cultu,

338 3559 406 3598 eo
437 3542 592 3615 quod
623 3542 912 3600 hactenus
958 3547 1183 3600 retecta:
1213 3549 1370 3602 terra
1423 3546 1654 3619 publice
1713 3547 1980 3605 fidelium

335 3631 694 3688 venerationi
717 3632 979 3690 nondum
1011 3633 1282 3691 exhibitas
1314 3635 1584 3693 fuissent.
1617 3639 1698 3693 Ex
1727 3638 1980 3694 adventu

335 3720 554 3778 Odonis
566 3721 730 3795 Hugo
744 3720 1004 3779 Cluniaci
1024 3725 1205 3780 abbas
1220 3724 1623 3796 Nantuaciqne
1640 3727 1982 3784 monasterii

333 3813 461 3865 tum
491 3809 672 3882 prior,
698 3811 927 3866 censuit
951 3817 1344 3884 opportunam
1393 3813 1505 3870 sibi
1559 3832 1758 3872 sacras
1789 3815 1921 3872 illas
1951 3833 1982 3872 e

335 3901 494 3956 terra
515 3897 744 3954 levandi
790 3898 1067 3971 reliquias
1123 3899 1378 3956 oblatam
1411 3917 1539 3958 esse
1593 3903 1982 3972 occasionem,

335 4003 516 4059 quare
545 3985 790 4042 concilio
825 4005 958 4042 cum
987 4004 1054 4044 eo
1085 3989 1445 4061 caeterisque,
1480 3991 1582 4064 qui
1601 3991 1682 4047 ibi
1705 3992 1850 4048 forte
1881 3994 1981 4049 ad-

336 4073 1142 4147 erant,inito,preemissisque
1160 4077 1476 4148 jejuniiset
1495 4079 1984 4147 orationibus,die

335 4180 390 4219 v1
425 4162 806 4220 Kalendarum
828 4165 1276 4238 Septembrium,
1310 4167 1494 4222 sancti
1526 4167 1823 4226 Antistitis
1851 4187 1986 4227 ossa

337 4267 370 4307 e
396 4256 627 4308 vetusto
657 4253 884 4309 tumulo
916 4254 975 4309 in
1007 4271 1242 4327 capsum
1275 4261 1539 4328 paratam
1564 4257 1848 4315 translata
1878 4277 1982 4332 pu-

337 4340 502 4397 blicae
521 4341 873 4414 populorum
895 4343 1248 4400 venerationi
1273 4345 1842 4421 exhibuerunt,quod
1875 4349 1985 4405 hoc

338 4446 491 4486 anno
519 4429 833 4503 contigisse
845 4431 1177 4504 colligimus
1198 4449 1267 4488 ex
1288 4433 1432 4506 ipsis
1448 4433 1705 4492 historia:
1735 4435 1985 4493 laudatae

337 4517 554 4588 verbis,
590 4519 687 4575 ubi
716 4520 882 4593 Hugo
911 4521 1253 4589 dicitur,die
1281 4523 1600 4592 Dominica,
1619 4518 1988 4583 ixﬂKalendas

2095 1945 2326 2008 invenit,
2349 1945 2519 2014 juxta
2541 1943 2652 1998 viri
2680 1943 2792 1997 Dei
2820 1941 3064 2005 verbum,
3087 1955 3196 1995 non
3233 1939 3550 1994 Wittencum
3573 1938 3745 1994 obiis-

2091 2049 2169 2098 se,
2199 2031 2293 2088 sei
2324 2031 2534 2087 Ortum.
2569 2031 2690 2087 Odo
2739 2035 2872 2104 post
2901 2029 3021 2084 haec
3051 2029 3112 2083 in
3146 2027 3376 2084 Italiam
3414 2026 3608 2094 rediit,
3640 2027 3740 2083 ubi

2095 2120 2240 2177 nihil
2257 2120 2458 2177 omisit
2476 2137 2609 2176 cum
2632 2119 2854 2175 caeteris
2870 2119 3144 2174 Romanis
3160 2115 3426 2173 Ecclesia:
3445 2114 3744 2182 ﬁdelibus,

2094 2214 2160 2266 ut
2188 2211 2404 2282 dignus
2435 2208 2710 2282 Gregorio
2740 2223 3044 2264 successor
3072 2207 3327 2262 daretur.

2090 2316 2231 2373 ΧιΧ.
2265 2317 2573 2372 Desiderius
2619 2316 3000 2386 pontiﬁcatum
3051 2320 3282 2370 recusat.
3317 2311 3432 2371 Odo
3485 2313 3744 2368 nomina-

2551 2391 2662 2454 tur,
2693 2387 2788 2442 sed
2817 2387 3016 2458 absque
3045 2386 3259 2458 eﬂectu.

2165 2479 2288 2549 (An.
2317 2476 2502 2548 4086.)
2548 2475 2867 2532 Efﬂuxerat
2905 2475 3031 2547 jam
3062 2490 3208 2547 pene
3233 2489 3426 2529 annus
3455 2472 3682 2545 integer
3709 2490 3746 2530 a

2092 2569 2277 2622 morte
2309 2563 2570 2637 Gregorii
2601 2564 2726 2621 sine
2757 2565 3050 2636 pontiﬁce,
3075 2563 3232 2634 quod
3262 2561 3422 2618 nullo
3447 2565 3615 2635 pacto
3631 2561 3740 2618 De-

2091 2655 2344 2712 siderius
2374 2654 2708 2712 Casinensis
2739 2654 2922 2710 abbas
2951 2653 3162 2708 adduci
3200 2655 3400 2725 posset
3431 2651 3504 2707 ad
3545 2650 3739 2707 Eccle-

2091 2745 2190 2801 sia
2221 2745 2480 2816 regimen
2521 2743 2986 2816 suscipiendum.
3044 2743 3160 2798 Has
3208 2758 3403 2798 moras
3453 2740 3628 2797 etiam
3678 2741 3739 2796 in

2090 2834 2499 2891 schismaticos
2529 2833 2729 2904 rejecit
2758 2831 3126 2897 Bertholdus,
3151 2831 3251 2903 qui
3283 2847 3418 2886 cum
3457 2830 3736 2886 Guiberto

2089 2923 2215 2980 suis
2244 2921 2598 2978 factionibus
2627 2919 2952 2978 Catholicos
2981 2920 3426 2993 perturbabant.
3461 2919 3575 2975 Sed
3607 2923 3735 2976 tan-

2088 3013 2244 3077 dem,
2297 3016 2363 3068 ut
2410 3015 2610 3067 narrat
2637 3010 2843 3066 Petrus
2873 3009 3162 3066 Diaconus
3200 3009 3258 3065 in
3291 3007 3731 3066 continuatione

2089 3101 2298 3158 Leonis
2329 3100 2634 3167 Ostiensis,
2671 3099 2821 3155 libro
2865 3115 2929 3154 ιιι
2957 3097 3223 3154 Chronici
3253 3097 3606 3167 Casinensis,
3639 3113 3734 3154 ca-

2091 3189 2210 3263 pite
2235 3191 2326 3260 66,
2379 3193 2666 3262 quotquot
2719 3191 2888 3244 erant
2916 3188 3110 3243 Romae
3169 3185 3434 3242 Ecclesia;
3461 3191 3522 3243 et
3567 3187 3735 3244 beato

2091 3281 2258 3336 Petro
2295 3277 2403 3334 viri
2434 3277 2656 3346 ﬁdeles,
2691 3277 2810 3333 sive
2838 3293 2908 3333 ex
2955 3275 3128 3340 clero.
3179 3275 3301 3332 sive
3331 3292 3401 3331 ex
3440 3274 3738 3332 nobilibus

2091 3371 2193 3425 aut
2206 3367 2507 3441 populo,in
2520 3367 2852 3423 diaconiam
2863 3368 3088 3422 Sancta:
3101 3365 3290 3420 Lucis:
3307 3369 3704 3420 convenerunt
3723 3383 3737 3432 ;

2092 3456 2313 3530 ibique,
2336 3456 2492 3528 quod
2517 3457 2642 3528 jam
2675 3455 2858 3512 semel
2879 3459 2939 3512 et
2966 3455 3176 3514 iterum
3203 3457 3380 3526 atque
3401 3452 3616 3510 iterum
3639 3469 3740 3526 pa-

2090 3545 2209 3602 lam
2240 3550 2298 3602 ct
2316 3545 2588 3618 privatim
2615 3545 2889 3606 fecerant.
2925 3543 3289 3602 Desiderium
3324 3540 3528 3598 multis
3559 3541 3745 3614 preci-

2091 3637 2202 3693 bus
2237 3641 2297 3692 et
2349 3634 2622 3708 lacrymis
2680 3638 2985 3707 cmperunt
3039 3648 3266 3706 urgere,
3303 3636 3366 3688 ut
3395 3648 3469 3688 ne
3515 3630 3741 3686 diutius

2093 3723 2410 3782 Ecclesium
2437 3726 2781 3789 Romanam,
2805 3740 2932 3795 quae
2953 3739 3088 3778 eum
3111 3721 3182 3778 ad
3203 3721 3607 3794 pontiﬁcatum
3631 3718 3741 3776 ele-

2091 3819 2256 3887 gerat
2283 3812 2342 3868 in
2379 3815 2542 3868 tanto
2574 3827 2770 3868 rerum
2801 3810 3144 3868 discrimine
3195 3809 3460 3866 orbatam
3508 3811 3742 3882 pastore

2092 3917 2393 3958 remanere
2413 3899 2775 3973 permitteret
2797 3918 2810 3967 ;
2839 3901 2941 3956 sed
2964 3900 3200 3956 frustra.
3214 3901 3403 3966 Quare
3423 3896 3509 3954 illi
3533 3901 3743 3970 rogant

2092 3996 2158 4046 ut
2187 3988 2397 4046 saltem
2413 4005 2548 4045 eum
2569 3987 2669 4061 qui
2687 3989 2760 4045 ad
2781 3991 3012 4045 tantum
3029 4005 3178 4045 onus
3193 3986 3634 4061 suscipiendum
3652 3985 3739 4042 illi

2093 4083 2266 4152 aptus
2295 4079 2590 4134 videretur
2611 4077 2923 4149 judicaret.
2949 4077 3184 4151 Accepit
3213 4077 3364 4134 ultro
3404 4073 3740 4133 Desiderius

2092 4167 2507 4235 conditionem,
2531 4166 2846 4240 habitoque
2861 4167 3105 4224 consilio
3121 4183 3253 4222 cum
3273 4165 3481 4222 Cencio
3502 4162 3742 4220 consule

2092 4260 2510 4324 Romanorum,
2531 4256 2728 4312 statim
2759 4256 3018 4313 Odonem
3041 4256 3368 4312 Ostiensem
3397 4251 3742 4326 episcopum

2093 4345 2154 4402 in
2185 4345 2516 4419 pontificem
2539 4345 2881 4402 nominavit.
2915 4345 3085 4400 ibant
3102 4343 3370 4399 omnium
3383 4340 3663 4414 suffragia
3683 4341 3743 4396 in

2094 4434 2518 4501 Odonem,cum
2550 4433 2901 4506 ecce,inquit
2925 4433 3026 4490 ille
3048 4437 3270 4498 auctor,
3285 4434 3508 4502 repente
3521 4429 3747 4502 quidam

2093 4524 2159 4580 de
2187 4522 2580 4590 eardinatibus,
2643 4525 2812 4594 cujus
2843 4539 3057 4578 nomen
3104 4537 3218 4578 non
3277 4518 3495 4586 retulit,
3553 4523 3749 4574 contra

339 4606 721 4679 Septembris,
737 4609 1060 4682 capitulum
1090 4627 1460 4669 convocasse.
1485 4613 1708 4686 Quippe
1736 4615 1811 4671 ab
1833 4631 1986 4672 anno
2019 4627 2066 4692 D
2096 4627 2332 4668 canones
2361 4609 2505 4666 hanc
2544 4625 2659 4668 esse
2713 4611 3032 4666 electionem
3061 4609 3372 4681 afﬁrmans,
3402 4619 3750 4678 nequaquam

341 4697 501 4765 1078,
534 4713 648 4769 quo
669 4698 790 4754 Odo
813 4700 1000 4756 factus
1019 4700 1129 4756 fuit
1147 4699 1460 4774 episcopus
1479 4701 1865 4772 Ostiensis,ab
1886 4722 1990 4760 an-

341 4801 485 4842 num
529 4785 690 4854 1088,
722 4805 838 4861 quo
869 4789 1207 4846 conscendit
1254 4789 1534 4846 thronum
1583 4791 1990 4864 apostolicum,

343 4873 468 4931 dies
497 4875 801 4933 Dominica
835 4878 1016 4934 semel
1046 4879 1459 4935 tantummodo
1488 4879 1548 4935 in
1581 4879 1737 4936 diem
1777 4882 1848 4936 24
1872 4884 1994 4937 Au-

342 4962 500 5034 gusti
531 4963 758 5031 incidit,
791 4965 968 5038 idque
999 4983 1151 5022 anno
1183 4967 1360 5024 1085:
1393 4967 1485 5024 cui
1528 4969 1772 5041 proinde
1801 4971 1991 5027 consi-

341 5051 579 5125 gnanda
606 5056 696 5108 est
725 5053 848 5110 hac
877 5055 1136 5126 corporis
1158 5055 1346 5112 sancti
1378 5057 1619 5113 Maximi
1651 5056 1993 5117 elevationis

345 5139 710 5197 solemnitas.
743 5142 814 5198 Et
861 5143 1097 5215 quidem
1156 5147 1378 5200 certum
1409 5149 1498 5202 est
1527 5145 1637 5202 hoc
1681 5147 1809 5219 ipso
1838 5165 1991 5205 anno

344 5229 604 5286 Odonem
637 5231 1010 5288 eGermania
1061 5232 1121 5288 in
1173 5233 1402 5289 Italiam
1455 5235 1718 5299 rediisse,
1769 5253 1884 5308 quo
1930 5237 1992 5294 in

343 5317 550 5375 itinere
580 5319 922 5377 Cluniacum
954 5327 1012 5378 et
1041 5323 1330 5377 Nantuam
1365 5323 1610 5380 invisere
1645 5325 1810 5381 facile
1833 5331 1992 5398 pote-

346 5411 456 5464 rat.
499 5409 561 5463 In
622 5411 799 5465 veteri
856 5411 1251 5468 Nantuacensi
1309 5411 1654 5470 Kalendario
1710 5415 1995 5472 memoria

346 5496 598 5553 habetur
643 5498 1048 5556 translationis
1098 5501 1283 5557 sancti
1315 5501 1572 5571 Maximi,
1606 5507 1737 5571 etc.;
1771 5505 1871 5561 sed
1902 5505 1994 5561 die

343 5602 444 5644 vm
475 5585 757 5644 Kalendas
781 5588 1169 5661 Septembris,
1203 5591 1359 5662 quod
1389 5591 1619 5648 videtur
1647 5610 1776 5650 esse
1807 5593 1991 5650 nostri

345 5674 592 5750 exempli
620 5677 897 5734 mendum
923 5695 936 5734 :
969 5695 1106 5736 nam
1131 5679 1187 5736 in
1210 5678 1456 5738 historia
1472 5681 1684 5740 dicitur
1706 5686 1994 5740 statutum

2096 4717 2156 4758 se
2182 4716 2576 4757 consensumm
2603 4701 2884 4766 ctamavit,
2919 4698 3142 4755 caeteris
3171 4700 3377 4754 contra
3402 4693 3748 4762 nitentibus,

2100 4793 2153 4847 et
2201 4806 2303 4862 pro
2360 4797 2616 4861 tempore,
2642 4803 2745 4860 pro
2786 4789 3102 4846 necessitate
3164 4787 3262 4842 hoc
3305 4787 3455 4858 ferre
3507 4786 3752 4856 oportere

2102 4879 2491 4935 astruentibus.
2523 4877 2634 4934 Sed
2666 4877 2924 4947 frustra;
2957 4894 3091 4935 nam
3138 4877 3326 4932 caeteri
3369 4874 3516 4931 hunc
3542 4888 3750 4943 nequa-

2101 4984 2266 5041 quam
2289 4967 2359 5022 ad
2385 4983 2544 5023 suam
2593 4969 2921 5024 sententiam
2974 4969 3186 5039 ﬂectere
3239 4965 3550 5022 valuerunt.
3599 4959 3752 5026 Quid

2099 5073 2232 5114 vero
2255 5057 2317 5113 in
2347 5056 2456 5113 hac
2493 5057 2712 5114 Odonis
2742 5055 3021 5114 electione
3052 5053 3410 5112 contrarium
3441 5049 3626 5108 sacris
3655 5067 3751 5106 ca-

2101 5147 2358 5203 nonibus
2385 5146 2687 5202 inventum
2722 5146 2919 5212 fuerit,
2943 5162 3058 5201 non
3091 5141 3366 5216 exprimit
3394 5141 3637 5206 Petrus;
3669 5142 3754 5206 at,

2103 5235 2152 5292 si
2183 5237 2330 5292 bene
2335 5235 2558 5307 judico,
2574 5234 2721 5290 nihil
2738 5233 2895 5290 aliud
2910 5233 3225 5290 obtendere
3243 5231 3469 5304 poterat
3483 5225 3754 5284 cardina-

2103 5325 2177 5382 lis
2205 5324 2304 5380 ille
2335 5341 2687 5398 anonymus,
2737 5323 2855 5380 nisi
2887 5323 3042 5394 quod
3084 5337 3221 5377 cum
3269 5319 3391 5376 Odo
3415 5318 3542 5388 jam
3600 5321 3760 5373 esset

2104 5411 2390 5470 Ostiensis
2421 5411 2754 5486 episcopus,
2788 5411 2860 5467 ad
2897 5411 3170 5466 Romanae
3201 5407 3466 5465 Ecclesia;
3497 5403 3759 5479 regimen

2103 5502 2408 5560 transferri
2439 5519 2554 5558 non
2577 5504 2776 5573 posset
2794 5500 3018 5572 absque
3039 5498 3238 5572 aliqua
3261 5511 3553 5554 canonum
3575 5495 3759 5552 infra-

2105 5593 2319 5658 ctionc,
2351 5591 2452 5664 qui
2478 5589 2700 5663 passim
2719 5588 3111 5662 prohibebant
3131 5588 3541 5662 episcoporum
3563 5601 3634 5642 ex
3645 5602 3766 5641 una

2107 5681 2179 5740 ad
2201 5680 2379 5739 aliam
2403 5676 2709 5738 ecclesiam
2732 5677 3167 5738 translationes.
3193 5678 3412 5736 Verum
3432 5675 3588 5750 quod
3609 5677 3771 5758 veta.c
