3972 6388
1859 408 2073 476 VITA.
2122 418 2129 429 ‘

3576 403 3670 478 ’δυ

259 548 525 611 Ecclesia
553 548 626 609 ad
658 547 1088 626 reprimendam
1118 547 1565 609 ambiliosorum
1583 549 1685 607 aut
1710 562 1908 607 avaro-
1934 546 1993 616 Α
2019 541 2345 623 periculum
2377 546 2550 615 esset,
2582 542 2633 604 si
2654 542 2719 604 id
2751 543 2874 606 Odo
2903 544 3111 606 fuisset
3137 562 3472 624 aggressus,
3500 568 3572 610 ne
3601 568 3672 609 ea

262 659 399 698 rum
429 641 838 715 episcoporum
870 641 1317 698 immoderatam
1369 640 1771 714 cupiditatem,
1806 640 1912 694 seu
2020 638 2324 695 occasione
2351 637 2628 707 Ecclesia,
2660 641 2746 694 tot
2765 639 2891 711 jam
2937 638 3211 712 procellis
3258 640 3497 713 agitata,
3522 658 3669 699 novo

264 730 516 788 nimiam
541 731 883 788 dominandi
914 732 976 786 in
1006 730 1160 788 clero
1187 730 1516 797 libidinem,
1538 729 1682 785 illud
1714 730 1912 802 ipsum
2020 728 2338 786 schismate
2366 732 2693 784 vexaretur.
2727 727 2890 784 Unde
2947 731 3101 785 recte
3151 729 3338 787 satius
3381 732 3672 803 judicavit

266 821 625 894 quandoque
654 820 960 893 permittit,
991 821 1111 876 imo
1159 824 1217 875 et
1246 834 1671 890 nonnunquam
1713 818 1913 889 exigit,

266 926 405 965 cum
451 908 650 982 aliqua
692 913 862 982 urget
908 908 1274 965 necessitas:
1330 906 1523 980 qualis
1578 923 1721 963 sane
1774 911 1914 962 tunc

267 998 527 1056 maxime
546 999 806 1054 instabat
822 998 884 1055 in
906 1002 1068 1053 tanta
1080 1015 1273 1054 rerum
1299 994 1918 1069 perturbatione.Vicit

266 1092 467 1144 tamen
490 1087 649 1143 unici
669 1087 830 1142 illius
851 1087 1159 1143 obﬁrmata
1174 1086 1234 1142 in
1259 1103 1364 1142 suo
1381 1102 1556 1141 sensu
1569 1083 1912 1157 pervicacia;

266 1176 577 1250 casterique
603 1193 808 1233 omnes
838 1176 888 1231 ei
919 1177 1122 1232 cedere
1160 1174 1361 1241 coacti,
1393 1174 1605 1247 iterum
1650 1173 1915 1229 unanimi

268 1265 566 1322 sententia
611 1265 672 1320 in
704 1264 987 1321 Desiderii
1034 1263 1375 1320 electionem
1430 1266 1817 1327 concurrunt;
1850 1278 1916 1316 ac

267 1353 492 1423 statim,
520 1353 682 1423 velit,
712 1353 878 1422 nolit,
911 1370 1045 1410 eum
1076 1370 1261 1426 cappa
1288 1353 1471 1408 rubea
1488 1351 1759 1407 indutum
1789 1351 1915 1423 ipso

266 1443 364 1499 die
393 1443 762 1499 Pentecostes
795 1443 931 1498 anni
966 1444 1103 1497 1086
1134 1441 1469 1512 pontificem
1509 1442 1620 1497 sub
1668 1439 1917 1496 Victoris

268 1532 348 1589 III
380 1531 619 1588 nomine
647 1530 1014 1604 proclamant
1046 1550 1058 1587 :
1090 1548 1291 1588 verum
1341 1547 1475 1586 cum
1522 1530 1618 1585 ille
1666 1531 1916 1585 necdum

268 1620 445 1695 plane
474 1619 743 1677 electioni
774 1637 892 1677 suae
916 1620 1290 1686 consentiret,
1321 1622 1449 1692 ejus
1479 1619 1835 1676 consecratio
1856 1619 1917 1674 in

268 1714 620 1783 sequentem
652 1726 871 1766 annum
902 1709 1081 1765 dilata
1107 1713 1215 1766 est.

605 1798 718 1855 XX.
754 1799 862 1857 0do
894 1800 1160 1855 Victorem
1187 1798 1265 1855 111
1291 1801 1586 1854 consecrat.

339 1888 510 1943 Anno
542 1886 871 1960 insequenti
901 1888 1086 1959 (1087)
1125 1886 1413 1943 celebrato
1457 1887 1613 1958 apud
1661 1886 1914 1958 Capuam

269 1975 519 2033 concilio
550 1976 623 2032 ad
651 1976 807 2048 quod
861 1976 982 2032 Odo
1032 1979 1231 2032 noster
1281 1974 1568 2032 Ostiensis
1617 1976 1921 2048 Hugonem

272 2066 731 2139 Lugdunensem
759 2063 1122 2131 invitaverat,
1152 2064 1352 2120 Victor
1398 2064 1807 2136 episcoporum
1857 2081 1923 2119 ac

272 2153 611 2229 principum
637 2153 738 2226 qui
770 2170 905 2209 cum
936 2170 1002 2209 eo
1033 2156 1198 2210 erant
1230 2153 1504 2225 precibus
1542 2158 1598 2209 et
1647 2152 1923 2226 lacrymis

273 2243 559 2311 devictus,
593 2242 894 2316 pontificis
922 2241 1197 2316 insignia,
1214 2259 1339 2315 quae
1371 2242 1567 2298 statim
1601 2246 1734 2315 post
1749 2259 1921 2298 suam

270 2332 618 2390 electionem
649 2331 926 2389 Casinum
962 2348 1229 2389 remeans
1259 2331 1581 2403 dimiserat,
1612 2332 1827 2404 recepit
1857 2349 1921 2387 ac

271 2422 364 2478 die
391 2439 473 2478 χιι
505 2420 793 2478 Kalendas
816 2420 1029 2490 Aprilis
1062 2421 1122 2476 in
1154 2420 1456 2477 Dominica
1479 2420 1814 2476 Palmarum
1834 2420 1920 2475 in-

271 2512 453 2568 dutus
481 2528 763 2584 purpura,
796 2527 966 2566 cruce
995 2510 1370 2583 praecedente,
1404 2509 1465 2566 in
1498 2510 1801 2583 publicum
1833 2527 1924 2566 so-

273 2599 548 2657 lemniter
579 2599 882 2672 processit,
917 2598 1336 2672 celebratisqne
1384 2599 1444 2654 in
1485 2602 1683 2656 monte
1712 2599 1921 2656 Casino

272 2687 655 2763 paschalibus
695 2687 881 2755 festis,
917 2689 1162 2744 Romam
1202 2688 1472 2760 perrexit,
1502 2688 1624 2753 ubi,
1658 2692 1788 2760 post
1824 2705 1919 2743 ex-

273 2776 518 2851 pulsum
549 2794 580 2833 e
607 2774 852 2833 basilica
879 2776 1159 2833 Vaticana
1189 2775 1619 2843 Guibertum,in
1635 2793 1704 2833 ea
1725 2793 1922 2833 conse-

275 2870 477 2923 cratus
525 2868 614 2922 est
657 2865 729 2921 ab
777 2865 975 2922 Odone
1014 2869 1213 2921 nostro
1244 2864 1520 2933 Ostiensi,
1552 2867 1718 2921 Petro
1746 2865 1919 2921 Alba-

273 2954 467 3021 nensi,
498 2954 806 3011 Portuensi
838 2958 897 3011 et
918 2953 1248 3010 Tusculano
1281 2954 1559 3011 Romanis
1607 2953 1919 3026 episcopis,

273 3042 952 3115 aliisque,cardinalibus
975 3042 1530 3115 quoque,episcopis
1550 3047 1726 3115 atque
1742 3043 1920 3100 abba-

274 3132 438 3190 tibus
485 3131 936 3200 assistentibus;
971 3132 1127 3203 quod
1178 3132 1437 3204 quidem,
1470 3135 1535 3187 ut
1581 3135 1785 3188 auctor
1832 3136 1922 3188 est

270 3222 429 3278 idem
461 3221 688 3287 Petrus,
720 3219 1023 3277 Dominica
1066 3224 1198 3293 post
1247 3221 1685 3284 Ascensionem,
1718 3220 1811 3276 die
1841 3237 1918 3276 vn

1951 1925 1997 1990 Β

2017 818 2108 872 vir
2128 818 2384 890 prudens
2411 815 2660 873 Victoris
2679 816 2941 873 electioni
2968 819 3236 875 unanimi
3267 820 3531 877 omnium
3564 821 3671 877 Ca-

2020 906 2371 962 tholicorum
2399 922 2643 961 assensu
2667 906 2831 962 factae
2861 910 2917 963 et
2937 907 3292 964 confirmata
3319 926 3669 967 consensum

2022 997 2481 1068 prmbere,quam
2515 994 2705 1066 specie
2734 995 3165 1066 majorisstudii
3183 997 3503 1069 disciplinae
3520 999 3672 1055 ciere

2022 1101 2201 1141 novos
2230 1083 2536 1139 tumultus.
2562 1085 2708 1140 Hine
2739 1084 2945 1141 merito
2980 1087 3138 1159 llugo
3168 1086 3292 1159 ipse
3319 1091 3375 1144 et
3404 1088 3671 1145 cardina-

2023 1173 2096 1228 lis
2119 1172 2444 1229 Richardus
2462 1172 2848 1229 Massiliensis
2866 1174 3486 1249 abbas,antealegatus
3499 1193 3673 1249 apos-

2024 1261 2366 1333 tolicus,qui
2389 1261 2497 1317 soli
2516 1261 2786 1318 videntur
2798 1262 3046 1319 Victoris
3067 1264 3419 1320 ordinationi
3446 1269 3673 1322 contra-

2025 1351 2330 1415 dixisse,iu
2361 1352 2763 1407 Beneventano
2812 1351 3055 1409 concilio
3086 1369 3120 1408 a
3160 1353 3410 1421 Victore,
3451 1355 3672 1411 caeteris

2025 1440 2292 1503 Patribus
2322 1440 2474 1495 hanc
2504 1441 2854 1495 sententiam
2867 1442 3080 1513 judicio
3117 1451 3169 1498 et
3195 1446 3519 1500 auctoritate
3547 1462 3669 1511 sua,

2026 1532 2091 1583 ut
2119 1528 2292 1583 habet
2323 1528 2525 1584 Petrus
2556 1528 2615 1583 in
2647 1529 2929 1585 Chronico
2951 1531 3272 1600 Casinensi,
3296 1533 3671 1605 approbanti-

2025 1618 2576 1687 bus,communione
2601 1617 2808 1690 privati
2840 1620 3155 1691 sunt,quod
3182 1636 3310 1675 sese
3332 1620 3443 1693 ipsi
3466 1624 3675 1678 aceste-

2026 1723 2225 1762 rorum
2303 1706 2734 1762 Catholicorum
2804 1707 3189 1764 unanimitate
3254 1710 3668 1782 sejunxissent.

2026 1797 2095 1852 Et
2123 1796 2358 1867 quidem
2387 1795 2705 1863 Mathildis,
2739 1813 2917 1868 quam
2947 1797 3179 1853 duabus
3209 1798 3473 1870 epistolis
3506 1800 3673 1873 Hugo

2027 1884 2498 1947 sollicitaverat,a
2526 1884 2778 1941 Victoris
2809 1885 3140 1943 obedientia
3169 1888 3385 1943 retrahi
3424 1905 3539 1944 non
3571 1906 3673 1962 po-

2031 1975 2161 2030 tuit.
2196 1975 2497 2046 Hugonem
2529 1990 2660 2031 vero
2692 1974 2887 2046 ipsum
2918 1975 3026 2031 hac
3071 1978 3130 2032 in
3179 1994 3259 2045 re,
3293 1978 3445 2034 sicut
3490 1982 3547 2034 et
3575 1978 3674 2035 Ri-

2031 2064 2338 2133 chardum,
2363 2065 2516 2136 quod
2531 2064 2712 2120 Odoni
2728 2064 3402 2139 exprobrabant,aliquid
3429 2067 3676 2124 humani

2031 2170 2237 2227 passos
2269 2153 2470 2220 fuisse,
2515 2170 2716 2209 eorum
2747 2154 2955 2226 agendi
3006 2155 3153 2210 ratio
3201 2156 3346 2212 satis
3384 2173 3676 2230 superque

2032 2242 2567 2310 ostendit.Etenim,
2600 2247 2665 2298 ut
2693 2241 2893 2298 Victor
2920 2243 3047 2316 ipse
3093 2244 3154 2299 in
3198 2245 3442 2302 concilio
3490 2246 3676 2302 Bene-

2031 2335 2279 2387 ventano
2310 2348 2507 2387 coram
2534 2330 2807 2388 Patribus
2830 2333 3116 2404 exposuit,
3142 2338 3456 2407 antequam
3486 2335 3679 2392 Victor

1973 2482 1984 2492 ε
2030 2438 2149 2476 suae
2196 2419 2464 2477 electioni
2514 2421 2928 2489 consensisset,
2968 2437 3101 2477 eum
3149 2424 3218 2477 ad
3270 2423 3675 2496 pontiﬁcatum

270 3309 407 3367 ldus
435 3309 568 3366 Maii
599 3308 820 3366 factum
848 3313 958 3367 est.
974 3310 1360 3366 Consecratus
1392 3314 1590 3365 tamen
1620 3309 1802 3366 fuisse
1827 3309 1914 3364 di-
1945 3293 1990 3361 C

269 3398 422 3455 citur
450 3401 681 3455 exeunte
708 3397 847 3455 Maio
877 3398 1032 3471 apud
1064 3397 1424 3465 Bertoldum,
1450 3399 1550 3454 sed
1584 3398 1731 3454 forte
1760 3414 1921 3455 error

270 3492 362 3544 est
388 3486 639 3552 librarii,
669 3485 1102 3560 legendumque
1130 3491 1220 3543 est
1247 3489 1472 3543 ineunte
1501 3488 1675 3543 Maio.

269 3576 410 3632 XXI.
447 3576 643 3633 Odoni;
671 3575 910 3647 defensio
961 3584 1150 3631 contra
1181 3579 1459 3646 Hugonem
1487 3576 1917 3647 Lugdunensem.

340 3665 591 3721 Accusat
618 3665 879 3721 Odonem
909 3664 1075 3738 Hugo
1106 3664 1517 3739 Lugdunensis
1542 3666 1737 3720 fractae
1758 3664 1917 3732 ﬁdei,

269 3754 425 3826 quod
456 3753 748 3811 Victorem
781 3757 985 3810 contra
1012 3755 1310 3827 propriam
1327 3753 1680 3810 sententiam
1712 3757 1770 3810 et
1794 3771 1922 3826 pro-

267 3842 452 3900 missa
478 3842 594 3900 sibi
642 3842 889 3915 aliisque
936 3843 1106 3911 facta,
1138 3843 1384 3899 humani
1433 3842 1655 3915 aliquid
1707 3859 1918 3916 passus

266 3930 824 3989 ordinaverit.Plura
846 3932 1022 3988 habet
1049 3932 1195 3988 eade
1226 3950 1287 3988 re
1317 3931 1378 3989 in
1409 3932 1639 3988 duabus
1655 3931 1919 4005 epistolis

265 4021 339 4079 ad
353 4020 717 4079 comitissam
730 4021 884 4079 Math
896 4020 1071 4077 ildem
1098 4038 1275 4094 quam
1293 4021 1404 4077 sibi
1423 4020 1733 4078 conciliare
1746 4025 1920 4093 atque

269 4109 346 4167 ad
377 4126 518 4166 suas
546 4114 743 4182 partes
772 4109 1063 4166 attrahere
1094 4110 1318 4165 nititur.
1350 4110 1411 4165 In
1445 4109 1519 4166 iis
1547 4126 1679 4166 vero
1711 4109 1920 4167 litteris

269 4214 339 4256 ea
368 4199 546 4255 refert
574 4215 701 4271 quae
714 4198 991 4255 adversus
1009 4198 1298 4256 Victorem
1313 4198 1688 4255 machinatus
1709 4200 1915 4254 fuerat.

267 4290 424 4356 Cum,
458 4287 669 4361 inquit,
723 4288 985 4345 Ostiensis
1027 4290 1305 4361 episcopus
1354 4288 1632 4344 nobiscum
1664 4289 1793 4343 bene
1821 4304 1921 4359 per

267 4378 458 4433 omnia
485 4378 831 4444 cucurrisset,
864 4381 926 4433 ut
952 4379 1092 4433 vidit
1118 4378 1257 4450 quod
1288 4377 1472 4443 abbas,
1510 4377 1593 4432 sic
1626 4377 1918 4435 Victorem

270 4465 566 4539 appellare
593 4466 913 4535 consuevit,
944 4484 1041 4539 per
1069 4467 1370 4539 potentiam
1396 4467 1664 4539 principis
1691 4468 1920 4524 Jordani

267 4554 341 4611 ad
385 4554 812 4611 consecrandum
856 4571 914 4611 se
961 4558 1183 4612 Romam
1231 4556 1313 4611 ire
1349 4555 1690 4616 intendebat;
1722 4559 1918 4613 timens

2031 2509 2468 2581 suscipiendum
2499 2510 2665 2583 Hugo
2696 2513 2752 2566 et
2800 2510 3128 2567 Richardus
3159 2512 3433 2569 simulate
3471 2513 3679 2569 adhor-

2029 2600 2326 2665 tabantur,
2352 2599 2891 2671 subjectionemque
2922 2600 2972 2655 ei
3003 2617 3238 2656 omnem
3271 2606 3410 2656 tunc
3433 2603 3679 2673 sponde-

2030 2688 2170 2742 bant
2194 2705 2207 2755 ;
2243 2688 2395 2759 quod
2420 2691 2721 2759 sperarent
2742 2703 2874 2742 eum
2892 2688 2951 2742 in
2975 2705 3084 2744 sua
3104 2689 3390 2745 sententia
3412 2705 3679 2761 perseve-

2029 2779 2390 2841 raturum,ae
2412 2776 2495 2832 sic
2520 2776 2864 2832 alterutrum
2895 2793 2965 2832 ex
2984 2776 3129 2848 ipsis
3146 2778 3217 2833 ad
3244 2778 3674 2850 pontiﬁcatum,

2030 2882 2203 2936 quem
2238 2864 2333 2920 ille
2366 2865 2742 2937 pervicaciter
2772 2866 3100 2932 recusabat,
3133 2871 3545 2938 perventurum
3582 2873 3680 2936 ;at

2029 2971 2163 3010 cum
2194 2953 2389 3009 Victor
2419 2970 2726 3010 assensum
2756 2955 2993 3010 tandem
3026 2955 3566 3027 prarbuissetmulla
3594 2957 3679 3013 eis

2030 3043 2231 3099 relicta
2255 3042 2644 3116 adipiscendae
2675 3043 2854 3113 hujus
2883 3044 3452 3116 dignitatisspe,nisi
3481 3044 3681 3102 Victor

2028 3132 2154 3205 ipse
2186 3131 2516 3204 pelleretur,
2548 3137 2861 3205 conceptam
2917 3134 3233 3189 ambitionis
3277 3136 3580 3205 ﬂammam,
3613 3140 3680 3191 ut

2029 3220 2221 3278 aiebat
2255 3221 2511 3294 pontifex
2565 3222 2623 3277 in
2657 3221 2899 3278 concilio
2949 3239 3082 3278 mox
3133 3222 3389 3287 laudato,
3428 3224 3679 3279 clibanus

2027 3320 2312 3368 exturatus
2339 3314 2593 3367 evomuit.
2615 3311 2701 3367 Illi
2736 3328 2941 3383 nempe
2972 3329 3082 3367 sua
3110 3306 3504 3384 expectatione
3524 3313 3677 3369 frus-

2027 3401 2184 3467 trati,
2218 3401 2336 3456 fere
2367 3401 2424 3455 in
2455 3404 2721 3472 apertum
2742 3400 2995 3456 schisma
3024 3406 3362 3473 eruperunt,
3397 3402 3679 3459 OdOnem-

2028 3505 2161 3560 que,
2195 3491 2349 3562 quod
2383 3489 2675 3545 Victorem
2705 3489 3058 3557 ordinasset,
3093 3491 3429 3563 vituperare
3462 3495 3519 3547 et
3548 3508 3680 3547 con.

2026 3578 2192 3635 viciis
2247 3595 2489 3634 onerare
2542 3578 2669 3633 ausi
2731 3581 2890 3634 sunt.
2952 3579 3184 3645 Verum,
3218 3597 3359 3659 cum
3391 3579 3473 3635 illi
3521 3580 3678 3637 hunc

2028 3685 2255 3723 naevum
2302 3673 2522 3738 postea,
2567 3667 2637 3722 ad
2697 3665 2963 3721 Ecclesiae
3020 3667 3304 3723 unitatem
3359 3670 3677 3736 redeundo,

2028 3755 2340 3825 abluerint,
2374 3755 2614 3827 ipseque
2644 3755 2809 3826 Hugo
2854 3754 2914 3809 in
2946 3755 3205 3810 secunda
3235 3756 3305 3809 ad
3337 3755 3677 3814 Mathildem

2026 3843 2272 3916 epistola
2301 3845 2663 3899 contestatus
2698 3842 2872 3898 fuerit
2900 3860 2963 3899 se
3009 3860 3335 3916 numquam
3388 3861 3423 3900 a
3451 3849 3679 3903 caetero-

2028 3950 2159 3989 rum
2173 3932 2605 3989 Catholicorum
2623 3933 3033 3988 communione
3047 3933 3594 4006 discessisse,parco
3609 3937 3681 3992 de

2026 4022 2368 4093 hujusmodi
2400 4021 2571 4092 culpa
2599 4021 2822 4077 diutius
2854 4021 3158 4090 disserere,
3194 4038 3266 4078 ne
3314 4022 3493 4079 cineri
3548 4023 3677 4080 illo-

2029 4129 2159 4167 rum
2191 4117 2367 4183 atquo
2399 4111 2631 4166 ossibus
2648 4110 2907 4167 dolorem
2929 4110 3159 4167 inurere
3183 4112 3438 4167 voluisse
3456 4113 3674 4169 videar.

2027 4201 2471 4257 Moneotantum
2496 4199 2735 4256 alteram
2760 4217 2827 4256 ex
2841 4200 3071 4255 duabus
3085 4200 3345 4273 Hugonis
3359 4202 3427 4255 ad
3444 4201 3677 4257 Mathil-

2026 4290 2159 4345 dem
2203 4288 2468 4360 epistolis
2519 4289 2795 4344 insertam
2840 4290 2911 4344 ab
2962 4289 3203 4360 Hugonc
3263 4288 3678 4347 Flaviniacensi

2028 4378 2208 4436 fuisse
2226 4379 2284 4433 in
2302 4377 2583 4434 Chronico
2605 4376 2992 4441 Verdunensi,
3026 4377 3266 4434 alterum
3304 4395 3437 4435 vero
3458 4395 3529 4435 ex
3563 4396 3675 4436 ms.

2027 4465 2558 4524 cod.Cluniacensis
2571 4465 2909 4522 monasterii
2924 4467 3138 4522 editam
3162 4482 3291 4522 esse
3314 4470 3451 4523 tom.
3483 4468 3536 4523 II
3556 4468 3681 4541 Spi-

2026 4554 2542 4629 cilegiiAcheriani
2570 4556 2749 4622 ;Acta
2779 4554 3031 4626 denique
3062 4554 3289 4610 concilii
3324 4560 3677 4612 Beneventa-

265 4644 406 4714 forte
452 4658 525 4700 ne
565 4659 666 4699 sua
696 4643 962 4716 dignitate
1008 4646 1343 4717 privaretur,
1374 4647 1428 4700 si
1454 4645 1521 4701 ab
1561 4646 1690 4701 aliis
1734 4647 1917 4718 prima
1946 4666 1993 4732 D
2025 4646 2083 4702 ni
2101 4645 2213 4715 legi
2243 4644 2398 4716 apud
2423 4643 2664 4732 fetrum
2695 4644 3017 4732 Diaconum
3050 4643 3089 4699 l.
3122 4661 3187 4698 ιιι
3214 4643 3483 4699 Chronici
3514 4645 3678 4701 Casi-

269 4749 469 4790 πωπω
513 4736 846 4790 consecratio
895 4736 947 4789 ei
992 4736 1387 4807 imponeretur,
1416 4751 1705 4791 conversus
1749 4738 1918 4792 estin

266 4823 355 4880 die
383 4822 548 4884 belli;
576 4826 627 4877 et
649 4824 940 4880 immemor
967 4826 1148 4896 factus
1177 4825 1461 4896 propositi,
1494 4828 1549 4880 et
1574 4827 1735 4896 factae
1764 4827 1919 4884 nobis

265 4912 599 4985 mansionis,
656 4912 798 4984 quod
846 4913 1025 4969 dicere
1068 4913 1252 4986 pudet,
1296 4929 1423 4969 cum
1480 4914 1674 4969 abbate
1727 4932 1919 4986 pacem

266 5003 870 5073 faciens,reverentiam
898 5004 950 5058 ei
976 5019 1073 5075 per
1092 5004 1280 5059 omnia
1306 5004 1447 5058 sicut
1474 5019 1628 5074 papae
1648 5004 1913 5059 exhibuit.

266 5089 667 5162 Verum'quod
697 5090 865 5164 Hugo
896 5090 955 5146 in
986 5091 1185 5148 Odone
1209 5090 1513 5147 occasione
1555 5090 1736 5163 hujus
1760 5092 1914 5148 ordi-

269 5177 529 5236 nationis
559 5178 954 5251 reprehendit,
983 5179 1211 5236 videtur
1253 5196 1381 5237 esse
1427 5178 1600 5236 laude
1643 5180 1913 5254 dignum.

267 5268 415 5324 Nam
445 5267 561 5323 etsi
590 5268 739 5324 forte
767 5267 987 5342 aliquid
1021 5268 1080 5326 in
1110 5269 1338 5325 Victore
1370 5268 1914 5341 reprehendendum

268 5355 631 5429 fuerit,quod
661 5372 778 5413 non
807 5358 1001 5414 ausim
1032 5358 1369 5425 dicere,non
1393 5361 1592 5412 tamen
1624 5358 1767 5412 tanti
1788 5375 1916 5413 esse

266 5447 495 5517 poterat
522 5446 806 5501 momenti
817 5450 903 5511 ,ut
918 5446 1120 5502 electio
1135 5447 1260 5517 jam
1285 5447 1434 5501 facta
1452 5449 1511 5500 et
1525 5446 1597 5499 ab
1615 5447 1912 5516 omnibus,

267 5532 385 5589 imo
412 5532 578 5597 etab
609 5533 736 5605 ipso
767 5534 1010 5607 Hugone
1040 5536 1283 5609 ejusque
1313 5534 1664 5605 sequacibus
1684 5536 1772 5608 (ut
1790 5536 1917 5609 ipse

267 5622 564 5690 fatetur,et
590 5621 642 5677 ei
674 5621 873 5680 Victor
908 5623 967 5680 in
997 5624 1242 5682 concilio
1274 5623 1677 5680 Beneventano
1706 5642 1915 5698 expro-

266 5709 442 5782 bavit)
474 5710 800 5782 approbata
846 5711 1131 5770 infirmari
1182 5713 1449 5779 deberet;
1482 5712 1734 5770 maxime
1781 5731 1912 5771 cum

2027 4704 2327 4790 nensisA‘t
2355 4704 2573 4788 [Ιιῶαηί
2623 4731 2926 4803 epistolas,
2960 4749 3107 4803 quas
3152 4731 3263 4787 sibi
3313 4734 3384 4786 ab
3436 4734 3678 4806 Hugon‘e

2025 4821 2390 4879 Cluniacensi
2425 4823 2781 4876 monstratas
2804 4821 2987 4877 fuisse
3016 4821 3246 4877 dicebat
3264 4820 3517 4893 Hugo,in
3548 4823 3680 4895 qui-

2025 4913 2137 4970 bus
2193 4911 2449 4984 pontifex
2510 4908 2922 4964 Cluniacenses
2971 4909 3271 4975 monebat,
3326 4915 3391 4965 ut
3446 4927 3576 4967 sese
3605 4911 3677 4967 ab

2025 5002 2289 5074 ejusdem
2321 4999 2581 5074 Hugonis
2611 5003 2668 5055 et
2711 4998 2985 5054 Richardi
3026 4998 3410 5055 Massiliensis
3451 4999 3680 5056 abbatis

2025 5090 2435 5147 communione
2466 5092 2850 5158 removerent,
2884 5105 3180 5161 nusquam
3209 5089 3491 5145 vidimus.

2025 5197 2190 5254 XXII.
2228 5198 2467 5252 Victoris
2496 5195 2571 5251 111
2612 5212 2779 5269 mors.
2808 5196 2847 5251 Α
2892 5212 2996 5269 quo
3024 5196 3288 5269 picarias
3317 5204 3368 5253 et
3411 5212 3681 5254 successor

2610 5268 2928 5339 designatur
2962 5268 3088 5323 Otto.

2096 5357 2446 5429 Dignitatem
2481 5373 2656 5427 quam
2716 5373 2866 5429 aegre
2918 5358 3059 5413 adeo
3109 5361 3448 5429 susceperat
3484 5357 3681 5413 Victor

2025 5447 2182 5502 haud
2215 5446 2314 5501 diu
2344 5445 2837 5501 retinuit.Etenim
2870 5463 3003 5501 cum
3048 5446 3375 5514 Beneventi,
3410 5446 3510 5501 ubi
3543 5462 3678 5501 eon-

2024 5536 2224 5593 cilium
2248 5533 2662 5602 celebrabat,in
2688 5536 2958 5591 morbum
2976 5535 3391 5608 lapsus,exitus
3413 5534 3502 5591 sui
3520 5534 3675 5589 diem

2023 5625 2334 5681 imminere
2355 5622 3049 5696 perscnsisset,Casinum
3065 5625 3265 5680 statim
3280 5623 3420 5679 redii
3432 5621 3677 5691 t,ibique

2024 5711 2290 5773 Oderisio
2323 5710 2438 5768 sibi
2467 5711 2527 5767 in
2553 5712 2891 5768 monasterii
2914 5712 3198 5785 regimine
3218 5706 3679 5778 substituto,epi-

3144 0 3945 29 Jan”
