3972 6382
309 372 387 455 Μ
1611 387 1682 453 Β.
1728 385 2030 454 URBANI
2069 385 2124 452 n
2167 388 2422 454 PAPIE.
3637 385 3720 452 se

311 539 520 600 scopas
545 523 606 582 et
631 519 960 582 cardinales
979 517 1116 596 -'qui
1149 517 1233 579 'in
1279 517 1408 594 ejus
1451 519 1756 580 comitatu'
1789 523 1956 580 erant
1973 522 2039 592 Α
2065 523 2292 596 vestigia
2309 523 2401 580 sui
2410 519 2828 596 predecessoris
2847 524 2965 596 pia:
2981 523 3272 582 memoriae
3291 517 3540 594 Gregorii
3555 533 3720 597 papa!

309 612 664 682 convocavit,
712 628 904 685 eosque
947 615 1168 669 monuit
1193 616 1256 668 'ac
1278 614 1558 685 praecepit,
1619 612 1703 668 uti
1759 615 1961 669 narrat

310 705 516 762 Petrus
543 703 692 759 libro
723 719 786 758 ut
815 701 1081 758 Chronici
1115 701 1472 769 Casinensis,
1521 701 1710 774 capite
1754 703 1846 770 73,
1895 705 1960 757 ut

308 795 569 851 Odonem
607 791 934 848 Ostiensem
977 789 1341 863 episcopum,
1372 793 1503 862 post
1549 805 1717 845 suam
1769 789 1956 860 ipsius

307 886 576 949 mortem,
613 895 791 953 quam
822 878 1082 952 proxime
1111 885 1451 935 eventuram
1480 895 1607 935 esse
1637 895 1753 934 non
1785 877 1956 934 dubi-

305 972 487 1037 tabat,
511 972 684 1042 juxta
702 969 961 1042 Gregorii
993 968 1298 1024 morientis
1321 972 1519 1024 votum
1542 968 1604 1022 in
1623 968 1954 1023 Romanum

305 1059 642 1134 pontiﬁcem
689 1057 972 1132 eligerent
1003 1060 1238 1126 :Quem,
1291 1059 1424 1128 quia
1454 1068 1699 1128 prwsens
1744 1056 1951 1124 aderat,

301 1165 476 1206 manu
495 1147 898 1221 apprehensum
923 1149 1138 1203 caneris
1165 1148 1426 1218 episcopis
1451 1145 1700 1213 tradidit,
1728 1145 1912 1202 dicens
1931 1165 1951 1201 :

299 1239 538 1311 Accipite
561 1253 687 1294 eum
711 1241 764 1292 et
791 1239 851 1292 in
887 1238 1128 1291 Romana
1155 1235 1283 1290 sede
1313 1235 1518 1301 locate;
1551 1251 1830 1305 meamque
1871 1237 1951 1290 vi-

298 1345 414 1384 cem
444 1328 506 1382 in
537 1326 808 1394 omnibus,
844 1341 1121 1398 quousque
1151 1325 1220 1381 id
1243 1326 1426 1395 facere
1464 1325 1704 1396 possitis,
1733 1324 1948 1380 habete.

296 1415 476 1472 Paulo
499 1419 653 1488 post,
687 1431 890 1470 mense
919 1412 1142 1469 scilicet
1163 1411 1512 1484 Septembri,
1546 1412 1747 1468 Victor
1768 1413 1948 1468 mor-i4

293 1508 430 1574 tur;
462 1504 564 1560 sed
596 1505 726 1576 ejus
755 1501 1112 1558 successoris
1131 1501 1357 1566 electio,
1381 1501 1452 1556 o'b
1475 1503 1806 1572 temporum
1839 1499 1948 1556 dif-

295 1592 611 1659 ﬁcultates,
643 1593 702 1647 in
734 1597 1073 1664 sequentem
1107 1593 1329 1647 annum
1359 1589 1541 1646 dilata
1569 1594 1679 1646 est.

290 1683 727 1756 XXIIICUrbani
756 1699 830 1755 III
855 1699 1062 1754 electio.
1103 1699 1340 1752 Litteras
1385 1713 1448 1752 ea
1479 1696 1544 1752 de
1579 1697 1850 1767 rescribit,
1881 1715 1950 1753 ea:

305 1798 312 1811 -
734 1771 930 1842 quibus
955 1770 1162 1841 aliquot
1190 1771 1503 1840 supersunt.

365 1859 636 1916 Decursis
665 1876 702 1915 a
729 1858 980 1914 Victuris
1009 1859 1206 1914 obitus
1227 1875 1330 1913 sex
1357 1855 1591 1913 circiter
1619 1858 1941 1922 mensibus,

290 1951 366 2007 de
391 1956 730 2006 successore
744 1947 986 2003 tandem
1007 1950 1204 2003 actum
1226 1951 1335 2002 est.
1359 1947 1688 2002 Conventus
1705 1962 1773 2002 ea
1793 1947 1864 2002 de
1885 1963 1946 2003 re

290 2039 449 2112 apud
477 2037 849 2094 Terracinam
863 2037 1194 2107 Campaniae
1212 2036 1486 2090 Remanae
1512 2037 1944 2101 urbem,mense

289 2128 520 2195 Martio,
555 2143 709 2183 anno
741 2124 1340 2192 ~1088,babitusest,in
1363 2141 1480 2196 quo
1512 2124 1942 2180 Catholicorum

291 2216 554 2274 omnium
580 2213 849 2271 unanimi
879 2231 1170 2270 consensu
1201 2213 1376 2268 simul
1407 2219 1464 2269 et
1494 2213 1776 2284 applausu
1819 2213 1942 2270 Odo

288 2307 598 2380 episcopus
625 2303 912 2362 Ostiensis
937 2303 1238 2359 Romanus
1269 2302 1526 2374 pontifex
1569 2293 1940 2358 renuntiatus

288 2396 540 2451 ﬁiit'sub
571 2395 777 2452 Urbani
796 2395 846 2450 II
873 2391 1134 2447 nomine.
1167 2391 1348 2448 Nemo
1379 2395 1577 2447 autem
1599 2407 1714 2446 non
1742 2391 1942 2447 lauda-
1993 2453 2005 2465 ,

285 2485 369 2541 vit
397 2484 555 2558 quod
584 2483 800 2539 Odonis
821 2481 1054 2555 generis
1077 2480 1377 2547 nobilitas,
1401 2479 1583 2536 animi
1604 2484 1939 2536 mansuetu-

287 2573 383 2640 do,
417 2571 676 2628 suavitas
707 2587 958 2638 morum,
993 2571 1125 2625 vitae.
1155 2569 1508 2640 innocentia,
1535 2569 1594 2624 in
1615 2568 1937 2626 tractandis

287 2661 533 2735 negotiis
563 2660 872 2734 prudentia
896 2663 950 2715 et
983 2659 1318 2730 dexteritas,
1371 2659 1430 2714 in
1469 2658 1728 2715 adversis
1772 2675 1938 2716 cons-

283 2749 500 2807 stantia
528 2747 964 2822 insuperabilis,
997 2747 1240 2819 aliasque
1273 2748 1537 2814 virtutes,
1571 2764 1698 2820 quas
1751 2747 1932 2803 maxi-

286 2846 448 2895 mum
472 2837 808 2910 pontificem
831 2834 1340 2902 decent,omnibus
1359 2838 1556 2892 essent
1583 2839 1751 2892 notae.
1784 2836 1932 2891 Eum

284 2924 584 2982 nebulosis
631 2923 752 2980 illis
796 2923 1188 2996 temporibus,
1235 2941 1270 2978 a
1299 2925 1402 2981 Deo
1431 2925 1598 2980 Israel
1624 2927 1933 2980 maximum

278 3017 586 3088 principem
609 3021 801 3070 contra
819 3013 1124 3084 allophylos
1141 3015 1494 3069 constitutum
1515 3012 1699 3070 fuisse
1725 3013 1932 3069 scribit

283 3103 562 3160 Odericus
609 3101 815 3158 Vitalis
863 3101 1012 3157 libro
1069 3119 1191 3170 νηι,
1251 3101 1344 3158 cui
1401 3105 1667 3160 Dominus
1723 3110 1933 3159 turrem

283 3191 480 3249 Dauid
505 3207 624 3247 cum
676 3191 1106 3262 propugnaculis
1161 3195 1352 3246 contra
1405 3193 1608 3264 faciem
1681 3193 1932 3248 Damasci

281 3281 656 3337 committeret.
676 3259 838 3335 _Tu_m
859 3259 1007 3334 :eum
1038 3279 1123 3334 sic
1154 3259 1670 3352 repraesentatzliic
1695 3285 1813 3336 erat
1829 3297 1926 3335 na-
1957 3259 2000 3328 C

283 3371 433 3426 tione
457 3368 953 3425 Gallus‘nobilitato
1000 3372 1052 3423 et
1096 3369 1518 3425 mansuetudine
1563 3369 1766 3436 clarus,
1799 3371 1934 3425 civis

285 3459 578 3525 Remensis,
625 3458 922 3514 monachus
968 3459 1366 3524 Cluniacensis,
1414 3463 1581 3516 (aelate
1623 3458 1930 3526 mediocris,

281 3563 502 3620 corpore
524 3563 776 3622 magnus,
807 3547 1094 3604 modestia.
1115 3547 1406 3614 discretus,
1448 3548 1718 3616 religione
1749 3549 1932 3604 macci-

283 3653 426 3702 mus,
449 3637 724 3709 sapientia
753 3644 803 3692 et
828 3637 1134 3709 eloquentia
1167 3639 1499 3710 praecipuus.
1543 3637 1760 3694 Urbani
1791 3637 1936 3694 elec-

281 3725 500 3782 tionem
531 3724 736 3780 laudat
765 3741 998 3798 quoque
1029 3725 1328 3794 Domnizo,
1359 3725 1459 3781 lib.
1498 3744 1554 3795 ιι,
1587 3742 1714 3798 cap.
1750 3729 1805 3793 7,
1833 3726 1935 3782 ubi

284 3831 419 3870 eum
451 3814 524 3870 ob
574 3813 970 3886 eloquentiam
993 3815 1268 3870 rhetorem
1281 3813 1556 3886 appellat,
1577 3813 1678 3885 qui
1688 3857 1702 3883 ,
1724 3813 1936 3886 inquit,

284 3909 344 3960 ut
369 3903 626 3958 Salomon
641 3901 872 3966 dicebat,
905 3908 964 3958 et
988 3903 1302 3958 consulebat
1330 3907 1387 3957 ut
1409 3905 1594 3973 justus
1625 3903 1725 3958 leo.
1758 3904 1936 3959 Eum-

287 3993 418 4048 dem
443 3991 688 4047 doctrina
720 3999 770 4047 et
796 3993 1112 4048 sanctitates
1131 3993 1258 4046 vitae
1287 3993 1474 4063 quovis
1505 3991 1707 4060 grandi
1733 3993 1934 4063 magis-

283 4085 434 4138 tratu
453 4079 686 4149 dignum.
705 4081 880 4150 fuisse
906 4077 1136 4136 Platina
1163 4083 1477 4136 asseverat.

353 4167 538 4224 Venia
569 4171 764 4224 autem
791 4168 1012 4241 dignus
1051 4172 1140 4224 est
1181 4166 1507 4233 Bertoldus,
1547 4169 1648 4239 qui
1699 4168 1762 4224 in
1806 4173 1938 4226 Ger-

287 4257 487 4314 mania
514 4257 874 4314 constitutus
901 4260 1103 4313 contra
1131 4255 1383 4312 aliorum
1432 4259 1740 4314 auctorum
1778 4259 1938 4316 testi-

287 4345 573 4412 monium,
597 4351 655 4400 et
684 4345 869 4417 ipsius
899 4344 1116 4401 Urbani
1161 4343 1458 4416 epistolas,
1509 4345 1746 4418 scripsit
1786 4346 1938 4404 hanc

287 4433 626 4490 electionem
645 4433 852 4490 'Romae
887 4433 1072 4490 fuisse
1103 4433 1411 4501 factam,ut
1439 4451 1474 4488 a
1503 4435 1723 4490 caeteris
1764 4436 1821 4491 in
1854 4452 1940 4492 ce-

286 4522 584 4580 lebrandis
605 4521 854 4593 hujusce
876 4523 1170 4594 pontiﬁcis
1199 4522 1474 4578 laudibus
1504 4541 1618 4580 non
1644 4524 1934 4582 dissentit.

2066 611 2474 670 observaturum
2511 612 3107 686 denuntiavit.'Testis
3137 617 3227 672 est
3273 611 3580 680 Domn‘izo,
3610 610 3716 668 lib.

2065 719 2130 769 ιι,
2163 719 2290 776 cap.
2322 704 2374 772 3,
2409 703 2704 760 Urbanum
2741 707 2880 760 tunc
2909 707 3012 760 aut
3039 705 3193 760 Certe
3215 701 3386 776 paulo
3416 705 3624 776 postea
3643 700 3718 756 ad

2065 790 2406 848 Matbildem
2435 791 2799 848 comitissam
2824 791 3226 865 scripsisse,ut
3252 808 3382 848 eam
3415 791 3488 847 ad
3519 804 3715 864 perse~

2063 881 2386 936 vorandum
2434 881 2494 936 in
2547 883 2764 937 tuenda
2813 881 3092 938 adversus
3117 880 3530 957 Schismaticos
3555 880 3716 940 sedis

2063 969 2392 1042 apostolicae
2413 986 2596 1026 causa
2624 971 2692 1026 ad
2702 970 3343 1028 hortaretur.Czclerum
3365 979 3484 1027 nan
3505 969 3720 1042 episto-

2061 1057 2149 1114 las
2179 1059 2373 1124 modo,
2407 1060 2509 1115 sed
2531 1059 2717 1115 etiam
2739 1059 2961 1132 legatos
2992 1060 3066 1114 ab
3099 1059 3422 1116 Urbano’in
3451 1058 3714 1115 diversas

2060 1145 2266 1220 plagas
2288 1147 2502 1204 missos
2531 1147 2718 1205 fuisse
2735 1148 2914 1204 tradit
2933 1147 3247 1204 0rdcricus
3277 1147 3427 1204 libro
3447 1145 3712 1215 laudato,

2061 1239 2128 1291 ut
2155 1235 2447 1309 principes
2463 1237 2824 1294 Christianos
2837 1239 2896 1292 in
2929 1237 3041 1293 ﬁde
3071 1241 3130 1293 et
3159 1237 3385 1292 unitate
3401 1237 3712 1294 conﬁrma.

2060 1328 2168 1381 ret.
2211 1328 2460 1398 Conﬁsus
2481 1328 2541 1381 in
2559 1328 2788 1383 Domino
2815 1327 3093 1394 certorum,
3122 1325 3204 1382 ait
3235 1325 3330 1381 hic
3359 1329 3582 1392 auctor,
3615 1327 3714 1396 qui

2057 1430 2172 1468 non
2198 1415 2463 1486 relinquit
2493 1417 2704 1484 uirgam
2730 1423 3072 1486 peccatorum
3097 1432 3262 1486 super
3307 1423 3506 1472 sortem
3531 1416 3711 1487 justo-

2059 1520 2205 1573 rum,
2239 1505 2390 1560 misit
2437 1505 2642 1574 legatos
2693 1513 2744 1560 et
2789 1505 3031 1576 epistolae
3059 1508 3322 1561 Romanae
3363 1507 3708 1561 auctoritatis

2057 1594 2282 1649 Francis
2312 1597 2367 1649 et
2385 1595 2614 1658 amcis,
2637 1594 2875 1665 aliisque
2901 1594 3152 1664 gentibus
3175 1609 3276 1664 per
3298 1593 3483 1650 orbem
3510 1595 3714 1650 consti-

2059 1684 2207 1749 tutis,
2241 1691 2300 1737 ut
2333 1685 2396 1740 in
2423 1683 2528 1754 ﬁde
2555 1683 2828 1739 catholica
2856 1683 3321 1756 irrefragabiliter
3353 1683 3713 1754 pet-sisterent

2053 1775 2104 1827 et
2131 1787 2346 1829 omnem
2385 1773 2684 1828 scissuram
2729 1789 2764 1828 a
2812 1773 2930 1842 tege
2974 1773 3074 1828 Dei
3118 1775 3172 1828 et
3215 1785 3440 1844 corpore
3485 1769 3710 1841 Christi,

2053 1860 2194 1932 quod
2223 1869 2302 1916 est
2332 1862 2590 1928 Ecclesia,
2619 1861 2820 1916 callide
2842 1867 3230 1932 praecaverent.
3624 1909 3631 1916 .

2063 1989 2069 1998 .
2125 1947 2364 2022 Aliquot
2394 1966 2460 2006 ex
2489 1948 2757 2022 epistolis
2787 1949 2926 2018 illis,
2957 1950 3028 2006 ab
3061 1949 3294 2006 Urbano
3343 1947 3544 2004 statim
3575 1951 3710 2020 post

2053 2054 2222 2093 suam
2255 2037 2596 2093 electionem
2628 2037 2888 2108 scriptis,
2922 2037 3394 2110 supersuntiUna
3421 2035 3708 2109 inscripta.

2050 2131 2140 2184 est
2169 2125 2572 2198 Saliburgensi
2605 2125 3074 2198 metropolitano,
3101 2125 3353 2200 aliisque
3381 2125 3708 2198 Germanias

2051 2215 2344 2288 episcopis
2377 2214 2862 2288 catholicis,quod
2895 2215 2966 2272 ad
2997 2214 3490 2288 perseverantiam
3521 2213 3583 2272 in
3605 2215 3708 2272 Ee-

2053 2303 2242 2360 clcsiae
2293 2302 2592 2359 catholicae
2643 2304 2974 2360 obedientia
3022 2304 3246 2376 paucis,
3297 2304 3398 2361 sed
3448 2303 3707 2362 maxime

2054 2392 2413 2458 efﬁcacibus,
2445 2392 2638 2448 verbis
2669 2391 3033 2448 adhortatur.
3061 2391 3322 2448 Alteram
3363 2390 3704 2464 scripsitad

2045 2483 2349 2554 episcopos
2378 2479 2730 2536 Viennensis
2763 2480 2824 2536 in
2855 2480 3044 2537 Gallia
3093 2479 3426 2554 provincia,
3455 2479 3516 2536 in
3563 2490 3702 2553 qua,

2044 2573 2178 2644 post
2205 2569 2596 2643 signiﬁcatam
2628 2568 2710 2626 eis
2742 2586 2916 2626 suam
2947 2569 3315 2636 electionem,
3338 2568 3472 2624 illos
3501 2572 3702 2628 monet

2043 2663 2110 2715 ut
2137 2676 2256 2715 sum
2289 2657 2593 2732 metr0poli
2625 2663 3134 2731 succurrant,quae
3165 2659 3237 2716 ob
3261 2659 3704 2735 diuturnamsef

2041 2747 2132 2804 dis
2163 2747 2521 2804 vacationem
2545 2749 2815 2820 jacturas
2853 2763 3062 2821 graves
3104 2747 3696 2822 patiebatur..Eadem

2041 2836 2694 2908 occasions,codemque
2714 2835 3264 2908 tempore,pontifex
3293 2836 3368 2893 ad
3390 2835 3696 2908 Hugonem

2045 2925 2315 2982 abbatem
2345 2924 2996 2990 Cluniacensem,suum
3012 2924 3151 2982 olim
3166 2925 3224 2981 in
3239 2923 3553 2998 disciplina
3570 2941 3697 2980 mos

2040 3013 2266 3070 nastica
2289 3013 2662 3087 magistrum,
2694 3012 2952 3086 scripsit,
2987 3030 3105 3086 qua
3125 3013 3320 3070 verbis
3357 3012 3698 3088 tenerrimis

2038 3117 2174 3159 cum
2206 3101 2572 3172 adhortatur,
2605 3107 2671 3156 ut
2701 3105 2919 3174 quanto
2954 3101 3130 3158 citius
3161 3102 3250 3158 fas
3279 3101 3332 3159 ei
3357 3101 3693 3160 fuerit-Ro-'

2040 3207 2195 3247 mam
2228 3191 2482 3260 accedat,
2515 3189 2652 3263 ipsi,
2685 3190 2755 3246 ad
2777 3193 2900 3246 tam
2923 3205 3098 3264 grave
3137 3203 3298 3248 onus.
3332 3192 3698 3262 portandum

2041 3296 2211 3352 opem
2258 3279 2569 3335 allaturus.
2601 3277 3125 3344 Similes-litteras,
3159 3279 3260 3336 sed
3311 3287 3440 3352 quas
3471 3279 3696 3338 excide-

2043 3371 2200 3437 runt,
2235 3367 2602 3441 Reynoldum
2632 3368 2946 3424 RemOrum
2979 3367 3306 3440 antistitem
3347 3368 3418 3424 ab
3458 3367 3692 3426 Urbano

2044 3457 2337 3530 recepisse
2367 3456 2606 3530 conjicit
2633 3457 2918 3515 Marlotus
2949 3464 3110 3514 anno
3131 3457 3180 3514 lI
3211 3457 3551 3529 metropolis
3572 3458 3691 3515 Ite-

2045 3545 2288 3612 mensis,
2321 3562 2391 3600 ex
2419 3544 2622 3601 charta
2651 3543 2986 3602 initio‘anni
3009 3545 3312 3618 sequentis
3335 3545 3705 3619 datamque;

2047 3634 2405 3708 Raynaldus,
2437 3633 2718 3690 invitante
2751 3633 3006 3702 Urbano,
3033 3651 3108 3690 se.
3143 3637 3400 3692 Romam
3419 3635 3583 3692 adire
3607 3639 3694 3692 te-

2044 3727 2251 3780 statur.
2275 3725 2361 3778 An
2391 3723 2569 3778 etiam
2601 3723 2676 3778 ad
2723 3721 3046 3797 Anglorum
3091 3723 3406 3792 antistites,
3437 3730 3689 3796 quorum

2043 3812 2296 3884 primam
2327 3811 2529 3867 sedem
2570 3813 2710 3867 tunc
2739 3811 3042 3868 obtinebat
3070 3811 3275 3870 beatus
3325 3811 3694 3870 Lant'raucus

2045 3899 2368 3958 Cantuariis
2398 3899 2896 3974 archiepiscopus,
2914 3900 3215 3974 scripserit
3230 3917 3415 3958 novus
3436 3901 3696 3974 pontifex

2045 3989 2206 4046 haud
2237 3992 2462 4044 certum
2490 3992 2617 4045 est:
2650 3991 2710 4045 at
2737 4003 2807 4044 ex
2835 3990 3024 4046 sancti
3053 3989 3316 4047 Anselmi
3351 3989 3544 4046 Gestis
3574 3988 3691 4046 col-

2045 4077 2248 4151 ligitur
2277 4077 2579 4134 Urbanum
2619 4081 2752 4133 ante
2799 4077 3064 4150 ejusdem
3113 4077 3301 4135 sancti
3351 4077 3693 4136 electionem

2047 4183 2154 4224 nec
2178 4166 2508 4223 admissum
2540 4183 2644 4222 nec
2671 4167 2952 4239 rejectum
2978 4167 3039 4222 in
3068 4167 3279 4241 Anglia
3308 4166 3512 4225 fuisse.

2391 4255 2581 4312 XXIV.
2619 4257 2896 4314 Urbanum
2922 4263 3104 4313 omiws
3134 4261 3343 4314 ainant.
3507 4307 3512 4313 .

2117 4347 2302 4402 Tanta
2325 4349 2524 4401 autem
2551 4351 2676 4402 erat
2703 4345 2860 4417 apud
2889 4347 3180 4402 omnesde
3209 4345 3443 4403 Urbano
3471 4346 3692 4419 opinio,

2047 4440 2114 4492 ut
2141 4433 2344 4490 nullus
2369 4451 2505 4491 eum
2536 4451 2650 4490 non
2679 4443 2921 4502 amaret,
2957 4434 3277 4508 nullusque
3323 4451 3428 4508 pro
3475 4451 3610 4492 vero
3639 4440 3699 4492 et

2046 4523 2267 4598 optimo
2297 4522 2568 4596 pontiﬁce
2597 4540 2733 4579 eum
2764 4522 3010 4580 libenter
3041 4540 3156 4579 non
3183 4529 3696 4598 agnosceret,prae-

287 4613 505 4678 Romae,’
527 4611 738 4686 inquit,
789 4613 1098 4668 cardinales
1140 4619 1194 4668 et
1235 4613 1493 4684 episcopi,
1525 4617 1580 4687 et
1627 4615 1831 4688 reliqui
1876 4617 1942 4672 de
1975 4633 2017 4698 ι)
2046 4618 2136 4670 ter
2165 4613 2476 4669 Henricum
2510 4613 2863 4686 Augustum,
2895 4613 3142 4685 ejusque
3185 4619 3466 4684 sequaces
3499 4631 3516 4668 ε
3547 4621 3707 4686 quos.

285 4701 428 4758 clero
455 4707 510 4758 et
543 4702 744 4774 papula
796 4701 1059 4758 cattlmlico
1103 4701 1350 4758 0t;onem
1393 4701 1690 4758 Ostiensem
1731 4707 1941 4775 episco-

283 4807 438 4864 pum,
467 4791 736 4861 religione
754 4795 803 4847 et
823 4789 1131 4846 eruditione
1157 4790 1562 4857 celebrandum,
1575 4807 1778 4863 papam
1808 4810 1935 4851 ccxx

287 4879 714 4937 ordinaverunt:
737 4883 896 4952 eique
912 4893 1108 4935 nomen
1132 4879 1340 4936 Urbani
1348 4879 1574 4936 secundi
1593 4881 1930 4940 indiderunt.

288 4985 346 5023 ιν
384 4968 511 5025 Idus
540 4969 742 5024 Martii.
795 4967 1084 5040 Haecipsa
1124 4968 1328 5024 eadem
1359 4968 1452 5024 die
1481 4967 1698 5026 Urbani
1737 4970 1938 5029 electio

287 5057 670 5131 consignatur
697 5058 758 5113 in
805 5058 967 5114 brevi
1008 5057 1290 5113 Chronico
1327 5057 1570 5114 Cavensi
1619 5060 1690 5114 ad
1743 5060 1936 5134 cyclos

289 5145 628 5219 paschales;
662 5146 780 5202 imo
811 5151 868 5202 et
899 5146 952 5202 in
986 5146 1134 5219 ipsis
1165 5145 1382 5202 Urbani
1412 5145 1643 5216 litteris,
1679 5166 1828 5222 quas
1867 5168 1936 5208 ea

289 5235 362 5292 de
389 5252 451 5292 re
479 5235 734 5308 scripsit.

361 5323 430 5379 Et
457 5325 694 5396 quidem
725 5323 1032 5380 Bertoldus
1065 5327 1312 5380 testatur
1362 5341 1574 5380 novum
1608 5329 1938 5398 pontiﬁcem

289 5412 487 5470 statim
515 5417 648 5486 post
676 5431 846 5469 suam
894 5413 1234 5470 electionem
1278 5413 1503 5470 litteras
1533 5417 1800 5490 encyclas
1836 5436 1940 5491 per

289 5505 479 5558 totum
509 5502 710 5558 orbem
734 5502 1130 5558 Christianum
1175 5501 1426 5560 misisse.
1483 5505 1816 5577 Insequenti,
1848 5508 1938 5564 in-

290 5591 440 5664 quit,
471 5591 578 5658 die,
609 5593 795 5648 missis
827 5593 1024 5648 litteris
1065 5593 1313 5648 omnibus
1345 5592 1658 5663 Catholicis,
1694 5600 1748 5651 et
1775 5612 1940 5652 suam

289 5680 696 5738 ordinationem
727 5681 978 5737 omnibus
1021 5681 1340 5759 declaravit,
1387 5689 1442 5738 et
1490 5697 1546 5737 se
1587 5684 1648 5739 in
1685 5685 1936 5742 omnibus

2053 4706 2248 4760 tamen
2280 4702 2444 4771 adeo,
2479 4718 2580 4774 pro
2610 4718 2722 4757 sua
2750 4700 3062 4774 prudentia
3089 4705 3148 4758 et
3173 4700 3414 4758 lenitate
3461 4717 3699 4760 morum

2046 4791 2418 4858 demulsit,ut
2447 4789 2758 4862 plerosque
2789 4789 3024 4846 illorum
3054 4790 3298 4862 puderet
3327 4794 3522 4848 sutum
3539 4799 3700 4848 anm-

2046 4880 2172 4949 bili,
2200 4885 2322 4936 tam
2353 4882 2555 4936 sancto
2583 4877 2704 4934 viro
2735 4879 3052 4952 adversari.
3086 4879 3233 4936 Hinc
3263 4880 3374 4936 sub
3401 4880 3536 4952 ejus
3565 4877 3700 4935 vitm

2049 4971 2226 5026 ﬁnem
2247 4967 2534 5040 vixaliqui
2549 4972 2898 5041 supererant
2912 4967 3013 5040 qui
3030 4967 3310 5024 Guiberto
3322 4967 3696 5041 pontiﬁci‘ad-

2047 5059 2351 5116 biererent.
2386 5056 2568 5126 Solus,
2597 5056 2794 5130 inquit
2841 5057 3173 5128 Ordericus,
3204 5060 3467 5116 Henricus
3522 5058 3695 5112 Theu-

2045 5157 2237 5206 tonum
2267 5148 2523 5220 princeps
2571 5151 2620 5203 et
2648 5146 2926 5219 pedisequi
2971 5147 3214 5220 ejusdem
3236 5147 3490 5204 'Guiberlo
3517 5145 3698 5203 adim-

2048 5239 2241 5294 rcbant
2258 5253 2279 5300 ,ο
2310 5235 2456 5292 Galli
2482 5252 2606 5292 vero
2635 5245 2686 5292 et
2715 5237 2896 5306 Angli,
2931 5237 3162 5307 aliaeque
3189 5243 3376 5305 gentes
3410 5241 3551 5306 pene
3579 5249 3694 5291 om-

2045 5343 2142 5383 nes
2183 5343 2282 5398 per
2329 5325 2515 5381 orbem
2567 5325 2782 5382 Urbano
2821 5327 2914 5398 pic
2959 5325 3414 5381 obsecundabant.
3447 5321 3598 5394 Quin
3635 5327 3698 5381 et

2044 5417 2260 5481 Pisani,
2293 5418 2361 5470 ut
2389 5415 2567 5470 habet
2595 5413 2922 5484 Bertoldus,
2957 5413 3256 5469 Genuenses
3285 5416 3339 5468 et
3375 5413 3482 5468 alii
3524 5411 3700 5470 mulli

2044 5523 2114 5562 ea:
2142 5505 2328 5570 Italia,
2361 5501 2652 5560 debellato
2683 5519 2800 5558 uno
2831 5518 2898 5558 ex
2943 5501 3232 5558 Africanis
3270 5501 3538 5575 regibus,
3571 5519 3700 5558 eum

2044 5595 2350 5668 apostolicae
2377 5591 2518 5648 sedis
2545 5591 2909 5648 tributariam
2947 5593 3214 5662 fecerunt.
3249 5590 3430 5664 Cujus
3458 5592 3694 5665 expedi-

2044 5682 2222 5740 tionis
2253 5677 2858 5738 meminitGhronicon
2890 5679 3256 5751 Pisanum,in
3285 5697 3400 5754 quo
3428 5681 3559 5738 duas
3582 5697 3701 5738 mu-
