3972 6388
258 506 352 574 «83
1340 594 1343 595 ν
1569 550 1577 558 .
1864 506 1923 574 η

2045 508 2083 572 ι’.
2352 552 2359 559 -
3605 513 3685 577 31

271 646 565 700 nitissimaé
595 644 770 699 urbes
800 628 1101 699 die'sancti
1130 639 1282 729 Xiati
1304 647 1484 716 captaa
1506 648 1923 702 memorantur.
1957 638 2029 715 Αξ
2039 645 2349 717 episcopus
2379 646 2742 714 Portuensis,
2772 650 2831 702 et
2859 645 3206 704 Benedictus
3236 648 3562 720 prafectus‘
3590 667 3684 705 re»

343 751 509 819 XXV.
541 751 900 808 Particularis
952 752 1066 823 ejus
1125 750 1406 807 electionis
1460 750 1749 823 descriptio
1788 768 1885 807 εω-

802 824 1072 879 Chronico
1105 824 1407 879 Casinemi.

343 911 471 968 Huc
502 928 688 984 usque
710 909 1251 980 ‘varios'auctores,
1285 912 1386 984 qui
1439 912 1577 968 data
1622 911 1927 971 occasione

272 1001 619 1057 summatim
655 1000 727 1057 de
756 1000 972 1056 Urbani
1004 1001 1285 1057 electione
1316 1000 1698 1074 scripserunt,
1724 1000 1926 1056 lauda—-

264 1090 504 1146 vimus:
532 1090 660 1162 jam
691 1106 827 1146 vero
853 1082 1111 1162 proferre
1142 1089 1284 1146 libet
1310 1091 1607 1165 egregiam
1653 1091 1782 1159 ejus
1827 1091 1926 1145 de-

271 1179 677 1252 scriptionem,
711 1195 887 1252 quam
920 1168 1126 1237 Petrus
1170 1179 1453 1237 diaconus
1484 1180 1632 1236 libre
1663 1197 1719 1234 ιν
1747 1179 1926 1235 Chro-

272 1268 388 1324 nici
418 1267 755 1325 Casinensis
775 1274 902 1341 cap.
928 1272 964 1324 2
996 1268 1260 1335 inseruit,
1294 1266 1395 1324 ubi
1425 1285 1659 1325 omnem
1677 1269 1807 1340 ejus
1836 1284 1927 1323 se—

271 1356 417 1413 riem
448 1368 587 1413 cum
613 1356 865 1430 singulis
895 1357 1356 1415 circumstantiis
1386 1358 1512 1413 fuse
1533 1361 1590 1413 et
1619 1356 1929 1430 particula-

269 1446 378 1502 tim
412 1445 687 1519 explicat.

340 1557 370 1585 ‹‹
403 1526 547 1592 Post
577 1538 822 1590 mortem
846 1534 1095 1591 Victoris
1140 1533 1377 1591 tristitia
1406 1536 1613 1609 ingens
1638 1540 1697 1592 et
1723 1536 1927 1608 despe-

268 1623 417 1680 ratio
441 1627 689 1679 cunetos
711 1627 925 1679 nostras
946 1623 1131 1696 partis
1154 1624 1400 1693 invasit;
1428 1628 1485 1680 et
1498 1626 1621 1696 jam
1648 1625 1762 1680 fere
1786 1624 1927 1695 quid

270 1720 534 1785 agerent,
566 1712 651 1769 vel
676 1712 927 1786 qualiter
957 1730 1019 1769 se
1050 1714 1120 1769 de
1146 1714 1404 1768 Ecclesia
1454 1715 1927 1781 intromitterent,

268 1801 644 1875 ignorabant.
678 1801 982 1874 Episcopis
1018 1802 1477 1875 circumquaque
1506 1802 1787 1875 dispersis
1819 1802 1927 1857 fre—

272 1896 524 1963 quentes
556 1888 769 1956 nuntii,
803 1884 1107 1963 crebrique
1155 1890 1329 1963 legati
1360 1896 1482 1946 tam
1534 1891 1928 1947 Romanorum

274 1968 453 2052 quam
490 1976 1070 2035 Ultram'ontanorum
1103 1985 1159 2035 et
1189 1980 1499 2036 comitissae
1531 1979 1824 2035 Mathildae
1856 1980 1929 2035 ad

273 2069 516 2125 eosdem
534 2068 838 2141 episcopos
857 2067 1213 2132 transmissi,
1234 2068 1620 2125 hortabantur
1637 2068 1849 2141 pariter
1864 2083 1931 2124 ac

272 2158 563 2230 rogabant
593 2161 723 2213 ut...
757 2157 817 2210 in
868 2173 1051 2212 unum
1084 2156 1493 2213 convenientes
1525 2161 1697 2229 caput
1746 2157 1929 2213 facere

271 2242 737 2302 Christianitatis
759 2250 1092 2319 satagerent
1108 2264 1120 2301 :
1138 2247 1404 2302 membra
1416 2247 1515 2302 Dei
1532 2245 1740 2302 auxilia
1755 2246 1929 2317 capiti

268 2353 386 2390 non
420 2336 742 2391 defutura.
773 2336 1034 2390 Tandem
1092 2335 1290 2407 itaque
1343 2353 1579 2391 rursum
1643 2337 1699 2389 in
1745 2352 1929 2392 unum

273 2423 611 2492 coadunati,
651 2438 770 2479 una
801 2440 933 2479 cum
980 2424 1191 2479 abbate
1221 2428 1423 2479 nostro
1462 2424 1725 2481 Oderisio
1759 2425 1932 2479 mise—

270 2519 409 2570 runt
461 2512 696 2569 litteras
752 2513 1031 2569 Romanis
1087 2511 1316 2569 clericis
1374 2530 1439 2568 ac
1490 2512 1676 2578 laicis,
1733 2513 1931 2569 Sancti

275 2594 424 2659 Petri
458 2601 756 2670 fidelibus,
787 2606 852 2656 ut
881 2606 1168 2675 quotquot
1215 2619 1284 2657 ex
1324 2602 1408 2658 eis
1448 2608 1709 2675 possent,
1742 2602 1932 2675 prima

276 2692 648 2749 hebdomade
677 2691 1169 2765 Quadragcsimae,
1216 2692 1588 2748 Terracinam
1623 2692 1928 2747 venirent:

277 2772 569 2854 quotcjuot
595 2798 729 2836 vero
786 2798 901 2835 non
956 2787 1209 2854 possent,
1272 2797 1582 2838 assensum
1635 2798 1811 2836 suum
1871 2781 1931 2836 in

278 2886 553 2943 persona,
586 2886 761 2942 quam
799 2869 906 2942 ipsi
943 2870 1214 2926 concordi
1263 2874 1396 2925 voto
1441 2870 1743 2943 eligerent,
1797 2886 1930 2942 pro-

276 2959 418 3032 priis
456 2958 674 3015 litteris
703 2963 1203 3032 reprzesentarent.
1238 2959 1516 3015 Similiter
1544 2960 1721 3015 etiam
1754 2960 1928 3014 mise-

282 3053 417 3106 runt
442 3047 675 3104 litteras
723 3048 1015 3105 universis
1068 3048 1525 3120 circumquaque
1554 3065 1659 3121 per
1686 3048 1931 3121 Campa-

280 3138 461 3206 niam,
527 3136 945 3209 Principatum,
1002 3141 1178 3210 atque
1234 3137 1505 3209 Apuliam
1553 3138 1930 3193 manentibus

277 3224 571 3301 episc0pis
628 3230 801 3298 atque
834 3227 1166 3292 abbatibus,
1200 3232 1265 3282 ut
1307 3227 1659 3299 quicunque
1693 3231 1931 3299 possent

281 3312 502 3389 absque
535 3317 813 3371 canonica
833 3316 1201 3372 excusatione
1234 3333 1338 3389 per
1368 3317 1590 3388 seipsos
1617 3317 1687 3371 ad
1721 3317 1929 3388 praedi-

2024 733 2297 790 tulerunt
2345 738 2402 791 et
2459 735 2571 808 ipsi
2603 740 2723 793 tam
2785 735 3128 792 clericorum
3183 753 3358 809 quam
3399 737 3683 794 laicorum

2034 823 2299 880 ﬁdelium
2332 840 2366 880 α
2422 826 2608 881 Roma
2664 838 2842 898 super
2896 824 3004 881 hoc
3061 826 3291 898 negotio
3333 827 3684 900 legationem

2036 912 2255 984 pariter
2268 918 2447 985 atque
2476 930 2859 982 consensum;
2884 914 3168 983 videlicet,
3193 920 3259 971 ut
3278 932 3686 990 quemcunque

2022 1001 2147 1074 ipsi
2169 1003 2585 1059 tuncuna'nimi
2603 1012 2731 1059 voto
2752 1004 2824 1059 ad
2848 1004 2956 1060 hoc
2978 1003 3233 1060 cilicium
3256 1011 3682 1077 promoverent,

2034 1082 2309 1147 eumdem
2327 1108 2532 1147 omnes
2548 1093 2672 1164 pari
2695 1097 2752 1149 et
2777 1093 2953 1148 simili
2973 1110 3263 1149 consensu
3285 1094 3343 1149 in
3366 1095 3685 1167 apostolica

2036 1179 2174 1234 sede
2200 1181 2574 1237 statuendum
2607 1182 2947 1253 reciperent.
2981 1186 3242 1255 Cumque
3271 1182 3450 1256 hujus
3480 1200 3684 1241 mona-

2019 1266 2195 1322 sterii
2254 1268 2437 1325 abbas
2492 1273 2551 1324 et
2579 1269 3057 1342 archiepiscopus
3115 1271 3448 1343 Capuanus,
3506 1276 3565 1327 et
3611 1274 3684 1331 ad

2035 1360 2399 1427 postremum
2433 1358 2533 1429 qui
2573 1365 2981 1426 convenerant,
3017 1360 3384 1416 benefactum
3416 1365 3686 1433 recteque

2032 1444 2257 1500 dictum
2306 1445 2711 1503 laudassent...
2748 1452 3081 1504 statuerunt
3110 1449 3349 1504 demum
3380 1449 3681 1506 communi
3788 1444 3791 1449 ’

2026 1534 2300 1602 consilio,
2336 1539 2401 1589 ut
2428 1551 2532 1607 per
2559 1541 2676 1592 tres
2706 1536 2838 1592 illos
2881 1537 3026 1602 dies,
3079 1538 3135 1591 id
3186 1540 3276 1593 est
3307 1538 3577 1610 quintam
3628 1543 3688 1595 et

2038 1627 2260 1679 sextam
2311 1624 2535 1693 feriam,
2570 1642 2637 1681 ac
2665 1626 2920 1681 Sahbato
2966 1626 3307 1682 triduanum
3356 1627 3689 1700 specialiter

2030 1713 2325 1783 jejunium
2358 1713 2715 1770 celebrarent
2759 1715 2820 1769 in
2857 1715 3211 1770 abstinentia
3239 1720 3297 1770 et
3321 1716 3686 1773 orationibus

2034 1818 2104 1857 ac
2135 1800 2539 1874 eleemosynis,
2592 1803 2871 1858 divinitus
2923 1804 3150 1859 ostendi
3210 1804 3322 1860 sibi
3373 1820 3684 1877 personam

2030 1895 2209 1945 tautae
2240 1891 2511 1963 dignitati
2544 1893 2893 1963 condignam
2925 1892 3219 1948 coutinuis
3248 1893 3521 1965 precibus
3574 1894 3684 1949 im-

1962 2022 2007 2086 B
2039 1984 2350 2052 petrarent.
2383 1980 2685 2035 Dominica
2717 1982 2912 2052 itaque
2948 1982 3042 2035 die
3068 1980 3233 2037 valde
3263 1998 3435 2037 mane
3480 1996 3686 2039 omnes

2030 2069 2249 2123 iterum
2282 2068 2339 2123 in
2373 2070 2574 2124 eadem
2606 2070 2849 2125 ecclesia
2878 2069 3235 2144 congregati,
3277 2087 3410 2126 cum
3442 2070 3596 2126 inter
3622 2085 3686 2127 se

2038 2158 2252 2229 pariter
2302 2157 2584 2215 nonnulla
2621 2160 2691 2213 de
2725 2176 2785 2213 re
2819 2158 3223 2230 hujuscemodi
3256 2158 3686 2230 tractavissent,

2036 2251 2414 2319 exsurgentes
2460 2252 2580 2303 tres
2636 2248 2963 2303 cardinales
3021 2248 3299 2321 episcopi,
3361 2248 3462 2320 qui
3510 2251 3689 2320 caput

2033 2336 2301 2406 ejusdem
2348 2336 2574 2391 concilii
2602 2342 2787 2405 erant,
2825 2323 3162 2392 Pui-tuensis
3194 2337 3432 2405 scilicet,
3463 2341 3687 2393 Tuscu-

2037 2424 2298 2481 lanensis
2353 2429 2410 2481 et
2464 2425 2831 2492 Albanensis,
2894 2426 3203 2481 ambonem
3273 2427 3684 2493 ascenderunt,

2039 2514 2306 2586 factoque
2335 2514 2587 2581 silentio,
2620 2531 2736 2570 uno
2789 2515 2967 2570 simul
3026 2532 3124 2571 ore
3174 2516 3557 2587 pronuntiant
3586 2516 3684 2571 Ot-

2034 2607 2230 2658 tonem
2255 2604 2592 2676 episcopum
2616 2603 2840 2675 placere
2869 2604 2980 2658 sibi
3013 2603 3073 2659 in
3095 2604 3422 2660 Romanum
3458 2603 3689 2677 pontiﬁ-

2026 2708 2165 2747 cem
2222 2690 2576 2765 eligendum.
2636 2692 2901 2763 Cumque
2950 2696 3147 2747 utrum
3206 2692 3482 2749 omnibus
3528 2693 3687 2748 idem

2039 2797 2273 2853 quoque
2299 2780 2569 2852 placeret,
2597 2780 2747 2836 sicut
2771 2787 2858 2836 est
2888 2782 3275 2851 consuetudo,
3299 2780 3683 2853 requirerent;

2038 2873 2272 2942 repente
2303 2868 2555 2924 mirabili
2588 2886 2653 2925 ac
2685 2885 2919 2926 summa
2949 2869 3281 2939 concordia,
3332 2886 3536 2928 omnes
3562 2887 3686 2929 ma-

2036 2975 2152 3030 gna
2170 2975 2310 3013 voce
2332 2958 2437 3013 hoc
2457 2958 2569 3013 sibi
2589 2957 2834 3031 placere,
2855 2959 3219 3031 dignumque
3239 2958 3407 3015 illum
3432 2960 3689 3016 universi

2034 3047 2405 3103 conclamant
2434 3047 2767 3119 apostolicae
2794 3048 2951 3103 sedis
2982 3064 3194 3119 papam
3224 3047 3490 3105 existere.
3525 3050 3689 3105 Tunc

2035 3135 2350 3193 Albanensi
2399 3137 2670 3209 episcopo
2719 3138 3156 3209 pronuntiante,
3212 3139 3487 3195 Urbanum
3521 3137 3686 3193 illum

2037 3226 2264 3298 placere
2286 3226 2507 3293 vocari;
2542 3243 2675 3282 mox
2701 3227 2890 3281 cuncti
2916 3231 3222 3299 surgentes
3245 3227 3506 3300 capiunt,
3531 3243 3690 3282 eum-

2036 3329 2151 3388 que
2182 3330 2426 3387 cappam
2446 3314 2672 3369 laneam
2705 3318 3004 3386 exuentes,
3032 3332 3389 3387 purpuream
3410 3316 3685 3382 induunt,

282 3396 647 3461 ctuml'ocum
663 3400 966 3476 cttem’p'us
982 3410 1509 3473 occurrerentmon
1530 3410 1723 3461 autem
1739 3404 1930 3461 valen-
1959 3390 2002 3457 C
2041 3410 2097 3460 et
2127 3421 2260 3459 cum
2310 3404 2747 3469 acclamatione,
2780 3410 2954 3476 atque
3013 3405 3378 3460 invocatione
3432 3404 3687 3477 Spiritus

282 3498 387 3563 tes,
412 3498 520 3551 aut
546 3488 649 3567 per
676 3492 917 3549 idoneas
947 3510 1245 3566 personas,
1278 3498 1378 3550 aut
1409 3499 1560 3550 certe
1587 3494 1931 3566 perlitteras

286 3594 639 3641 consensum
654 3578 831 3638 suum
843 3583 1242 3639 transmittere
1256 3583 1929 3656 pcrstuderent.Factum

286 3676 387 3740 est,
419 3677 477 3729 et
503 3664 717 3744 quarta
764 3670 904 3726 feria
935 3673 1136 3743 prima:
1187 3672 1571 3727 hebdomadis
1599 3672 1929 3745 Quadrage-

285 3759 458 3833 simae,
520 3777 627 3817 vm
682 3760 906 3817 scilicet
962 3761 1099 3816 Idus
1156 3761 1369 3833 Martii,
1415 3760 1747 3833 congregati
1793 3765 1932 3816 sunt

284 3851 427 3923 apud
459 3850 839 3906 Terracinam
900 3851 1226 3923 Campaniae
1288 3850 1578 3906 civitatem
1634 3866 1766 3905 cum
1805 3850 1931 3923 epi-

284 3940 466 4012 scOpis
500 3943 560 3995 et
610 3940 1007 3996 cardinalibus
1038 3940 1316 3997 Romanis
1362 3956 1541 4013 supra
1588 3939 1928 4008 nominatis,

283 4033 447 4102 atque
479 4045 617 4086 cum
669 4034 871 4085 nostro
901 4029 1108 4085 abbate
1154 4024 1440 4095 Ode'risio,
1484 4028 1929 4101 archiepiscopi,

281 4118 554 4192 episcopi,
589 4123 766 4191 atque
809 4119 1051 4175 abbates
1097 4136 1164 4175 ex
1194 4118 1455 4189 ,diversis
1501 4118 1787 4192 partibus,
1822 4136 1930 4173 nu-

283 4220 435 4264 mero
466 4200 859 4281 quadraginta
885 4226 898 4277 ;
932 4209 1005 4263 ab
1039 4209 1179 4264 urbe
1208 4212 1404 4263 autem
1434 4204 1639 4275 Roma,
1677 4208 1933 4264 Joannes

282 4293 618 4354 Portuensis
638 4296 970 4369 episcopus,
995 4298 1260 4353 omnium
1288 4296 1674 4353 cardinalium
1695 4304 1746 4353 et
1772 4296 1934 4353 cleri-

282 4401 478 4443 corum
528 4384 825 4442 catholicae
866 4387 1150 4441 duntaxat
1176 4385 1327 4458 parti
1360 4386 1677 4441 faventium
1706 4404 1719 4453 ;
1754 4386 1932 4441 Bene-

282 4474 468 4533 dictus
496 4490 633 4530 vero
664 4476 991 4547 przel'ectus,
1028 4475 1433 4531 universorum
1469 4474 1749 4531 laicorum
1788 4474 1928 4531 iide-

284 4558 421 4620 lium
479 4562 833 4637 legationem
901 4569 958 4619 et
1015 4581 1367 4620 consensum
1430 4564 1767 4619 unanimem
1830 4579 1932 4635 per

281 4649 499 4710 litteras
539 4644 882 4709 attulerunt.
920 4653 1265 4725 Legatorum
1300 4658 1497 4709 autem
1534 4653 1930 4709 Ultramontao

2036 3493 2224 3549 sancti
2259 3493 2326 3548 ad
2361 3493 2540 3548 altare
2572 3492 2723 3549 beati
2768 3493 2918 3548 Petri
2950 3494 3195 3566 apostoli
3255 3494 3419 3549 illum
3470 3498 3691 3566 pertra-

2042 3582 2265 3645 hentes,
2328 3582 2387 3636 in
2446 3581 2761 3653 pontiﬁcali
2824 3581 2968 3637 solio
3026 3587 3254 3654 ponunt
3308 3587 3515 3655 quarto
3549 3580 3687 3638 Idus

2040 3670 2258 3725 Martii:
2291 3669 2491 3742 sicque
2521 3670 2593 3725 ab
2625 3671 2823 3725 eodem
2850 3671 3123 3741 pontiﬁce
3146 3671 3329 3727 missa
3348 3670 3691 3727 solemniter

2039 3758 2350 3824 celebrata,
2385 3758 2637 3813 universi
2664 3759 3008 3829 gaudentes,
3035 3759 3268 3830 Deoque
3298 3760 3518 3831 gratias
3550 3759 3691 3815 refe-

2040 3852 2255 3913 rentes,
2315 3847 2611 3904 redierunt
2645 3848 2719 3903 ad
2767 3864 2893 3902 sua.
2954 3848 3079 3902 Haec
3125 3847 3328 3903 Petrus
3379 3847 3684 3915 diaconus,

2039 3937 2256 4009 quibus
2294 3937 2601 4009 jungenda
2648 3953 2775 4009 quae
2808 3937 2934 4010 ipse
2965 3936 3235 3993 Urbanus
3266 3936 3444 3994 habet
3472 3938 3531 3993 in
3562 3938 3689 4011 epi-

2040 4026 2204 4082 stolis
2236 4043 2415 4100 supra
2445 4026 2718 4083 laudatis.

2039 4133 2226 4190 XXVI.
2257 4136 2519 4206 Pontifex
2551 4135 2748 4190 Casini
2790 4135 3057 4191 miracqu
3086 4143 3339 4191 sanatur.
3370 4134 3502 4192 Inde
3529 4151 3687 4192 assu-

2036 4226 2039 4229 ι
2490 4208 2591 4261 mil
2614 4208 2886 4263 Joa/rmem
2917 4206 3231 4262 diaconum.

2110 4296 2320 4351 Narrat
2347 4295 2503 4350 idem
2555 4295 2758 4351 Petrus
2803 4294 2952 4352 libro
2984 4313 3060 4364 1v,
3113 4312 3239 4368 cap.
3271 4297 3326 4352 5.
3386 4296 3685 4353 Urbanum

2038 4388 2170 4457 post
2199 4400 2367 4441 suam
2400 4384 2744 4440 electionem
2795 4401 3028 4440 sacrum
3082 4384 3279 4441 Casini
3308 4390 3565 4443 montem
3597 4386 3687 4442 in-

2037 4473 2265 4540 visisse,
2323 4473 2523 4545 ibique
2576 4472 2764 4529 sancti
2797 4473 2987 4528 Patris
3044 4473 3336 4529 Benedicti
3396 4474 3689 4530 meritisa

2040 4562 2384 4634 gravissimo
2416 4561 2613 4618 lateris
2644 4561 2864 4629 dolore,
2908 4578 3023 4634 quo
3056 4563 3390 4635 frequenter
3417 4562 3685 4619 atﬂictari

2039 4651 2282 4718 solebat,
2302 4656 2360 4705 tu
2371 4668 2557 4723 neque
2580 4651 2949 4707 vehementer
2969 4652 3351 4720 afficiebatur,
3373 4651 3686 4709 liberatum
3734 4718 3741 4723 ὓ

284 4750 485 4798 norum
512 4745 572 4798 et
586 4734 1209 4828 Mathildaa'comitissaz
1234 4742 1497 4798 nonnulli
1515 4742 1929 4811 interfuerunt,
1960 4762 2007 4828 Ι)
2041 4739 2775 4811 l'uisse.SubjungitPetrus
2790 4740 2895 4795 hoc
2911 4739 3261 4795 miraculum
3278 4739 3685 4797 testimonium

282 4836 510 4888 orantes
540 4831 832 4887 instanter
856 4838 920 4887 ut
951 4832 1140 4889 eidem
1174 4824 1411 4905 propter
1440 4849 1617 4905 quam
1652 4849 1930 4890 convene-

2041 4830 2131 4886 sui
2161 4831 2403 4901 corporis
2435 4828 2589 4900 apud
2620 4828 2894 4883 Casinum
2914 4830 3231 4900 prasente?
3260 4846 3294 4884 a
3314 4830 3481 4885 beato
3512 4829 3688 4887 Bene-

291 4926 415 4978 rant
461 4921 567 4989 rei,
601 4938 737 4977 cum
771 4921 985 4977 auxilio
1015 4925 1072 4977 et
1101 4922 1290 4993 gratia
1321 4921 1575 4994 Spiritus
1608 4923 1817 4991 sancti,
1852 4924 1934 4982 ita
2034 4919 2197 4975 dicto
2245 4922 2538 4991 patratum
2571 4917 2772 4986 fuisse,
2806 4918 2982 4990 quod,
3016 4917 3227 4990 inquit,
3256 4935 3323 4975 ea
3352 4919 3423 4975 de
3454 4936 3516 4975 re
3542 4937 3686 4992 pon-

286 5011 582 5067 studerent
611 5015 673 5066 ut
699 5009 828 5067 lseta
846 5010 963 5066 illis
986 5028 1019 5065 a
1041 5011 1255 5083 quibus
1279 5010 1450 5084 legati
1474 5012 1705 5067 fuerant
1725 5014 1932 5069 nuntia

287 5086 491 5156 referre
543 5099 825 5156 valerent.
888 5099 1081 5155 Altera
1138 5098 1319 5173 igitur
1367 5100 1480 5166 die,
1532 5109 1929 5159 convenerunt

285 5180 477 5245 amnes
498 5180 732 5262 pariter
762 5189 831 5244 ad
864 5180 1233 5262 episcopium
1266 5189 1551 5261 prmdictaa
1582 5189 1833 5247 civitatis
1864 5192 1921 5248 in

283 5276 517 5335 ecclesia
532 5278 684 5335 beati
708 5270 1107 5352 apostolorum
1125 5269 1408 5352 principis
1419 5283 1477 5335 et
1494 5280 1681 5335 sancti
1705 5280 1921 5337 Christi

284 5358 1573 5440 levitaCtesarii,etcumresedissent,surgens
1587 5367 1644 5423 in
1659 5369 1919 5425 medium

284 5444 727 5512 Tusculanensis
752 5455 1080 5528 episcopus,
1101 5454 1300 5511 retulit
1316 5471 1419 5528 per
1439 5457 1699 5513 ordinem
1724 5458 1922 5515 omnia

287 5554 405 5610 qua:
457 5544 530 5599 de
585 5536 949 5601 ordinatione
1000 5543 1289 5613 Ecclesiae,
1348 5543 1435 5602 vel
1494 5562 1645 5617 papa
1703 5548 1917 5621 Grego-

283 5628 399 5686 rius
453 5638 645 5702 antea,
700 5634 790 5690 vel
842 5635 1216 5708 postmodum
1267 5651 1419 5708 papa
1474 5634 1670 5691 Victor
1701 5640 1916 5694 statue-

283 5723 423 5789 rant,
446 5721 623 5780 simul
645 5723 821 5780 etiam
846 5716 1024 5797 quam
1048 5724 1120 5780 ob
1142 5740 1379 5781 causam
1403 5723 1639 5798 ipsimet
1661 5725 1918 5782 universi

2038 5009 2177 5063 tifex
2206 5008 2474 5064 dubitare
2502 5007 2794 5063 videretur
2843 5008 3077 5080 (Bullm'.
3114 5008 3294 5063 Casin.
3329 5012 3370 5063 t.
3405 5008 3450 5077 Ι,
3483 5026 3539 5081 p.
3574 5011 3685 5078 12).

2037 5100 2357 5171 thuidem
2389 5097 2605 5171 vulgati
2638 5104 2903 5152 auctores
2927 5095 3145 5153 bullam
3180 5096 3395 5153 Urbani
3427 5114 3494 5154 ea
3523 5114 3684 5155 occa-

2035 5188 2198 5244 sione
2228 5189 2423 5243 datam
2458 5187 2718 5243 laudant.
2741 5187 2849 5242 Sed
2884 5187 3005 5242 haec
3031 5203 3065 5242 a
3089 5186 3334 5243 Baronio
3353 5188 3426 5243 ad
3457 5204 3680 5244 annum

2032 5279 2191 5343 1088,
2223 5278 2471 5349 aliisque
2491 5276 2632 5332 viris
2657 5276 2864 5343 doctis,
2889 5274 3065 5331 veluti
3090 5275 3293 5348 spuria
3318 5275 3690 5347 rejicitur.De

2028 5367 2208 5438 hujus
2227 5366 2557 5423 sinceritate
2579 5365 2673 5420 alii
2690 5366 3073 5438 judicabunt:
3101 5369 3159 5421 at
3176 5364 3553 5422 dissimulare
3570 5383 3686 5422 non

2028 5456 2162 5512 licet
2189 5473 2315 5512 eam
2340 5457 2413 5511 ob
2443 5460 2715 5511 notarum
2749 5455 3301 5527 chronologicarum
3331 5456 3617 5523 delectus,
3638 5459 3696 5510 et

2027 5561 2223 5601 rerum
2256 5544 2461 5618 inipsa
2480 5548 2885 5601 contentarum
2918 5543 3316 5612 insolentiam,
3340 5544 3458 5600 imo
3481 5544 3676 5615 ipsum

2036 5634 2213 5691 etiam
2247 5633 2464 5707 stylum
2497 5634 2653 5707 apud
2687 5634 2958 5690 cordatos
2980 5633 3249 5689 homines
3270 5638 3327 5689 et
3347 5633 3604 5689 eruditos
3631 5632 3691 5687 in

2028 5724 2159 5781 falsi
2188 5724 2585 5797 suspicionem
2627 5740 2745 5779 non
2767 5722 3065 5779 immerito
3085 5723 3334 5780 venisse.
3361 5722 3430 5777 Et
3450 5718 3688 5792 quidem

281 5806 415 5869 tunc
442 5808 501 5869 in
531 5810 734 5871 eodem
763 5811 893 5870 loco
920 5815 1330 5872 convenerant.
1388 5812 1614 5872 Dehine
1663 5828 1919 5891 surgens
2023 5813 2159 5873 licet
2173 5812 2429 5875 nolimus
2447 5812 2697 5873 inﬁciari
2714 5812 3016 5874 Urbanum
3040 5811 3231 5887 sancti
3253 5807 3557 5872 Benedicti
3575 5823 3674 5877 me
