3972 6372
305 481 386 542 33
1601 475 1674 539 Β.
1719 474 1931 541 URBA

2056 477 2111 541 II
2152 475 2404 542 PAPJE.

303 611 436 668 ritis
483 611 542 666 in
591 627 757 666 sacro
789 613 985 667 monte
1016 610 1331 666 sanitatem
1356 625 1752 683 recuperasse,
1802 610 1955 667 haud
1983 611 2042 680 Α
2071 611 2343 668 manibus
2373 611 2552 684 hujus
2583 608 2922 666 monasterii
2952 607 3260 667 ecclesiam
3291 617 3710 669 consecrasset.

304 703 504 756 tamen
522 699 910 767 admittimus,
927 699 1077 772 quod
1104 698 1200 754 ille
1217 704 1419 755 auctor
1438 704 1660 768 narrat,
1677 703 1952 756 sanatum

2065 701 2214 757 Tum
2241 700 2484 757 laudant
2499 699 2863 774 privilegium
2883 699 2956 756 ab
2969 699 3173 756 eodem
3189 699 3463 772 pontiﬁce
3484 717 3717 758 conces-

306 788 534 846 Patrem
566 788 825 861 pontiﬁci
857 787 1222 860 apparuisse,
1273 793 1340 843 ut
1381 804 1514 843 eum
1547 789 1617 844 de
1647 787 1955 862 praesentia
2062 806 2216 856 sum,
2251 790 2406 861 quod
2429 791 2661 859 triginta
2689 789 2896 846 duobus
2915 789 3198 845 catholicis
3217 791 3476 846 Patribus
3498 792 3714 846 innixis

305 877 398 934 sui
429 877 617 950 ipsius
639 875 896 950 corporis
927 877 1079 948 apud
1109 877 1411 944 Casinum,
1437 894 1614 950 quam
1636 882 1807 932 antea
1835 894 1950 933 non

305 966 596 1033 credebat,
647 965 862 1022 faceret
918 965 1247 1021 certiorem.
1296 965 1504 1038 Liquet
1531 965 1690 1021 enim
1721 983 1790 1022 ex
1821 965 1951 1022 aliis

303 1054 526 1128 passim
546 1053 712 1123 locis,
735 1054 970 1110 Petrum
993 1053 1632 1126 ejusmodihistoriolas
1647 1055 1950 1110 occasione

303 1141 722 1200 miraculorum
755 1143 946 1214 reipsa
975 1159 1010 1198 a
1039 1146 1240 1198 sancto
1263 1143 1573 1198 Benedicto
1586 1147 1947 1215 patratorum

301 1231 520 1304 passim
536 1231 661 1288 suis
682 1231 1117 1286 narrationibus
1133 1231 1552 1299 immiscuisse,
1567 1247 1694 1303 qua;
1716 1246 1850 1288 cum
1866 1248 1948 1288 re-

300 1337 432 1377 rum
459 1324 758 1394 gestarum
787 1319 1026 1376 veritate
1057 1325 1210 1376 stare
1241 1337 1355 1375 non
1381 1323 1646 1392 possunt.

369 1410 426 1464 Si
443 1411 630 1466 eidem
645 1409 866 1466 auctori
881 1409 1208 1474 credamus,
1233 1408 1507 1464 Urbanus
1521 1410 1942 1468 monasterium

297 1499 612 1556 Casinense
643 1515 848 1554 rursus
869 1497 1067 1554 invisit
1096 1497 1268 1570 paulo
1299 1503 1432 1554 ante
1461 1497 1778 1570 Trojanum
1811 1518 1944 1573 syn-

295 1587 494 1642 odum.
529 1587 642 1654 Quo
673 1589 932 1658 tempore,
955 1585 1170 1658 inquit,
1199 1602 1324 1658 cap.
1351 1588 1406 1652 7,
1437 1587 1782 1658 supradictus
1796 1605 1940 1661 papa

298 1676 552 1731 Urbanus
600 1677 800 1730 iterum
828 1675 897 1730 ad
949 1673 1047 1730 has
1094 1677 1280 1746 partes
1339 1675 1624 1732 deueniens
1681 1678 1943 1734 Joannem

295 1763 618 1836 Cajetanu-m
646 1765 751 1818 loci
781 1763 964 1834 hujus,
999 1763 1054 1818 id
1087 1767 1175 1818 est
1199 1763 1414 1832 Casini,
1445 1766 1774 1821 monachum
1813 1766 1941 1822 dia-

292 1867 490 1916 conum
515 1853 576 1908 in
606 1853 966 1908 Lateranensi
978 1852 1319 1922 patriarchio
1346 1853 1640 1908 ordinavit.
1665 1857 1737 1908 At
1762 1854 1941 1910 Joan-

293 1941 388 1997 nis
407 1939 715 2038 promotio,
740 1945 806 1995 ut
827 1941 885 1995 in
899 1940 1063 2038 hunc
1085 1940 1280 2038 locum
1305 1941 1573 1998 observat
1590 1941 1848 2038 Angelus
1869 1943 1940 1999 de
1969 1972 2016 2038 B

293 2030 470 2098 Nuce,
503 2031 576 2085 ad
605 2029 862 2102 primum
899 2028 1108 2085 Urbani
1139 2046 1440 2087 accessum
1464 2031 1716 2087 revocari
1747 2031 1936 2101 debet,

291 2118 472 2190 idque
501 2117 904 2191 compluribus
933 2117 1357 2175 etindubitatis
1375 2118 1796 2192 diplomatibus
1816 2137 1937 2176 cer-

290 2209 418 2262 tum
441 2211 551 2278 est,
583 2223 712 2280 quas
743 2225 777 2263 a
803 2207 1028 2263 Joanne
1057 2205 1166 2264 hoc
1205 2207 1334 2280 ipso
1366 2225 1518 2264 anno
1555 2209 1690 2263 1088
1719 2209 1938 2266 Urbani

291 2295 666 2368 pontificatus
705 2295 895 2368 primo
927 2295 1261 2368 subscripta
1292 2295 1514 2368 passim
1545 2298 1934 2370 reperiuntur.

290 2383 454 2440 Certe
475 2383 627 2440 hanc
658 2389 860 2440 notam
883 2383 1098 2440 diserte
1126 2383 1343 2440 habent
1363 2385 1580 2442 Urbani
1610 2385 1814 2442 littere:
1833 2403 1936 2459 pro

288 2473 548 2544 primatu
570 2471 858 2528 Toletanis
876 2471 1230 2541 Ecclesiae,in
1249 2473 1546 2546 Hispaniis
1566 2474 1936 2548 privilegium

289 2559 688 2630 Cluniacense,
706 2563 764 2617 et
779 2559 894 2618 alia
913 2561 1129 2632 quibus
1156 2562 1776 2635 subscripsitJoannes
1790 2581 1933 2636 prae-

285 2651 581 2721 signatoris
608 2649 777 2705 titulo
803 2665 986 2722 usque
1009 2651 1077 2707 ad
1106 2667 1326 2706 annum
1360 2652 1498 2706 1089
1517 2669 1633 2724 quo
1658 2651 1938 2708 cancella-

287 2738 358 2793 rii
391 2738 736 2811 dignitatem
767 2739 1042 2796 obtinuit.

287 2844 502 2901 XXVII.
539 2846 842 2920 Bantinum
868 2847 1263 2920 mmiaslerium
1310 2847 1521 2902 dedicat
1548 2851 1600 2902 et
1640 2849 1932 2920 privilegio

535 2916 699 2972 donat
717 2933 740 2979 ,°
761 2916 900 2988 quod
921 2917 1188 2973 violatum
1214 2917 1390 2974 denuo
1408 2916 1682 2990 ﬁrmatur.

356 3005 560 3061 Adhuc
592 3005 648 3058 in
671 3005 974 3062 Casinensi
1006 3007 1361 3062 monasterio
1382 3008 1728 3064 versabatur
1757 3008 1933 3064 Urba-

287 3110 422 3164 nus,
457 3109 590 3149 cum
623 3109 657 3148 a
687 3093 932 3168 Rogerio
953 3095 1099 3151 duce
1129 3100 1187 3150 et
1215 3095 1389 3152 fratre
1419 3097 1548 3168 ejus
1570 3098 1928 3166 Boamundo,

287 3182 522 3239 Roberti
545 3182 848 3238 Guiscardi
877 3183 1038 3250 filiis,
1061 3183 1238 3240 simul
1267 3188 1324 3240 et
1353 3185 1426 3240 ab
1447 3185 1690 3242 Ursione
1721 3185 1930 3242 abbate

2059 879 2297 946 singulis
2311 879 2690 951 pastoralibus
2719 880 2909 950 virgis,
2951 878 3278 946 astantibus,
3311 883 3594 951 praesente
3625 896 3712 938 co-

2058 969 2252 1022 mitum
2283 976 2333 1023 et
2365 968 2631 1024 bar-onum
2651 969 2950 1024 innumera
2967 967 3345 1036 multitudine,
3369 968 3708 1026 roboratum

2059 1055 2240 1112 fuisse
2271 1059 2580 1112 testantur.
2639 1055 2726 1122 Et,
2767 1073 2840 1112 ne
2871 1055 3012 1128 quid
3043 1055 3156 1111 loci
3185 1053 3381 1112 tutelae
3411 1055 3709 1113 ﬁrmitatis

2059 1145 2308 1210 deesset,
2339 1149 2581 1201 narrant
2599 1144 2818 1218 quibus
2833 1143 3273 1201 conditionibus
3293 1143 3351 1199 id
3383 1160 3416 1200 a
3431 1145 3707 1217 pontiﬁce

2054 1235 2380 1306 praestitum
2413 1233 2608 1290 fuerit.
2640 1235 3026 1290 Monasterium
3055 1235 3254 1306 ipsum,
3288 1233 3588 1306 inquiunt,
3615 1233 3707 1290 do-

2053 1325 2240 1379 minus
2270 1340 2418 1396 papa
2472 1339 2788 1380 consecrare
2841 1324 3062 1380 omnino
3119 1325 3320 1391 renuit,
3373 1323 3705 1396 priusquam

2053 1411 2199 1467 idem
2240 1415 2291 1468 et
2336 1414 2523 1468 omnia
2549 1428 2653 1468 sua
2695 1413 2756 1468 in
2785 1416 2973 1468 nostra
3001 1415 3053 1468 et
3077 1411 3362 1470 haeredum
3389 1415 3704 1469 nostrorum

2051 1503 2280 1572 speciali
2306 1517 2442 1556 cura
2492 1505 2542 1556 et
2593 1501 2906 1573 defensione
2961 1499 3270 1558 omnimoda
3314 1502 3700 1574 reciperemus,

2051 1591 2101 1642 et
2131 1588 2404 1643 convicini
2448 1590 2668 1644 comites
2697 1593 2750 1644 et
2782 1589 3010 1645 barones
3038 1590 3136 1660 qui
3183 1587 3433 1656 aderant,
3484 1594 3701 1661 aposto-

2053 1678 2162 1732 lica
2199 1678 2448 1747 jussione
2494 1678 2823 1746 erangelicis
2851 1679 3210 1733 sacramentis
3246 1679 3480 1743 astricti,
3527 1678 3697 1734 eidem

2049 1771 2379 1823 monastcrw
2427 1767 2502 1822 et'
2522 1767 2680 1822 rebus
2704 1767 2952 1822 omnibus
2982 1769 3096 1822 suis
3133 1783 3326 1838 pacem
3352 1771 3403 1822 et
3431 1766 3698 1840 defensio-
3750 1830 3758 1842 ,

2049 1873 2173 1913 nem
2226 1859 2568 1928 perpetuam,
2598 1860 2648 1911 et
2703 1856 3012 1927 generalem
3069 1856 3374 1912 libertatem
3413 1871 3470 1912 se
3499 1857 3701 1928 ubique

2047 1947 2316 2002 custodire
2339 1947 2739 2018 promitterent.
2759 1946 2922 2000 Tunc
2955 1949 3260 2002 recensent
3288 1945 3481 2002 varias
3513 1945 3696 2003 dona-

2049 2035 2238 2091 tiones
2259 2051 2294 2090 a
2317 2033 2525 2106 seipsis
2555 2034 2756 2102 factas,
2775 2035 3240 2107 conﬁrmantque
3257 2038 3314 2090 et
3329 2039 3548 2108 augent
3566 2051 3696 2092 mo-

2047 2123 2286 2180 nasterii
2317 2123 2738 2179 immunitates.
2775 2125 2922 2189 Quia
2953 2139 3086 2179 vero
3117 2123 3406 2204 privilegii
3437 2124 3596 2196 quod
3621 2126 3695 2182 ab

2047 2212 2277 2268 Urbano
2307 2212 2510 2267 datum
2544 2212 2730 2268 fuerat
2758 2212 3189 2286 autographum
3207 2211 3384 2268 simul
3405 2229 3541 2268 cum
3561 2213 3696 2270 aliis

2047 2301 2266 2358 chartis
2297 2301 2614 2374 direptum,
2637 2317 2752 2358 non
2783 2301 3040 2374 amplius
3068 2301 3491 2371 inveniebatur,
3523 2319 3694 2360 cura-

2044 2395 2183 2445 runt
2211 2389 2432 2463 providi
2463 2389 2781 2462 principes,
2810 2393 2876 2445 ut
2902 2389 3062 2446 aliud
3099 2391 3228 2462 ejus
3259 2390 3559 2464 exemplar
3586 2408 3692 2448 au-

2043 2479 2369 2536 thenticum
2387 2479 2834 2548 describeretur,
2855 2479 3008 2552 quod
3031 2481 3206 2552 primi
3221 2479 3415 2536 locum
3432 2483 3489 2536 et
3500 2487 3693 2537 aucto-

2045 2569 2276 2626 ritatem
2307 2568 2564 2624 haberet.
2593 2568 2779 2641 Digna
2809 2573 2951 2624 sunt
3001 2585 3203 2624 eorum
3232 2570 3406 2626 verba
3435 2569 3688 2642 quaihie

2042 2658 2396 2714 inserantur.
2454 2658 2580 2727 Nos,
2612 2657 2799 2727 aiunt,
2859 2661 2994 2714 tacti
3029 2657 3214 2715 dolore
3257 2660 3606 2728 intrinsecus,
3637 2667 3689 2716 et

2041 2749 2375 2804 extrinsecus
2431 2748 2639 2818 aspersi
2688 2749 2904 2816 rubore,
2965 2750 3224 2819 quoniam
3281 2747 3436 2804 labor
3495 2747 3687 2806 debitae

2041 2842 2245 2894 nostra?
2257 2835 2649 2892 sollicitudinis
2661 2838 2958 2908 pretiosum
2979 2838 3333 2908 apostolicum
3349 2839 3684 2894 instrumen‘

2040 2933 2178 2994 tum,
2231 2926 2431 2982 nostris
2484 2926 2979 2997 supplicationibus
3033 2927 3402 2993 constitutum,
3460 2931 3513 2983 et
3557 2927 3684 2984 sub-

2039 3025 2253 3088 reptum
2297 3022 2532 3086 tempore
2579 3023 2762 3070 nostra
2792 3033 2940 3071 nunc
2983 3033 3154 3088 usque
3186 3019 3423 3089 reperiri
3449 3033 3561 3074 non.
3585 3034 3683 3090 po-

2038 3107 2179 3166 tuit;
2207 3104 2503 3160 secundum
2534 3103 2675 3175 quod
2697 3105 2934 3174 ﬁdeliter
2963 3107 3028 3161 ab
3059 3122 3120 3163 eo
3148 3107 3522 3180 exemplatum
3540 3111 3686 3162 inve-

2037 3195 2240 3262 nimus,
2294 3201 2482 3250 nostra
2527 3201 2945 3267 nostrorumque
2999 3198 3260 3252 comitum
3309 3200 3362 3251 et
3416 3197 3686 3252 baronum

285 3270 622 3335 monasterii
657 3270 890 3333 Bantini
937 3288 1116 3344 prope
1161 3273 1574 3329 Acheruntiam
1607 3273 1666 3328 in
1719 3273 1930 3346 ΑρυΙῖει
1969 3349 1999 3356 Α
2032 3285 2161 3354 pari
2185 3283 2449 3338 memoria
2463 3285 2818 3354 protestanle,
2862 3300 3100 3356 praesens
3129 3283 3228 3340 hoc
3265 3285 3454 3340 simile
3483 3285 3683 3342 libera-

285 3359 706 3429 siti,_invitatus
727 3364 835 3426 est,
868 3361 940 3416 ad
973 3361 1238 3434 ejusdem
1261 3361 1372 3418 loci
1403 3362 1711 3418 ecclesiam
1743 3363 1801 3418 in
1833 3363 1931 3418 ho-
1960 3349 2002 3416 C
2032 3349 2238 3428 torium
2267 3349 2532 3442 scriptu-7n
2554 3387 2656 3444 per
2691 3349 2888 3429 manu}
2917 3375 3176 3444 magistri
3205 3371 3484 3430 Theodosii
3506 3375 3686 3431 nostri

284 3465 485 3504 norem
517 3448 698 3505 beatae
721 3448 913 3504 Mariae
937 3451 1414 3506 consecrandam.
1434 3451 1594 3514 Quod
1619 3468 1750 3506 cum
1768 3451 1928 3508 fecis-

283 3542 374 3596 set
403 3537 937 3610 pontii‘ex,,illorum
970 3539 1300 3612 principum
1331 3557 1650 3613 eorumque
1669 3542 1928 3598 comitum

280 3636 332 3684 et
362 3627 624 3692 baronum
648 3623 996 3696 interventu,
1025 3629 1180 3685 idem
1203 3629 1626 3686 monasterium
1653 3629 1926 3688 maximis

283 3715 677 3789 praerogativis
699 3717 956 3773 donavit.
983 3719 1117 3784 Quae
1135 3718 1326 3775 fusius
1347 3718 1405 3774 in
1425 3718 1742 3792 diplomate
1763 3737 1831 3777 ea
1854 3721 1927 3776 de

283 3821 344 3860 re
365 3805 580 3862 donato
609 3805 992 3876 explicantur.
1029 3805 1176 3862 Illud
1228 3807 1599 3880 privilegium
1639 3809 1792 3865 inter
1814 3809 1924 3864 Ur-

281 3893 417 3948 bani
465 3893 745 3965 epistolas
788 3895 1045 3966 primum
1097 3894 1291 3951 locum
1333 3896 1557 3952 obtinet
1584 3896 1642 3950 in
1673 3898 1926 3954 editione

281 3981 665 4038 conciliorum
691 3981 1018 4050 Labbeana,
1053 3983 1155 4039 sed
1185 3984 1297 4040 sub
1317 3983 1426 4040 hoc
1457 3985 1602 4040 falso
1633 3985 1832 4043 titulo:
1853 3987 1928 4042 De

281 4071 506 4128 ecclesia
563 4071 780 4128 Sanctae
830 4071 1023 4129 Mariae
1073 4071 1386 4129 Casinensis
1438 4077 1760 4131 monasterii
1813 4094 1846 4131 a
1873 4093 1926 4132 se

279 4165 590 4216 consecrata
620 4163 673 4214 et
722 4161 1015 4232 privilegio
1070 4163 1308 4218 munita.
1341 4162 1583 4218 Exstant
1624 4165 1779 4236 apud
1813 4164 1924 4238 Ug-

279 4247 523 4318 bellum,
549 4252 707 4305 torno
728 4248 827 4304 VII
852 4248 1026 4305 Italiae
1059 4266 1256 4320 sacrae,
1289 4251 1389 4307 ubi
1421 4253 1493 4308 de
1513 4252 1926 4309 Acheruntinis

277 4335 733 4411 archiepiscopis
779 4335 984 4394 litteras
1036 4339 1332 4396 Paschalis
1363 4341 1627 4410 secundi,
1663 4358 1790 4414 quas
1816 4341 1926 4398 hoc

275 4425 474 4499 ipsum
501 4425 716 4482 Urbani
743 4427 1115 4500 privilegium
1143 4430 1513 4486 conﬁrmant.
1531 4429 1681 4492 Quin
1713 4434 1925 4486 etcum

274 4513 496 4586 Apuliae
513 4514 754 4586 quidam
771 4531 1056 4587 proceres,
1076 4517 1318 4590 Rogerio
1339 4517 1733 4590 proculdubio
1751 4523 1927 4592 atque

274 4603 616 4658 Boamundo
639 4601 751 4658 alio
773 4603 1038 4672 intentis,
1063 4607 1383 4662 monachos
1405 4606 1670 4678 ejusdem
1693 4606 1826 4679 loci,
1845 4609 1928 4664 di-

2033 3462 2242 3516 notarii
2272 3461 2445 3516 scribi
2487 3461 2889 3516 mandavimus.
2921 3465 2974 3517 et
3009 3461 3265 3532 plumbea
3297 3461 3466 3530 bulla,
3498 3470 3680 3520 nostra

2034 3551 2194 3607 solito
2225 3551 2440 3621 typario
2497 3551 2761 3622 impressa
2813 3552 3150 3622 conﬁrmari,
3201 3553 3308 3606 etc.
3344 3550 3479 3616 Quae
3521 3553 3677 3624 apud

2034 3639 2350 3695 Baronium
2382 3639 2670 3695 habentur
2689 3639 2761 3694 ad
2783 3656 3003 3694 annum
3030 3640 3180 3708 1090,
3200 3639 3300 3696 ubi
3322 3640 3680 3696 instrumen-

2033 3731 2159 3784 tum
2174 3728 2331 3784 istud
2348 3727 2549 3782 datum
2561 3721 2796 3782 Canusii
2817 3742 3014 3782 mense
3031 3726 3538 3796 Julio,indietione
3556 3745 3678 3797 xm,

2033 3815 2326 3886 integrum
2357 3815 2623 3881 habetur,
2647 3831 2782 3870 cum
2803 3815 3032 3888 Rogerii
3057 3815 3380 3874 Boamundi
3405 3816 3681 3874 aliorum-

2035 3921 2149 3976 que
2177 3904 2530 3975 optimatum
2561 3904 3110 3976 subscriptionibus.
3527 3921 3530 3926 ‘

2104 3991 2348 4048 XXVIII.
2381 3993 2456 4048 De
2482 3993 2624 4064 falso
2664 3993 3020 4050 instrumento
3047 3994 3402 4052 dedicationis
3429 3998 3608 4053 Carm.

2106 4082 2188 4137 Ex
2216 4081 2310 4138 his
2339 4085 2535 4137 autem
2566 4080 2735 4138 facile
2787 4082 3136 4157 intelligitur
3164 4087 3449 4156 quantum
3483 4103 3518 4141 a
3545 4101 3682 4142 vero

2035 4170 2388 4228 aberraverit
2416 4169 2696 4244 Ughellus
2725 4175 2883 4228 tomo
2912 4172 3014 4229 VII
3047 4172 3221 4229 Italiae
3253 4190 3454 4243 sacris,
3486 4175 3681 4230 ubi-in

2035 4259 2300 4333 catalogo
2331 4259 2662 4316 antitistum
2691 4261 3221 4318 Acheruntinorum
3253 4262 3404 4319 hanc
3448 4259 3688 4320 Bantini

2035 4349 2372 4404 monasterii
2405 4349 2827 4406 dedicationem
2859 4351 2930 4406 ad
2963 4367 3184 4407 annum
3218 4351 3357 4408 1093
3387 4369 3456 4408 ex
3478 4353 3679 4420 veteri,

2035 4441 2102 4494 ut
2151 4441 2340 4510 putat,
2399 4443 2778 4496 monumento
2837 4457 3103 4497 revocare
3152 4445 3414 4497 conatur.
3447 4441 3678 4498 Etenim

2037 4527 2306 4599 quamvis
2334 4527 2581 4586 inficiari
2609 4527 2866 4584 nolimus
2889 4529 3188 4586 Urbanum
3220 4547 3373 4586 anno
3400 4531 3554 4598 1093,
3579 4535 3683 4588 aut

2033 4617 2208 4672 etiam
2241 4617 2371 4673 aliis
2393 4618 2774 4689 temporibus,
2800 4621 2865 4673 ut
2889 4618 3078 4674 innuit
3097 4617 3300 4676 Petrus
3323 4619 3604 4677 diaconus
3621 4621 3680 4675 in

275 4691 460 4788 ξ’ρξηίε
487 4691 662 4748 etiam
699 4693 1035 4749 monasterii
1076 4695 1247 4751 bonis
1276 4699 1334 4752 εἴ
1361 4695 1603 4765 Charm,
1632 4704 1924 4766 vexarent,
1958 4722 2002 4788 D
2034 4707 3681 4778 continuationeChroniciCasinensis,Casinuminvisere

276 4779 544 4837 Urbanus
585 4799 652 4838 ea
695 4782 765 4838 de
818 4799 878 4839 re
929 4785 998 4840 ad
1059 4784 1372 4856 Rogerium
1422 4789 1481 4840 et
1510 4787 1639 4856 ejus
1684 4787 1920 4844 fratrem
1958 4779 1996 4788 ”
2031 4795 2312 4868 potuisse,
2348 4796 2466 4852 imo
2498 4800 2556 4851 et
2586 4812 2721 4851 eum
2755 4796 2812 4851 in
2861 4796 3131 4869 Apuliam
3163 4813 3297 4854 cum
3341 4798 3682 4856 memoratis

273 4869 531 4942 scripsit,
563 4874 627 4925 ut
653 4888 762 4926 sua
793 4872 1137 4928 auctoritate
1167 4875 1507 4930 temerarios
1539 4874 1671 4931 illos
1692 4893 1923 4949 compe-

273 4961 521 5026 soerent,
538 4958 798 5016 minatus
820 4961 1068 5034 insuper
1087 4979 1149 5018 se
1162 4963 1474 5036 sacrilegos
1496 4964 1638 5020 adeo
1657 4963 1925 5024 homines

273 5045 633 5104 anathemati
656 5050 1083 5121 subjecturum,
1109 5052 1220 5108 nisi
1242 5053 1399 5108 brevi
1426 5052 1850 5126 resipiscerent.

343 5136 508 5209 Papze
526 5137 766 5194 monitis
788 5139 1359 5212 obsecundaruntpii
1378 5141 1692 5214 principes,
1719 5161 1925 5202 mona-

273 5225 514 5281 sterium
525 5243 635 5299 que
658 5244 802 5284 novo
817 5228 1113 5302 privilegio
1134 5229 1492 5297 munierunt,
1508 5233 1660 5304 quod
1683 5235 1754 5290 ab
1777 5234 1924 5307 ipsis

273 5315 519 5386 aliisque
530 5315 845 5372 comitibus
859 5316 1229 5374 etnobilibus
1243 5319 1382 5375 viris
1396 5319 1796 5394 subscriptum
1809 5328 1917 5390 est,

273 5421 347 5460 ne
376 5402 709 5460 chartarum
732 5409 790 5462 et
809 5405 1198 5478 diplomatum
1219 5425 1344 5480 quae
1359 5409 1650 5482 perierant
1661 5413 1918 5483 jactura,

270 5493 691 5550 detrimentum
721 5493 956 5566 aliquod
991 5495 1156 5553 locus
1187 5496 1283 5554 ille
1322 5515 1487 5554 sacer
1518 5504 1830 5572 pateretur.
1855 5503 1918 5557 In

270 5599 417 5638 novo
440 5586 634 5638 autem
662 5582 764 5639 illo
789 5583 1182 5642 instrumento
1201 5587 1484 5660 Rogerius
1513 5606 1579 5644 ac
1598 5591 1726 5662 ejus
1745 5592 1924 5646 frater

269 5671 652 5729 Boamundus
686 5673 842 5729 inter
871 5679 1074 5732 cetera
1106 5676 1508 5750 sibimetipsis
1525 5679 1918 5751 gratulantur,

273 5762 428 5846 quod
457 5777 662 5822 eorum
694 5778 870 5838 opera
899 5780 1171 5830 summus
1200 5765 1328 5847 ipse
1368 5767 1631 5847 pontifex
1667 5767 1922 5848 propriis

2034 4885 2399 4958 principibus
2419 4885 2976 4957 variistemporibus
2997 4901 3109 4942 non
3125 4887 3304 4944 semel
3317 4887 3678 4958 convenisse,

2034 4974 2083 5030 si
2115 4979 2312 5031 tamen
2335 4979 2492 5030 certa
2521 4969 3074 5031 sunt'monumenta
3103 4993 3228 5048 quae
3251 4993 3496 5034 numero
3514 4993 3682 5050 supe-

2033 5062 2172 5119 riori
2203 5063 2598 5132 laudavimus,
2621 5067 2678 5119 et
2707 5080 2848 5120 sane
2877 5063 2981 5120 illa
3000 5081 3130 5121 esse
3155 5069 3311 5122 certa
3325 5066 3484 5122 haud
3516 5065 3684 5122 dubi-

2033 5151 2144 5207 tari
2203 5155 2414 5224 potest,
2463 5151 2557 5206 vix
2613 5151 2769 5208 ultra
2815 5169 3037 5209 annum
3069 5153 3210 5210 4088
3240 5153 3460 5210 differri
3491 5157 3682 5226 potest

2033 5239 2214 5312 hujus
2237 5239 2618 5296 dedicationis
2637 5241 2964 5298 celebritas.
2985 5241 3214 5298 Etenim
3228 5258 3380 5298 anno
3402 5242 3542 5296 4090
3563 5257 3680 5313 quo

2031 5329 2233 5384 datum
2262 5333 2351 5384 est
2381 5331 2707 5385 secundum
2739 5329 2882 5386 illud
2906 5330 3136 5403 Rogerii
3167 5334 3225 5386 et
3243 5329 3566 5386 Boamundi
3591 5331 3680 5386 in-

2031 5421 2152 5472 stru
2164 5421 2421 5472 mentum
2434 5461 2447 5485 ,
2461 5418 2587 5489 jam
2608 5435 2641 5472 a
2660 5417 2949 5474 celebrata
2967 5418 3330 5474 dedicatione
3347 5416 3606 5490 aliquod,
3623 5422 3683 5475 et

2029 5505 2267 5578 quidem
2284 5506 2428 5562 satis
2441 5505 2682 5578 longum
2695 5506 2978 5579 temporis
2995 5505 3364 5562 intervallum
3381 5505 3680 5564 efﬂuxisse

2029 5593 2326 5663 debuerat,
2347 5599 2542 5650 utnon
2565 5593 2756 5650 solum
2779 5593 3004 5667 Apuliae
3027 5595 3682 5666 proceresimmemores

2029 5698 2272 5738 suorum
2303 5681 2754 5757 promissorum,
2787 5682 3019 5739 Bantini
3048 5683 3388 5740 monasterii
3441 5685 3595 5742 bona
3623 5690 3682 5744 et

2028 5770 2263 5838 chartas
2291 5771 2680 5850 diripuerint;
2707 5771 2810 5836 sed
2839 5773 3015 5836 etiam
3044 5777 3112 5836 ut
3140 5778 3375 5854 tempus
3403 5773 3679 5843 habuerit
