3972 6390
243 508 317 573 37.
1828 509 1878 578 ν

2037 562 2039 572 .
2155 516 2172 532 ⁵
3562 515 3645 581 38

246 638 1061 708 Urbanus,instanteUrsione
1098 642 1328 712 abbate,
1340 643 1469 715 jam
1505 644 1691 702 dictos
1726 646 1883 718 prin-
1910 650 1965 718 Α
1996 664 2286 704 consensu
2331 665 2443 721 pax
2499 647 2672 704 ﬁrma
2728 649 2790 704 in
2840 649 3096 706 Ecclesia
3150 649 3492 707 sanciretur.
3526 652 3644 707 Hoc

246 730 395 803 cipes
410 731 843 797 commonendi,
863 734 930 786 ut
951 734 1177 788 tantum
1201 732 1541 789 scandalum
1561 751 1669 790 sua
1685 739 1884 792 aucto-

243 819 408 876 ritate
427 818 1074 891 comprimerent.Quod
1098 838 1159 878 re
1186 822 1316 894 ipsa
1354 838 1553 879 mense
1589 824 1767 891 Julio,
1793 825 1882 881 uti

244 910 348 965 fert
371 924 571 965 eorum
595 907 878 980 diploma,
902 910 1119 966 coactis
1148 910 1331 967 totius
1375 912 1683 984 provinciae
1740 913 1883 970 viris

244 997 531 1054 nobilibus
563 1014 717 1054 anno
747 997 876 1070 ipso
908 999 1048 1055 1090
1069 1000 1197 1072 jam
1229 1000 1506 1058 fecerant.

305 1088 436 1144 Jam
465 1104 620 1154 vero,
644 1087 695 1143 si
742 1086 941 1155 libeat,
979 1089 1172 1145 dicere
1221 1090 1361 1163 quid
1402 1091 1473 1146 de
1501 1090 1611 1146 hoc
1656 1089 1883 1164 Ughelli

244 1180 617 1239 monumento
638 1177 983 1233 sentiamus.
1001 1176 1153 1234 Illud
1176 1179 1247 1235 ad
1268 1179 1584 1236 Bantinum
1599 1183 1885 1236 monaste-

243 1265 388 1321 rium
414 1265 562 1321 nihil
584 1267 899 1339 pertinere,
932 1267 1033 1322 sed
1067 1270 1169 1323 aut
1216 1267 1286 1322 ab
1346 1266 1544 1340 aliquo
1592 1268 1885 1325 nebulone

242 1356 546 1411 conﬁctum
570 1355 772 1420 fuisse,
790 1359 892 1411 aut
906 1359 1061 1412 certe
1082 1357 1153 1412 ad
1189 1357 1611 1413 monasterium
1633 1359 1886 1414 Cavense

243 1443 435 1500 referri
467 1443 702 1511 debere,
728 1444 898 1501 nobis
929 1446 1179 1501 videtur.
1214 1447 1284 1502 Et
1329 1446 1567 1517 quidem
1616 1451 1885 1503 mormste-

1997 737 2258 809 quidem,
2292 742 2356 793 ut
2384 738 2561 795 refert
2617 739 2775 794 idem
2830 739 3359 812 suctor,Rogerius
3413 739 3645 797 Urbano

1992 825 2499 895 consulebat;sed
2552 828 2771 884 veritus
2829 828 3088 901 pontifex
3149 845 3241 895 ne,
3273 845 3335 885 se
3382 829 3641 898 absente,

1992 913 2344 982 Guibertini,
2364 915 2465 988 qui
2493 916 2689 972 Romae
2710 920 2974 989 potentes
3007 922 3192 982 erant,
3227 917 3464 973 omnino
3495 935 3644 990 prte-

1990 1002 2414 1059 valerentillud
2449 1004 2561 1060 iter
2608 1004 2844 1077 aggredi
2895 1022 3076 1061 ausus
3128 1022 3241 1061 non
3273 1010 3361 1062 est
3394 1023 3407 1062 :
3439 1010 3498 1062 et
3517 1024 3644 1063 eos-

1994 1093 2125 1148 dem
2149 1097 2251 1149 aut
2271 1098 2424 1149 certe
2455 1092 2601 1149 alios
2623 1092 2846 1166 legatos
2869 1094 2959 1149 sui
2991 1093 3117 1150 loco
3141 1094 3415 1152 Urbanus
3437 1096 3509 1151 ad
3540 1095 3646 1151 im-

1993 1185 2317 1254 peratorem
2352 1181 2561 1237 iterato
2611 1181 2796 1243 misit.
2821 1181 2919 1255 qui
2951 1199 3154 1255 pacem
3190 1200 3343 1239 anno
3374 1185 3644 1257 sequenti

1994 1274 2313 1343 utcumque
2334 1287 2467 1326 cum
2492 1269 2590 1326 illo
2614 1277 3089 1343 composuerunt.
3111 1273 3273 1328 Certe
3302 1274 3646 1347 urgentissi-

1995 1376 2158 1414 mum
2172 1363 2230 1415 et
2243 1360 2481 1431 quidem
2502 1359 2882 1431 improvisum
2901 1360 3133 1432 aliquod
3151 1361 3348 1435 magni
3364 1361 3645 1418 momenti

1995 1449 2295 1520 negotium
2326 1448 2463 1503 huic
2496 1449 2554 1504 in
2586 1447 2844 1505 Siciliam
2878 1449 3069 1505 itineri
3103 1450 3464 1507 occasionem
3495 1468 3646 1524 pra:-

242 1535 381 1589 rium
404 1541 609 1588 sanctae
637 1532 830 1591 Momm
859 1534 925 1589 de
966 1535 1168 1601 Pauso,
1201 1536 1504 1606 uulgariter
1549 1537 1890 1591 Doventuum
1998 1536 2197 1592 buisse
2229 1536 2365 1593 inde
2387 1536 2739 1610 colligimus,
2764 1538 2917 1609 quod
2955 1539 3234 1610 pontifex,
3260 1539 3358 1612 qui
3387 1543 3519 1596 ante
3549 1540 3649 1597 ali-

242 1629 569 1695 nuncupato,
601 1622 758 1694 quod
780 1622 839 1678 in
862 1638 930 1679 ea
951 1622 1153 1678 charta
1187 1629 1565 1689 memoratur,
1585 1640 1756 1680 nemo
1784 1640 1886 1680 no-
2002 1632 2148 1697 quot
2180 1627 2304 1682 dies
2358 1626 2550 1681 Casini
2580 1628 2944 1694 versabatur,
2984 1628 3100 1682 imo
3130 1631 3187 1683 et
3218 1627 3275 1682 in
3311 1628 3524 1701 Apulia
3572 1631 3644 1685 ad

242 1711 469 1778 vjt;nec
492 1711 607 1769 nisi
630 1711 947 1768 divinando
971 1712 1272 1785 Ughellus,
1296 1730 1363 1768 ac
1387 1719 1515 1786 post
1550 1731 1682 1769 eum
1721 1714 1886 1769 Lubi-
2000 1716 2306 1770 Bantinam
2339 1715 2644 1771 ecclesiam
2681 1716 3066 1770 dedicandam
3101 1731 3235 1771 cum
3297 1716 3540 1790 Rogerio
3589 1722 3647 1773 et

244 1817 346 1857 nus
364 1799 423 1855 in
447 1800 669 1856 Notitia
699 1801 1067 1857 abbatiarum
1102 1801 1298 1870 Italiae,
1325 1808 1381 1857 et
1412 1802 1556 1859 forte
1587 1802 1683 1857 alii
1745 1817 1888 1857 non-
2000 1804 2342 1860 Boamundo
2366 1804 2599 1860 comitis
2625 1805 2852 1878 Rogerii
2879 1821 2944 1860 ex
2975 1807 3152 1860 fratre
3165 1804 3476 1877 nepotibus
3497 1805 3645 1861 nihil

244 1889 382 1946 nulli
414 1889 771 1947 recentiores
791 1889 935 1945 illud
967 1907 1098 1947 esse
1128 1891 1550 1948 monasterium
1573 1882 1888 1947 Bantinum
1999 1892 2159 1948 aliud
2219 1893 2485 1966 cogitans
2544 1899 2887 1957 accesserat,
2923 1893 3298 1950 Terracinam
3354 1911 3643 1965 reversus,

246 1979 706 2051 conjecerunt.8i
727 1996 860 2035 vero
885 1978 993 2035 hoc
1007 1976 1888 2052 qualecunqueinstrumentum
1922 2020 1968 2055 ι)
2000 1989 2239 2054 repente
2262 1982 2528 2039 dimissis
2556 1982 2833 2039 omnibus
2858 1983 2913 2037 in
2945 1982 3205 2038 Siciliam
3238 1984 3396 2055 longo
3427 1986 3644 2054 itinere,

250 2066 418 2125 simul
441 2084 581 2124 cum
603 2067 874 2125 Cavensis
887 2068 1225 2124 monasterii
1249 2068 1569 2142 privilegiis
1589 2073 1646 2125 et
1666 2069 1895 2125 dedica—
1922 2066 1971 2086 ”
2003 2071 2087 2126 uti
2108 2070 2436 2127 Gaufredns
2458 2071 2652 2141 habet,
2674 2074 2940 2144 fatigatus
2960 2072 3377 2142 transmiserit,
3413 2077 3479 2129 ut
3508 2090 3644 2130 cum

240 2150 416 2213 tionis
446 2157 581 2229 ejus
609 2155 854 2213 historia
902 2158 1254 2225 conferatur,
1289 2175 1355 2213 ex
1389 2157 1459 2213 iis
1518 2157 1689 2229 plane
1747 2158 1887 2214 illud
2001 2161 2246 2233 Rogerio
2269 2159 2830 2232 colloqueretur,qui
2861 2160 2970 2217 hoc
2991 2177 3142 2217 anno
3164 2161 3371 2235 captis,
3396 2164 3650 2220 utrefert

248 2245 715 2304 consarcinatum
742 2247 941 2317 fuisse,
966 2246 1215 2320 quisque
1246 2247 1411 2303 facile
1443 2248 1737 2302 advertere
1789 2264 1890 2320 po-
1999 2248 2196 2322 Lupus
2221 2250 2583 2320 Protospata,
2605 2250 2935 2322 Syracusis,
2959 2251 3296 2320 Bruceram,
3321 2254 3387 2307 ut
3404 2254 3462 2307 et
3490 2251 3646 2308 Gau-

246 2336 408 2393 terit:
435 2336 597 2410 quod
638 2336 847 2409 probat
884 2336 1273 2392 sanctissimae
1311 2335 1617 2392 Trinitatis
1649 2337 1888 2405 mentio,
2002 2337 2162 2393 fredo
2180 2338 2459 2405 diximus,
2484 2342 2642 2406 tunc,
2666 2355 2851 2394 mense
2871 2337 3304 2411 scilicetAprili,
3321 2341 3644 2398 obsidebat.

242 2424 620 2500 indulgentiae
670 2423 983 2498 utrobique
1037 2425 1277 2493 eaedem,
1310 2424 1598 2481 dedicatio
1649 2431 1892 2498 utraque
1997 2427 2176 2482 Aiunt
2230 2426 2448 2500 vulgati
2507 2427 2661 2500 apud
2722 2427 3019 2483 Bocchum
3080 2428 3318 2501 Pyrrum
3364 2430 3424 2484 in
3452 2429 3649 2486 Sicilia

243 2531 434 2571 mense
473 2513 807 2587 Septembri
833 2514 1239 2580 facta,easdem
1276 2514 1479 2586 gratiae
1503 2515 1733 2586 utrique
1764 2513 1890 2570 loco
1998 2533 2164 2572 sacra
2193 2521 2461 2573 auctores
2491 2516 2793 2573 Urbanum
2833 2534 2901 2572 ea
2960 2517 3262 2573 occasione
3319 2518 3379 2573 in
3434 2518 3646 2575 sacello

240 2621 301 2659 ac
327 2603 586 2660 ecclesiae
635 2603 1113 2677 Compostellante
1163 2603 1425 2669 indultaa,
1448 2603 1610 2659 bulla
1640 2603 1700 2658 in
1735 2603 1887 2659 favo-
1998 2605 2248 2677 quodam
2275 2606 2653 2662 subterraneo
2667 2604 3287 2662 cathedralisecelesiaa
3308 2607 3646 2664 'I‘roinensis

240 2708 353 2748 rem
382 2710 548 2753 nova;
589 2692 973 2749 dedicationis
1027 2692 1340 2764 utrobique
1399 2691 1625 2748 Salerni
1687 2708 1888 2748 mense
1997 2694 2239 2749 missam
2273 2693 2619 2761 celebrasse,
2648 2697 2822 2766 atque
2855 2694 2912 2749 in
2968 2694 3096 2764 ejus
3156 2694 3239 2750 rei
3298 2696 3645 2752 memoriam

241 2780 466 2839 Octobri
496 2782 655 2849 data,
678 2787 735 2837 et
765 2782 878 2838 alia
910 2800 1036 2854 quae
1068 2782 1182 2836 huc
1213 2781 1505 2854 appellare
1537 2799 1651 2836 non
1698 2785 1884 2837 vacat.

239 2876 315 2927 De
341 2871 590 2929 Cavensi
622 2871 983 2928 dedicatione
1011 2870 1164 2929 infra
1193 2871 1264 2927 ad
1316 2886 1537 2926 annum
1579 2870 1719 2925 1092
1752 2886 1885 2943 age-

242 2977 386 3018 mus.

579 3049 770 3107 XXIX.
806 3051 1022 3108 Urbani
1048 3052 1155 3106 iter
1191 3052 1251 3105 in
1282 3050 1551 3105 Siciliam.

307 3140 609 3197 Urbanum
640 3139 842 3196 eodem
874 3157 1027 3195 anno
1056 3138 1117 3194 in
1150 3137 1407 3194 Siciliam
1463 3135 1886 3205 transmisisse,

242 3245 350 3285 non
379 3229 559 3285 modo
579 3228 930 3285 recentiores
960 3232 1249 3293 auctores,
1273 3228 1371 3283 sed
1406 3228 1533 3300 ipso
1577 3226 1753 3282 etiam
1808 3231 1890 3282 te-

242 3321 421 3375 statur
431 3317 767 3375 Gaufredus
780 3316 1882 3386 Malaterra,monachusBenedictinus,

1997 2783 2329 2854 appositam
2356 2782 2539 2839 fuisse
2562 2782 3026 2855 inscriptionem,
3051 2799 3168 2854 qua
3194 2782 3439 2839 vetitum
3465 2789 3556 2840 est
3577 2801 3649 2840 ne

1996 2870 2274 2943 deinceps
2307 2870 2363 2924 in
2395 2869 2588 2925 locum
2637 2868 2809 2925 illum
2842 2868 3120 2925 mulieres
3177 2869 3646 2943 ingrederentur.

1995 2977 2154 3033 XXX.
2217 2978 2480 3033 Anselmo
2538 2976 2943 3062 arcltiepisCOpo
3018 2977 3412 3034 Mcdiolanensi
3473 2980 3648 3035 mittit

2595 3050 2857 3121 pallium,
2889 3055 2999 3104 etc.

2068 3137 2412 3209 Respirabat
2441 3143 2580 3194 tunc
2614 3137 3068 3194 Mediolanensis
3094 3136 3353 3194 Ecclesia
3382 3138 3495 3195 sub
3526 3142 3645 3194 An-

1997 3224 2164 3282 selmi
2191 3224 2457 3282 catholici
2475 3225 2580 3282 viri
2603 3226 2967 3298 pontiﬁcatu,
2995 3227 3092 3299 qui
3127 3231 3261 3283 ante
3291 3225 3515 3300 aliquot
3544 3245 3646 3283 an-

1998 3315 2176 3371 nosin
2189 3314 2381 3371 locum
2401 3314 2640 3370 Tedaldi
2663 3315 3022 3372 schismatici
3050 3317 3351 3386 suffectus,
3368 3316 3646 3373 baculum

240 3406 689 3464 auctorillorum
713 3412 1043 3478 temporum
1067 3409 1397 3474 accuratus,
1423 3405 1632 3477 quires
1653 3403 1882 3477 Rogerii
1913 3388 1955 3454 C
1995 3420 2028 3458 a
2054 3419 2187 3475 rege
2218 3407 2579 3476 susceperat,
2605 3405 2679 3458 ob
2710 3404 2769 3458 id
2802 3421 2894 3471 ne,
2922 3410 3023 3459 aut
3054 3409 3207 3460 certe
3258 3405 3330 3460 ob
3384 3404 3646 3478 aliquam

241 3497 460 3553 comitis
504 3500 726 3569 gestas,
775 3494 902 3568 ipso
970 3494 1339 3566 adhortante,
1392 3498 1646 3566 quatuor
1712 3492 1880 3549 libris

240 3584 601 3658 conscripsit.
636 3585 690 3640 Is
722 3588 919 3639 narrat
949 3583 1098 3638 libro
1129 3600 1205 3650 ιν,
1258 3600 1384 3655 cap.
1428 3584 1506 3648 l3,
1565 3582 1879 3653 Rogerium

239 3672 433 3730 Siciliae
479 3672 789 3744 comitem,
812 3672 1051 3727 fratrem
1084 3672 1320 3727 Roberti
1347 3670 1676 3738 Guiscardi,
1707 3670 1879 3726 adeo-

237 3778 338 3835 que
359 3761 607 3820 alterius
629 3761 860 3835 Rogerii
884 3760 1050 3817 ducis
1081 3759 1299 3833 Apuliae
1330 3765 1387 3816 et
1416 3759 1738 3816 Boamundi
1777 3775 1880 3830 pa-

236 3853 447 3922 truum,
472 3837 627 3908 anno
657 3852 798 3907 1088
829 3852 1120 3906 inchoante
1148 3851 1333 3921 Aprili
1355 3854 1635 3917 Buceram
1675 3847 1879 3903 Siciliae

238 3940 430 3997 urbem
458 3940 788 4007 obsedisse,
812 3938 1012 4013 ibique
1034 3938 1366 4011 suscepisse
1395 3937 1613 3994 Urbani
1656 3936 1878 4009 legatos

237 4046 352 4085 cum
378 4031 584 4086 litteris
612 4030 894 4101 sigillutis,
910 4028 1424 4102 quibusinvitabat
1443 4044 1578 4083 eum
1597 4025 1876 4099 pontifex,

240 4119 607 4187 utTroinam,
632 4135 746 4190 quo
767 4118 893 4191 ipse
924 4118 1292 4191 prOperabat,
1324 4134 1501 4190 quam
1536 4120 1736 4189 posset
1783 4131 1876 4172 ce-

237 4206 459 4265 lerrime
480 4208 803 4274 accederet,
826 4216 1026 4263 secum
1075 4206 1149 4261 de
1191 4205 1368 4261 rebus
1398 4203 1672 4277 gravibus
1703 4203 1875 4259 collo-

239 4296 433 4367 quium
450 4297 787 4353 habiturus.
801 4295 1019 4361 Adfuit,
1039 4293 1305 4352 condicto
1327 4293 1735 4361 die,comcs,ut
1751 4309 1880 4365 pro-

238 4387 494 4459 sequitur
511 4384 614 4442 ille
643 4390 867 4452 auctor,
899 4389 956 4441 et
1002 4383 1167 4440 ﬁnito
1215 4381 1505 4454 colloquio
1539 4381 1873 4454 pontificem

234 4476 414 4531 multis
435 4476 688 4533 donariis
716 4474 1044 4531 honoratum
1070 4474 1305 4530 dimisit.
1330 4471 1477 4536 Quid
1495 4487 1628 4525 vero
1657 4469 1875 4543 negotii

235 4561 378 4620 inter
405 4581 505 4623 eos
537 4569 825 4638 ageretur,
848 4563 1177 4619 Gaufredus
1222 4561 1435 4617 diserte
1478 4576 1591 4614 non
1650 4558 1870 4628 retulit,

234 4652 335 4709 nisi
357 4654 503 4711 forte
522 4652 584 4710 id
605 4653 779 4709 fuerit
802 4653 957 4724 quod
983 4650 1290 4723 subjungit
1310 4650 1380 4706 de
1391 4647 1878 4720 Constantinopo-

233 4738 404 4799 litano
424 4743 805 4816 imperatore,
826 4741 1021 4798 Alexio
1044 4741 1363 4805 Comneno,
1388 4754 1562 4811 quem
1608 4736 1874 4794 Urbanus
1909 4758 1954 4823 D

236 4831 427 4888 missis
455 4835 586 4888 ante
601 4848 805 4904 paucos
834 4831 970 4907 dies,
1005 4830 1061 4886 id
1087 4833 1177 4885 est
1226 4828 1425 4884 statim
1458 4830 1590 4899 post
1618 4842 1787 4881 suam
1820 4827 1878 4881 in

233 4921 629 4990 pontiﬁcatum
685 4920 1048 4985 electionem,
1105 4918 1319 4991 legatis
1367 4915 1603 4973 Nicolao
1672 4915 1880 4972 abbate

232 5007 442 5082 Cryptaa
465 5012 714 5079 ferratis,
738 5014 795 5067 et
822 5009 1068 5082 Rogerio
1091 5008 1357 5075 diacono,
1379 5010 1618 5079 paterna
1635 5008 1880 5077 increpa-

234 5097 370 5155 tione
394 5101 821 5165 commonuerat,
847 5098 1002 5171 quod
1027 5098 1082 5152 in
1110 5095 1429 5170 provinciis
1460 5093 1570 5151 sibi
1596 5094 1878 5165 subject-is

235 5184 455 5245 Latinos
477 5189 830 5255 sacerdotes,
851 5186 1094 5259 abjectis
1116 5184 1355 5259 azymis,
1379 5183 1440 5238 in
1462 5200 1609 5257 rane
1624 5184 1875 5239 fermen-

235 5277 343 5332 tato
359 5278 691 5335 sacrificare
720 5279 970 5350 cogeret.
993 5275 1170 5332 Addit
1197 5274 1350 5331 idem
1384 5278 1588 5330 auctor
1614 5272 1873 5345 impera-

234 5366 428 5433 torem,
460 5369 737 5439 suscepta
765 5363 1069 5422 humiliter
1096 5362 1399 5437 pontificis
1456 5360 1874 5433 increpatione,

233 5466 357 5510 eum
380 5471 484 5528 per
503 5455 742 5512 eosdem
765 5455 964 5527 legatos
980 5470 1051 5511 ex
1069 5453 1277 5509 itinere
1289 5452 1416 5523 jam
1440 5466 1700 5506 reversos
1723 5448 1874 5505 invi-

230 5543 376 5599 tasse
392 5544 661 5601 chartulis
692 5545 891 5601 litteris
923 5542 1367 5613 aureisscriptis,
1390 5542 1455 5594 ut
1492 5537 1649 5594 intra
1695 5537 1872 5594 unius

230 5630 358 5686 anni
389 5636 447 5689 et
474 5632 703 5689 dimidii
734 5632 1055 5689 terminum
1086 5632 1146 5688 in
1200 5629 1480 5687 Graeciam
1522 5625 1762 5696 veniret,
1796 5628 1868 5684 ad

227 5719 601 5778 tractandum
629 5739 697 5779 ea
725 5723 800 5779 de
827 5739 889 5778 re
914 5721 975 5778 in
1005 5720 1254 5779 concilio
1284 5718 1439 5792 apud
1460 5715 1867 5773 Constantino-

1989 3490 2168 3546 aliam
2200 3508 2463 3557 causam,
2499 3508 2675 3563 quam
2714 3492 2995 3549 incertam
3054 3510 3181 3550 esse
3239 3493 3646 3567 Ripamontius

1988 3580 2232 3647 dicit,in
2255 3581 2515 3652 Gregorii
2550 3581 2842 3652 pontificis
2880 3581 3260 3638 offensionem
3291 3583 3639 3651 incurreret,

1989 3669 2089 3724 sed
2123 3668 2174 3723 ei
2204 3672 2335 3740 post
2390 3669 2635 3723 modum
2692 3670 2996 3742 pmnitenti
3023 3671 3257 3742 culpam
3289 3672 3638 3728 condonavit

1988 3756 2277 3827 Urbanus,
2314 3760 2491 3828 atque
2516 3756 2627 3829 ipsi
2650 3757 2708 3813 in
2737 3758 2950 3827 solum,
2980 3759 3136 3830 quod
3167 3764 3372 3831 sponte
3394 3759 3646 3816 dimise-

1989 3850 2097 3914 rat,
2122 3846 2392 3902 restituto
2418 3863 2484 3902 ac
2507 3848 2872 3915 confirmato,
2906 3846 3152 3920 pallium
3198 3864 3300 3920 per
3331 3847 3638 3905 Heriman-

1988 3952 2133 3991 num
2155 3934 2512 3992 cardinalem
2544 3935 2707 3992 misit
2738 3952 2872 3992 cum
2913 3935 3178 4009 epistola,
3213 3937 3384 4008 cujus
3444 3936 3636 3994 solum

1988 4030 2258 4097 superest
2277 4025 2671 4097 fragmentum
2689 4025 2748 4079 in
2768 4025 3150 4093 UrbaniV'ita,
3176 4026 3331 4098 quod
3349 4026 3639 4082 referetur

1986 4114 2140 4169 inter
2163 4115 2292 4186 ejus
2322 4113 2617 4186 epistolas.
2652 4115 2809 4169 Idem
2842 4115 3022 4170 ferme
3061 4114 3333 4186 praestitit
3374 4114 3646 4171 Urbanus

1986 4218 2126 4275 erga
2145 4202 2458 4259 Henricum
2478 4203 2961 4259 Suessionensem
2991 4203 3354 4275 episcopum,
3372 4204 3473 4275 qui
3505 4219 3641 4259 eum

1986 4292 2361 4364 episcopatus
2381 4291 2661 4349 investitu
2671 4308 2794 4348 ram
2817 4310 2851 4348 a
2870 4291 3139 4365 Philippo
3154 4308 3288 4365 rege
3300 4293 3643 4365 accepisset.

1988 4380 2234 4436 Romam
2264 4380 2505 4437 veniens
2536 4397 2730 4437 coram
2759 4381 3033 4454 pontifice
3064 4385 3271 4454 sponte
3289 4381 3643 4455 dignitatem

1985 4468 2302 4525 abdicavit:
2331 4469 2468 4526 huic
2490 4474 2685 4525 tamen
2735 4470 3007 4526 renitenti
3029 4475 3085 4526 et
3116 4469 3334 4527 nolenti
3367 4470 3642 4543 praecepit

1986 4557 2276 4625 Urbanus,
2303 4563 2369 4614 ut
2390 4560 2589 4615 sedem
2611 4562 2915 4631 repeteret,
2933 4564 3167 4632 accepto
3199 4560 3542 4631 juramento
3582 4574 3645 4616 se

1985 4663 2312 4718 numquam
2335 4647 2427 4713 iis,
2450 4647 2553 4719 qui
2577 4665 2611 4703 a
2639 4648 2775 4703 sede
2805 4648 3127 4720 apostolica
3150 4648 3639 4705 fuissentexcom-

1987 4736 2290 4805 municati,
2316 4737 2889 4793 communicaturum
2919 4754 3067 4803 esse,
3091 4741 3192 4792 aut
3213 4738 3638 4795 interfuturum

1988 4843 2190 4881 eorum
2223 4826 2781 4893 consecrationibus,
2808 4826 2909 4897 qui
2941 4842 3042 4898 per
3072 4826 3236 4881 nefas
3266 4825 3640 4900 episcopatus

1987 4914 2076 4971 vel
2096 4915 2290 4971 abbati
2299 4932 2366 4971 as
2381 4918 2786 4986 occupassent.
2813 4914 2973 4971 Idem
2994 4914 3213 4970 factum
3236 4915 3421 4972 fuisse
3442 4915 3639 4973 Belva-

1988 5004 2148 5060 censi
2179 5004 2452 5077 episcopo
2474 5003 2653 5059 tradit
2685 5003 3008 5060 Pandulfus
3037 5002 3097 5059 in
3126 5003 3259 5059 Vita
3306 5003 3546 5074 Urbani,
3576 5006 3634 5062 id

1987 5094 2139 5165 quod
2174 5095 2348 5149 etiam
2382 5092 2609 5149 Platina
2638 5098 2912 5149 testatur.
2947 5094 3138 5149 Redeo
3170 5094 3242 5149 ad
3290 5094 3637 5151 Anselmum

1987 5181 2501 5237 Mediolanensem.

2055 5270 2201 5326 Huic
2231 5271 2501 5327 Urbanus
2530 5269 2757 5328 litteras
2782 5272 3022 5345 scripsit
3057 5273 3130 5328 de
3165 5272 3641 5330 reconciliatione

1985 5359 2388 5433 lapsorum,ex
2410 5359 2626 5432 quibus
2648 5361 2741 5418 Ivo
2766 5365 2930 5435 parte
2950 5379 3027 5429 1v,
3042 5379 3091 5418 c.
3129 5364 3254 5431 407,
3289 5362 3639 5420 decretalem

1984 5448 2292 5522 epistolam
2310 5449 2615 5522 excerpsit,
2647 5467 2773 5523 quae
2798 5450 3019 5523 passim
3044 5452 3221 5521 edita,
3247 5452 3349 5508 sed
3379 5452 3636 5508 multum

1981 5554 2050 5594 ex
2082 5536 2318 5611 vulgato
2373 5538 2651 5596 Anselmo
2709 5540 2954 5596 Lucensi
2988 5545 3185 5612 aucta,
3216 5541 3456 5597 dabitur
3483 5542 3639 5597 inter

1979 5626 2196 5685 Urbani
2253 5626 2499 5697 litteras,
2533 5645 2666 5685 cum
2724 5629 2956 5685 duobus
3009 5629 3140 5687 aliis
3193 5632 3540 5698 canonibus,
3575 5630 3635 5685 in

1977 5716 2220 5775 concilio
2244 5716 2575 5775 Belvacensi
2595 5719 2733 5775 anni
2758 5719 2814 5775 lt
2827 5719 2896 5774 14
2917 5723 3118 5776 nostro
3137 5719 3396 5793 pontiﬁci
3420 5718 3639 5791 pariter

227 5806 398 5885 polita
420 5809 795 5885 celebrando:
810 5812 1012 5890 sicque
1027 5808 1328 5906 communi
1348 5805 1657 5887 utriusque
1672 5806 1864 5885 gentis
1974 5807 2303 5882 attributis,
2324 5824 2575 5889 quorum
2591 5808 2823 5887 primus
2840 5809 3006 5887 clero,
3038 5808 3186 5869 alter
3205 5808 3409 5890 popqu
3436 5805 3635 5871 Medio-
