3972 6366
347 420 444 485 ω

1647 418 1721 485 Β.
1766 419 2070 487 URBANI
2109 422 2163 484 ΙΙ
2204 422 2458 485 PAPIE.

3663 420 3762 488 40

347 566 566 620 Iamsi
597 561 916 634 inscriptus
955 561 1066 618 est.
1101 557 1266 618 Hunc
1310 560 1627 628 utrumque
1685 569 1990 622 canonem,
2021 554 2078 622 Α
2109 553 2355 611 Pistorio
2401 558 2542 611 tom.
2584 554 2660 611 III
2701 552 3357 628 .I-Iispanizeillustrata
3409 554 3552 613 editi
3579 555 3759 617 habet

347 653 456 709 etsi
512 649 779 730 nonnulli
831 650 1110 705 censeant
1160 643 1484 702 Alexandro
1533 644 1582 699 ΙΙ
1612 644 1993 700 tribuendum

2109 643 2406 699 Urbanum
2425 642 2662 699 Alfonso
2685 643 2988 717 Aragoniae
3027 643 3154 718 regi.
3179 645 3426 718 ejusque
3453 661 3758 704 successo-

346 758 494 811 esse,
518 741 749 798 Urbano
773 736 1106 809 abjudicare
1139 735 1328 792 visum
1358 751 1474 790 non
1515 736 1622 812 est,
1655 749 1788 788 cum
1852 732 1997 787 forte
2107 731 2270 787 ribus
2291 735 2348 787 et
2367 733 2529 806 regni
2555 733 2893 805 proceribus
2915 734 3296 803 condonassc,
3325 738 3392 790 ut
3419 733 3659 792 decimae
3689 735 3754 798 in

345 829 526 887 simili
559 827 713 886 malo
743 828 898 884 idem
940 824 1180 882 omnino
1228 822 1554 879 remedium
1614 821 1686 877 ab
1746 825 1995 892 utroque

345 918 618 992 pentiﬁce
650 915 983 973 adhibitum
1039 913 1229 970 fuerit.
1267 911 1466 984 Neque
1520 909 1677 966 enim
1734 908 1994 965 insolens

342 1005 526 1064 videri
547 1007 718 1062 debet
747 1020 931 1060 unum
963 1007 1021 1059 et
1049 1001 1320 1058 eumdem
1381 1015 1662 1056 canonem
1697 1015 1732 1054 a
1761 999 1992 1054 duobus

345 1096 722 1170 pontiﬁcibus
737 1091 1173 1166 promulgatum
1201 1089 1554 1146 fuisse.Nam
1573 1104 1759 1144 canon
1767 1087 1990 1160 presby-

345 1193 584 1242 terarum
635 1183 800 1256 ﬁlios,
857 1181 994 1237 dist.
1053 1182 1143 1248 56,
1201 1195 1326 1252 cap.
1360 1179 1414 1246 l,
1447 1193 1661 1250 magna
1715 1194 1783 1232 ex
1829 1181 1990 1249 parte

342 1273 626 1347 repetitur
671 1289 720 1328 c.
759 1273 846 1338 ll,
877 1271 1002 1329 Nisi
1029 1273 1146 1336 aut,
1180 1268 1279 1340 qui
1338 1267 1577 1324 Urbano
1631 1269 1880 1338 utroque
1926 1265 1986 1320 in

343 1363 467 1420 loco
489 1362 842 1436 assignatur,
862 1364 920 1416 et
934 1358 1289 1431 reipsainter
1308 1354 1647 1430 Melphitani
1669 1359 1724 1410 et
1738 1353 1986 1410 aliorum

343 1451 558 1508 Urbani
591 1449 968 1506 conciliorum
1000 1447 1232 1503 decreta
1259 1444 1510 1502 occurrit
1542 1459 1556 1499 :
1589 1447 1645 1500 et
1674 1446 1871 1500 tamen
1924 1443 1985 1498 in

343 1524 587 1597 concilio
617 1535 948 1594 Belvacensi
978 1552 1156 1608 supra
1204 1536 1526 1590 memorato
1585 1533 1802 1588 dicitur
1855 1549 1986 1588 esse

341 1627 598 1700 Gregorii
617 1625 687 1682 Vl
709 1630 768 1682 et
803 1624 1018 1680 Urbani
1059 1623 1128 1678 ll.
1152 1623 1224 1678 Et
1261 1622 1417 1694 apud
1451 1621 1684 1676 Ivonem
1709 1624 1874 1692 parte
1903 1637 1982 1686 v1,

341 1735 388 1774 c.
421 1717 546 1772 410.
571 1713 829 1787 Gregorii
853 1713 947 1768 VII
987 1715 1038 1768 el
1100 1709 1318 1766 Urbani
1371 1709 1440 1768 II.
1473 1709 1681 1765 Visum
1731 1713 1821 1766 est
1877 1707 1982 1765 ali-

342 1805 576 1881 quando
605 1797 774 1869 mihi,
796 1803 952 1858 idem
978 1801 1112 1857 ferri
1147 1816 1318 1872 posse
1339 1797 1630 1871 judicium
1662 1799 1732 1854 de
1763 1813 1984 1854 canone

340 1897 534 1952 clerico
556 1893 794 1964 jaciente
823 1891 960 1946 dist.
983 1891 1074 1955 50,
1099 1905 1146 1944 c.
1181 1889 1269 1954 37,
1294 1888 1447 1960 quod
1481 1903 1549 1942 ex
1580 1886 1794 1942 Urbani
1853 1885 1980 1960 epi-

342 1984 493 2042 stola
513 1983 582 2038 ad
614 1981 974 2037 G-uernerium
1011 1979 1432 2046 Narbonensem,
1465 1980 1778 2048 antequam
1839 1993 1980 2049 pon-

340 2075 480 2130 tifex
537 2074 716 2139 ﬁeret,
777 2069 1142 2134 defunctum,
1175 2067 1483 2138 decerptus
1541 2064 1848 2120 diceretur.
1911 2065 1983 2118 At

341 2161 716 2236 pestmodum
741 2177 772 2214 a
795 2141 932 2212 viris
963 2155 1152 2212 doctis
1173 2154 1349 2210 didici
1382 2153 1713 2209 erroremin
1743 2152 1982 2208 titulum

340 2251 688 2323 irreps’isse,’
719 2246 1150 2320 legendumque
1211 2260 1339 2299 esse
1385 2243 1680 2298 Cimmerio
1712 2243 1982 2300 Merslmr-

339 2342 512 2413 gensi,
543 2337 639 2408 qui
665 2337 857 2410 reipsa
875 2334 1092 2390 Urbani
1117 2337 1167 2387 II
1217 2337 1478 2404 tempore
1506 2331 1718 2387 vixisse
1765 2349 1981 2387 memo-

340 2430 724 2494 ratur.Quare
748 2423 914 2479 illum
939 2438 1220 2478 canonem
1243 2421 1352 2477 sub
1385 2420 1609 2476 sincero
1641 2421 1769 2492 ejus
1812 2419 1980 2475 titulo

339 2519 658 2575 referemus
709 2514 768 2570 in
826 2511 1167 2586 appendice'.
1195 2513 1316 2576 Quo
1349 2515 1543 2566 autem
1575 2527 1726 2564 anno
1757 2509 1877 2565 haec
1910 2510 1981 2566 ad

339 2595 720 2664 Guernerium
755 2601 1001 2676 epistola
1060 2599 1278 2672 scripta
1335 2599 1526 2667 fuerit,
1555 2598 1713 2654 haud
1773 2599 1978 2672 liquet.

340 2696 642 2754 Bucelinus
675 2694 942 2750 observat
969 2691 1350 2745 Guernerium
1403 2705 1506 2760 pro
1557 2687 1834 2760 Gregorio
1878 2688 1980 2744 VII

338 2786 590 2851 stetisse,
614 2774 670 2837 et
686 2787 880 2836 tamen
900 2779 1050 2833 inter
1071 2777 1374 2850 episcopos
1395 2775 1714 2832 catholicos
1732 2776 1829 2849 qui
1849 2793 1980 2832 con-

338 2875 470 2932 cilio
527 2867 1048 2940 Quintiliburgensi
1083 2882 1234 2921 anno
1285 2866 1423 2920 1085
1481 2865 1975 2937 subscripserunt,

335 2941 926 3037 legitur‘Bernardus
995 2953 1484 3026 Mersburgensis,
1535 2970 1606 3008 an
1661 2951 1816 3008 idem
1877 2953 1977 3026 qui

336 3049 680 3108 Wérnarius
735 3062 840 3102 seu
895 3043 1246 3100 Guerncrius
1295 3042 1486 3097 dictus
1521 3042 1632 3108 sit,
1667 3041 1977 3098 Bucelinus

337 3141 552 3215 quippe
581 3135 942 3193 Bernardum
969 3149 1083 3188 non
1119 3135 1398 3188 recenset.

637 3233 822 3289 XXXI.
856 3231 1093 3287 Ecrlesia
1121 3228 1404 3286 Cremona?
1426 3229 1658 3284 dolatur.

2104 821 2425 878 ditionibus
2457 838 2604 894 quas
2635 839 2668 877 a
2697 821 2919 878 Mauris
2951 827 3382 896 recuperarent,
3406 823 3478 880 ab
3537 824 3622 880 eis
3661 841 3756 882 re-

2103 909 2454 981 ciperentur,
2474 909 2730 982 exceptis
2761 909 3168 984 episcoporum
3199 912 3442 970 sedibus
3471 913 3754 988 etdignir-

2098 997 2342 1054 tatibus.
2653 1048 2656 1051 .

2171 1091 2246 1142 At
2265 1087 2502 1144 sedente
2527 1086 2781 1156 Urbano,
2807 1105 2921 1144 non
2942 1087 3244 1161 Alfonsus,
3273 1091 3375 1146 sed
3408 1090 3658 1150 Saucius
3691 1095 3752 1159 et

2100 1175 2302 1232 Petrus
2332 1177 2718 1250 Arragoniam
2740 1177 3120 1248 obtinebant;
3155 1195 3336 1252 quare
3365 1179 3446 1251 id,
3471 1179 3532 1236 ni
3553 1179 3746 1252 fallor,

2099 1263 2550 1338 intelligendum
2573 1267 2747 1322 estde
2767 1267 2956 1338 Petro,
2981 1269 3073 1324 cui
3101 1267 3374 1327 Urbanus
3389 1268 3544 1327 hanc
3563 1269 3748 1338 facul-

2095 1356 2274 1412 tatem
2296 1354 2562 1412 indulsit.
2585 1355 2704 1412 Etsi
2736 1355 2793 1413 id
2823 1357 3000 1414 etiam
3033 1356 3274 1416 Alfonso
3323 1357 3445 1433 regi
3504 1375 3745 1418 conces-

2095 1459 2228 1498 sum
2260 1443 2506 1514 dicatur,
2541 1443 2596 1500 id
2631 1445 2833 1502 referri
2885 1447 3056 1504 debet
3097 1447 3170 1504 ad
3200 1445 3582 1508 Aldefonsum
3639 1465 3744 1506 seu

2091 1531 2400 1589 Alfonsum
2433 1533 2698 1606 Legionis
2747 1539 2804 1590 et
2859 1535 3120 1592 Castellae
3175 1551 3372 1610 regem
3419 1541 3560 1596 tunc
3590 1537 3746 1596 inter

2092 1637 2256 1694 reges
2289 1621 2576 1694 Hispanos
2605 1623 2986 1693 eminentem,
3021 1623 3140 1697 qui,
3176 1629 3406 1698 recepto
3456 1630 3590 1684 ante
3633 1625 3742 1684 ali-

2091 1714 2236 1782 quot
2265 1728 2449 1766 annos
2477 1727 2544 1767 ex
2575 1711 2850 1769 Barbaris
2896 1712 3114 1784 Toleto,
3150 1715 3499 1786 imperatoris.
3551 1717 3745 1788 Hispa-

2091 1799 2200 1853 nim
2222 1798 2454 1855 titulum
2490 1800 2710 1873 accepit
2733 1801 3073 1874 curavitque
3121 1807 3185 1858 ut
3230 1802 3282 1860 ei
3321 1804 3452 1860 urbi
3496 1802 3742 1875 Bernar-

2091 1888 2202 1943 dus
2235 1889 2557 1960 monachus
2585 1889 3003 1960 Cluniacensis,
3038 1893 3140 1964 qui
3196 1896 3323 1949 tum
3379 1895 3736 1952 monasterio

2093 1976 2287 2032 Sancti
2314 1977 2568 2034 Facundi
2605 1984 2866 2051 praeerat,
2891 1980 3370 2056 archiepiscopus
3415 1983 3740 2055 praeﬁcere-

2095 2070 2207 2122 tur.
2224 2068 2407 2138 Atque
2441 2084 2510 2122 ea
2527 2067 2636 2123 fuit
2672 2069 2896 2126 occasio
2920 2071 3238 2127 renovandi
3259 2071 3440 2143 hujus
3471 2070 3742 2130 Ecclesia

2093 2155 2321 2223 antiqui
2351 2155 2699 2227 splendoris,
2723 2175 2896 2230 quem
2922 2159 3204 2223 diuturna
3232 2159 3620 2218 Barbarorum
3645 2162 3745 2218 do-

2095 2244 2336 2300 minatio
2371 2245 2802 2304 obscuraverat.

2162 2333 2366 2388 Iriensi
2418 2334 2705 2405 Ecclesiae,
2733 2335 2826 2392 cui
2883 2340 3023 2393 tunc
3054 2338 3292 2394 suberat
3321 2339 3462 2394 urbs
3493 2340 3739 2413 Campo.-

2092 2422 2418 2493 stclla,jam
2443 2424 2514 2478 ab
2539 2423 2761 2496 aliquot
2783 2426 2952 2482 annis
2978 2427 3312 2498 prmfecerat
3339 2445 3437 2484 rex
3489 2428 3738 2487 Saucius

2091 2511 2398 2578 Didacum,
2433 2512 2622 2568 virum
2681 2513 2838 2570 haud
2896 2515 3235 2588 ignobilem,
3271 2517 3371 2573 sed
3405 2516 3526 2590 qui,
3561 2521 3628 2573 ut
3657 2517 3740 2580 ait

2091 2604 2292 2656 auctor
2312 2599 2574 2656 Historiae
2597 2603 3101 2676 Compostellanaz,
3128 2607 3270 2664 adeo
3301 2607 3555 2666 externis
3579 2607 3738 2664 curis

2089 2687 2413 2760 implicitus
2436 2693 2576 2760 erat,
2598 2694 2662 2745 ut
2683 2690 2960 2748 interiora
2983 2711 3096 2748 non
3122 2693 3264 2750 satis
3288 2698 3534 2750 curaret.
3569 2693 3736 2752 Hunc

2090 2777 2282 2832 nescio
2306 2795 2420 2850 quo
2444 2795 2581 2834 casu
2606 2781 3238 2838 commotusAlfonsus
3259 2783 3314 2837 in
3337 2781 3573 2838 vincula
3601 2799 3735 2840 con-

2087 2867 2246 2938 iecit,
2278 2867 2432 2922 unde
2459 2885 2670 2941 magna
2701 2869 3100 2938 tumultuatio,
3133 2871 3317 2926 turbae
3359 2871 3627 2944 ingentes
3667 2871 3730 2931 in

2087 2955 2194 3010 hac
2219 2955 2470 3011 Ecclesia
2509 2957 2828 3012 concitatae.
2853 2959 2996 3014 Cum
3031 2961 3230 3032 itaque
3259 2961 3457 3016 omnia
3487 2955 3729 3033 pessum

2086 3044 2254 3113 irent,
2305 3061 2409 3100 nec
2456 3044 2843 3102 celeberrima:
2900 3048 3190 3116 Ecclesiae,
3223 3065 3350 3120 quae
3400 3050 3527 3122 jam
3583 3055 3726 3106 tunc

2084 3134 2235 3189 beati
2267 3133 2467 3190 Jacobi
2501 3133 2882 3208 reliquiarum
2934 3137 3302 3210 possessione
3339 3136 3728 3212 gloriabatur,

2084 3222 2308 3278 cladem
2337 3240 2502 3296 zequo
2557 3225 2752 3280 animo
2786 3225 2932 3282 ferre
2989 3226 3246 3283 valerent
3277 3227 3382 3282 viri
3413 3227 3599 3300 probi,
3631 3227 3731 3283 Al-

406 3312 523 3392 Iloc
553 3334 680 3413 ipso
705 3348 857 3386 anno
878 3327 1181 3386 ecclesiam
1204 3325 1566 3399 collegiatam
1588 3327 1807 3381 Sancta:
1832 3327 1972 3398 Aga-

2092 3311 2292 3366 fonsus
2315 3315 2380 3366 ut
2409 3293 2561 3369 hanc
2579 3331 2612 3367 a
2632 3330 2693 3369 se
2715 3313 2991 3386 injuriam
3025 3315 3384 3384 amoliretur,
3407 3315 3588 3372 alium
3606 3317 3730 3391 epi-

335 3426 447 3482 thaa
471 3423 624 3496 apud
651 3422 1018 3484 Cremonam,
1052 3433 1228 3488 quam
1267 3414 1577 3487 Gregorius
1609 3415 1708 3469 VII
1740 3415 1978 3486 amplia-

334 3517 514 3582 verat,
547 3510 819 3566 Urbanus
877 3503 1434 3574 dotavit,attributis
1491 3503 1544 3559 ei
1601 3501 1975 3560 ecclesiarum

335 3601 529 3658 Sancti
557 3597 768 3656 Valerii
799 3601 856 3652 et
886 3593 1081 3652 Sancti
1131 3592 1552 3666 ChristOphori,
1589 3608 1766 3666 prope
1818 3609 1975 3649 eam-

337 3695 470 3749 dem
527 3691 734 3746 urbem
793 3687 1062 3752 sitarum,
1098 3682 1402 3752 reditibus,
1437 3685 1502 3738 ut
1530 3681 1704 3738 refert
1759 3681 1978 3754 Joseph

335 3783 692 3838 Bresceanus
721 3777 781 3832 in
813 3773 1094 3832 Chronico
1122 3770 1498 3828 Cremonensi
1530 3787 1639 3826 ms.
1675 3771 1824 3842 quod
1861 3789 1976 3842 prae

335 3855 608 3927 manibus
638 3866 944 3922 habemus.
973 3861 1222 3917 Clericos
1253 3859 1560 3916 saeculares
1591 3859 1772 3930 hujus
1821 3860 1976 3915 basi-

338 3960 460 4015 licae
491 3957 548 4012 in
582 3952 881 4028 regulares
913 3949 1224 4006 canonicos
1283 3951 1544 4004 mutasse
1573 3947 1727 4003 circa
1757 3965 1984 4004 annum.

343 4048 497 4114 1090,
515 4043 728 4100 dicitur
751 4041 908 4096 idem
950 4037 1207 4112 pontifex
1237 4037 1392 4110 apud
1418 4035 1727 4103 Merulam,
1761 4037 1862 4094 sed
1893 4036 1978 4092 illi

334 4117 627 4214 posteaad
653 4115 998 4188 saecularem
1035 4131 1254 4184 statum
1287 4125 1526 4208 rediere.
1560 4123 1730 4180 Aliud
1756 4123 1979 4197 privile-

336 4227 500 4299 gium
521 4223 629 4279 hoc
649 4221 823 4277 etiam
849 4235 1000 4274 anno
1029 4214 1274 4272 indulsit
1315 4215 1586 4270 Urbanus
1624 4213 1978 4270 monasterio

333 4317 554 4371 Sanctae
612 4307 812 4366 Crucis
873 4305 1149 4374 Saxivivi,
1182 4304 1242 4360 in
1296 4303 1586 4360 territorio
1618 4301 1974 4374 Fulginensi,

334 4383 491 4477 quod
512 4398 811 4457 Mainardo
843 4397 970 4469 ejus
996 4394 1219 4452 auctori
1249 4397 1307 4450 et
1337 4392 1527 4465 primo
1547 4391 1746 4448 abbati
1771 4391 1976 4448 inscri-

334 4499 501 4568 ptum
533 4489 748 4546 dicitur
778 4487 836 4541 in
869 4485 1132 4557 ejusdem
1160 4483 1270 4540 loci
1331 4481 1612 4538 Chronico
1661 4479 1876 4538 italico.
1907 4483 1978 4537 At

333 4585 464 4656 ejus
493 4577 787 4651 exemplar
815 4577 1026 4631 habere
1056 4591 1172 4630 non
1213 4571 1399 4640 licuit,
1425 4570 1576 4626 sicut
1607 4586 1708 4626 nec
1739 4568 1978 4626 alterius

2086 3417 2328 3472 scopum
2361 3399 2419 3454 in
2481 3401 2674 3456 Didaci
2729 3402 2922 3458 locum
2981 3404 3278 3460 intrudere
3335 3409 3727 3464 conatusest.

2085 3488 2485 3561 Opportunam
2509 3489 2687 3562 hujus
2717 3491 2947 3547 concilii
2979 3493 3332 3566 exsequendi
3359 3494 3730 3554 occasionem

2086 3579 2360 3634 offerebat
2381 3579 2453 3646 ei,
2476 3583 2540 3634 ut
2560 3579 2796 3652 quidem
2814 3579 3268 3654 ipsividebatur,
3289 3579 3550 3656 synodus
3571 3585 3730 3657 apud

2087 3674 2345 3723 sanctam
2381 3668 2624 3726 Mariam
2656 3670 2726 3724 de
2756 3669 3028 3738 Fusellis,
3049 3688 3226 3744 quam
3272 3677 3410 3728 tunc
3442 3673 3730 3730 Ricardus

2087 3757 2282 3812 Sancti
2312 3756 2562 3812 Victoris
2595 3759 2798 3825 abbas,
2825 3758 3053 3831 legatus
3109 3761 3264 3818 sedis
3312 3759 3636 3835 apostolicae
3697 3779 3744 3820 8..

2087 3845 2362 3918 Gregorio
2392 3846 2495 3901 VII
2515 3845 2572 3901 in
2597 3847 2890 3920 Hispaniis
2907 3849 3232 3921 institutus,
3258 3858 3726 3926 congregaverat.

2087 3936 2275 4000 Quare
2324 3933 2610 3992 immissis
2666 3937 3174 4008 subornatoribus,
3233 3958 3584 4014 persuasum
3629 3945 3735 4002 est

2087 4021 2294 4078 callide
2325 4023 2540 4080 Didaco
2570 4029 2653 4095 ut,
2686 4025 2736 4082 si
2778 4026 2950 4084 vellet
3002 4028 3224 4086 absolvi
3256 4047 3291 4085 a
3333 4029 3602 4098 vinculis,
3663 4046 3727 4086 se

2087 4129 2251 4168 reum
2301 4112 2361 4168 in
2418 4113 2660 4171 concilio
2717 4115 3014 4190 fateretur,
3049 4122 3106 4174 et
3133 4117 3465 4175 humilitate
3525 4119 3725 4193 procul

2087 4201 2264 4258 dubio
2288 4203 2548 4276 corregis
2572 4203 2967 4268 emoliendum
2991 4207 3130 4272 fore,
3155 4206 3448 4265 necaliam
3461 4208 3514 4265 ei
3529 4225 3730 4280 super-

2086 4307 2214 4347 esse
2234 4291 2558 4348 obtinendae
2575 4292 2861 4351 libertatis
2877 4295 3331 4352 viam.Assensit
3349 4295 3466 4366 ille,
3501 4297 3601 4354 sed
3633 4311 3729 4354 res

2086 4379 2198 4436 alio
2215 4381 2386 4436 vertit
2407 4397 2583 4453 quam
2609 4383 2734 4456 ipse
2763 4388 3084 4456 putaverat.
3105 4385 3327 4458 Quippe
3356 4402 3491 4442 cum
3524 4379 3748 4458 Alton-1

2086 4485 2188 4526 sus
2211 4470 2266 4524 in
2291 4469 2598 4526 concilium
2618 4472 2892 4540 venisset,
2917 4473 3342 4546 adductusque,
3366 4491 3433 4530 eo
3455 4474 3746 4546 jubente,-

2086 4559 2294 4640 fuisset
2321 4559 2594 4627 Di:lacus,
2630 4565 2806 4633 atque
2839 4561 2920 4616 uti
2953 4563 3194 4620 edoctus
3241 4563 3449 4634 fuerat,
3477 4563 3648 4639 virga
3669 4569 3748 4628 et,

335 4646 490 4746 quod
543 4646 828 4738 hoc—ipso
886 4681 1038 4720 anno
1097 4663 1300 4718 datum
1353 4661 1536 4716 fertur
1566 4663 1734 4714 Petro
1779 4659 1975 4714 abbati
2004 4663 2051 4728 Β
2083 4646 2380 4746 ειηξξιιξοὶη
2406 4665 2619 4704 manus
2641 4649 2813 4746 legati
2855 4651 3238 4746 consignatis,
3267 4651 3586 4746 episcopali
3637 4651 3728 4719 di-

333 4757 658 4818 Carrol‘ensi
710 4754 863 4828 apud
926 4752 1187 4809 Pictones
1247 4751 1304 4805 in
1367 4749 1574 4816 Gallia,
1633 4765 1970 4820 quanquam

332 4850 512 4916 istud,
532 4848 582 4904 si
617 4863 728 4903 non
766 4843 952 4909 fallor,
975 4841 1133 4897 aliud
1162 4858 1274 4896 non
1301 4848 1390 4896 est
1420 4839 1492 4893 ob
1521 4854 1586 4893 eo
1635 4838 1790 4910 quod
1823 4855 1974 4894 anno

336 4939 474 4996 1096
524 4937 712 4992 eidem
773 4931 1126 4988 monasterio
1184 4945 1524 4984 concessum
1558 4945 1662 4983 suo
1712 4927 1836 4982 loco
1886 4927 1972 4981 di-

332 5043 555 5085 cemus.

332 5125 558 5181 XXXII.
599 5123 674 5177 De
727 5121 883 5176 rebus
967 5117 1313 5190 Hispanias.
1362 5117 1556 5171 Turba?
1623 5116 1682 5169 in
1703 5115 1974 5190 ‘Erclesia

400 5196 618 5254 Iriensi.
669 5193 902 5250 Consilii
984 5187 1340 5245 Fussellensis
1404 5192 1632 5258 tempus.
1693 5187 1974 5242 Prz’malus

400 5268 656 5324 Ecclesia:
687 5266 956 5321 Toletanee
982 5263 1282 5317 restitutus.

402 5365 563 5432 Quod
597 5365 666 5420 ad
701 5380 792 5418 res
843 5357 1187 5432 Hispanicas
1244 5357 1468 5412 attinet.
1504 5356 1841 5428 Augebatur
1891 5354 1969 5410 ibi

331 5454 592 5528 quotidie
614 5450 776 5508 novis
797 5447 1173 5504 incrementis
1201 5444 1486 5501 catholica
1513 5445 1656 5500 fides
1685 5443 1972 5499 Christia—

330 5560 540 5601 norum
566 5539 896 5615 principum
919 5535 1274 5606 fortitudine,
1295 5534 1394 5606 qui
1417 5533 1605 5607 pulsis
1627 5532 1844 5590 Mauris
1874 5549 1970 5586 ur-

330 5636 433 5691 bes
455 5629 782 5706 praeclaras,
807 5631 864 5682 et
897 5623 1220 5698 provincias
1262 5622 1557 5678 interdum
1593 5621 1852 5694 integras
1884 5636 1970 5675 re-

329 5720 706 5800 superabant.
719 5719 934 5778 Auctor
955 5712 1200 5775 Indiculi
1223 5729 1418 5773 rerum
1450 5711 1908 5786 Aragonicarum
1939 5725 1974 5768 a

2081 4737 2302 4809 gnitate
2319 4754 2516 4793 coram
2539 4738 2698 4794 omni
2721 4739 2935 4812 populo
2958 4757 3019 4796 se
3044 4740 3353 4814 indignum
3373 4740 3748 4814 proclamasa

2084 4831 2193 4904 set,
2249 4826 2450 4882 statim
2501 4828 2900 4898 pronuntiavit
2942 4827 3170 4902 legatus
3221 4847 3356 4886 eum
3411 4829 3730 4904 episcopali

2084 4897 2366 4986 dignitate
2393 4897 2700 4984 decidisse,
2725 4897 3139 4991 licentiamque
3169 4919 3332 4975 dedit
3384 4897 3633 4978 alterum
3666 4919 3727 4977 in

2083 5003 2212 5074 ejus
2239 5003 2432 5058 locum
2467 5004 2884 5062 substituendi.
2912 5007 3027 5064 Nec
3057 5025 3240 5076 mora,
3265 5008 3470 5066 Petrus
3516 5009 3728 5068 Caudi.

2083 5091 2368 5146 diniensis
2383 5092 2584 5162 abbas,
2605 5093 2702 5166 qui
2736 5093 2874 5151 data
2904 5113 3080 5168 opera
3101 5107 3312 5170 praesto
3358 5102 3500 5167 erat,
3531 5116 3566 5155 a
3595 5115 3728 5171 rege

2083 5179 2425 5252 designatus
2450 5181 2508 5236 in
2532 5183 2895 5256 episcopum,
2933 5185 3132 5242 statim
3165 5193 3509 5262 assumptus
3557 5192 3728 5260 atque

2083 5275 2454 5326 consecratus
2484 5275 2589 5327 est.
2616 5272 2669 5328 Is
2698 5272 2934 5330 biennio
2981 5275 3127 5330 rexit
3168 5276 3486 5334 Ecclesiam
3547 5277 3732 5333 Irien-

2083 5358 2316 5426 sem,ad
2371 5377 2590 5416 annum
2642 5361 2866 5418 scilicet
2900 5364 3060 5432 1091,
3095 5382 3208 5438 quo
3268 5365 3326 5420 in
3383 5365 3730 5440 Legionensi

2082 5446 2326 5502 concilio
2349 5465 2380 5504 a
2404 5449 2676 5506 Rainerio
2699 5452 3032 5525 apostolica:
3057 5455 3215 5511 sedis
3237 5455 3427 5528 legato
3461 5460 3733 5512 exaucto-

2083 5539 2244 5591 ratus
2263 5536 2390 5607 fuit,
2415 5541 2691 5612 cumjam
2712 5540 3066 5611 Richardus,
3099 5561 3160 5600 re
3193 5545 3265 5600 ad
3299 5545 3600 5614 Urbanum
3631 5545 3730 5602 de-

2080 5623 2219 5694 lata,
2272 5627 2593 5700 apostolica
2646 5629 2937 5704 legatione
2991 5631 3281 5705 spoliatus
3339 5634 3568 5691 fuisset.
3603 5635 3733 5692 Haec

2082 5715 2280 5777 omnia
2308 5715 2591 5780 discimus
2629 5735 2698 5779 ex
2735 5719 2914 5782 veteri
2941 5721 3203 5782 Historia
3252 5721 3735 5802 Compostellane
