3972 6412
190 433 279 507 41,
1784 428 1842 492 VT

1958 464 1996 490 ι.
2675 493 2680 497 _
3433 435 3604 518 κθ

3476 537 3504 557 κ
3603 541 3606 547 .

190 539 454 620 Ecclesiae
487 579 615 636 quae
648 563 812 630 initio
843 563 1038 620 szeculi
1073 561 1424 631 duodecimi,
1470 563 1714 634 jubente
1747 562 1835 619 al-
1864 564 1919 630 Α
1950 579 2127 636 quam
2177 563 2436 636 regebat,
2497 562 2900 620 reverentiam.
2962 562 3107 619 Hinc
3163 564 3362 620 statim
3409 539 3506 636 ea;
3593 614 3598 620 .

190 657 304 708 tero
363 653 602 724 Didaco,
675 653 865 726 primo
935 652 1334 725 Compostellte
1408 651 1840 724 archiepiscopo

188 741 404 814 scripta
436 745 525 798 est
555 759 589 797 a
610 741 856 798 Geraldo
889 743 1016 813 ejus
1048 741 1349 798 familiari.
1383 743 1465 797 Ex
1495 742 1604 797 hac
1651 742 1842 798 Histo-

188 831 268 886 ria
299 848 370 887 ea
402 849 529 903 quae
562 833 634 887 ad
667 847 790 886 rem
822 836 1084 887 nostram
1118 831 1412 904 pertinent
1439 831 1757 888 referemus
1783 832 1841 886 in

185 919 521 994 Appendice
549 925 819 994 excerpta
847 938 998 976 anno
1026 921 1164 976 1703
1211 937 1280 976 ex
1311 921 1437 976 cod.
1473 937 1584 976 ms.
1629 921 1842 976 doctis-

191 1008 320 1064 simi
375 1010 630 1066 Ferrerze
663 1010 816 1082 apud
849 1009 1166 1064 Madritum
1199 1008 1549 1082 parochialis
1587 1007 1841 1065 ecclesiae

187 1098 453 1165 rectoris,
509 1115 542 1154 a
570 1099 694 1154 viro
741 1098 813 1153 cl.
865 1099 1087 1166 Joanne
1114 1103 1190 1155 Le
1219 1097 1423 1165 Grand,
1458 1115 1593 1152 cum
1626 1101 1780 1152 esset
1810 1115 1844 1152 a

185 1187 423 1244 secretis
452 1180 855 1244 illustrissimo
881 1187 1075 1243 abbati
1108 1188 1344 1252 Estrmo,
1379 1186 1477 1260 qui
1522 1191 1645 1242 tum
1678 1185 1841 1241 Chri-

185 1276 532 1343 stianissimi
568 1276 724 1349 regis
755 1275 1046 1350 legatione
1074 1277 1146 1331 ad
1188 1275 1526 1348 Philippum
1558 1274 1606 1328 V
1635 1274 1842 1348 Hispa-

186 1366 417 1422 niarum
451 1382 647 1438 regem
678 1365 735 1419 in
763 1382 830 1421 ea
858 1366 1002 1421 urbe
1033 1365 1402 1439 fungebatur.

252 1459 412 1509 Inter
442 1459 650 1510 caetera
677 1472 810 1511 vero
843 1471 971 1527 quae
1002 1471 1070 1511 ex
1113 1454 1315 1511 eadem
1365 1453 1618 1510 Historia
1666 1453 1841 1510 disci-

186 1560 338 1613 mus,
371 1543 518 1599 illud
552 1561 694 1600 sane
723 1544 1128 1600 observatione
1153 1543 1398 1616 dignum
1425 1548 1512 1599 est
1533 1544 1685 1615 quod
1708 1543 1844 1599 inde

190 1632 352 1688 facile
385 1631 578 1705 colligi
613 1633 798 1705 possit
829 1649 944 1705 quo
975 1637 1235 1705 tempore
1267 1631 1622 1688 celebratum
1668 1631 1844 1688 fuerit

189 1720 503 1776 concilium
530 1721 918 1785 Fussellense,
953 1721 1127 1777 variis
1159 1721 1527 1794 temporibus
1550 1722 1620 1777 ad
1639 1725 1844 1777 aucto-

190 1811 352 1866 ribus
395 1811 674 1883 klispanis
705 1812 1092 1884 assignatum.
1153 1811 1279 1866 Non
1311 1811 1467 1866 enim
1500 1811 1570 1865 ab
1622 1827 1841 1866 annum

199 1901 333 1955 1135
363 1900 623 1957 revocari
655 1901 842 1969 debet,
867 1905 926 1955 ut
951 1901 1176 1972 putavit
1197 1899 1625 1967 Sandovallius,
1648 1904 1749 1955 aut
1769 1901 1841 1956 ad

186 1988 482 2052 Paschalis
518 1990 565 2044 ll
595 1990 1023 2064 pontificatum,
1055 1993 1121 2045 ut
1138 1990 1331 2045 visum
1365 1993 1454 2045 est
1483 1989 1591 2062 piae
1617 2005 1834 2045 memo-
1869 1988 1904 2012 "

185 2079 277 2133 riae
308 2077 596 2134 cardinali
629 2079 828 2151 Aguiri
861 2079 1081 2135 ordinis
1125 2078 1484 2134 Benedictini
1515 2078 1834 2151 splendori,

185 2169 322 2241 quid
347 2167 494 2223 illud
526 2184 662 2224 cum
695 2167 995 2224 Palentino
1026 2168 1080 2223 in
1107 2185 1244 2240 quo,
1274 2171 1339 2223 ut
1368 2167 1582 2239 legitur
1611 2168 1670 2222 in
1703 2167 1836 2223 Vita

182 2257 334 2313 beati
367 2257 622 2325 Geraldi,
658 2257 962 2313 recitatum
996 2257 1106 2312 fuit
1140 2257 1547 2313 Braccarensis
1567 2255 1834 2312 Ecclesiae

182 2346 578 2419 privilegium,
610 2347 906 2402 confudit:
928 2348 1026 2402 sed
1053 2363 1205 2402 anno
1231 2348 1368 2401 1088
1390 2347 1710 2412 desinente,
1736 2349 1838 2401 aut

181 2436 482 2508 sequentis
509 2435 674 2491 initio
708 2435 1065 2502 celebratum
1099 2436 1281 2491 fuisse
1313 2435 1425 2490 dici
1458 2435 1646 2490 debet.
1687 2435 1834 2491 Nam

181 2527 381 2590 Petrus
408 2524 614 2592 abbas,
649 2525 748 2597 qui
780 2525 908 2596 ejus
933 2524 1162 2592 concilii
1194 2528 1474 2597 tempore,
1507 2529 1608 2579 aut
1629 2524 1834 2580 saltem

179 2615 375 2670 statim
408 2620 587 2686 atque
621 2614 854 2669 flnitum
889 2615 1016 2681 fuit,
1081 2615 1359 2670 Iriensem
1393 2613 1709 2686 Ecclesium
1741 2630 1835 2668 oc-

1952 633 2275 725 primatum
2306 653 2364 708 in
2397 657 2635 709 cmteras
2665 652 3079 728 Hispaniarum
3108 651 3394 710 Ecclesiae
3421 633 3599 711 01b3-

1954 759 2068 798 nus
2100 742 2368 811 contulit,
2406 743 2543 799 data
2573 741 2734 798 bulla
2779 742 3055 815 Anagniae
3103 742 3305 799 Idibus
3336 743 3602 801 Octobris

1951 830 2131 901 hujus
2153 829 2311 898 anni,
2349 831 2405 886 in
2440 849 2556 904 qua
2575 830 2737 904 pallii
2770 830 3164 905 privilegium,
3196 835 3252 889 et
3275 831 3599 908 primatum

1952 920 2011 974 in
2043 919 2342 992 Hispaniis
2374 937 2435 976 se
2464 921 2515 977 ei
2547 921 2809 976 conferre
2840 920 3116 993 declarat,
3152 921 3224 977 ad
3264 920 3322 976 id
3346 921 3606 994 precibus.

1953 1008 2212 1080 [Ide/onst“
2259 1011 2405 1080 regis
2479 999 2780 1076 excitatus,
2859 1011 2930 1066 ob
2989 1010 3259 1084 antiquas
3327 1009 3600 1068 Ecclesiae

1953 1097 2242 1154 Toletanas
2273 1099 2704 1172 prarogativas.
2738 1101 2862 1166 Qua
2892 1099 2962 1155 de
2983 1116 3044 1155 re
3074 1117 3190 1156 non
3211 1116 3406 1174 regem
3423 1101 3600 1176 modo

1953 1191 2054 1242 aut
2083 1187 2383 1260 Hugonem
2415 1185 2705 1258 abbatem,
2739 1189 2840 1245 sed
2863 1189 3038 1245 etiam
3064 1190 3368 1247 universos
3386 1189 3597 1264 Hispa-

1953 1277 2185 1332 niarum
2209 1277 2677 1351 archiepiscopos
2707 1279 2981 1335 certiores
3015 1279 3166 1335 fecit.
3200 1277 3446 1354 Litteras
3464 1294 3601 1336 vero

1954 1383 2100 1437 quas
2131 1366 2311 1436 hujus
2342 1365 2423 1422 rei
2454 1382 2632 1422 causa
2691 1365 2926 1438 scripsit
2969 1366 3249 1440 pontifex,
3277 1367 3388 1424 etsi
3445 1366 3601 1424 notis

1953 1454 2382 1527 chronologicis
2427 1459 2680 1523 careant,
2732 1456 2804 1511 ad
2852 1456 3011 1512 hunc
3061 1471 3282 1512 annum
3311 1456 3602 1530 pertinere

1952 1561 2123 1600 nemo
2153 1561 2266 1598 non
2323 1543 2499 1599 videt.
2557 1544 2932 1600 Premissum
2982 1544 3271 1602 Toletanis
3330 1545 3600 1603 Ecclesia

1954 1631 2318 1706 privilegium
2350 1633 2407 1687 in
2439 1633 2770 1706 Appendice
2801 1633 2995 1689 locum
3047 1633 3305 1701 habebit,
3362 1634 3515 1690 sicut
3542 1638 3602 1692 et

1952 1721 2211 1794 Gregorii
2242 1722 2311 1777 1X
2339 1723 2409 1777 de
2439 1723 2640 1778 eadem
2673 1738 2733 1778 re
2764 1723 3111 1796 rescriptum
3142 1723 3214 1779 ad
3246 1722 3598 1780 Rodericum

1951 1811 2294 1867 Toletanum
2327 1811 2856 1885 archiepiscopum,
2893 1812 2990 1885 qui
3026 1811 3463 1885 privilegiorum
3491 1813 3596 1868 Ec-

1952 1899 2138 1955 clesiae
2169 1917 2288 1955 suae
2319 1900 2674 1972 exemplaria
2706 1917 2814 1957 sua
2845 1900 3186 1958 authentica
3213 1902 3286 1958 ab
3308 1918 3374 1958 eo
3403 1899 3599 1976 ponti-

1949 1988 2054 2044 fice
2115 1987 2529 2060 postulaverat.
2593 1991 2757 2061 Ipsas
2809 1992 3005 2045 autem
3063 1987 3288 2046 litteras
3344 1989 3602 2046 edendas

1946 2077 2338 2149 relinquimus
2353 2077 2646 2134 laborioso
2668 2077 3010 2150 eruditoque
3032 2078 3464 2150 pontiﬁciarum
3486 2077 3603 2152 epil-

1950 2166 2232 2222 stolarum
2266 2165 2581 2238 collectori,
2628 2182 2700 2223 ne
2731 2165 2976 2238 repetita
3005 2167 3222 2240 saepius
3260 2167 3601 2224 earumdem

1945 2273 2144 2311 rerum
2176 2255 2432 2313 editione
2454 2255 2724 2312 litteratis
2749 2254 3031 2312 librorum
3053 2257 3419 2329 emptoribus
3441 2255 3602 2314 oneri

1947 2362 2158 2401 cimus.

1944 2434 2192 2490 XXXIII.
2245 2433 2498 2490 Artaldus
2529 2435 2846 2492 Helenensis
2876 2436 2944 2492 ab
2973 2435 3186 2494 Urbano
3227 2437 3595 2492 consecratur.

2017 2523 2270 2580 Emersit
2291 2523 2444 2579 circa
2471 2522 2619 2579 illud
2650 2528 2884 2598 tempus
2913 2524 3514 2600 graviscontroversia
3534 2524 3596 2580 in

1944 2613 2242 2686 provincia
2263 2613 2625 2669 Narbonensi
2653 2614 2806 2670 inter
2828 2614 3133 2686 Artaldum
3165 2601 3596 2671 electum‘Hel‘c-

180 2703 431 2775 cupavit,
468 2708 604 2776 post
637 2703 785 2759 duos
826 2702 1130 2775 regiminis
1187 2719 1372 2758 annos
1429 2707 1838 2758 exauctoratus
1947 2719 2189 2759 nensem
2221 2702 2559 2774 episcopum
2591 2707 2648 2758 et
2676 2702 3030 2760 Dalmatium
3052 2704 3180 2776 ejus
3201 2701 3594 2781 metropolita-

184 2792 239 2846 fu
256 2792 299 2846 it
323 2810 358 2848 a
391 2791 639 2857 Renerio
671 2791 860 2864 legato
893 2793 1048 2849 sedis
1101 2791 1449 2864 apostolicae,
1485 2793 1540 2846 in
1594 2790 1838 2848 concilio
1949 2808 2112 2857 num,
2148 2791 2248 2864 qui
2280 2807 2414 2847 eum
2440 2793 2512 2847 ob
2529 2791 2798 2848 Simonize
2819 2792 3214 2866 suspicionem
3252 2807 3595 2850 consecrare

186 2881 554 2953 Legionensi,
583 2883 738 2955 quod
764 2898 832 2936 ex
862 2881 1126 2936 omnium
1181 2899 1468 2937 consensu
1517 2899 1670 2937 anno
1701 2881 1830 2938 1091
1950 2881 2252 2936 renuebat.
2280 2879 2556 2936 Artaldus
2586 2881 2738 2936 hanc
2772 2882 3069 2954 repulsam
3116 2897 3329 2954 passus
3355 2881 3602 2959 Romam

187 2968 522 3042 consignari
554 2970 745 3026 debet.
779 2971 1056 3041 Ejusdem
1088 2969 1297 3026 veteris
1331 2972 1695 3027 monumenti
1735 2987 1843 3044 ope
1954 2971 2114 3038 adiit,
2177 2970 2374 3042 ibique
2423 2970 2681 3042 praestito
2740 2975 3103 3028 sacramento
3159 2974 3470 3044 purgatus,
3528 2969 3603 3027 ab

197 3057 451 3114 multum
501 3057 876 3114 illustrantur
922 3057 1145 3131 aliquot
1191 3059 1407 3115 Urbani
1454 3058 1730 3130 epistolae,
1783 3059 1844 3114 in
1956 3059 2188 3115 Urbano
2209 3059 2725 3130 ipsoconsecratus
2753 3063 2860 3116 est.
2885 3061 2946 3116 Id
2975 3059 3187 3130 fusius,
3209 3059 3295 3116 uti
3317 3059 3605 3132 conjicere

197 3147 416 3220 quibus
444 3147 705 3220 pontifex
750 3147 1122 3203 vehementer
1150 3148 1528 3220 conqueritur
1555 3149 1708 3220 apud
1751 3148 1848 3204 Al-
1956 3147 2111 3215 licet,
2141 3147 2498 3219 descriptum
2533 3152 2656 3204 erat
2683 3148 2743 3204 in
2774 3148 2993 3206 Urbani
3025 3149 3239 3220 Gcstis,
3276 3165 3346 3206 ex
3388 3147 3606 3222 quibus

197 3238 430 3293 fonsum
465 3253 684 3308 regem,
716 3237 786 3292 de
818 3237 1150 3308 captivitate
1179 3239 1418 3309 episcopi
1444 3241 1624 3293 sancti
1639 3238 1846 3305 Jacobi,
1959 3253 2238 3293 canonem
2261 3237 2534 3292 Artaldus
2566 3237 2625 3292 in
2659 3255 2836 3294 suum
2867 3239 3165 3295 decretum
3183 3237 3496 3294 Gratianus
3523 3236 3608 3293 in-

195 3343 262 3380 ac
292 3325 360 3380 de
389 3326 653 3397 ejusdem
688 3325 995 3399 illegitima
1025 3327 1514 3394 exauctoratione,
1547 3345 1580 3382 a
1611 3327 1843 3383 Richar—
1875 3310 1916 3378 C
1954 3325 2106 3381 vexit
2127 3328 2180 3392 8,
2214 3342 2268 3397 q.
2299 3325 2358 3396 3,
2391 3343 2439 3380 c.
2473 3329 2530 3394 2,
2563 3326 2662 3381 ubi
2693 3325 2790 3382 ille
2835 3326 3138 3393 mendose,
3188 3327 3274 3382 uti
3315 3326 3604 3396 dicemus,

195 3415 268 3470 do
298 3419 504 3470 contra
535 3413 771 3487 regulas
802 3420 1103 3472 attentala.
1139 3416 1283 3471 Hinc
1333 3415 1508 3471 etiam
1560 3416 1847 3474 discimus
1956 3417 2233 3487 episcopus
2288 3416 2618 3471 Arelatensis
2695 3415 3038 3488 appellatur.
3100 3416 3181 3472 De
3240 3432 3355 3490 quo
3413 3429 3607 3472 errore

192 3520 297 3558 cur
325 3503 620 3569 Urbanus,
656 3503 850 3560 ablata
882 3503 1172 3561 Richardo
1195 3505 1506 3578 legatione,
1528 3505 1684 3562 vices
1708 3523 1848 3562 suas
1956 3521 2089 3559 cum
2123 3504 2218 3557 hic
2250 3520 2435 3558 canon
2468 3505 2540 3560 ad
2566 3503 2864 3560 Urbanum
2889 3503 3158 3562 nostrum
3181 3508 3421 3578 spectet,
3437 3505 3608 3577 juvat

193 3592 249 3646 in
281 3591 566 3664 Hispania
599 3593 892 3649 Bcrnardo
921 3592 1198 3650 Toletano
1231 3595 1481 3650 antistiti
1533 3596 1848 3651 commise-
1955 3593 2049 3648 hic
2081 3592 2254 3665 paulo
2287 3594 2615 3649 accuratius
2646 3593 2961 3664 inquirere.
2987 3595 3332 3652 Franciscus
3353 3595 3610 3667 Bosque-

189 3682 286 3736 rit.
316 3685 534 3743 Caetera
564 3683 689 3738 suis
719 3681 863 3738 locis
893 3687 1274 3755 exponentur.

258 3771 402 3826 Cum
430 3770 630 3843 itaque
664 3771 755 3826 his
777 3771 964 3836 turbis
985 3771 1251 3827 Ecclesiae
1277 3771 1527 3828 Gallicim
1559 3772 1844 3844 agitaren-

183 3864 307 3927 tur,
366 3861 698 3916 Bernardus
756 3861 874 3930 iam
927 3865 1303 3917 consecratus
1374 3861 1558 3918 Toleti
1617 3861 1842 3934 episco-

186 3966 320 4022 pus,
352 3953 420 4004 ut
467 3947 728 4022 plerique
784 3949 1138 4019 existimant,
1196 3952 1348 4022 quod
1408 3950 1643 4023 quidem
1694 3951 1842 4006 veri-

184 4037 446 4094 similius
474 4042 581 4106 est,
616 4041 717 4093 aut
764 4042 916 4094 certe
945 4038 1316 4095 solummodo
1349 4040 1419 4094 ad
1460 4038 1611 4096 hanc
1642 4041 1841 4096 sedem

181 4127 554 4198 designatus,
620 4127 693 4194 si,
751 4131 817 4183 ut
872 4127 969 4182 alii
1029 4127 1250 4192 volunt,
1307 4145 1509 4182 verum
1571 4129 1649 4183 sit
1705 4146 1838 4185 eum

182 4217 258 4270 ab
319 4215 577 4283 Urbano,
631 4217 788 4288 quod
848 4217 973 4289 ipse
1026 4233 1352 4289 numquam
1411 4219 1576 4284 dixit,
1636 4234 1838 4275 conse-

182 4310 415 4361 cratum
473 4305 678 4372 fuisse,
758 4306 1003 4362 Romam
1060 4307 1219 4362 venit
1274 4307 1557 4363 adversus
1599 4307 1838 4363 Richar-

181 4395 348 4461 dum,
412 4393 460 4450 si
521 4393 802 4450 Roderico
859 4395 1136 4452 Toletano
1196 4396 1525 4463 credamus,
1586 4413 1837 4469 conque-

181 4487 411 4550 sturus,
459 4483 571 4550 vel,
607 4487 671 4538 ut
700 4481 830 4538 aliis
875 4483 1086 4557 placet,
1141 4486 1213 4540 ad
1260 4484 1550 4540 visitanda
1605 4489 1836 4558 aposto-

181 4570 376 4627 lorum
432 4571 658 4637 limina,
692 4576 843 4628 etut
891 4572 1173 4646 obsequia
1220 4590 1327 4628 sua
1356 4591 1500 4630 novo
1555 4573 1833 4648 pontiﬁci,

1959 3685 2050 3736 tus
2072 3683 2311 3737 meritos
2345 3681 2714 3752 reprehendit
2744 3683 3002 3737 Gratiani
3025 3683 3297 3750 editores,
3332 3684 3482 3755 quod
3500 3700 3605 3756 pro

1953 3771 2302 3838 Arelatensis,
2364 3768 2674 3841 legendum
2724 3786 2852 3827 esse
2898 3771 3190 3826 Electensis
3245 3771 3603 3839 censuerint,

1953 3875 2110 3926 cum,
2145 3858 2356 3931 inquit,
2382 3863 2608 3915 certum
2633 3859 2710 3915 sit
2739 3859 3098 3915 Electensem
3129 3859 3471 3930 Ecclesium,
3492 3859 3604 3917 etsi

1951 3949 2314 4004 Narbonensi
2366 3948 2672 4021 provinciae
2721 3949 2793 4005 ab
2843 3949 3008 4006 initio
3067 3950 3414 4022 subjectum,
3469 3953 3604 4008 ante

1950 4036 2194 4093 Joannis
2224 4037 2372 4093 ΧΧΙΙ
2427 4040 2692 4110 tempora
2747 4038 3065 4112 episcopali
3113 4038 3283 4096 titulo
3333 4043 3601 4098 ornatam

1951 4141 2066 4180 non
2100 4125 2302 4181 fuisse.
2335 4128 2406 4181 At
2435 4127 2660 4184 caeteris
2682 4126 2904 4183 felicior
2932 4145 3048 4184 non
3080 4127 3192 4183 fuit
3217 4127 3306 4184 vir
3332 4128 3602 4186 eruditus

1949 4213 2008 4268 in
2039 4213 2276 4288 vulgata
2321 4214 2566 4271 lectione
2620 4218 3066 4289 propugnanda,
3122 4233 3303 4290 quam
3360 4218 3598 4276 retineri

1949 4302 2156 4359 debere
2186 4304 2505 4372 contendit,
2541 4307 2605 4360 ut
2633 4305 2768 4361 inde
2799 4307 3071 4378 probaret
3098 4306 3462 4364 Arelatenses
3481 4308 3604 4381 epi-

1948 4408 2155 4464 scopos
2216 4392 2354 4449 olim
2386 4393 2749 4450 Narbonensi
2807 4394 3256 4468 metropolitano
3303 4396 3600 4470 subjectos

1948 4481 2150 4538 fuisse.
2183 4483 2410 4538 Etenim
2441 4500 2544 4538 nec
2573 4483 2927 4540 Arelatensis
2957 4485 3213 4542 Ecclesia
3231 4502 3494 4559 unquam
3525 4487 3599 4544 ad

1945 4570 2301 4643 provinciam
2333 4575 2433 4626 aut
2462 4572 2779 4644 primatum
2810 4573 3246 4632 Narbonensem
3294 4575 3596 4648 pertinuit,

177 4661 300 4717 sive
355 4659 456 4716 ille
514 4661 690 4717 fuerit
735 4661 950 4728 Victor,
1003 4667 1068 4717 ut
1123 4663 1366 4734 quidam
1426 4663 1651 4731 dicunt,
1716 4664 1836 4719 sive
1866 4681 1913 4747 Ι)
1944 4677 2049 4716 nec
2081 4660 2232 4716 inter
2261 4660 2630 4717 Arelatenses
2660 4663 2964 4738 episcopos
2991 4663 3266 4721 Artaldus
3307 4664 3466 4723 ullus
3495 4683 3595 4722 us-

184 4766 496 4806 suceessor
524 4751 654 4821 ejus
714 4749 1004 4820 Urbanus,
1040 4753 1196 4823 quod
1228 4752 1418 4824 magis
1449 4752 1678 4808 videtur
1731 4770 1834 4808 an-

179 4839 364 4913 tiquis
425 4839 826 4895 monumentis
898 4845 1376 4907 consentaneum,
1434 4842 1716 4898 deferret:
1771 4859 1836 4898 eo

177 4929 354 4984 etiam
385 4929 732 4984 intendebat
762 4932 827 4983 ut
861 4945 928 4984 ea
984 4930 1289 4985 occasione
1321 4931 1698 5003 antiquorum
1735 4931 1834 4986 Ec-

177 5018 365 5072 clesize
397 5017 693 5073 Toletanis
725 5017 1158 5091 privilegiorum
1195 5019 1481 5075 obtineret
1512 5020 1832 5076 restitutio-

181 5124 312 5162 nem
341 5127 352 5162 :
387 5108 540 5180 quod
577 5107 772 5180 coiligi
806 5113 1017 5180 potest,
1081 5109 1197 5164 imo
1231 5108 1442 5164 diserte
1501 5109 1746 5165 habetur
1777 5110 1835 5165 in

185 5194 402 5250 Urbani
461 5194 746 5268 epistolis.
800 5196 961 5251 Certe
1012 5195 1374 5251 Bernardum
1432 5213 1567 5252 cum
1627 5195 1835 5251 litteris

180 5284 680 5340 cornmendatitiis
710 5283 931 5339 Alfonsi
955 5284 1108 5357 regis
1137 5285 1466 5340 venientem
1491 5285 1739 5358 benigne
1761 5287 1831 5340 ab

178 5370 409 5430 Urbano
431 5377 741 5446 exceptum
763 5374 946 5430 fuisse
964 5377 1219 5430 testatur
1250 5374 1375 5446 ipse
1401 5373 1556 5430 idem
1576 5375 1833 5446 pontifex

177 5461 233 5517 in
265 5463 519 5535 epistola
548 5463 622 5518 ad
673 5463 945 5519 eumdem
1004 5479 1221 5535 regem,
1284 5464 1383 5535 qui
1443 5463 1501 5519 in
1533 5465 1714 5520 altera
1759 5465 1830 5521 ad

176 5549 481 5626 Hugonem
513 5550 984 5618 Cluniacensem,
1018 5551 1099 5607 ait
1131 5552 1493 5608 Bernardum
1527 5571 1560 5609 a
1592 5570 1654 5609 se
1683 5571 1829 5610 reve-

175 5650 357 5698 νεηιεη·
386 5643 574 5698 fuisse
620 5649 924 5714 exceptum,
956 5645 1082 5696 tum
1109 5641 1183 5696 ob
1215 5641 1344 5712 ejus
1376 5642 1832 5699 commendatio-

172 5746 326 5804 nem,
360 5736 492 5790 tum
525 5730 600 5789 ob
631 5731 820 5804 ipsius
869 5729 1174 5804 Bernardi,
1207 5733 1265 5788 et
1314 5730 1474 5792 sedis
1522 5730 1830 5807 Toletanis,

489 5859 762 5930 Panos.
806 5858 952 5930 CLI.

1947 4767 2122 4822 quam
2155 4754 2533 4806 memoratur.
2567 4749 2696 4806 Alia
2715 4751 2911 4823 itaque
2931 4751 3218 4809 solvendae
3237 4753 3418 4826 hujus
3440 4754 3595 4810 dim-

1945 4839 2179 4894 cultatis
2209 4839 2302 4894 via
2333 4839 2590 4894 ineunda
2610 4844 2717 4909 est,
2742 4856 2918 4912 quam
2939 4840 3168 4898 videtur
3186 4842 3478 4900 invenisse
3505 4843 3598 4900 vir

1946 4929 2016 4983 cl.
2046 4928 2376 5001 Stephanus
2410 4929 2679 4985 Baluzius
2710 4930 2768 4985 in
2810 4930 3028 4988 additis
3085 4932 3155 4988 ad
3189 4931 3406 4989 librum
3447 4950 3483 4990 v
3512 4933 3594 4991 De

1945 5018 2254 5073 concordia
2284 5019 2591 5074 sacerdotii
2623 5024 2681 5075 et
2713 5019 2938 5093 imperii
2972 5039 3097 5094 cap.
3125 5023 3210 5092 41,
3264 5024 3362 5078 ubi
3395 5028 3594 5081 monet

1945 5108 2256 5179 legendum
2309 5126 2434 5164 esse
2467 5108 2520 5163 in
2572 5107 2682 5164 hoc
2713 5127 2935 5167 canone
2982 5111 3239 5168 Artaldus
3293 5113 3598 5172 Etenensis

1946 5198 2246 5268 episcopus,
2275 5197 2615 5253 Helenensis
2647 5199 2863 5272 quippe
2879 5199 3133 5258 Ecclesia
3153 5204 3293 5258 tunc
3308 5202 3591 5276 temporis

1942 5286 2205 5357 subjecta
2227 5291 2351 5342 erat
2371 5287 2675 5358 metropoli
2696 5288 3079 5346 Narbonensi.
3097 5292 3166 5346 Et
3187 5292 3425 5364 quidem
3450 5296 3592 5351 tunc

1939 5376 2167 5431 vivebat
2195 5376 2490 5445 Artaldus,
2525 5377 2624 5449 qui
2657 5377 2999 5435 Elenensem
3034 5381 3231 5437 sedem
3262 5397 3327 5438 eo
3377 5383 3590 5439 saeculo

1941 5465 2242 5521 desinente
2272 5465 2476 5534 tenuit,
2507 5471 2570 5522 ut
2599 5469 2982 5524 conﬁrmatur
3013 5486 3082 5525 ex
3112 5469 3206 5528 his
3230 5472 3424 5529 verbis
3455 5472 3591 5530 libri

1940 5571 1996 5608 1v
2028 5553 2231 5609 Marce:
2264 5553 2612 5624 Hispanicae,
2635 5556 2838 5611 Artalli
2856 5559 3010 5613 electi
3026 5561 3264 5632 episcopi
3278 5561 3590 5617 Helenenszs

1938 5645 2146 5698 mentio
2175 5645 2238 5714 ﬁt
2266 5659 2322 5699 v1
2352 5643 2485 5700 Idus
2514 5645 2665 5712 Maii,
2708 5662 2854 5702 anno
2883 5647 2955 5702 27
3007 5655 3276 5720 regnante
3328 5650 3588 5722 Philippo

1938 5749 2085 5810 rege.
2119 5733 2227 5804 Qui
2258 5732 2498 5815 quidem
2559 5734 2813 5815 Philippi
2843 5754 3035 5797 annus
3083 5737 3134 5796 si
3165 5756 3200 5798 a
3244 5739 3427 5818 patris
3457 5740 3588 5817 ejus
