3972 6446
487 501 568 561 4‘1
1783 505 1854 568 Β.
1899 501 2198 570 ΠΒΒΜΦΙ
2239 501 2296 568 Π
2337 503 2594 568 ΡΑΡιΕ.
3795 491 3878 561 η

491 638 619 690 tum
649 633 890 690 viventis
919 635 1252 706 auctoritas,
1285 626 1387 710 qui
1425 635 1578 692 hanc
1623 635 1849 694 cladem
1894 626 2141 696 Henrico
2167 639 2224 706 Α
2253 637 2449 720 Sancti
2477 626 2728 694 Joannis
2756 635 2816 692 in
2835 635 3056 705 Vincis,
3076 635 3244 694 editas
3275 632 3602 692 secundum
3631 629 3874 706 regulam

491 722 715 778 illatam
747 723 840 779 bis
871 729 1310 794 commemorat,
1344 725 1460 782 sub.
1484 725 1658 782 ﬁnem
1697 743 1909 800 nempe
1957 727 2139 800 hujus
2247 726 2440 783 Sancti
2474 725 2806 799 Augustini,
2831 726 3188 782 confirmatae
3219 723 3434 780 abonze
3458 721 3741 779 memoria
3757 720 3872 776 viro

494 811 634 868 anni
663 815 722 868 et
751 813 1049 884 sequentis
1080 813 1266 886 initio,
1291 815 1447 888 quod
1478 831 1584 888 pro
1616 832 1777 872 more
1797 833 1904 873 suo
1926 833 1960 871 a
1979 816 2141 872 Chri~
2247 815 2479 871 Urbano
2507 815 2780 888 pontifice
2809 815 2858 872 II
2887 831 3035 888 quas
3057 815 3339 872 debemus
3356 807 3754 874 inviolabiliter
3767 827 3873 866 son

495 901 569 956 sti
603 901 896 958 Natalium
935 902 1246 960 festivitate
1305 905 1528 978 repetit.
1588 904 1764 962 Porro
1811 905 2138 968 victoriam,
2245 921 2394 960 vare.
2431 905 2672 960 Duabus
2701 909 2898 960 autem
2915 907 2974 960 et
3002 903 3394 977 quadraginta
3422 898 3872 958 lectionibus‘ab-

491 1005 670 1062 quam
699 1005 769 1046 ea
782 990 1087 1048 occasione
1110 991 1494 1050 Ekkebardus
1513 993 1774 1050 marchio
1803 994 1875 1050 de
1892 992 2138 1050 Henrico
2246 989 2571 1056 solvuntur,
2607 1011 2636 1041 »
2667 993 2776 1046 etc.
2796 989 2960 1047 Certe
2979 989 3282 1046 Urbanum
3297 987 3638 1062 pontiﬁcem.
3653 983 3875 1058 speciali

487 1079 826 1152 reportavit,
874 1083 1100 1136 tantam
1153 1081 1340 1139 fuisse
1385 1085 1676 1138 asseverat
1714 1081 2042 1152 Bertoldus,
2076 1086 2142 1138 ut
2245 1076 2556 1134 dilectione
2605 1082 2981 1151 prosecutum
3009 1078 3196 1136 fuisse
3237 1077 3554 1134 canonicos
3598 1073 3878 1147 ι’θιξιιῦυδε

487 1165 826 1240 imperator,
884 1168 1128 1242 perditis
1183 1169 1478 1244 regalibus
1533 1169 1888 1244 insignibus,
1935 1169 2029 1226 vix
2067 1171 2138 1226 de
2245 1165 2428 1222 sancti
2461 1165 3062 1240 Augustini,quituuc
3091 1163 3878 1226 recensexcitatiinEcclosia

487 1257 765 1313 manibus
821 1257 1260 1330 insequentium
1319 1263 1572 1332 ereptus,
1605 1275 1637 1315 e
1682 1255 2016 1331 Thuringia'
2033 1260 2134 1316 ubi
2245 1254 2549 1322 ﬂorebant,
2573 1256 2822 1328 probant
2848 1255 3012 1313 varia
3037 1257 3167 1329 ejus
3183 1255 3508 1329 diplomata
3536 1271 3669 1327 quas
3683 1267 3875 1326 super-

487 1343 786 1402 Gleicham
803 1346 1707 1422 arcemobsidebat,Banbergam
1728 1363 1916 1420 usque
1939 1347 2136 1420 fugere
2243 1347 2403 1410 sunt,
2461 1347 2588 1401 suis
2617 1344 2762 1403 locis
2817 1346 3183 1418 proferenda.
3217 1346 3296 1404 Ex
3347 1344 3566 1416 quibus
3612 1342 3872 1404 (immitis

485 1430 725 1492 coactus
759 1433 952 1501 fuerit,
983 1434 1182 1508 ibique
1194 1435 1488 1492 Natalium
1517 1433 1729 1492 Christi
1761 1435 2133 1492 festivitatem
2242 1433 2590 1506 praepositus
2620 1433 3200 1508 Reicherspergensis
3229 1433 3290 1490 in
3310 1429 3880 1507 expositionepsalmi

484 1522 706 1594 absque
737 1522 856 1578 ullo
886 1527 1167 1596 apparatu
1199 1513 1476 1594 inglorius
1499 1524 1882 1580 solemuizare.
2243 1523 2312 1578 64
2341 1539 2442 1578 seu
2475 1520 2623 1578 libro
2653 1523 2734 1579 De
2759 1527 3032 1596 corrupto
3065 1527 3220 1581 statu
3269 1521 3539 1582 Eccelsiie
3586 1521 3658 1582 ad
3693 1521 3874 1594 Euser-

767 1610 873 1668 XL.
907 1611 1444 1684 Epistoladecreta‘lis
1475 1612 1545 1668 ad
1565 1613 1848 1669 Pibonem.
2243 1611 2406 1670 nium
2439 1611 2515 1666 Ill
2548 1623 2782 1684 papam,
2832 1617 2994 1669 temo
3031 1613 3081 1666 V
3140 1597 3650 1672 Miscellaneorum
3691 1609 3874 1676 Belua,

519 1727 534 1752 ς
556 1697 722 1754 Circa
747 1697 893 1754 illud
919 1703 1153 1772 tempus
1171 1700 1445 1758 Urbanus
1475 1719 1510 1758 a
1537 1701 2136 1758 PiboneTullensium
2242 1701 2394 1756 edito
2425 1700 2614 1756 locum
2649 1699 2940 1774 insignem
2973 1701 3212 1774 profert,
3233 1716 3410 1774 quem
3439 1712 3699 1762 seorsum
3719 1698 3880 1758 adoro

483 1787 754 1860 episcopo
785 1788 1040 1844 devariis
1062 1789 1254 1845 causis
1273 1789 1666 1863 interrogatus
1696 1789 2044 1846 decretalem
2061 1790 2134 1846 ad
2241 1789 2434 1844 visum
2467 1806 2582 1845 non
2612 1794 2871 1853 est,cum
2900 1789 3106 1847 iisdem
3126 1789 3365 1847 omnino
3393 1788 3588 1845 verbis
3607 1787 3882 1850 habeatur

483 1891 617 1932 eum
648 1875 990 1949 epistolam,
1009 1893 1135 1933 cum
1162 1893 1427 1934 consensu
1455 1878 1740 1951 synodali:
1769 1877 2012 1944 concilii,
2046 1895 2132 1934 re-
2240 1877 2301 1932 in
2329 1877 2626 1950 plerisque
2671 1879 3089 1936 canonicorum
3142 1877 3503 1952 regularium
3555 1875 3879 1950 privilegiis.

467 1947 739 2065 rscripsit,
783 1981 961 2074 quam
1012 1965 1220 2038 primis
1268 1947 1503 2023 Urbani
1536 1966 1914 2040 pontificatus
1964 1967 2137 2024 anuis
2161 2007 2212 2074 Β
2243 1947 2420 2022 Porro
2447 1947 2602 2066 aliud
2653 1968 2846 2074 Sauqti
2893 1968 3142 2074 Jpannis
3192 1947 3631 2074 guejssioneusis
3662 1947 3883 2074 privile-

479 2053 763 2128 scriptar‘n
793 2053 976 2112 fuisse
1005 2071 1152 2112 ex-eo
1169 2055 1758 2130 colligimus,quodin
1790 2072 1858 2113 ea
1878 2055 2136 2129 pontifex
2161 2053 2212 2074 "
2241 2055 2405 2128 gium
2437 2071 2504 2111 ex
2535 2054 2832 2112 Sirmondi
2867 2055 3122 2123 schedia,
3174 2055 3330 2128 quod
3371 2055 3550 2113 etiam
3597 2069 3672 2113 ex
3697 2054 3888 2113 codice

481 2142 668 2214 capite
697 2145 729 2198 4
760 2143 970 2200 innuat
1007 2161 1070 2202 se
1129 2143 1334 2200 Piboni
1384 2145 1758 2218 respondere,
1817 2150 2132 2218 antequam
2241 2161 2353 2200 ms.
2389 2144 2599 2216 reginae
2631 2145 3050 2211 Sueciae,nunc
3065 2143 3478 2208 Ottoboniauo,
3508 2143 3700 2202 Romae
3719 2142 3891 2203 habe-

477 2230 666 2288 ullum
697 2232 1008 2289 concilium
1023 2233 1290 2308 generale
1315 2233 1684 2291 celebrasset.
1699 2234 1772 2290 At
1795 2249 1948 2290 anno
1970 2235 2132 2304 1089,
2240 2249 2395 2297 mus,
2427 2233 2609 2289 edidit
2641 2233 2906 2290 Labbeus
2937 2237 3096 2292 tomo
3125 2229 3888 2304 XGonciliorum.,sed-quod

477 2324 544 2376 ut
572 2320 746 2378 habet
774 2315 1120 2393 'Bertoldus,
1178 2321 1450 2380 Urbanus
1497 2323 1809 2394 generalem
1861 2319 2134 2397 synodum
2238 2322 2452 2395 prioris
2481 2329 2816 2395 excerptum
2867 2321 3036 2379 facile
3078 2323 3475 2388 crederemus,
3526 2321 3643 2380 nisi
3689 2325 3892 2394 praeter

473 2407 582 2465 415
609 2411 988 2483 episcoporum
1034 2412 1273 2484 collegit.
1307 2411 1475 2468 Forte
1505 2411 1670 2479 Pibo,
1700 2425 1833 2467 cum
1866 2415 1998 2484 post
2024 2410 2135 2467 iter
2239 2427 2426 2484 pauca
2457 2411 2594 2478 alia,
2625 2411 2914 2467 diversam
2946 2411 3189 2468 haberet
3215 2411 3550 2470 chi-cuinam
3573 2415 3788 2470 notam.
3815 2411 3888 2471 Et

472 2489 1027 2572 Jerosolymitanum
1059 2499 1117 2555 in
1144 2499 1502 2556 monasterio
1531 2499 1728 2556 Sancti
1763 2496 2004 2573 Benigni
2032 2497 2130 2556 Di-
2237 2500 2476 2572 quidem
2510 2517 2626 2557 non
2658 2499 2897 2556 omnino
2933 2500 3192 2558 insolens
3207 2503 3316 2570 est,
3347 2504 3416 2559 ut
3443 2499 3598 2562 idem
3631 2498 3891 2572 pontifex

469 2585 642 2643 vione
688 2577 1046 2644 monachum
1095 2577 1412 2657 induisset,
1473 2589 1546 2644 ad
1605 2589 1912 2646 ecclesiam
1956 2605 2128 2646 suam
2237 2589 2470 2646 duobus
2501 2587 3892 2662 diplomatibuadiversotemporedatis,eodem

471 2677 660 2732 redire
683 2669 858 2749 paulo
883 2679 1329 2750 posteaju‘ssus,
1363 2677 1470 2734 has
1503 2677 1736 2734 Urbano
1754 2678 2130 2736 difficultates
2236 2678 2419 2734 ferme
2443 2679 2584 2748 jura
2612 2677 2711 2733 uni
2743 2676 2871 2734 loco.
2901 2677 3271 2746 concesserit;
3317 2694 3434 2750 quo
3490 2680 3686 2736 autem
3731 2693 3892 2737 anno

471 2766 794 2837 praposuit.
829 2757 942 2822 lter
966 2765 1110 2822 illud
1145 2770 1487 2839 susceperat
1513 2783 1667 2822 anno
1717 2758 1856 2822 13083
1901 2770 1962 2824 et
1983 2767 2132 2823 Tul-
2237 2767 2442 2823 datum
2473 2767 2630 2822 istud
2656 2766 2848 2832 fuerit,
2880 2765 3330 2839 neconjiciendo
3346 2767 3585 2839 quidem
3607 2765 3894 2838 expiscari

471 2852 596 2908 lum
619 2853 744 2924 jam
781 2869 1046 2912 reversus
1093 2857 1217 2912 erat
1254 2871 1406 2910 anno
1437 2853 1598 2925 i088,
1650 2855 1748 2911 ubi
1801 2857 1946 2912 obiit
1975 2872 2128 2912 anno
2236 2856 2562 2929 potuimus,
2611 2855 2936 2928 praesertim
2967 2871 3102 2913 cum
3159 2855 3222 2912 in
3254 2856 3382 2914 cod.
3417 2871 3530 2914 ms.
3581 2853 3894 2916 decretalis

473 2940 638 2998 4107.

2237 2945 2486 3001 formam
2516 2945 2800 3020 praeferat.

779 3020 890 3086 XL.
923 3031 1036 3087 bis.
1074 3033 1324 3089 Urbanus
1355 3033 1534 3090 Romae
1559 3036 1825 3090 morabar.
2285 3061 2288 3063 λ
2411 3033 2550 3089 XLI.
2587 3035 2957 3104 Privilegium
2991 3034 3044 3090 S.
3085 3035 3315 3092 Victoris
3346 3033 3722 3092 Massiliensis.

545 3119 770 3176 Primos
801 3119 980 3192 hujus
1010 3119 1148 3176 anni
1167 3121 1358 3194 (1089)·
1372 3137 1622 3190 menses,
1651 3123 1836 3180 Romae
1865 3123 1924 3178 in
1944 3123 2128 3180 insula
2304 3123 2390 3178 Ad
2421 3121 2600 3194 hujus
2631 3139 2863 3195 quoque
2889 3121 3033 3179 anni
3057 3123 3229 3180 initia
3257 3122 3646 3181 revocandum
3671 3123 3899 3195 εει-βτί..

473 3211 540 3264 ut
567 3209 744 3264 refert
771 3208 1098 3278 Bertoldus,
1130 3223 1256 3282 quae
1282 3210 1432 3266 inter
1477 3210 1608 3267 duos
1648 3215 1841 3284 pontes
1877 3213 1984 3269 sila
2023 3221 2123 3279 est,
2231 3210 2510 3285 vilegium
2570 3212 2728 3284 quod
2786 3211 3058 3268 Urbanus
3114 3211 3471 3269 monasterio
3533 3209 3898 3271 Massiliam

471 3297 758 3371 transegit
782 3297 1076 3366 Urbanus,
1108 3301 1165 3354 et
1193 3289 1430 3372 quidem
1447 3300 1541 3358 his
1571 3299 1632 3356 in
1667 3299 1954 3374 angustiis
1975 3301 2125 3374 posi-
2167 3373 2182 3377 Α
2233 3301 2428 3358 Sancti
2447 3299 2704 3358 Victoris
2723 3300 2914 3374 primo
2935 3299 3308 3373 pontificatus
3321 3299 3414 3356 sui
3441 3316 3596 3358 anno
3628 3299 3900 3377 indulsit,

472 3390 592 3455 tus,
625 3403 774 3460 quas
806 3387 978 3460 paulo
1011 3387 1285 3470 superius
1302 3404 1368 3443 ex
1399 3389 1688 3446 Pandulfo
1708 3373 2126 3446 cammemora-
2151 3373 2196 3442 C
2233 3407 2348 3446 non
2376 3389 2616 3462 quidem
2657 3373 2980 3446 indictione
3023 3406 3101 3456 χι,
3134 3393 3200 3445 ut
3246 3387 3485 3461 vulgata
3539 3373 3904 3462 exemplaria

468 3474 838 3548 vimus,nihil
869 3476 1131 3532 omnimo
1147 3476 1504 3534 subtrahens
1527 3477 1782 3547 utilium,
1806 3478 2126 3551 quominus
2231 3479 2565 3552 praeferunt,
2597 3478 2698 3535 sed
2729 3495 2832 3547 xu,
2851 3493 2980 3551 qua
3010 3477 3148 3534 huic
3165 3493 3317 3534 anno
3338 3477 3630 3535 convenit.
3659 3479 3728 3535 Et
3753 3479 3895 3550 qui-

471 3565 632 3640 gregi
691 3565 806 3621 sibi
866 3558 1184 3622 commisso
1217 3567 1274 3622 in
1327 3567 1604 3623 omnibus
1643 3569 1984 3641 prodesset;
2041 3568 2126 3625 ita
2231 3567 2366 3623 dem
2395 3583 2546 3624 anno
2575 3567 2924 3640 pmcedenti
2971 3567 3065 3623 die
3093 3583 3130 3622 x
3159 3565 3452 3626 Kalendas
3482 3565 3678 3623 Martii
3720 3566 3902 3638 (nam

469 3656 696 3727 majora
725 3655 958 3728 negotia
982 3659 1367 3728 pertractans,
1401 3660 1466 3711 ut
1495 3661 1694 3712 tamen
1725 3672 1792 3713 ea
1823 3673 1951 3729 qua:
1977 3657 2123 3714 tanti
2231 3655 2344 3713 hoc
2367 3673 2569 3713 mense
2589 3657 2794 3713 datum
2824 3655 3058 3728 dicitur)
3088 3657 3352 3714 nondum
3373 3654 3658 3713 Urbanus
3685 3655 3903 3714 sedem

469 3748 587 3801 non
609 3745 960 3801 videbantur
989 3761 1118 3802 esse
1175 3745 1460 3801 momenti
1512 3749 1781 3814 curaret;
1845 3763 1911 3802 ac
1940 3745 2024 3803 sic
2052 3747 2126 3804 iis
2232 3747 2616 3821 apostolicam
2648 3746 3084 3815 conscenderat,
3117 3749 3175 3802 ot
3203 3744 3546 3802 Richardus
3575 3744 3762 3806 abbas
3809 3745 3911 3804 cui

471 3850 599 3906 qu
629 3833 702 3890 ad
747 3833 1073 3890 universale
1124 3833 1396 3891 Ecclesiae
1447 3835 1706 3907 regimen
1757 3835 2128 3908 pertinebant
2230 3835 2582 3908 inscriptum
2615 3839 2726 3903 est,
2769 3833 2963 3892 adhuc
2993 3833 3054 3889 in
3103 3833 3390 3906 Hispania
3424 3837 3569 3892 tunc
3605 3833 3916 3906 tomporis-

470 3923 835 3990 intentus,ut
857 3935 974 3978 non
1005 3922 1324 3996 negligeret
1355 3923 1712 3995 privatorum
1725 3925 1979 3996 negotia,
1999 3939 2125 3996 quas
2233 3925 2596 3992 morabatur,
2611 3923 2712 3980 ubi
2725 3922 3035 3998 legationis
3053 3922 3404 3996 apostolicis,
3431 3922 3910 3996 quamam-ego-

472 4011 546 4067 ad
579 4025 712 4066 eum
739 4011 1157 4068 referebantur.
1173 4011 1302 4067 Haec
1319 4011 1516 4066 omnia
1529 4027 1722 4068 rerum
1743 4011 1818 4066 ab
1847 4028 1914 4068 eo
1933 4015 2124 4084 gesta-
2233 4013 2320 4069 rio
2348 4012 2449 4068 VII
2480 4016 2802 4084 acceperat,
2839 4010 3048 4068 munia
3074 4011 3396 4080 exercebat,
3431 4011 3571 4068 licet
3597 4028 3633 4070 a
3659 4009 3908 4072 Victore

472 4105 605 4156 rum
637 4098 814 4156 series
839 4116 970 4157 vera
1001 4116 1130 4158 esse
1143 4099 1568 4172 comprobabit.
1591 4099 1780 4172 Hujus
1799 4100 1936 4156 anni
1959 4099 2126 4156 initio
2234 4102 2492 4176 primum
2515 4099 2842 4169 defecisset,
2850 4105 3053 4174 postea
3073 4100 3446 4174 fortasseipsi
3465 4099 3917 4162 reconciliatus.

471 4187 842 4262 privilegium
873 4187 1012 4244 olim
1041 4189 1438 4245 exhibendum
1489 4188 1781 4246 concessit
1829 4187 2128 4245 canonicis
2235 4191 2312 4246 At
2338 4189 2447 4246 hoc
2478 4205 2632 4246 anno
2653 4187 3461 4262 Ricardusﬁlladignitateab
3480 4187 3920 4260 Urbano.quod

469 4277 838 4350 regularibus
869 4279 1052 4334 sancti
1085 4277 1328 4335 Joannis
1359 4279 1430 4334 de
1457 4277 1660 4334 Vineis
1691 4278 1847 4350 apud
1863 4277 2126 4334 Suessio—
2235 4279 2438 4336 minus
2469 4283 2656 4348 caute,
2689 4283 2756 4336 ut
2784 4279 2870 4336 ait
2897 4278 3239 4346 Rodericus,
3273 4275 3586 4352 legationis
3626 4276 3909 4338 officium

470 4383 578 4424 nas
605 4371 671 4424 'ut
699 4385 797 4424 eos
819 4368 929 4424 sub
987 4366 1319 4441 apostolicae
1361 4367 1520 4423 sedis
1571 4366 1758 4422 tutela
1800 4366 2022 4440 positos
2053 4367 2124 4422 ad
2235 4368 2446 4436 obiret,
2476 4373 2533 4424 et
2561 4369 2716 4424 forte.
2739 4368 2810 4425 ob
2832 4366 2980 4424 alias
2995 4367 3168 4427 nobis
3184 4367 3416 4440 ignotas
3433 4380 3644 4424 causas
3663 4369 3916 4434 exutus,

470 4457 776 4514 arctiorem
806 4456 1021 4531 regulae
1070 4473 1190 4513 suis
1247 4455 1498 4528 praxim,
1555 4471 1734 4529 quam
1784 4455 1961 4528 paulo
1991 4460 2126 4513 ante
2233 4461 2291 4514 et
2314 4457 2384 4514 ad
2419 4457 3342 4524 monasteriumsuumreversus,
3375 4453 3494 4510 hoc
3519 4451 3918 4526 privilegium

470 4551 867 4619 susceperant,
899 4545 1090 4618 magis
1105 4561 1171 4601 ac
1184 4543 1372 4619 magis
1397 4544 1821 4601 observandam
1851 4544 2124 4602 adhcrta-
2237 4564 2272 4604 a
2300 4546 2575 4621 pontiﬁce
2603 4545 2864 4604 obtinere
2887 4545 3099 4619 potuit.
3125 4543 3472 4603 Necmirum
3491 4541 3675 4602 videri
3699 4541 3918 4611 debet,

470 4639 650 4692 retur:
685 4653 864 4713 quare
895 4651 1072 4707 super
1101 4633 1300 4690 omnia
1329 4633 1554 4702 statuit,
1578 4637 1643 4690 ut
1673 4635 1952 4714 canonica
1998 4650 2125 4690 con-
2231 4639 2374 4694 tunc
2409 4635 2494 4692 illi
2525 4635 2827 4692 Urbanum
2845 4633 3168 4709 gratificari
3191 4632 3469 4701 voluisse;
3489 4631 3921 4693 necessarium

467 4727 798 4795 stitutiones,
825 4725 1106 4797 perpetuis
1164 4723 1496 4796 temporibus
1542 4724 1603 4778 in
1631 4739 1834 4779 eorum
1883 4724 2124 4781 Ecclesia
2153 4743 2202 4811 Β
2233 4726 2448 4801 quippe
2475 4729 2600 4783 erat
2619 4723 3513 4796 tantumvirum,cujusanimus
3542 4720 3926 4811 obablatam

471 4815 824 4871 inviolabiter
841 4815 1272 4870 observarentur.
1296 4812 1412 4868 Has
1431 4811 1878 4870 constitutiones
1905 4813 2126 4871 vidisse
2153 4808 2190 4811 —
2235 4814 2348 4873 sibi
2377 4814 2730 4889 legationem
2746 4811 3079 4886 exasperari
3095 4811 3402 4884 potuisset,
3427 4808 3753 4870 conciliare
3765 4809 3922 4882 sibi,

471 4909 528 4960 et
557 4905 912 4978 approbasse
940 4903 1213 4958 Urbanus
1248 4900 1466 4956 dicitur
1495 4900 1554 4955 in
1603 4901 1782 4958 veteri
1830 4901 1958 4974 ejus
2009 4903 2118 4960 loci
2229 4909 2286 4962 et
2313 4903 2508 4977 reipsa
2524 4902 2876 4969 Richardus,
2903 4901 3057 4957 sicut
3075 4899 3310 4972 etHugo
3341 4897 3923 4972 Lugdunensis,qui

471 4993 775 5059 Chronico,
799 4993 970 5062 cujus
1003 4993 1206 5045 auctor
1235 4988 1292 5044 id
1327 4990 1534 5060 probat
1562 5005 1630 5044 ex
1681 5006 1882 5047 earum
1924 4991 2116 5062 titulo,
2227 4991 2407 5050 simul
2461 5009 2495 5048 a
2522 4991 2776 5047 Victoris
2835 4987 3170 5046 obedientia
3227 4989 3609 5055 recesserant,
3662 4985 3928 5050 Urbano

473 5083 574 5156 qui
606 5083 664 5138 in
695 5079 1025 5138 authentico
1055 5094 1257 5134 earum
1302 5077 1638 5150 exemplari,
1671 5083 1729 5136 et
1771 5079 1916 5136 forte
1951 5086 2119 5138 auto-
2228 5097 2463 5154 semper
2490 5085 2694 5152 postea
2725 5075 3124 5134 addictissimi
3157 5077 3340 5136 fuere.
3372 5075 3498 5134 Non
3528 5075 3738 5146 itaque
3761 5076 3934 5134 sub-

473 5172 717 5246 grapho,
741 5187 847 5226 suo
859 5173 1120 5241 tempore
1139 5166 1620 5223 habebaturlimc
1645 5172 1784 5224 sunt
1797 5170 1926 5242 ejus
1945 5171 2122 5226 verba
2229 5169 2580 5226 movendum
2613 5172 2701 5224 est
2719 5167 2790 5223 ab
2813 5167 2923 5223 hoc
2951 5183 3105 5222 anno
3125 5162 3663 5240 privilegiumillud
3688 5163 3927 5226 Massi-

474 5262 546 5317 de
575 5260 806 5316 Urbano
837 5254 1151 5328 loquentis:
1185 5257 1234 5311 Is
1258 5258 1476 5328 primus
1501 5259 1614 5329 fuit
1635 5275 1765 5330 erga
1799 5262 2124 5316 canonicam
2231 5259 2432 5324 liense,
2467 5258 2620 5329 quod
2654 5257 2727 5312 ad
2758 5257 2888 5312 cod.
2925 5273 3038 5314 ms.
3075 5256 3436 5317 Tolosanum
3467 5255 3649 5312 beata
3701 5252 3926 5311 Marias

471 5353 737 5414 nostram,
771 5345 854 5400 sic
881 5349 1108 5402 veteres
1139 5347 1554 5403 canonicorum
1589 5346 1944 5422 regularium
1993 5365 2122 5405 mo-
2231 5347 2519 5403 deauratae
2545 5344 3000 5416 collatumvalias
3031 5347 3376 5420 proferetur.

475 5435 732 5494 nasteria
805 5433 1096 5506 appellare
1172 5441 1613 5506 consueverant,
1691 5437 2126 5495 benedictionum
2629 5435 2796 5492 XLII.
2829 5435 2906 5492 De
2933 5435 3092 5492 rebus
3125 5432 3482 5490 Germanicis.

404 5514 414 5532 ’
475 5524 896 5598 apostolicarum
925 5527 975 5579 et
1005 5525 1360 5594 largitionum
1385 5524 1728 5592 distributor,
1755 5527 1853 5599 qui
1868 5527 2128 5582 constitu-
2303 5524 2458 5582 Nihil
2490 5529 2685 5582 autem
2718 5525 2908 5598 magis
2957 5523 3118 5580 cordi
3148 5525 3276 5578 erat
3330 5519 3566 5578 Urbano
3611 5535 3816 5592 quam
3854 5526 3932 5579 ut

477 5617 648 5672 tiones
693 5614 851 5670 nobis
890 5615 1146 5686 proprias
1205 5618 1259 5670 et
1295 5616 1666 5686 particulares
1731 5614 2052 5688 approbavit
2075 5622 2127 5672 el
2231 5614 2556 5674 Germaniae
2585 5614 2922 5672 subveniret
2955 5626 3133 5684 quam
3175 5610 3398 5668 sciebat
3427 5627 3462 5667 a
3491 5608 3932 5670 schismaticis

477 5703 863 5771 corroboravit,
922 5702 1372 5776 quemadmodum
1427 5705 1620 5760 titulus
1675 5704 1792 5760 illis
1851 5703 2128 5777 praeﬁxas
2233 5706 2490 5764 multum
2513 5707 2854 5774 eotempore
2885 5700 3618 5775 conturbariﬁupererant
3645 5698 3930 5771 quidem

477 5795 748 5860 connotat.
773 5814 800 5846 ‹‹
821 5790 1115 5868 Incipiunt
1129 5791 1420 5852 canonica:
1442 5791 1844 5853 institutiones
1859 5791 2128 5854 Ecclesia
2229 5793 2426 5856 adhuc
2453 5807 2524 5850 ea
2551 5789 2616 5848 in
2643 5787 2877 5866 regione
2899 5788 3520 5868 prateriiermaanum
3541 5787 3931 5864 Nolanum,
