3972 6430
126 498 208 581 ἐρ

1720 492 1943 576 ,νίΤΑε

3442 468 3535 579 sp

134 633 228 714 qui
255 639 393 707 ante
417 632 647 713 aliquot
663 633 788 705 dies
808 631 1009 697 sedem
1030 649 1202 695 suam
1222 631 1608 707 receperat,et
1627 624 1772 690 alios
1882 634 2052 697 catur
2077 627 2137 691 in
2160 630 2263 691 illa
2281 631 2503 708 synodo
2523 629 2780 707 generali
2801 630 2906 689 115
2925 627 3335 704 episcoporum
3355 645 3535 702 quam

134 712 361 804 paucos,
384 712 628 787 omnino
652 730 912 802 quatuor
934 724 1205 784 catholici
1226 723 1505 799 episcopi,
1530 738 1785 796 quorum,
1811 712 1823 720 ’

131 817 331 892 inquit,
351 817 681 883 Bertoldus,
700 819 763 874 in
786 818 1088 874 Teutonicis
1106 817 1361 889 partibus
1383 810 1783 886 con/ortamen-

130 912 178 966 ta
196 908 397 980 reliqui
415 908 673 965 catholici
687 908 1057 971 schismaticis
1079 924 1113 962 a
1138 906 1417 978 principio
1440 903 1781 960 restiterunt.

133 997 174 1055 Ii
202 1001 365 1065 erant
413 995 706 1055 Adalbero
751 996 1187 1066 Niceburgensis,
1217 993 1569 1050 Altmannus
1615 994 1783 1048 Pata-

134 1085 728 1156 rimﬁ,Adelbertus,
741 1086 1240 1151 Wormatiensis,et
1257 1082 1637 1141 Gebehardus
1654 1081 1792 1138 Con-

133 1177 462 1235 stantiensis.
496 1175 553 1243 Is
582 1175 833 1233 ultimus
846 1174 1184 1244 abUrbano,
1210 1189 1347 1230 cum
1379 1171 1441 1228 in
1472 1170 1792 1228 Germania

136 1264 457 1340 apostolicus
485 1265 645 1322 sedis
683 1263 1102 1339 apocrisiarius
1146 1268 1325 1331 esset,
1356 1263 1415 1319 in
1446 1261 1790 1334 episcopum

136 1358 523 1424 consecutus,
565 1355 744 1427 probe
780 1353 838 1412 ei
867 1357 1044 1410 notus
1074 1358 1199 1409 erat
1231 1370 1245 1407 :
1283 1367 1472 1425 quare
1514 1349 1791 1406 eumdem

144 1443 396 1518 pontifex
415 1443 608 1502 factus
625 1443 955 1516 apostolicae
973 1443 1132 1500 sedis
1152 1442 1416 1517 legatum
1448 1443 1508 1498 in
1524 1448 1651 1498 tota
1670 1438 1791 1494 Ale-

136 1535 336 1598 maniu,
351 1533 636 1604 Bajoaria,
652 1532 918 1601 Saxonia,
937 1534 1245 1606 ‘vicinisque
1274 1530 1603 1603 regionibus
1634 1544 1795 1584 crea-

130 1623 210 1680 vit
234 1621 447 1679 litteris
473 1638 545 1679 ea
572 1623 646 1679 de
688 1638 752 1679 re
795 1625 983 1680 Romae
1020 1622 1174 1679 datis
1202 1638 1301 1678 xxv
1331 1619 1600 1678 Kalendas
1641 1618 1793 1704 Maii,

133 1716 188 1769 et
214 1711 455 1784 quidem
486 1710 597 1766 hoc
625 1727 801 1777 anno,
825 1710 909 1767 uti
932 1711 1100 1767 docet
1121 1727 1228 1766 nos
1256 1708 1591 1776 Bertoldus,
1614 1711 1796 1763 tanta-

130 1817 246 1875 que
270 1799 396 1857 visa
420 1806 513 1857 est
539 1815 743 1857 earum
787 1800 1131 1867 auctoritas,
1160 1802 1228 1855 ut
1256 1799 1328 1855 ab
1362 1798 1536 1855 Ivon‘e
1568 1800 1625 1857 et
1655 1797 1796 1855 Gra-

1893 725 2003 792 boc
2036 741 2187 782 anno
2216 727 2274 783 et
2302 723 2539 797 quidem
2570 722 2785 790 Romae,
2809 724 2874 778 ut
2905 718 3074 778 multi
3104 719 3328 788 volunt,
3351 718 3540 776 Urba-

1894 812 2008 875 nus
2050 816 2205 890 apud
2253 814 2586 881 Bertoldum
2619 813 2924 887 collegisse
2954 812 3188 882 dicitur,
3221 812 3282 868 in
3312 828 3431 884 qua
3478 812 3544 866 ut

1894 906 2047 964 idem
2077 910 2279 962 auctor
2299 905 2417 961 ait:
2443 905 2821 962 Ecclesiastica
2851 905 3055 959 statuta
3073 918 3301 960 suorum
3323 900 3544 973 praede-

1893 1012 2168 1053 cessorum
2196 996 2492 1067 apostolica
2526 995 2851 1050 auctoritate
2882 993 3242 1063 conﬁrmavit.
3276 990 3424 1045 Illud
3457 993 3545 1046 ta-

1897 1102 2033 1144 men
2055 1084 2414 1142 incommodi
2443 1088 2533 1140 est
2559 1084 2615 1138 in
2648 1083 2760 1139 hac
2780 1081 3067 1139 sententia
3087 1081 3241 1153 quod
3274 1080 3544 1137 Urbanus

1895 1177 2290 1234 communicato
2319 1173 2559 1247 quidem
2603 1176 2846 1246 fratrum
2874 1174 3101 1229 consitio
3138 1170 3446 1244 epistolam
3472 1171 3545 1226 ad

1898 1264 2308 1322 Gebehardum
2340 1280 2403 1319 se
2432 1262 2741 1335 scripsisse
2770 1261 2943 1328 dicat,
2973 1263 3071 1318 sed
3096 1260 3268 1333 paulo
3299 1259 3547 1316 inferius

1897 1353 1958 1409 id
1980 1354 2039 1409 in
2060 1352 2264 1425 synodo
2288 1352 2534 1422 generali
2553 1352 2771 1408 factum
2802 1368 2918 1408 non
2940 1350 3120 1409 fuisse
3150 1354 3347 1423 aperte
3366 1349 3549 1406 fatea-

1898 1447 2015 1499 tur.
2031 1443 2103 1498 Ut
2123 1445 2189 1499 ut
2207 1441 2303 1509 sit,
2322 1446 2544 1498 certum
2568 1445 2657 1498 est
2677 1458 2745 1498 ea
2762 1442 2822 1497 in
2844 1442 3064 1514 synodo
3077 1441 3274 1497 Romae
3289 1444 3392 1496 aut
3412 1456 3552 1512 quo-

1901 1530 1991 1588 vis
2011 1531 2123 1587 alio
2144 1530 2204 1588 in
2226 1530 2350 1587 loco
2368 1530 2769 1602 habita,quam
2786 1529 3093 1586 Bertoldus
3107 1533 3547 1599 commemorat,

1902 1620 2058 1678 sicut
2107 1623 2165 1676 et
2192 1620 2464 1677 Urbanus
2494 1620 2552 1676 in
2576 1619 2826 1693 epistola
2854 1636 2963 1676 sua
2991 1618 3325 1676 faciendum
3353 1620 3550 1676 decer-

1905 1710 2015 1778 nit,
2047 1709 2249 1766 mitius
2278 1713 2474 1766 actum
2506 1708 2688 1766 fuisse
2717 1725 2853 1765 cum
2882 1708 2975 1774 iis,
3004 1709 3106 1782 qui
3136 1709 3372 1765 nonnisi
3394 1725 3553 1765 occa-

1905 1799 2070 1857 sione
2099 1803 2201 1855 aut
2231 1802 2414 1867 metu,
2436 1802 2536 1855 aut
2564 1798 2621 1854 vi
2652 1799 2724 1855 ad
2766 1798 3170 1856 schismaticos
3201 1799 3552 1867 defecerant,

136 1888 290 1955 tiano
318 1887 379 1944 in
406 1887 658 1945 decretis
709 1888 836 1945 suis
872 1887 1051 1943 veluti
1082 1886 1300 1960 regulae
1345 1884 1502 1957 juris
1554 1882 1796 1940 omnino
1906 1892 2225 1962 posteaque
2253 1889 2326 1944 ad
2357 1888 2676 1945 Ecclesium
2718 1888 2951 1945 fuerant
2994 1887 3231 1944 reversi.
3255 1888 3415 1945 Unde
3441 1887 3554 1943 Ro-

134 1982 302 2036 eertis
328 1981 389 2033 et
410 1978 748 2051 approbatis
799 1976 1029 2033 laudari
1079 1975 1428 2032 meruerint.
1460 1973 1800 2071 Pecretalem
1829 2004 1879 2071 B
1909 1978 2089 2045 mani,
2113 1980 2178 2033 ut
2206 1977 2360 2033 idem
2404 1981 2607 2033 auctor
2652 1980 2870 2047 narrat,
2902 1977 2964 2032 in
2994 1981 3226 2033 tantum
3274 1977 3556 2033 adversus

132 2067 415 2141 epistolam
433 2065 690 2139 appellat
712 2065 1043 2134 Bertoldu‘s,
1059 2066 1278 2122 litteras
1291 2063 1592 2138 synodales
1610 2061 1802 2123 cardi-
1829 2061 1875 2071 ”
1912 2066 2258 2126 Guibertum
2288 2066 2701 2136 eﬂ'erbuerunt,
2727 2069 2792 2122 ut
2816 2067 2887 2121 ab
2906 2066 2981 2122 iis
3008 2068 3245 2139 turpiter
3269 2067 3440 2138 fuerit
3467 2081 3561 2122 ea:-

135 2155 279 2214 dalis
309 2155 620 2219 Baronius,
647 2156 805 2229 quod
852 2170 953 2211 eas
982 2172 1055 2213 ex
1078 2155 1283 2227 synodo
1314 2153 1570 2227 scriptas
1617 2151 1805 2209 fuisse
1905 2158 2100 2229 pulsus
2135 2159 2193 2211 et
2233 2159 2471 2212 coactus
2507 2157 2824 2228 juramento
2874 2158 3211 2229 promittere,
3243 2156 3399 2229 quod
3448 2172 3562 2212 non

132 2243 546 2303 existimaverit
562 2249 626 2300 ut
641 2261 710 2301 ea:
730 2245 848 2316 ejus
880 2246 1212 2316 fragmento,
1238 2242 1455 2316 inquit,
1490 2249 1645 2315 patet
1662 2254 1805 2312 quod
1912 2247 2151 2318 amplius
2168 2247 2522 2318 apostolicam
2539 2245 2718 2302 sedem
2745 2246 3005 2302 invadere
3019 2250 3395 2318 praesumeret,
3416 2246 3560 2303 adeo

132 2335 388 2403 abluens
415 2333 698 2391 laudatur.
730 2334 843 2391 Sed
882 2334 942 2389 id
965 2334 1093 2404 jam
1139 2333 1384 2389 omnino
1433 2336 1660 2393 certum
1691 2333 1799 2405 est,

132 2439 201 2481 ex
226 2425 359 2495 ejus
381 2422 597 2496 ipsius,
632 2440 815 2496 quam
848 2423 1023 2479 modo
1063 2422 1353 2480 habemus
1386 2420 1697 2495 integram,
1721 2418 1801 2476 le-

141 2512 334 2569 ctione
365 2527 379 2566 :
410 2510 563 2569 hanc
589 2526 800 2584 nempe
830 2528 866 2568 a
892 2528 956 2568 se
985 2511 1273 2584 scriptam
1314 2510 1500 2567 fuisse
1544 2509 1803 2582 pontifex

136 2604 386 2659 testatur
412 2602 656 2672 fratrum
683 2615 928 2657 suorum
956 2602 1356 2657 communicato
1394 2600 1646 2668 consilio,
1676 2598 1799 2655 diu-

136 2706 246 2763 que
289 2691 891 2757 excommunicationis,
928 2690 998 2746 de
1037 2705 1154 2762 qua
1196 2688 1573 2761 potissimum
1625 2688 1687 2744 in
1734 2705 1805 2745 ea

140 2779 375 2854 agitur,
400 2780 698 2851 quaestione
719 2786 948 2835 tractata
976 2782 1151 2851 atque
1181 2778 1325 2834 adeo
1352 2778 1414 2834 in
1445 2778 1806 2851 subsequen'

157 2867 314 2925 tibus
345 2866 604 2936 conciliis
633 2866 778 2924 nihil
827 2866 987 2924 aliud
1019 2883 1089 2923 ea
1115 2867 1185 2923 de
1222 2883 1302 2938 re,
1326 2880 1503 2940 quam
1554 2867 1708 2939 quod
1742 2868 1800 2922 in

137 2973 204 3013 ea
230 2956 482 3029 epistola
510 2955 934 3029 prescribitur,
954 2956 1256 3012 decretum
1285 2955 1412 3011 fuit.
1442 2955 1659 3012 Prester
1687 2954 1804 3011 alia

136 3062 271 3103 vero
287 3046 440 3113 bene
461 3044 666 3114 multa,
684 3062 812 3119 quas
829 3044 1206 3119 potissimum
1231 3045 1291 3100 in
1309 3044 1403 3102 his
1419 3044 1630 3102 litteris
1655 3062 1801 3102 novo

136 3152 248 3194 suo
278 3134 472 3208 legato
501 3135 875 3201 commendat
904 3133 1541 3207 Urbanus,.prssclaras
1569 3133 1801 3206 regulas

138 3222 470 3297 praescribit
497 3224 571 3279 de
604 3223 777 3290 modo
818 3223 1289 3296 recipiendorum
1331 3223 1801 3281 excommunica.

139 3317 334 3369 torum
369 3312 441 3368 ad
472 3310 899 3385 paenitentiam.
921 3312 1046 3377 Qua
1073 3312 1132 3368 in
1162 3326 1223 3369 re
1250 3311 1649 3373 acerbissimis
1675 3312 1794 3368 illis

140 3375 509 3474 temporibus
540 3416 755 3473 magna
772 3375 1001 3457 cautela
1031 3400 1368 3457 adhibenda
1390 3405 1536 3465 erat.
1566 3417 1638 3457 ne
1668 3400 1806 3457 faci-
1831 3375 1880 3443 θ

142 3489 308 3555 litate
321 3488 643 3563 recipiendi
660 3488 859 3563 lapsos
872 3488 1143 3547 Ecclesiae
1160 3489 1481 3565 disciplina
1502 3490 1810 3548 labefacta'

144 3583 328 3647 retur,
360 3583 463 3635 aut
508 3578 834 3635 econtrario
880 3579 1068 3636 nimia
1112 3580 1457 3643 austeritate
1502 3581 1807 3637 exacerba-

144 3673 351 3725 rentur
376 3666 559 3733 animi
582 3682 808 3737 eorum,
830 3668 931 3741 qui
954 3669 1213 3741 quadam
1235 3667 1415 3726 veluti
1440 3669 1807 3738 necessitate,

139 3760 245 3815 aut
274 3760 429 3823 certe
449 3755 689 3827 levitate
733 3755 975 3831 ingenii,
1010 3757 1206 3829 potius
1238 3773 1422 3830 quam
1472 3756 1703 3814 malitia
1749 3758 1809 3814 in

139 3845 811 3902 excommunicationem
842 3844 1250 3903 incurret-ant:
1282 3846 1505 3919 quippe
1535 3862 1689 3916 cum,
1724 3846 1811 3903 uti

137 3935 417 4001 observat
445 3933 775 4003 Bertoldus,
800 3934 1086 3993 Guibertus
1113 3937 1346 4009 ejusque
1371 3937 1678 4008 complices,
1710 3953 1813 4008 per

134 4024 226 4080 fas
256 4028 318 4080 et
347 4022 533 4091 nefas,
567 4039 720 4096 sape
766 4023 941 4080 etiam
975 4029 1215 4097 accepto
1262 4024 1469 4098 pretio,
1496 4028 1812 4082 sectatores

135 4130 280 4177 suos
308 4128 415 4185 per
441 4112 673 4169 diversa
702 4112 829 4170 loca
857 4113 1121 4171 ordinare
1144 4129 1256 4171 non
1282 4122 1572 4181 cessarent,
1600 4130 1810 4171 excom-

138 4202 541 4268 municationis
563 4202 773 4258 malum
792 4202 1073 4259 intentum
1084 4204 1591 4275 propagabatur,ut
1611 4202 1810 4271 etiam,

133 4291 422 4357 Catholici
445 4291 544 4346 vix
578 4306 637 4346 se
682 4291 750 4346 ab
803 4306 995 4349 eorum
1044 4292 1296 4362 contagio
1339 4296 1555 4364 possent
1609 4293 1813 4349 illaesos

139 4378 440 4445 custodire.
460 4380 649 4447 Quare
662 4380 940 4452 providus
962 4379 1223 4454 pontifex
1243 4385 1302 4437 et
1328 4379 1461 4453 pius
1483 4380 1813 4454 complures

140 4466 789 4525 excommunicatorum
822 4468 1041 4541 gradus
1070 4468 1407 4543 distinguit,
1433 4474 1499 4525 ut
1527 4474 1583 4525 et
1611 4486 1811 4543 super-

130 4558 361 4627 borum
385 4573 452 4613 ac
467 4555 855 4635 pervicacium
878 4558 1190 4613 temeritati
1214 4558 1543 4630 resistatur,
1560 4563 1617 4615 et
1633 4560 1810 4616 simul

141 4650 534 4714 succurratur
562 4645 919 4720 simplicium
969 4664 1035 4703 ac
1079 4646 1448 4704 inﬁrmorum
1501 4649 1811 4706 imbecilli-

142 4736 276 4793 tati.

214 4824 387 4891 Quod
418 4840 553 4882 vero
580 4823 640 4880 in
665 4840 734 4882 ea
761 4824 1009 4898 epistola
1039 4825 1308 4885 Urbanus
1347 4825 1603 4884 declarat
1633 4844 1715 4894 se,
1749 4828 1806 4882 in

140 4914 239 4971 his
270 4912 632 4985 paenitentiae
678 4915 962 4989 gradibus
999 4913 1394 4989 assignandis,
1417 4916 1677 4990 Gregorii
1706 4917 1809 4971 VII

140 5002 415 5076 vestigiis
459 5000 784 5073 inhaasisse,
818 5005 1199 5061 confirmatur
1245 5022 1315 5060 ex
1361 5005 1620 5077 epistolae
1651 5006 1805 5078 frag-

140 5096 373 5159 mento,
397 5091 555 5163 quod
602 5091 764 5166 Hugo
798 5091 1251 5151 Flaviniacensis
1290 5093 1349 5149 in
1381 5094 1667 5152 Chronico
1699 5111 1805 5150 suo

140 5180 351 5248 refert,
394 5179 455 5235 in
505 5196 622 5253 quo
665 5180 976 5256 Gregorius
1023 5181 1201 5239 morti
1250 5182 1551 5255 proximus
1592 5183 1809 5240 dicitur

84 5324 91 5329 .
144 5285 382 5337 omnes,
405 5269 661 5343 exceptis
690 5270 937 5327 Henrico
968 5276 1025 5328 et.
1051 5272 1346 5336 Guiberto,
1380 5289 1446 5328 ac
1472 5274 1808 5346 principali-

146 5359 249 5413 bus
265 5360 520 5430 personis
548 5376 668 5433 quae
696 5361 929 5416 consilio
946 5369 1040 5417 aut
1057 5362 1275 5418 auxilio
1301 5362 1557 5435 favebant
1586 5363 1812 5419 illorum

143 5448 419 5520 nequitiae
445 5451 496 5505 et
516 5450 799 5522 .impietati
825 5450 1146 5509 absolvisse
1170 5455 1229 5507 et
1258 5451 1648 5509 benedixisse.

216 5537 362 5615 {am
388 5552 528 5597 vere
554 5538 607 5595 si
639 5544 934 5612 queratur
980 5558 1099 5614 qua
1126 5541 1185 5596 in
1217 5542 1437 5614 synodo
1484 5541 1676 5616 gravis
1706 5541 1807 5598 illa

144 5625 406 5698 quaestio
435 5627 509 5682 de
553 5627 1078 5687 excommunicatis
1109 5628 1330 5703 agitata
1359 5630 1552 5699 fuerit,
1584 5631 1655 5687 de
1699 5649 1816 5703 qua

142 5715 219 5772 ad
252 5714 675 5775 Gebebardum
705 5717 910 5777 scribit
940 5718 1230 5788 Urbanus,
1250 5736 1366 5776 non
1392 5720 1709 5779 admodum
1740 5722 1817 5777 fa-

145 5803 283 5867 cilis
312 5803 429 5861 erit
455 5805 782 5880 responsio,
816 5807 929 5865 nisi
962 5807 1108 5867 forte
1154 5806 1212 5865 id
1263 5807 1481 5868 factum
1512 5809 1693 5869 fuisse
1723 5808 1816 5873 di-

1911 2339 1997 2405 ut,
2034 2337 2157 2406 jam
2185 2335 2597 2407 aliquantulum
2623 2335 2889 2391 diuturna
2912 2337 3072 2406 regni
3098 2334 3371 2392 discordia
3416 2338 3564 2393 inter

1913 2424 2216 2481 Catholica:
2236 2429 2289 2480 et
2313 2424 2683 2481 schismaticos
2711 2425 2917 2482 exinde
2946 2433 3210 2498 tepescere
3231 2427 3470 2499 coeperit,
3498 2429 3564 2482 ut

1909 2526 2022 2571 non
2040 2515 2164 2586 jam
2205 2514 2409 2570 bellum
2456 2514 2528 2569 ad
2570 2515 2824 2582 invicem,
2876 2515 2968 2570 sed
3011 2530 3203 2587 pacem
3246 2531 3564 2588 componere

1910 2605 2103 2659 sanius
2130 2602 2466 2675 judicarent.
2500 2604 2624 2659 Imo
2657 2620 2751 2659 res
2792 2619 2858 2660 eo
2908 2608 3271 2677 processerat
3299 2610 3366 2660 ut
3393 2605 3566 2662 collo-

1910 2692 2049 2764 quio
2079 2693 2231 2748 inter
2259 2692 2569 2748 Henricum
2604 2696 2661 2748 et
2689 2707 2789 2749 eos
2819 2693 2920 2764 qui
2948 2693 3019 2747 ab
3050 2692 3283 2749 Urbano
3329 2694 3565 2750 stabant

1911 2781 2133 2849 habito,
2160 2796 2295 2854 spes
2338 2780 2536 2854 aliqua
2576 2780 2879 2854 elfulgeret
2903 2781 3065 2854 pacis
3110 2782 3169 2837 in
3220 2780 3475 2840 Ecclesia
3505 2786 3563 2840 et

1910 2870 2156 2943 imperio
2185 2871 2585 2928 restituendae:
2612 2871 2715 2927 isti
2744 2871 2900 2927 enim
2932 2871 3176 2928 Henrico
3203 2871 3564 2945 polliceban-

1909 2964 2008 3015 tur
2037 2977 2100 3016 se
2130 2960 2182 3016 ei
2226 2961 2443 3017 auxilio
2473 2965 2523 3016 et
2552 2961 2781 3017 consilio
2811 2975 3107 3034 nusquam
3155 2976 3275 3017 non
3325 2962 3560 3017 adfutu-

1911 3065 2027 3117 ros,
2060 3048 2111 3106 si
2167 3049 2412 3107 dimisso
2462 3049 2740 3106 Guiberto
2794 3048 2970 3107 vellet
3023 3051 3094 3106 ad
3147 3051 3565 3108 ecclesiasticam

1870 3188 1877 3197 .
1909 3141 2346 3196 cmnmunionem
2361 3154 2464 3212 per
2475 3138 2808 3195 catholicum
2820 3143 3091 3211 pastorem
3109 3154 3368 3196 remeare.
3390 3141 3564 3210 Quam

1910 3229 2277 3285 conditionem
2330 3245 2444 3286 non
2484 3229 2719 3285 multum
2778 3228 3062 3285 Henricus
3115 3231 3416 3303 respuebat.
3449 3230 3562 3287 Sed

1915 3317 2181 3374 restitere
2210 3334 2330 3373 suis
2381 3317 2569 3391 ipsius
2600 3317 2871 3374 factionis
2901 3317 3179 3391 episcopi,
3213 3320 3368 3392 quod
3404 3335 3564 3374 vere-

1919 3410 2118 3464 rentur
2175 3423 2247 3463 ne
2303 3423 2445 3480 pace
2491 3406 2818 3480 composita
2851 3423 2987 3464 cum
3018 3406 3291 3464 Guiberto
3340 3411 3399 3465 et
3452 3407 3567 3480 ipsi

1917 3498 2454 3553 exauctorarentur.
2484 3496 2673 3560 Quare
2691 3500 2747 3552 et
2765 3496 2820 3553 ei
2844 3497 3065 3568 penitus
3094 3498 3196 3553 hac
3223 3499 3338 3554 vice
3360 3498 3570 3553 dissua-

1917 3592 2108 3642 serunt
2131 3600 2203 3640 ne
2228 3593 2433 3642 sanctae
2460 3585 2711 3641 Ecclesia
2742 3586 3208 3643 reconciliaretur.

2042 3691 2229 3747 XLIII.
2262 3691 2741 3774 Schismaticorum
2766 3693 2945 3775 furor.
2977 3690 3114 3747 Mors
3148 3694 3443 3748 Bonizonis

2613 3778 2867 3834 episcopi.

1990 3853 2090 3919 Ea,
2121 3851 2207 3907 uti
2236 3851 2490 3920 videtur,
2517 3849 2821 3908 occasione
2848 3850 2933 3907 ita
2961 3851 3139 3907 crevit
3167 3851 3570 3909 schismatico-

1920 3958 2050 3997 rum
2083 3941 2141 3996 in
2166 3940 2491 3997 Catholicos
2517 3941 2739 4007 odium,
2763 3944 2829 3996 ut
2855 3941 3031 3996 etiam
3062 3941 3288 4013 aliquot
3314 3941 3569 3998 Catholi-

1919 4047 2122 4086 corum
2173 4028 2477 4101 episcopos
2523 4028 2859 4085 interimere
2903 4029 3030 4085 ausi
3081 4030 3316 4087 fuerint.
3363 4031 3572 4088 Horret

1918 4118 2155 4175 animus
2187 4117 2247 4173 in
2279 4119 2580 4175 referenda
2621 4117 2931 4176 Bonizonis
2978 4119 3300 4176 Sutriensis
3349 4118 3572 4177 crudeli

1921 4211 2129 4274 morte,
2147 4223 2322 4281 quem
2351 4210 2410 4263 et
2439 4223 2573 4263 cum
2614 4207 2851 4280 propria
2879 4208 3024 4265 urbe
3054 4209 3302 4280 ejectum
3326 4208 3571 4265 Placen-

1920 4295 2030 4353 tini
2061 4314 2165 4369 pro
2205 4296 2479 4369 episcopo
2522 4296 2901 4368 recepissent,
2934 4295 3319 4362 schismatici,
3345 4296 3572 4354 effossis

1920 4385 2105 4442 oculis
2136 4386 2539 4457 truncatisque
2570 4402 2719 4458 pene
2737 4386 3012 4443 omnibus
3041 4387 3344 4453 membris,
3368 4386 3575 4443 imma-

1921 4474 2090 4543 niter,
2133 4474 2217 4530 uti
2268 4475 2446 4531 refert
2501 4474 2825 4543 Bertoldus,
2876 4475 3265 4539 trucidarunt,
3298 4476 3453 4548 quod
3505 4477 3572 4532 14

1917 4562 2060 4620 Julii
2109 4563 2430 4635 contigisse
2478 4562 2762 4619 discimus
2795 4581 2862 4619 ex
2891 4566 3019 4636 ejus
3063 4564 3359 4637 epitapbio
3414 4566 3570 4637 apud

1920 4651 2233 4725 Ughellum
2260 4657 2417 4707 tomo
2448 4654 2499 4705 II
2533 4651 2709 4707 [taliae
2741 4669 2917 4708 sacra:
2952 4669 2964 4707 :
3001 4651 3179 4708 simili
3212 4655 3326 4710 fere
3352 4653 3573 4726 suppli-

1839 4752 1888 4817 Β
1918 4741 2005 4797 cio
2037 4741 2278 4797 allectus
2328 4740 2438 4795 fuit
2467 4759 2501 4794 a
2529 4740 2923 4797 schismaticis
2954 4742 3280 4813 Liprandus
3330 4744 3570 4815 presby-

1918 4836 2007 4887 ter
2036 4829 2513 4893 Mediolanensis,
2538 4831 2632 4885 cui
2678 4846 2876 4885 nasum
2902 4838 2954 4885 et
2984 4846 3144 4885 aures
3190 4832 3251 4884 in
3296 4833 3570 4889 contume-

1917 4921 2055 4983 liam
2086 4919 2489 4993 przeciderunt.
2516 4920 2689 4976 Porro
2711 4919 3019 4977 Bonizonis
3039 4920 3261 4992 aliquot
3288 4921 3573 4993 opuscula

1914 5013 2180 5067 recenset
2211 5009 2558 5065 Lambecius
2587 5012 2747 5064 torno
2787 5009 2836 5065 II
2874 5008 3244 5067 Bibliotheca
3276 5012 3576 5086 Caesareae,

1916 5112 2126 5170 nempe
2153 5098 2475 5171 paradisum
2503 5098 2961 5167 Augustinianum
2986 5117 3055 5156 ex
3081 5101 3233 5156 beati
3259 5102 3571 5177 Augustini

1916 5187 2231 5244 sententiis
2261 5192 2318 5244 et
2342 5187 2532 5244 verbis
2563 5187 2802 5244 omnino
2837 5192 3193 5258 contextum,
3229 5208 3403 5263 quem
3435 5208 3568 5249 san-

1918 5280 2009 5332 cto
2040 5275 2251 5332 Joanni
2278 5276 2589 5334 Gualberto
2622 5279 3007 5351 nuncupavit;
3040 5277 3279 5336 Librum
3307 5282 3569 5339 decreta-

1919 5364 2135 5435 lem,et
2164 5365 2467 5437 Epitomen
2493 5366 2752 5423 historiis
2774 5364 3117 5440 pontificum
3146 5370 3565 5441 Romanorum,

1921 5471 2099 5525 quam
2151 5454 2437 5511 Martinus
2493 5456 2744 5513 Polonus
2798 5457 3074 5514 laudavit.
3126 5459 3282 5515 Idem
3335 5462 3571 5534 scripsit

1922 5542 2139 5599 librum
2168 5545 2242 5600 De
2268 5548 2623 5602 sacramentis
2647 5547 2718 5602 ad
2750 5547 3072 5603 Galterium
3107 5549 3421 5605 Leonensis
3444 5568 3568 5606 mo-

1926 5632 2161 5690 nasterii
2196 5632 2487 5701 abbatem,
2511 5651 2685 5706 quem
2717 5636 2775 5691 in
2807 5635 3002 5693 codice
3033 5654 3142 5694 ms.
3171 5640 3569 5695 Ambrosianus

1925 5721 2285 5779 bibliothecae
2330 5722 2548 5779 invenit
2594 5725 3106 5783 Mabilloniuszad
3136 5746 3258 5784 rem
3307 5733 3568 5785 nostram

1926 5811 2116 5884 magis
2145 5811 2526 5884 spectatejus
2564 5811 2730 5871 liber.
2765 5814 2845 5871 De
2893 5816 3074 5888 gestis
3107 5818 3323 5875 Urbani
3352 5817 3567 5873 ibidem
