3972 6370
330 512 576 597 XLVIII,
606 515 974 591 Privitcgmm
1001 515 1058 579 S.
1087 517 1274 581 Ponti:
1305 514 1694 605 Tomeriarum.
1733 518 1747 527 ’⁷

208 604 227 633 θ’
256 604 438 664 Paulo
451 611 585 664 ante
601 607 743 666 illud
766 612 1085 685 tempus,id
1098 616 1188 669 est
1213 613 1359 688 ipsis
1376 604 1650 674 Kalendis
1669 616 1831 688 Julii,

172 693 418 770 insigne
434 696 805 771 privilegium
824 702 1117 758 ‘concessit
1139 703 1410 760 Urbanus
1433 706 1709 763 Frotardo
1730 708 1830 764 ab-

172 784 307 841 hati
326 786 526 843 Sancti
545 787 1160 848 PontiiJ‘omeriarum
1184 792 1240 848 in
1265 793 1456 850 Gallia
1485 796 1830 853 Narbonens-

172 875 381 951 si,qno_
409 875 603 932 locum
624 876 791 933 illum
823 895 857 933 a
877 880 1283 954 cujuscunque
1313 882 1570 958 episcopi
1582 885 1832 956 jurisdi-

170 964 371 1021 ctione
413 965 632 1033 eximit,
684 965 933 1040 aliisque
987 969 1387 1042 compluribus
1432 974 1830 1047 prmrogativis

172 1057 465 1111 exornat:
515 1053 662 1111 illud
705 1055 987 1114 debemus
1038 1058 1322 1115 beneﬁcio
1374 1059 1690 1118 clarissimi
1719 1062 1829 1119 viri

170 1141 461 1215 Stephani
483 1142 904 1218 Baluzii,atque
932 1145 1144 1202 ultima
1163 1152 1270 1217 est,
1290 1148 1401 1204 nisi
1425 1149 1614 1223 fallor,
1646 1150 1826 1219 bulla,

1739 468 1752 477 .
1785 389 2015 477 VITA-.
2178 474 2189 483 ,
3513 405 3604 507 si

1842 515 1923 611 :A.
1943 529 2043 627 iis,
2072 538 2183 627 etc.
2216 531 2380 597 Unde
2400 536 2602 598 mirari
2623 539 2785 623 subit
2812 542 3046 622 Petrum
3078 544 3407 627 Diaconum
3429 524 3497 627 in
3519 530 3607 605 li;

1943 623 2050 680 bro
2071 624 2152 682 De
2166 626 2310 685 viris
2330 627 2660 688 illustribus
2679 618 3366 715 Casinensismonasterii
3388 622 3497 712 cap
3506 639 3588 696 .31

1943 711 2218 773 laudasse
2238 719 2485 777 Leonem
2517 723 2831 793 quemdam
2864 711 3354 805 cardinalequui
3374 730 3594 801 sm-ipsit

1941 818 2012 859 ex
2032 808 2257 863 nomine
2297 809 2504 866 Urbani
2516 827 2681 884 papae
2700 815 3052 886 quamplures
3084 816 3354 887 epistolas,
3389 825 3438 873 et
3464 820 3591 889 fecit

1944 895 2241 962 registrum
2281 900 2415 971 ejus.
2451 901 2513 955 In
2555 918 2727 972 quem
2781 901 2974 958 locum
3000 905 3365 977 Marus,post
3396 924 3590 979 repre-

1941 981 2159 1041 hensos
2190 986 2505 1044 Baronium
2537 994 2594 1045 et
2614 990 3583 1067 Possevinum,aliosqueauctores,

1939 1072 2039 1144 qui
2099 1073 2257 1131 hunc
2312 1077 2562 1134 Leonem
2615 1096 2744 1136 cum
2813 1081 3003 1138 Leone
3037 1083 3382 1153 Marsicano,
3407 1087 3583 1159 vulgo

1938 1161 2191 1219 Ostiensi
2216 1165 2393 1236 dicto,
2424 1167 2693 1225 Chronici
2718 1169 3053 1228 Casinensis
3089 1178 3342 1249 auctore,
3362 1176 3446 1253 .de
3466 1192 3581 1255 quo

167 1230 232 1289 in
288 1232 707 1343 qua‘Joannes
752 1237 1169 1307 praesignatoris
1217 1236 1432 1294 domini
1466 1255 1629 1311 papae
1657 1239 1827 1296 titulo
1935 1249 2140 1308 Petrus
2158 1254 2345 1328 capite
2367 1230 2714 1329 praecedenti
2744 1264 2960 1333 egerat,
2996 1230 3405 1343 confuderunt,
3440 1230 3580 1320 sub-

170 1336 323 1377 usus
354 1325 465 1378 est.

1927 1340 2129 1414 jungit
2148 1343 2396 1402 Leonem
2420 1346 2599 1403 istum
2632 1349 2964 1421 complures
2981 1352 3259 1428 epistolas
3289 1340 3579 1434 ekarasse,

165 1426 363 1484 XLIX.
402 1428 649 1486 Urbanus
672 1431 862 1487 scribit
918 1430 1387 1515 defestauranda
1438 1436 1828 1493 Tarraconensi
1934 1446 2002 1485 ex
2032 1431 2269 1504 quibus,
2303 1435 2516 1507 inquit,
2540 1435 2744 1510 viginti
2765 1440 2875 1494 sub
2906 1439 3124 1496 Urbani
3156 1426 3392 1499 nomine
3424 1429 3580 1515 apud

924 1504 1075 1560 urbe.

1933 1517 2167 1576 Binium
2198 1526 2357 1579 temo
2386 1524 2488 1580 VII
2509 1525 2899 1582 Conciliorum
2926 1528 3108 1601 editae
3140 1535 3303 1610 sunt.
3329 1533 3402 1610 At
3431 1550 3579 1588 nus-

236 1588 490 1660 Scripsit
508 1605 742 1698 quoq‘ue
772 1591 1087 1698 eademdie
1101 1593 1369 1698 pontifex
1399 1595 1471 1650 ad
1509 1595 1820 1698 Catalania:
1931 1623 2108 1679 quam
2134 1612 2386 1684 reperire
2406 1612 2574 1669 licuit
2593 1612 2776 1687 ullam
2807 1598 3165 1696 sive‘bullam
3207 1604 3325 1698 sive
3346 1606 3577 1698 episto-

162 1680 1083 1753 Ρωοθτθείίυοεαάνθρθοταηάθηω
1101 1683 1596 1741 Tarraconense“!
1613 1686 1820 1743 urbem
1928 1696 2045 1753 lam
2095 1698 2330 1771 Urbani,
2380 1719 2508 1775 quas
2557 1722 2591 1759 a
2639 1704 2825 1777 Leone
2855 1684 3085 1785 scripta
3104 1690 3285 1764 fuisse
3324 1694 3575 1777 dicatur,

163 1766 516 1791 -JL-_1_L--_
565 1769 973 1791 --ι-....-ι.ιξ----
1007 1771 1077 1791 -ξι
1114 1771 1275 1791 ηηγηη
1308 1790 1335 1791 η
1434 1773 1450 1791 1
1682 1776 1716 1791 n
2009 1787 2026 1791 _
2179 1790 2214 1791 ,,
2268 1790 2271 1791 ,
3202 1782 3207 1789 ν
3276 1781 3285 1791 .
3361 1782 3369 1790 .

161 1766 534 1835 adhortatur,
565 1771 631 1823 ut
645 1769 980 1841 praesidium
1003 1771 1082 1827 sit
1110 1771 1349 1829 ﬁrmum
1381 1773 1660 1832 adversus
1682 1776 1817 1832 Sar-

162 1872 433 1924 racenos,
462 1857 594 1913 etin
617 1875 685 1914 ea
701 1859 959 1915 cathedra
987 1861 1314 1933 episcopalis
1338 1863 1569 1919 restitui
1605 1866 1812 1937 possit.

160 1945 332 2003 Tunc
366 1945 690 2003 commissa
735 1951 858 2003 erat
881 1949 1007 2020 jam
1039 1966 1072 2005 a
1102 1948 1305 2005 multis
1346 1950 1517 2008 annis
1546 1952 1817 2027 episcopo

153 2035 491 2092 Ausonensi
522 2053 662 2092 cura
690 2037 1141 2094 Tarraconensis
1189 2038 1477 2108 Ecclesiae,
1525 2042 1811 2098 exstincta

155 2123 216 2180 in
264 2140 334 2181 ea
380 2125 681 2197 provincia
728 2126 1153 2199 metropolitica
1195 2127 1499 2202 dignitate,
1560 2148 1687 2205 quae
1740 2133 1811 2188 ad
1866 2143 1871 2152 '

156 2213 603 2271 Narbonensem
644 2215 1145 2289 archiepiscopum
1176 2217 1405 2273 decreto
1445 2220 1811 2290 comprovin-

156 2302 400 2359 cialium
432 2303 837 2378 episcoporum
870 2309 929 2361 et
958 2304 1308 2379 populorum
1342 2323 1632 2364 consensu
1647 2310 1813 2366 devo-

153 2391 283 2449 luta
313 2393 526 2450 fuerat.
581 2394 738 2450 Hanc
786 2410 920 2451 vero
967 2388 1400 2452 restitutionem
1430 2397 1806 2470 potissimum

152 2482 407 2556 urgebat
427 2483 811 2557 Berangerius
842 2485 1807 2561 Ausonensisepiscopus,sperans

152 2587 212 2628 se
232 2588 302 2629 eo
324 2576 497 2645 pacto
519 2572 590 2629 ad
614 2574 1043 2645 metropolitani
1079 2573 1428 2647 dignitatem
1444 2577 1599 2633 haud
1630 2578 1806 2636 dubie

149 2666 657 2734 perventurum,et
687 2662 925 2735 quidem
957 2663 1160 2719 eadem
1183 2680 1362 2720 causa
1390 2665 1512 2733 diu,
1533 2671 1598 2722 ut
1626 2671 1806 2724 testa-

147 2754 243 2807 tur
270 2750 401 2824 ipse
429 2751 710 2825 pontifex,
748 2752 940 2809 Romae
974 2756 1239 2809 moratus
1271 2758 1380 2821 est,
1417 2770 1553 2811 cum
1584 2755 1698 2812 huc
1729 2758 1802 2813 ad

147 2839 455 2897 invisenda
476 2839 1304 2914 apostolormlimina,suaque
1336 2843 1621 2916 obsequia
1656 2863 1800 2902 novo

147 2928 410 3001 pontiﬁci
428 2929 744 2998 reddenda,
776 2929 957 3002 hujus
974 2929 1112 2985 anni
1134 2929 1326 3000 initio,
1358 2936 1459 2988 aut
1479 2933 1588 2989 sub
1622 2935 1798 2991 finem

147 3018 534 3089 praecedentis
546 3018 905 3076 accessisset.
930 3019 1088 3075 Dataa
1102 3024 1241 3075 sunt
1255 3020 1338 3075 hae
1360 3020 1565 3077 litterae
1579 3023 1794 3095 Romae,

145 3105 425 3185 Kalendis
441 3105 586 3162 Julii
607 3105 717 3163 hoc
739 3108 1371 3166 anno.Tarracone‘nsis
1389 3114 1585 3167 tamen
1608 3112 1798 3169 Eccle-

144 3194 228 3253 sia
261 3196 504 3253 nonnisi
524 3195 760 3253 biennio
792 3200 1011 3269 postea,
1047 3202 1112 3254 ut
1139 3196 1416 3269 ditemus,
1449 3199 1791 3274 dignitatem

146 3300 310 3341 suam
340 3283 724 3358 recuperavit.
1148 3354 1155 3361 ι

429 3373 493 3430 L.
509 3373 1015 3432 Joannesdiaconus
1037 3376 1099 3446 ﬁt
1120 3377 1506 3433 canceltarius.

208 3462 614 3520 Porrolitteraz
633 3480 781 3536 quas
819 3452 1200 3521 eaocoasione
1234 3465 1506 3522 Urbanus
1537 3468 1790 3542 scripsit,

144 3552 284 3608 data
316 3552 601 3608 dicuntur
632 3569 733 3625 per
776 3569 974 3609 manus
1013 3555 1241 3610 Joannis
1283 3562 1490 3613 sancta:
1530 3558 1792 3617 Romanae

137 3643 393 3700 Ecclesia:
410 3641 635 3698 diaconi
651 3642 954 3698 cardinalis
983 3651 1035 3698 et
1052 3644 1394 3709 cancellarii,
1429 3660 1564 3700 cum
1597 3650 1786 3715 antea,

135 3735 197 3787 ut
224 3731 507 3799 diximus,
554 3731 807 3788 Joannes
848 3733 1266 3802 praesignatoris
1314 3732 1532 3789 domini
1582 3735 1790 3792 Urbani

133 3819 373 3878 titulum
405 3836 642 3893 semper
670 3819 1039 3876 adhibuisset
1085 3838 1098 3877 :
1132 3821 1287 3878 unde
1332 3822 1541 3893 conjici
1570 3829 1784 3895 potest,

132 3925 262 3966 eum
296 3915 439 3966 tunc
470 3909 731 3983 primum
766 3910 1039 3966 Romana:
1070 3909 1680 3968 Ecclesiaacancellarii
1703 3914 1786 3971 di-

128 3998 412 4073 gnitatem
444 3997 972 4056 obtinuisse.Certe
1001 3998 1324 4055 Pandulfus
1358 3999 1416 4056 in
1450 4000 1582 4057 Vita
1614 4003 1782 4060 Gela-

131 4087 197 4144 sii
217 4088 266 4161 II
288 4088 417 4161 (qui
435 4093 527 4144 est
545 4088 670 4161 ipse
696 4087 1402 4159 Joannes)observateum
1424 4089 1499 4145 ab
1524 4091 1779 4162 Urbano,

133 4177 225 4249 qui
248 4181 392 4233 tunc
414 4175 611 4232 Romae
650 4175 802 4232 inter
824 4176 971 4232 duos
994 4181 1200 4249 pontes
1242 4177 1302 4233 in
1341 4179 1579 4252 magnis
1602 4198 1784 4254 angu-

132 4265 256 4324 stiis
295 4265 655 4323 constitutus
703 4266 1063 4334 morabatur,
1118 4265 1541 4324 cancellarium
1600 4270 1785 4327 fuisse

131 4355 490 4423 institutum,
525 4355 881 4428 proindeque
919 4372 1035 4411 non
1069 4356 1128 4410 in
1161 4355 1464 4413 Casinensi
1491 4365 1783 4417 monaste-

136 4444 490 4518 rio,qnando
525 4443 779 4518 primum
803 4444 859 4500 in
883 4444 1175 4518 pontificis
1195 4446 1538 4504 comitatum
1561 4466 1785 4507 assum-

134 4538 262 4606 ptus
292 4532 550 4607 fuit,aut
566 4533 787 4607 reliquo
806 4538 1093 4607 tempore,
1126 4536 1280 4606 quod
1312 4535 1372 4591 in
1404 4536 1582 4593 variis
1612 4538 1781 4595 itine-

1928 1787 2053 1855 sed,
2072 1791 2138 1844 ut
2161 1790 2438 1859 diximus,
2469 1792 2779 1867 pleraeque,
2802 1794 2920 1850 imo
2946 1795 3063 1851 fere
3081 1787 3284 1852 omnes
3306 1787 3575 1856 aJoanne

1928 1875 2156 1949 scriptae
2179 1878 2443 1951 fuerunt;
2467 1883 2622 1954 quod
2644 1883 2859 1940 mirum
2877 1888 2965 1940 est
2984 1902 3017 1939 a
3046 1874 3232 1952 Petro,
3264 1886 3441 1943 etiam
3458 1874 3574 1943 Iubi

1926 1965 1998 2020 de
2027 1965 2127 2022 illo
2150 1968 2375 2025 Joanne
2398 1970 2510 2026 sub
2533 1970 2744 2028 Gelasii
2769 1973 2817 2029 ΙΙ
2850 1973 3084 2030 nomine
3115 1975 3250 2047 egit,
3284 1966 3571 2033 omissum

1924 2053 2125 2112 fuisse.
2344 2124 2353 2131 ,
2816 2131 2824 2141 ,
2892 2132 2921 2139 η

1996 2144 2089 2223 LI.
2110 2148 2371 2204 Itainaldi
2399 2150 2795 2224 archiepiscopi
2816 2154 3099 2231 'Bemensis
3120 2156 3224 2231 iter
3248 2156 3492 2211 Romam.

1941 2230 1961 2259 ἰ
1992 2233 2154 2308 Circa
2183 2238 2461 2294 medium
2494 2238 2680 2311 hujus
2700 2230 3565 2324 Ianni’_Ra}'naldquRemorum

1919 2321 2173 2412 antistes,
2199 2326 2443 2384 Romam
2468 2330 2700 2386 advenit
2720 2331 2791 2387 ab
2814 2331 3046 2409 Urbano
3069 2321 3371 2412 invitatus,
3406 2324 3562 2408 quod

1915 2408 2045 2468 iter
2072 2408 2205 2471 ante
2244 2416 2379 2473 Maii
2427 2419 2602 2475 finem
2652 2437 2786 2476 eum
2827 2408 3140 2494 inempisse
3172 2408 3467 2501 colligitur
3496 2444 3563 2483 ex

1914 2499 2074 2571 illius
2085 2504 2355 2561 chartain
2377 2509 2625 2581 gratiam
2650 2511 3068 2568 monachorum
3084 2499 3561 2587 Remigianorum

1914 2590 2050 2646 data
2091 2592 2200 2650 hoc
2239 2612 2392 2652 anno
2434 2598 2591 2665 1089,
2627 2599 2945 2656 indictione
2975 2618 3072 2667 xu,
3106 2601 3358 2674 Philippi
3382 2605 3561 2661 Fran-

1912 2695 2113 2736 corum
2146 2684 2297 2757 regis
2343 2686 2431 2755 30,
2468 2687 2825 2760 proindeque
2854 2691 2986 2745 ante
3018 2689 3173 2745 diem
3210 2690 3554 2749 vicesimum

1908 2769 2146 2826 tertium
2197 2773 2350 2829 Maii.
2383 2776 2531 2831 Nam
2563 2776 2671 2832 hoc
2702 2777 2828 2851 ipso
2875 2778 2968 2833 die
3001 2777 3306 2852 Philippus
3330 2781 3554 2838 tricesi-

1908 2874 2071 2940 mum
2104 2863 2266 2935 regni
2289 2864 2379 2919 sui
2402 2880 2622 2921 annum
2646 2866 2907 2940 incoepit,
2942 2872 3316 2925 consecratus
3356 2871 3553 2949 Remis

1906 2951 2039 3003 ante
2069 2949 2158 3005 sui
2209 2953 2393 3023 patris
2426 2953 2674 3023 obitum,
2708 2956 2802 3011 die
2831 2973 2997 3013 sacro
3028 2957 3414 3030 Pentecostes,
3447 2979 3549 3016 an-

1904 3052 1980 3125 no
2001 3037 2159 3095 1059.
2194 3042 2258 3096 In
2280 3040 2383 3097 illa
2415 3047 2611 3099 autem
2648 3045 2868 3113 charta,
2902 3062 3079 3118 quam
3117 3046 3398 3125 Marlotus
3427 3050 3549 3105 edi-

1903 3123 1988 3181 dit
2016 3130 2173 3184 tomo
2221 3128 2264 3185 Il
2314 3131 2649 3205 Metropolis
2692 3133 3023 3202 Remensis,
3054 3133 3203 3191 libro
3235 3123 3429 3210 Il,cap.‘
3463 3139 3494 3194 4
3531 3126 3563 3196 τ’

1901 3213 2217 3273 Rainaldus
2232 3235 2357 3275 cum
2379 3237 2446 3276 ea:
2460 3224 2727 3294 petitione
2741 3223 2958 3296 domini
2962 3241 3120 3296 papw
3149 3227 3356 3303 Urbani
3391 3244 3547 3299 apos-

1902 3305 2164 3361 stolorum
2211 3307 2411 3365 limina
2445 3311 2845 3384 Ecclesiamque
2866 3316 3165 3370 Romanam
3184 3316 3406 3373 uisitare
3433 3321 3551 3388 agi-

1900 3393 2234 3468 grederetur,
2284 3403 2412 3455 ante
2461 3416 2656 3473 corpus
2715 3401 3018 3458 beatissimi
3062 3408 3116 3459 et
3167 3406 3554 3476 glom'osissimi

1894 3487 2120 3555 patroni
2152 3486 2242 3541 sui
2267 3489 2508 3559 Remegii
2526 3493 2773 3547 oratione
2802 3493 2966 3562 facta,
3000 3494 3065 3548 in
3093 3495 3391 3571 capitulum
3422 3512 3552 3568 per-

1901 3572 2049 3629 rexit
2090 3575 2156 3630 de
2204 3593 2309 3631 suo
2358 3578 2554 3633 itinere
2575 3580 2876 3647 locuturus,
2909 3581 3109 3653 ibique
3140 3584 3314 3638 altare
3341 3585 3407 3638 (te
3435 3587 3550 3641 vico

1897 3664 2074 3717 sancti
2095 3666 2330 3734 Remigii
2350 3667 2545 3722 abbati
2576 3668 2822 3723 Henrico
2864 3669 3086 3740 totique
3134 3670 3545 3728 archicoenODii

1898 3750 2225 3825 Remigiani
2273 3754 2707 3828 congregationi
2759 3757 3068 3812 concessit.
3121 3763 3262 3812 Cum
3293 3776 3446 3828 vero,
3482 3765 3548 3817 ut

1898 3840 2204 3896 Bertoldus
2226 3843 2420 3912 refert,
2453 3843 2723 3900 Urbanus
2745 3845 2854 3901 hoc
2878 3863 3028 3901 anno
3051 3845 3274 3925 litteras
3294 3848 3546 3923 Philippi

1898 3931 2041 4001 regis
2068 3931 2401 3988 Francorum
2434 3932 2673 3989 debitam
2692 3934 3079 4007 subjectionem
3111 3937 3163 3991 ei
3176 3939 3543 4008 promittentis

1893 4021 2210 4090 susceperit,
2242 4020 2557 4077 verisimile
2579 4027 2667 4077 est
2680 4040 2778 4079 eas
2801 4041 2835 4080 a
2856 4024 3014 4097 Rayn
3026 4024 3156 4081 aldo
3181 4024 3360 4083 fuisse
3383 4027 3542 4083 dela-

1894 4110 2005 4163 tas.
2040 4108 2174 4164 Erat
2195 4108 2373 4180 enim,
2406 4114 2471 4165 ut
2514 4112 2638 4184 ipse
2659 4112 2918 4184 pontifex
2947 4113 3006 4169 in
3025 4115 3280 4186 quadam
3298 4117 3543 4188 epistola

1893 4199 2162 4266 testatur,
2196 4197 2464 4272 Philippo
2515 4201 2983 4274 acceptissimus.
3032 4204 3201 4259 Forte
3247 4205 3539 4278 reliquum

1895 4285 2074 4358 hujus
2092 4287 2226 4342 anni
2252 4289 2437 4361 exegit
2462 4290 2655 4345 Romae
2680 4307 2866 4359 :nam,
2895 4296 2958 4347 ut
2988 4291 3230 4348 inferius
3253 4293 3536 4363 dicemus,

1894 4374 2328 4447 amplissimum
2345 4376 2711 4452 privilegium
2734 4379 2805 4435 ab
2829 4380 3060 4437 Urbano
3083 4381 3383 4454 subhujus
3400 4384 3539 4440 anni

1894 4463 2070 4519 ﬁnem
2106 4465 2345 4536 accepit.

2287 4555 2401 4611 Lll.
2439 4558 2557 4611 Par
2598 4575 2720 4612 eum
2754 4557 2955 4615 Graecis
2986 4561 3145 4616 inita.

132 4622 290 4681 ribus
308 4623 370 4714 in
388 4623 611 4714 quibus
632 4624 897 4714 pontiﬁci
929 4623 1198 4693 adthit,
1221 4629 1490 4681 exactum
1513 4632 1621 4684 θεὶς
1654 4628 1783 4686 Ηωῢ
1813 4644 1861 4709 D
1961 4639 2228 4714 Aliquam
2250 4642 2425 4699 etiam
2444 4644 2594 4700 inter
2607 4647 2835 4703 Graecos
2852 4652 2906 4703 et
2920 4648 3156 4705 Latinos
3169 4650 3538 4707 concordiam

130 4718 263 4771 sunt
309 4712 585 4770 Pandulﬁ
627 4712 802 4770 verba
845 4717 978 4786 post
1027 4719 1327 4770 enarratas
1397 4715 1781 4789 calamitates,

132 4818 272 4874 quas
292 4800 493 4858 Romae
516 4801 774 4874 pontifex
791 4802 902 4858 sub
927 4803 1102 4858 tinem
1134 4801 1273 4858 anni
1299 4804 1699 4877 priscedentis,
1724 4812 1782 4864 et

132 4889 304 4963 hujus
339 4890 510 4947 initio
550 4889 885 4964 pertulerat.
922 4893 1066 4948 Tunc
1089 4908 1240 4964 papa
1267 4892 1704 4952 litteratissimus
1732 4906 1785 4954 ct

131 4980 391 5052 facundus
408 4982 645 5053 fratrem
663 4983 926 5038 Joannem
965 4982 1147 5036 virum
1176 4982 1364 5055 utique
1389 4986 1690 5055 sapientem
1718 5005 1782 5043 ac

127 5070 413 5141 providum
440 5072 704 5140 sentiens,
728 5070 1022 5136 ordinavit,
1056 5070 1319 5137 admovit,
1352 5088 1621 5146 suumque
1647 5092 1777 5131 can-

134 5160 419 5215 cellarium
464 5177 537 5216 ex
581 5161 782 5215 intima
822 5148 1213 5216 deliberatione
1238 5163 1571 5218 constituit:
1596 5174 1658 5221 ut
1678 5184 1781 5238 per

135 5248 493 5322 eloquentiam
533 5250 642 5305 sibi
686 5268 721 5305 a
757 5251 984 5306 Domino
1015 5251 1294 5320 traditam,
1328 5252 1551 5324 antiqui
1579 5255 1778 5327 leporis

137 5338 481 5408 delegantias
500 5339 724 5411 stylum,
758 5340 821 5394 in
864 5337 988 5394 sede
1006 5338 1301 5410 apostolica
1338 5339 1464 5409 jam
1496 5356 1634 5411 pene
1663 5359 1779 5399 om-

73 5399 87 5423 .
135 5442 251 5483 nem
273 5399 679 5501 vdeperditvum,
710 5399 910 5484 sancto
955 5399 1194 5483 dictante
1261 5399 1511 5499 Spiritu;
1545 5431 1778 5492 Joannes

134 5516 227 5574 Dei
266 5519 453 5590 gratia
496 5517 842 5589 reformaret,
897 5534 959 5572 ac
1005 5516 1315 5572 Leoninum
1341 5531 1565 5573 cursum
1595 5519 1779 5579 lucida

47 5604 61 5615 '
133 5605 711 5664 velocitatereducerct.
746 5607 815 5663 Et
850 5606 1089 5681 quidem
1123 5622 1333 5662 omnes
1351 5606 1530 5664 ferme
1560 5608 1776 5671 Urbani

131 5693 287 5753 bulla:
311 5696 464 5754 datm
493 5700 632 5753 sunt
665 5712 761 5769 per
809 5712 1007 5754 manus
1027 5696 1255 5753 Joannis
1278 5695 1499 5754 diaconi
1517 5700 1775 5763 cardina-

1893 4730 2094 4787 eodem
2118 4735 2375 4805 tempore
2398 4734 2603 4790 initam
2619 4735 2800 4792 fuisse
2814 4736 3004 4809 colligi
3025 4742 3216 4809 potest
3240 4756 3307 4794 ex
3321 4739 3538 4795 Bertol-

1891 4821 2090 4892 do,qui
2122 4822 2298 4878 refert
2341 4822 2641 4879 Urbanum
2689 4842 2790 4897 per
2821 4825 3194 4899 suoslegatos
3217 4827 3538 4885 absolvisse

1891 4908 2301 4982 imperatorem
2322 4912 3033 4987 Constantinopolitanum
3047 4916 3119 4971 ab
3134 4919 3533 4973 excommuni-

1889 4999 2133 5055 catione.
2159 5001 2213 5056 Is
2236 5006 2358 5057 erat
2379 5001 2615 5058 Alexius
2637 5008 2985 5073 Comnenus,
3024 5005 3122 5078 qui
3146 5023 3298 5062 anno
3320 5024 3534 5080 prace-

1889 5087 2068 5156 denti,
2105 5092 2168 5145 ut
2189 5107 2257 5146 ex
2286 5092 2571 5148 Gaufredo
2618 5093 2926 5150 Malaterra
2954 5095 3232 5164 vidimus,
3257 5097 3392 5169 §29,
3425 5097 3530 5153 Ur-

1887 5177 2106 5233 banum
2166 5179 2729 5254 Constantinopolim
2774 5182 3136 5254 invitaverat,
3189 5190 3254 5241 ut
3301 5189 3530 5243 concilio

1885 5272 2228 5338 congregato,
2262 5269 2561 5342 disputatio
2609 5272 2753 5329 inter
2781 5272 2993 5330 ercos
3021 5278 3073 5329 et
3108 5276 3327 5331 Latinos
3357 5275 3527 5346 ﬁeret,

1885 5353 2070 5411 dicens
2111 5373 2167 5412 se
2210 5359 2441 5416 libenter
2484 5361 2809 5418 discussioni
2835 5364 3120 5419 catholicze
3159 5381 3526 5419 assensurum.

1890 5443 2051 5501 Unde
2070 5462 2200 5502 vero
2225 5446 2416 5505 simile
2436 5454 2543 5520 est,
2579 5453 2731 5524 quod
2756 5452 2865 5508 etsi
2897 5452 2954 5507 id
2988 5454 3060 5508 ob
3084 5456 3413 5525 temporum
3428 5453 3533 5508 dif-

1887 5532 2177 5591 ﬂcultates
2199 5553 2302 5609 per
2321 5538 2579 5612 seipsum
2609 5546 2883 5612 praestare
2912 5559 3025 5597 non
3068 5542 3323 5614 potuerit
3350 5542 3529 5598 Urba-

1887 5640 2020 5692 nus,
2071 5642 2210 5683 suos
2262 5631 2461 5685 tamen
2494 5628 2716 5703 legatos
2746 5630 2804 5686 in
2833 5632 3111 5689 Graeciam
3149 5631 3394 5699 miserit,
3431 5630 3529 5702 qui

1886 5711 2039 5770 hanc
2061 5714 2529 5793 qualemcunque
2548 5737 2752 5795 pacem
2770 5720 3191 5779 interLatinam
3207 5724 3527 5776 etGrzecam
