3972 6372
397 390 480 512 ἐι
1696 435 1768 504 s.
1811 413 2049 506 unum"

2245 435 2502 504 pars.
3724 413 3828 500 sei

387 577 713 644 Eeclesiam
741 575 1194 652 composuerint,
1227 577 1372 636 forte
1403 575 1638 649 utrique
1664 575 1824 649 genti
1853 590 2031 632 suum
2063 571 2122 642 Α
2148 575 2492 634 translatam
2533 570 2735 633 fuisse.
2779 572 2892 632 Hic
2929 549 3158 650 quippe
3199 575 3406 633 auctor
3435 551 3796 634 in'Historia'

393 672 574 731 ritum
589 669 1012 744 permittendo:
1033 685 1192 735 nam,
1210 669 1282 724 de
1315 665 1582 724 fermenti
1605 683 1716 723 usu
1741 665 1798 721 in
1821 664 2034 721 eucha-

394 760 564 821 ristia
577 758 951 834 potissimum
973 758 1274 831 agebatur,
1293 757 1476 814 donec
1488 755 1711 828 aliquid
1729 755 1957 811 ﬁrmius
1977 755 2038 810 in

398 849 646 908 concilio
683 846 939 922 generali
969 846 1398 904 decerneretur.

399 957 540 1016 LIII.
585 957 664 1013 De
701 970 846 1028 pace,
883 955 1066 1028 agitur
1088 954 1258 1028 inter
1298 951 1514 1008 Roberti
1564 950 1854 1028 Guiscardi
1899 951 2040 1021 ﬁlios

790 1027 859 1082 ab
892 1025 1099 1084 Urbani
1133 1025 1308 1096 legato
1335 1025 1649 1095 composita.

473 1103 678 1174 Pacem
710 1122 888 1189 quam
919 1114 1189 1170 Urbanus
1206 1131 1310 1186 per
1329 1111 1585 1185 legatum
1603 1128 1779 1166 suum
1805 1127 2040 1184 compo-

401 1207 594 1267 suisse
613 1205 825 1262 dicitur
839 1203 948 1260 hoc
967 1220 1120 1259 anno
1137 1202 1289 1258 inter
1304 1201 1618 1275 Rogerium
1649 1204 1706 1257 et
1750 1202 2041 1256 Boamun-

399 1297 544 1354 dum
575 1293 809 1353 Roberti
839 1292 1146 1350 Guiscardi
1177 1291 1349 1358 ﬁlios,
1383 1291 1483 1363 qui
1505 1291 1578 1347 ob
1601 1295 1900 1362 paternam
1932 1289 2044 1344 ha:-

399 1385 708 1458 mditatem
756 1382 908 1439 inter
951 1398 1014 1437 se
1059 1379 1442 1442 dissidebant,
1476 1383 1540 1434 ut
1586 1382 1784 1433 narrat
1816 1379 2041 1433 Roccus

399 1473 660 1547 Pyrrhus
676 1476 834 1530 tomo
884 1468 1182 1527 lllSicilim
1213 1485 1390 1524 sacrae
1420 1467 1480 1523 in
1500 1467 1705 1524 notitia
1723 1483 1922 1538 v1quaa
1953 1470 2044 1522 est

399 1566 472 1621 de
485 1561 741 1620 Ecclesia
756 1557 1095 1618 Mazarensi.
1129 1558 1183 1614 Is
1196 1561 1397 1614 auctor
1408 1573 1510 1629 pro
1518 1557 1624 1613 fert
1649 1556 2042 1628 fragmentum

396 1651 534 1710 libri
579 1649 861 1709 tricesimi
913 1647 1294 1704 historiarum
1341 1645 1547 1703 Leonis
1617 1643 1929 1700 Marsicani
1971 1645 2043 1700 de

396 1740 675 1816 Gregorio
699 1739 802 1796 VII
829 1737 1136 1796 etUrhano
1158 1735 1227 1802 Η,
1261 1735 1320 1790 in
1345 1751 1462 1808 quo
1491 1733 1671 1804 hujus
1693 1732 1921 1788 dissidii
1952 1732 2042 1787 hi-

399 1830 582 1889 storia
592 1831 970 1886 memoratur.
1003 1827 1076 1882 At
1093 1824 1236 1882 illud
1254 1824 1460 1880 Leonis
1476 1840 1625 1896 opus
1646 1821 1914 1896 ignotum
1931 1825 2042 1888 est,

2147 666 2498 723 inventionis
2519 665 2706 722 sancti
2723 665 2924 722 Sabini
2945 666 3018 722 de
3046 663 3182 722 Elia:
3203 665 3633 739 archiepiscopi
3656 681 3822 722 conv

2149 756 2471 812 secratione
2483 772 2664 827 agens
2675 755 2776 823 ait,
2801 753 2986 811 Eliam
3008 754 3069 811 in
3083 756 3396 813 Barensem
3414 749 3811 828 archiepisco-

2150 863 2292 919 pum
2309 847 2590 902 voluntate
2617 851 2668 902 et
2693 861 2956 902 consensu
2986 847 3210 915 Rogerii
3233 845 3386 901 ducis
3439 845 3808 918 proindeque

2149 937 2278 1006 ejus
2298 934 2406 990 loci
2429 933 2674 1002 domini,
2695 933 2876 992 fuisse
2893 934 3161 991 electum.
3195 936 3347 991 Tum
3361 933 3670 1008 subjungit
3691 933 3806 990 Ur-

2150 1026 2369 1080 banum
2395 1024 2734 1097 papam,qui
2763 1041 2830 1080 eo
2855 1027 3116 1097 tempore
3145 1023 3437 1098 synodum
3467 1023 3622 1096 apud
3653 1023 3805 1080 Mel-

2150 1112 2350 1184 phiam
2372 1112 2766 1180 celebrabat,a
2796 1115 3158 1184 Boamundo,
3190 1114 3291 1186 qui
3314 1117 3526 1170 Barum
3543 1113 3678 1186 jam
3705 1127 3810 1169 suo

2148 1203 2362 1259 tenebat
2409 1203 2508 1259 sub
2554 1203 2817 1268 dominio,
2857 1201 3172 1259 invitatum
3200 1201 3261 1258 in
3291 1202 3559 1260 eamdem
3585 1202 3798 1258 urbem

2148 1291 2397 1358 venisse,
2431 1290 2531 1346 ubi
2549 1292 2732 1348 Eliam
2755 1292 3137 1348 consecravit.
3163 1294 3244 1349 Ex
3263 1308 3377 1364 quo
3396 1291 3521 1348 loco
3551 1291 3808 1349 manife-

2151 1384 2310 1438 stum
2341 1384 2430 1437 est
2447 1380 2679 1436 Barium
2703 1381 2878 1454 paulo
2899 1385 3034 1438 ante
3057 1382 3348 1454 synodum
3372 1379 3798 1454 Melphitanam

2151 1471 2224 1525 ad
2244 1469 2556 1542 Rogerium
2585 1468 2959 1542 pertinuisse,
2984 1471 3228 1543 quando
3250 1469 3488 1543 quidem
3520 1466 3654 1526 Elite
3683 1466 3811 1526 ele-

2151 1558 2550 1628 ctiocumejus
2563 1573 2854 1614 consensu
2885 1559 3038 1616 facta
3051 1562 3167 1628 est;
3199 1563 3257 1615 et
3277 1558 3452 1631 paulo
3466 1561 3600 1631 post
3619 1561 3812 1615 trans-

2151 1646 2290 1704 iisse
2321 1647 2393 1703 ad
2423 1647 2853 1714 Boamundum,
2886 1665 3024 1704 cum
3048 1649 3177 1720 jam
3217 1649 3328 1705 sub
3359 1649 3538 1705 ﬁnem
3569 1647 3812 1704 concilii

2151 1753 2281 1792 eam
2309 1738 2410 1792 sub
2455 1752 2554 1792 suo
2581 1735 2838 1793 habuisse
2883 1737 3127 1794 dominio
3166 1737 3434 1805 dicatur;
3477 1737 3635 1810 quod
3667 1753 3812 1795 cum

2151 1841 2220 1882 ex
2249 1825 2408 1898 pacis
2444 1825 2602 1882 inita)
2635 1827 2970 1884 conditione
3014 1826 3238 1884 factum
3274 1827 3458 1883 fuisse
3485 1826 3812 1884 Gaufridus

399 1919 537 1988 nisi,
568 1919 728 1992 quod
741 1917 978 1990 quidem
994 1931 1196 1972 verum
1211 1913 1508 1984 existimo,
1523 1913 1601 2008 sit
1617 1914 1856 2008 Historia
1881 1927 2038 2008 pere-
2153 1913 2472 1988 scripserit,
2497 1915 2966 1972 concludendum
2985 1920 3074 1972 est
3091 1932 3225 1972 eam
3249 1931 3474 1988 pacem,
3507 1932 3688 1988 quam
3709 1914 3815 1972 ille

402 2011 694 2082 grinorum
739 2022 917 2080 quam
961 2005 1164 2061 Petrus
1203 2003 1494 2059 Diaconus
1525 2001 1672 2058 libro
1704 2019 1766 2056 ιιι
1799 2001 1879 2056 De
1911 2000 2048 2057 viris
2079 2000 2122 2008 “’
2161 2007 2362 2060 auctor
2378 2008 2792 2071 memorat,aut
2813 2003 2986 2078 paulo
3010 2007 3142 2061 ante
3163 2003 3475 2062 concilium
3497 2003 3816 2077 Melphita-

402 2097 736 2156 illustribus
767 2093 1106 2152 monasterii
1136 2091 1492 2158 Casinensis,
1527 2089 1713 2163 capite
1741 2091 1832 2158 38,
1857 2089 2048 2146 eidem

405 2186 582 2246 Leoni
602 2184 812 2243 tribuit
845 2200 859 2239 :
891 2185 952 2240 in
969 2200 1038 2239 ea
1059 2181 1276 2256 quippe
1306 2181 1501 2254 agitur
1523 2180 1593 2238 de
1614 2179 1716 2235 illa
1739 2196 1878 2252 pace
1897 2177 2052 2234 inter

408 2274 646 2336 Roberti
677 2273 831 2332 ﬁlios
871 2272 1035 2329 inita.
1081 2273 1150 2328 Et
1195 2269 1434 2344 quidem
1483 2269 1579 2325 isti
1619 2269 1907 2342 peregrini
1934 2285 2050 2324 non

406 2366 681 2423 videntur
715 2361 816 2421 alii
859 2378 988 2420 esse
1016 2362 1089 2418 ab
1137 2360 1212 2416 iis
1241 2359 1342 2433 qui
1373 2363 1504 2432 post
1523 2358 1834 2414 concilium
1857 2357 2052 2413 Claro-

409 2451 828 2514 montanumin
849 2451 1141 2508 Orientem
1160 2449 1400 2524 profecti
1421 2452 1559 2506 sunt
1578 2447 1650 2504 ad
1668 2463 1866 2504 sacras
1889 2463 2054 2518 expe-

408 2545 682 2611 ditiones,
717 2556 788 2598 ex
815 2541 1030 2615 quibus
1053 2539 1162 2596 fuit
1178 2537 1459 2595 Henricus
1483 2536 1804 2594 monachus
1827 2535 2054 2594 ordinis

405 2630 761 2694 Benedictini
783 2630 855 2687 ad
871 2629 1020 2687 hanc
1039 2629 1193 2684 inter
1205 2627 1415 2684 fratres
1429 2625 1802 2687 concordiam
1823 2641 2058 2698 compo-

402 2723 659 2780 nendam
704 2720 777 2776 ab
825 2719 1056 2775 Urbano
1087 2716 1334 2790 legatus,
1367 2714 1468 2788 qui
1499 2715 1884 2788 postmodum
1920 2730 2056 2770 cum

404 2809 746 2870 Boamundo
775 2807 848 2864 ad
875 2807 1095 2863 bellum
1128 2822 1360 2862 sacrum
1393 2805 1710 2877 profectus,
1745 2805 1939 2860 factus
1969 2805 2060 2860 est

406 2900 637 2975 primus
664 2914 737 2954 ex
765 2894 988 2952 Latinis
1035 2893 1436 2952 Antiochenus
1487 2892 1745 2966 patriarc
1777 2891 2058 2964 ha;cujus

409 2991 472 3046 in
494 2988 607 3045 hac
622 2984 986 3059 expeditione
1007 2987 1137 3041 acta
1169 2983 1282 3040 Leo
1293 2983 1394 3056 qui
1409 2982 1598 3038 fuerat
1611 2982 1741 3054 ejus
1761 2981 2057 3050 educator,

413 3076 724 3135 inlaudato
737 3073 1063 3147 fragmento
1074 3071 1450 3146 potissimum
1465 3075 1680 3126 narrat.
1713 3070 1808 3126 Sic
1838 3073 2034 3126 autem
2045 3112 2058 3137 ,

419 3170 554 3241 post
567 3164 755 3222 multa
773 3161 1016 3220 deillius
1037 3161 1376 3236 parentibus
1399 3160 1720 3234 praemissa,
1730 3175 2060 3216 sermonem

2159 2109 2324 2163 num,
2357 2096 2459 2149 aut
2487 2097 2642 2149 certe
2671 2109 2738 2150 eo
2768 2093 3038 2161 durante,
3072 2093 3438 2166 proindeque
3453 2109 3612 2150 anno
3645 2094 3810 2162 1089,

2160 2196 2336 2255 quem
2366 2181 2544 2238 etiam
2578 2181 2690 2238 Leo
2721 2182 2780 2238 in
2828 2181 3156 2256 fragmento
3195 2181 3434 2239 laudato
3465 2182 3814 2255 assignavit,

2159 2270 2344 2328 fuisse
2359 2270 2764 2344 compositam.
2787 2271 3059 2330 Nostram
3091 2271 3444 2328 sententiam
3457 2272 3816 2328 conﬁrmat

2159 2360 2358 2432 Lupus
2369 2360 2710 2432 Protospata
2719 2364 2776 2416 et
2793 2361 3045 2417 Robertu
3054 2379 3081 2417 s
3095 2360 3516 2429 Salernitanus,
3541 2365 3814 2432 auctores

2163 2447 2488 2516 domestici,
2521 2449 2622 2522 qui
2654 2447 2921 2506 scribunt
2961 2448 3178 2506 bellum
3229 2449 3542 2524 Rogerium
3570 2449 3724 2506 inter
3755 2453 3818 2505 et

2164 2538 2569 2594 Boamundum
2592 2538 2826 2597 Roberti
2850 2537 3002 2595 ﬁlios
3021 2539 3308 2596 exarsisse
3331 2557 3485 2595 anno
3516 2539 3674 2608 1088,
3703 2555 3816 2595 nec

2163 2631 2359 2683 tamen
2398 2627 2670 2683 assentiri
2719 2643 2961 2700 possum
3005 2627 3335 2702 Peregrinio
3385 2625 3710 2701 suspicanti
3751 2627 3814 2684 in

2165 2715 2648 2788 castigationibus
2678 2717 2752 2773 ad
2783 2717 3014 2788 Lupum
3044 2715 3252 2774 initam
3281 2717 3445 2774 illam
3477 2717 3659 2774 fuisse
3679 2733 3818 2774 con-

2167 2804 2425 2862 cordiam
2455 2804 2656 2883 inipso
2677 2804 2921 2862 concilio
2956 2805 3418 2878 Melphitano.Ea
3438 2805 3618 2876 enim,
3649 2810 3718 2861 ut
3745 2821 3820 2862 ex

2168 2893 2374 2951 Leonis
2398 2895 2724 2967 fragmento
2745 2897 2995 2963 constat,
3029 2894 3445 2952 interveniente
3460 2887 3678 2952 Urbani
3710 2895 3819 2950 ab-

2169 2982 2351 3039 sentis
2380 2983 2569 3057 legato
2591 2984 2743 3040 facta
2772 2987 2880 3051 est,
2913 3001 3028 3042 non
3051 2983 3294 3056 proinde
3314 2984 3372 3040 in
3395 2983 3642 3042 concilio
3671 2981 3818 3040 Mel-

2171 3069 2432 3144 phitano.
2455 3072 2548 3128 cui
2571 3071 2840 3128 Urbanus
2861 3072 2986 3146 ipse
3008 3089 3264 3146 prmeens
3292 3073 3494 3130 aderat
3528 3075 3587 3130 et
3614 3071 3820 3146 pressi-

2170 3161 2362 3218 debat.
2398 3161 2522 3217 Non
2555 3160 2769 3218 idcirco
2791 3165 2994 3218 tamen
3024 3161 3270 3218 dixerim
3302 3178 3502 3234 pacem
3520 3161 3686 3218 illam
3711 3159 3818 3217 diu

418 3252 796 3328 prosequitur
845 3269 859 3310 :
910 3251 1176 3308 Henricus
1212 3252 1337 3324 jam
1379 3251 1685 3306 adolescens
1727 3265 1874 3305 anno
1923 3245 2064 3304 i089
2102 3317 2138 3328 Α
2173 3254 2309 3306 ante
2325 3249 2863 3306 conciliuminitam
2881 3250 3241 3316 fuisse.0uin
3259 3249 3822 3324 potiusineoponti-

420 3317 822 3400 transmittitur
839 3359 874 3398 a
889 3357 1036 3414 papa
1069 3317 1284 3399 Urbano
1305 3341 1373 3407 II,
1406 3347 1466 3396 ut
1490 3355 1683 3412 pacem
1725 3341 1874 3394 ineat
1923 3339 2068 3393 inter
2096 3317 2139 3385 Ο
2176 3337 2302 3394 ﬁcis
2320 3342 2378 3394 et
2395 3339 2630 3395 Patrum
2649 3339 2992 3395 auctoritate
3011 3317 3412 3396 conﬁrmatam
3437 3317 3823 3396 fuisseliben-

423 3433 716 3503 Ragerium
731 3435 786 3488 et
818 3430 1197 3487 Boamundum
1239 3432 1462 3502 fratres,
1496 3427 1868 3484 contendentes
1885 3427 1951 3483 de
1970 3443 2064 3482 re-

418 3538 525 3595 gno
573 3521 848 3579 Oahbrix
885 3528 938 3577 et
978 3520 1194 3593 Apuliae
1241 3524 1362 3592 post
1401 3518 1610 3575 obitum
1630 3519 1810 3590 patris
1841 3517 2064 3574 Roberti

413 3611 700 3668 Guiscardi
742 3627 766 3673 ,·
813 3627 847 3667 a
893 3611 1092 3684 quibus
1136 3610 1461 3666 constitutus
1517 3609 1726 3664 arbiter
1773 3614 1827 3664 el
1861 3607 2058 3680 judex,

404 3703 616 3776 aequali
641 3701 795 3758 lance
813 3715 1044 3773 regnum
1061 3698 1269 3756 divisit.
1291 3697 1422 3755 Inde
1458 3698 1538 3754 ad
1572 3699 1849 3755 Urbanum
1872 3696 2055 3766 rediit,

403 3796 465 3848 ut
484 3791 549 3847 de
571 3791 730 3863 felici
747 3790 1016 3858 legatione
1045 3790 1317 3843 rationem
1344 3786 1608 3843 redderet.

475 3877 743 3936 Meminit
770 3876 947 3933 etiam
971 3875 1290 3932 Gaufridus
1322 3874 1632 3930 Malaterra
1657 3873 1804 3930 libro
1819 3890 1893 3938 iv,
1927 3889 2051 3944 cap.

409 3965 756 4038 10,alicujus
771 3961 1161 4021 dissensionis
1181 3979 1309 4036 quae
1330 3963 1484 4018 inter
1506 3962 1818 4034 Rogerium
1839 3966 1896 4017 et
1912 3962 2054 4017 Boa-

411 4055 726 4120 mundum,
755 4056 886 4126 post
915 4052 1148 4109 Roberti
1181 4068 1386 4108 eorum
1430 4050 1614 4124 patris
1643 4051 1892 4120 obitum,
1927 4055 2057 4106 orta

407 4142 797 4214 adbiennium
813 4157 1001 4214 usque
1017 4140 1374 4213 perduravit.
1405 4141 1516 4197 Sed
1533 4139 1838 4196 cumidem
1855 4142 2057 4195 auctor

407 4233 594 4308 capite
625 4231 893 4305 sequenti
922 4230 1166 4287 innuero
1193 4229 1460 4287 videatur
1487 4229 1598 4286 hoc
1620 4227 1953 4298 dissidium,
1981 4227 2054 4284 de

409 4340 525 4398 quo
540 4319 800 4398 loquitur
813 4335 967 4376 anno
984 4319 1144 4386 1086,
1168 4317 1478 4392 utriusque
1506 4317 1786 4391 principis
1811 4317 2053 4374 ﬁdelium

407 4397 636 4470 consilio
665 4397 846 4466 fuisse
865 4409 1278 4480 compositum,
1313 4406 1558 4464 nonnuli
1591 4405 1836 4462 fortasse
1855 4405 2050 4462 existi-

409 4501 658 4558 mabunt
685 4496 1030 4557 Gaufridum
1061 4497 1134 4554 de
1161 4495 1234 4552 iis
1258 4513 1386 4569 quae
1417 4499 1550 4552 ante
1572 4493 1786 4552 Urbani
1819 4494 2050 4568 pontiﬁ-

409 4593 604 4647 catum
653 4585 1035 4660 contigerant,
1087 4585 1338 4642 Leonem
1389 4600 1522 4640 vero
1571 4584 1644 4640 de
1691 4582 1871 4640 altera
1901 4583 2054 4640 inter

2170 3428 2259 3481 ter
2281 3442 2694 3495 asseverarem,
2723 3426 2838 3483 nisi
2863 3427 2974 3483 Leo
3001 3443 3069 3483 ea
3117 3427 3188 3484 de
3210 3444 3272 3484 re
3305 3427 3362 3482 in
3391 3427 3628 3482 laudato
3657 3426 3818 3500 frag-

2169 3519 2366 3572 mento
2397 3514 2675 3572 siluisset.

2169 3621 2306 3678 LW.
2361 3624 2674 3680 Concilium
2733 3621 3152 3695 Melphitanum.
3208 3625 3340 3695 Ejus
3386 3632 3638 3680 canbnes.
3690 3624 3820 3681 Alia

2237 3698 2462 3750 statuta.
2496 3727 2565 3735 —
2611 3696 2674 3750 In
2720 3695 2822 3750 hac
2849 3694 3053 3766 synodo
3078 3694 3339 3764 Rogerius
3365 3695 3653 3765 ﬁtsancta!
3669 3696 3818 3753 sedis

2239 3767 2480 3837 ligius,et
2503 3767 2677 3821 mitra
2705 3771 2866 3823 Petro
2913 3766 3103 3822 abbati
3130 3766 3312 3822 datur.

2236 3870 2383 3926 Illud
2417 3870 2727 3928 concilium
2751 3871 2986 3928 ineunte
3014 3876 3296 3929 autumno
3353 3874 3654 3946 praesentis
3677 3875 3827 3930 anni

2165 3959 2436 4016 Urbanus
2467 3959 2780 4017 celebravit
2807 3961 2964 4034 apud
2994 3960 3310 4033 Melphiam
3332 3961 3558 4036 Apuliae
3582 3962 3817 4036 urbem,

2163 4047 2256 4103 cui
2287 4047 2544 4121 episcopi
2575 4049 2951 4122 septuaginta
2987 4066 3121 4106 cum
3161 4051 3467 4107 duodecim
3501 4051 3820 4111 abbatibus

2162 4136 2500 4194 interfuisse
2519 4137 2824 4208 dicuntur;
2851 4139 2966 4195 huc
2995 4139 3588 4207 convenientibus,ati
3605 4141 3821 4200 scribit

2165 4227 2366 4299 Lupus
2399 4227 2743 4300 Protospata
2772 4227 2832 4284 in
2863 4227 3170 4294 Chronico,
3215 4228 3494 4286 omnibus
3525 4229 3826 4304 episcopis

2157 4315 2588 4389 Apuliensium,
2619 4316 3001 4373 Calabrorum
3033 4320 3091 4372 et
3121 4317 3476 4386 Brutiorum,
3496 4335 3630 4374 cum
3663 4321 3819 4378 duce

2162 4405 2407 4477 Rogerio
2447 4411 2505 4462 et
2545 4405 2836 4463 universis
2865 4405 3181 4463 comitibus
3209 4406 3428 4479 Apuliae
3455 4411 3513 4463 et
3535 4406 3821 4467 Calabriae

2159 4511 2227 4551 ac
2257 4495 2507 4552 aliarum
2538 4495 2992 4569 provinciarum.
3028 4496 3145 4552 Hoc
3177 4500 3360 4567 est,ut
3389 4497 3534 4552 forte
3565 4500 3823 4556 nonnul-

2161 4583 2234 4641 lis
2283 4584 2595 4654 videbitur,
2641 4581 2957 4642 concilium
3007 4585 3164 4657 quod
3212 4583 3518 4644 Bertoldus
3555 4587 3629 4643 ad
3659 4585 3826 4648 hunc

408 4680 617 4736 fratres
633 4674 1006 4734 altercatione
1022 4690 1198 4748 quam
1213 4672 1430 4730 Urbani
1450 4672 1678 4746 legatus
1701 4671 2050 4744 composuit,
2085 4689 2132 4756 Ι)
2163 4690 2384 4730 annum
2405 4675 2720 4746 generalem
2745 4673 3018 4746 synodum
3058 4675 3162 4730 115
3191 4675 3566 4747 episcoporum
3612 4677 3818 4750 appel-

408 4767 738 4842 scripsisse.
771 4767 841 4824 At
873 4767 1190 4837 utrumque
1233 4765 1528 4818 auctorem
1551 4762 1620 4818 de
1641 4778 1758 4818 uno
1779 4763 2050 4817 eteodem

406 4855 582 4926 bello,
601 4856 758 4929 quod
777 4854 994 4912 Urbani
1008 4858 1270 4925 tempore
1284 4849 1437 4907 inter
1451 4867 1550 4906 eos
1574 4851 1865 4924 principes
1887 4867 2048 4906 exar-

409 4945 512 5013 sit,
560 4944 745 5002 fuisse
789 4943 1073 5010 locutum,
1124 4937 1294 4997 facile
1333 4939 1790 4996 demonstratur.
1825 4939 2049 4997 Etenim

410 5037 800 5108 praeterquam
815 5031 972 5105 quod
992 5045 1163 5086 nemo
1175 5027 1383 5084 dixerit
1398 5029 1549 5084 inter
1571 5028 1801 5086 Roberti
1826 5028 2050 5085 obitum

406 5123 509 5198 qui
539 5139 695 5180 anno
717 5117 1542 5192 {085,menseJulio,contigit,
1574 5123 1862 5174 etannum
1891 5120 2050 5186 1086,

407 5211 712 5270 biennium
741 5209 1163 5274 intercessisse,
1215 5206 1531 5264 Gaufridus
1561 5207 1684 5281 ipse
1705 5207 2050 5280 scrupulum

409 5318 644 5360 omnem
668 5297 1048 5366 removet,ubi
1065 5295 1350 5368 ait,bujus
1368 5295 1526 5370 pacis
1542 5297 1789 5370 gratiam
1813 5297 2050 5352 Barium

411 5391 750 5448 Boamundo
777 5388 1056 5446 cessisse:
1105 5391 1329 5442 certum
1360 5385 1579 5460 quippe
1609 5390 1698 5442 est
1725 5403 1796 5443 ex
1825 5387 2050 5443 Joanne

411 5480 822 5537 archidiacono
845 5477 1107 5545 Barcnsi,
1131 5476 1230 5549 qui
1250 5479 1389 5531 tunc
1405 5476 1685 5548 temporis
1699 5475 1758 5532 in
1783 5475 1900 5531 illis
1918 5491 2050 5547 par-

407 5569 566 5626 tibus
581 5567 1148 5636 vivebat,Barensem
1172 5565 1375 5620 urbem
1398 5563 1572 5636 paulo
1601 5569 1736 5620 ante
1759 5564 2045 5636 synodum

409 5657 850 5731 Melphitanam,
885 5653 1140 5712 cuianno
1165 5653 1302 5710 1089
1327 5653 1556 5726 praefuit
1577 5653 1906 5718 Urbanus,e
1937 5651 2046 5708 Ro-

407 5746 549 5820 gerii
583 5749 870 5821 potestate
920 5745 979 5800 in
1024 5741 1352 5800 Boamundi
1384 5742 1512 5814 ejus
1543 5741 1739 5798 fratris
1769 5739 2050 5800 ditionem

2161 4762 2328 4832 lat,in
2358 4779 2474 4836 qua
2493 4763 2764 4820 Urbanus
2799 4779 3042 4820 suorum
3071 4764 3563 4836 praedecessorum
3594 4768 3824 4824 statuta

2161 4851 2502 4908 auctoritate
2531 4851 2848 4924 apostolica
2881 4853 3269 4909 conﬁrmavit.
3311 4854 3658 4926 Quanquam
3689 4853 3817 4925 alii,

2163 4947 2220 4998 et
2240 4941 2500 5014 quidem,
2521 4944 2586 4997 ut
2612 4941 2912 4998 fatendum
2934 4945 3046 5008 est,
3078 4955 3194 4998 non
3211 4941 3435 5015 absque
3451 4941 3648 5014 aliquo
3677 4959 3816 5016 pro-

2163 5029 2341 5086 babili
2373 5029 2776 5098 fundamento,
2811 5030 3102 5104 synodum
3146 5047 3184 5088 a
3213 5031 3484 5088 Bertoldo
3512 5030 3822 5092 laudatam

2164 5120 2356 5174 Romae
2389 5117 2649 5174 habitam
2682 5117 2866 5176 fuisse
2913 5119 3136 5187 volunt,
3189 5123 3255 5176 ut
3285 5137 3488 5193 supra,
3519 5136 3682 5176 num.
3721 5123 3817 5194 43,

2161 5206 2671 5264 diximus.Conditi
2703 5208 2922 5265 suntin
2945 5209 3055 5266 hac
3086 5208 3447 5282 Melphitana
3467 5209 3685 5282 synodo
3716 5227 3818 5268 ca~

2162 5313 2343 5352 nones
2365 5295 2656 5353 sexdecim
2675 5296 2734 5354 in
2759 5298 2976 5369 quibus
3000 5297 3680 5371 praeclara,potissimum
3712 5300 3819 5356 ad-

2158 5400 2362 5441 versus
2379 5383 2700 5443 Simoniam
2721 5390 2779 5443 et
2797 5385 3280 5444 incontinentiam
3298 5385 3660 5455 clericorum,
3694 5391 3821 5445 sta-

2158 5477 2287 5530 tuta
2303 5474 2693 5532 continentur.
2726 5475 3067 5534 Decernitur
3088 5477 3265 5533 etiam
3283 5477 3454 5550 cujus
3467 5476 3655 5533 aetatis
3681 5491 3816 5535 esse

2157 5564 2406 5620 debeant
2425 5565 2800 5635 promovendi
2837 5565 2909 5621 ad
2953 5565 3188 5622 ordines
3228 5581 3445 5634 sacros,
3481 5565 3654 5639 quive
3689 5565 3816 5624 sint

2156 5653 2226 5708 ab
2242 5651 2314 5709 iis
2331 5650 2650 5725 repellendi
2672 5672 2686 5723 ;
2705 5657 2832 5710 tum
2859 5653 3244 5726 prohibentur
3262 5653 3490 5710 clericis
3519 5658 3710 5710 vestes
3725 5654 3814 5711 in-

2165 5741 2384 5799 decorae
2397 5745 2454 5798 et
2470 5741 2796 5813 saeculares,
2829 5741 3231 5817 nonnullaque
3245 5737 3359 5800 alia
3372 5747 3715 5801 statuuntur
3742 5744 3817 5803 de
