3972 6370
168 424 255 489 57

1771 423 1988 494 “TA.

3495 414 3591 488 δα

174 562 672 641 monasteriorum
698 561 901 623 bonis:
921 561 1175 638 denique
1194 565 1510 623 monentur
1538 559 1817 640 episcopi,
1846 571 1905 642 Α
1930 563 2055 635 vit;
2095 564 2148 621 et
2198 565 2387 621 tamen
2440 559 2557 639 ejus
2583 559 2951 648 sacerdotalis
2979 561 3167 624 mitrae
3194 579 3376 637 usum,
3407 563 3578 626 etiam

173 662 239 715 ut
259 674 297 714 a
317 655 483 713 falsis
512 655 871 729 pcenitentiis
892 658 1181 713 caveatur.

242 750 533 803 Preterea
548 743 808 803 Joannes
826 744 1108 803 diaconus
1124 744 1441 802 cardinalis
1458 748 1514 802 et
1546 744 1826 802 cancella-

172 835 303 892 rius
326 835 604 892 Romanae
620 834 909 905 Ecclesiae,
940 834 1001 891 in
1035 834 1286 908 epistola
1301 835 1373 891 ad
1403 835 1678 891 abbatem
1701 834 1823 890 Mo-

170 926 543 991 lismensem,
566 943 695 1000 quae
718 925 776 981 in
798 926 1108 982 Labbeana
1124 926 1376 982 editione
1397 925 1578 997 hujus
1594 924 1824 981 concilii

172 1012 500 1073 canonibus
512 1012 1284 1089 subjungitur,nonnullade
1294 1032 1360 1072 eo
1373 1014 1615 1071 concilio
1628 1013 1826 1082 habet,

172 1123 304 1180 quae
323 1102 519 1177 prima
539 1105 727 1160 fronte
748 1104 807 1159 in
838 1103 1088 1178 vulgatis
1108 1102 1236 1176 ejus
1270 1104 1593 1160 canonibus
1625 1104 1826 1159 viden-

172 1200 275 1250 tur
294 1192 619 1251 desiderari
653 1197 752 1251 :ut
780 1193 1021 1259 scilicet,
1051 1209 1176 1265 quae
1218 1210 1387 1267 usque
1415 1193 1487 1248 ad
1526 1192 1672 1248 istud
1699 1208 1826 1249 con-

171 1287 372 1342 cilium
398 1301 498 1357 per
520 1284 800 1357 principes
846 1285 977 1340 data
1010 1287 1356 1342 monasteriis
1390 1287 1634 1357 fuerant,
1666 1282 1830 1354 ﬁrma

170 1379 225 1431 et
256 1364 473 1446 ituegra
500 1375 618 1431 illis
638 1383 1038 1446 permanerent,
1069 1383 1121 1430 et
1147 1375 1211 1430 de
1248 1379 1440 1431 caetero
1478 1375 1701 1430 abbatcs
1759 1375 1828 1427 ab

174 1461 495 1536 hujusmodi
512 1463 969 1535 acquisitionibus
999 1462 1333 1519 abstinerent
1365 1481 1384 1519 :
1410 1479 1547 1535 quo,
1582 1462 1665 1517 uti
1698 1478 1827 1534 pro-

175 1549 470 1627 sequitur,
493 1555 977 1625 temperamento,
1005 1560 1059 1608 et
1114 1552 1333 1609 abbates
1363 1550 1431 1609 ab
1477 1553 1832 1609 ecclesiarum

176 1643 562 1701 invasionibus
614 1644 1016 1707 abstinuerunt,
1046 1647 1099 1698 et
1154 1643 1389 1714 episcopi
1438 1659 1554 1699 non
1606 1644 1829 1698 omnino

173 1734 421 1807 spoliare
445 1733 778 1790 nwnasteria
808 1732 1110 1789 voluerunt.
1141 1731 1251 1788 Sed
1283 1730 1378 1787 his
1428 1729 1621 1787 verbis
1679 1730 1828 1786 nihil

177 1822 341 1881 aliud
358 1820 620 1879 indicare
634 1818 819 1877 voluit
831 1821 1112 1889 Joannes,
1131 1838 1310 1894 quam
1330 1838 1398 1876 ea
1428 1838 1555 1893 quae
1580 1821 1634 1875 in
1657 1838 1829 1876 cano-

177 1911 359 1969 nibus
374 1910 586 2010 quinto
606 1912 665 1967 et
686 1914 846 2010 sexto
868 1908 1097 2010 concilii
1119 1909 1441 1966 constituta
1471 1908 1698 1965 fuerant
1726 1908 1828 1966 ad-
1864 1940 1912 2010 Β

176 2012 387 2061 versus
409 1998 677 2067 abbates,
696 1998 798 2072 qui
815 1998 1192 2056 ecclesiarum
1216 2000 1368 2054 bona
1392 1998 1536 2071 ipsis
1558 1998 1694 2054 data
1707 1999 1834 2055 abs-

179 2107 297 2164 que
318 2087 732 2163 episcoporum
745 2105 1035 2144 consensu
1058 2087 1314 2160 recipere
1328 2105 1444 2143 non
1460 2088 1829 2144 verebantur.

178 2179 357 2237 Aliud
410 2179 551 2235 item
599 2178 780 2250 hujus
836 2176 1067 2233 concilii
1106 2174 1394 2232 statutum
1428 2177 1603 2233 refert
1632 2178 1833 2251 Lupus

178 2270 547 2342 Protospata,
571 2267 730 2341 quod
763 2266 823 2323 in
853 2264 1175 2323 canonibus
1194 2265 1448 2339 vulgatis
1471 2283 1586 2323 non
1618 2267 1834 2323 inveni-

181 2363 301 2428 tur,
332 2364 396 2416 ut
424 2350 647 2417 scilicet
689 2361 883 2413 sancta
910 2355 1088 2412 trevia
1114 2356 1444 2412 retineretur
1483 2356 1551 2411 ab
1581 2356 1835 2412 omnibus

180 2449 439 2522 subjectis
468 2467 489 2503 :
514 2446 732 2520 quibus
761 2444 953 2502 verbis
983 2445 1302 2519 signiﬁcari
1330 2445 1638 2502 contendit
1666 2446 1833 2503 Pere-

182 2538 417 2611 grinius
445 2536 817 2594 concordiam
836 2535 988 2590 inter
1007 2530 1321 2609 Rogerium
1336 2537 1401 2591 et
1422 2536 1833 2592 Boamundum

183 2628 396 2685 fratres
414 2626 640 2694 initam,
664 2625 737 2683 de
752 2641 868 2697 qua
880 2625 1152 2697 superius
1173 2622 1428 2681 diximus
1450 2644 1463 2693 ;
1489 2625 1835 2698 cuiquidem

184 2715 490 2775 sententia
510 2706 668 2772 haud
689 2712 1042 2786 refragabor,
1058 2712 1109 2769 si
1131 2710 1252 2769 haec
1282 2713 1419 2786 Lupi
1442 2712 1614 2770 verba
1640 2713 1710 2770 de
1731 2714 1834 2770 fm-

182 2804 515 2864 derisillius
527 2807 701 2862 antea
710 2792 861 2877 pacti
875 2802 1314 2859 confirmatione
1327 2807 1384 2859 et
1396 2820 1571 2858 manu
1580 2805 1835 2860 tentione

186 2894 611 2967 intelligantur.

258 2985 322 3041 In
350 2984 562 3041 eadem
594 2983 817 3056 synodo
836 2982 951 3038 dua:
980 2982 1260 3052 Rogerius,
1314 2986 1464 3038 teste
1508 2976 1835 3038 Romualdo

187 3072 627 3147 archiepiscopo
657 3070 1042 3138 Salernitano,
1068 3072 1234 3143 ligius
1271 3062 1488 3126 Urbani
1510 3073 1687 3143 factus
1705 3087 1834 3141 pro-

186 3164 338 3219 misit
375 3163 513 3235 jure
547 3160 812 3234 jurando,
855 3178 910 3217 se
954 3163 1304 3216 servaturum
1360 3159 1521 3230 ﬁdem
1581 3157 1837 3216 Romanae
1865 3198 1883 3215 .

1931 662 2159 726 rogante
2182 666 2348 727 papa,
2375 654 2711 727 contempsit
2728 650 2934 711 Eidem
2947 659 3151 712 sancto
3162 652 3287 712 viro
3304 654 3587 733 Urbanus.

1932 742 2241 819 imperavit
2255 749 2320 799 ut
2337 743 2564 800 modico
2584 743 2717 801 vino
2744 747 3024 815 uteretur,
3046 747 3201 818 quod
3221 746 3291 801 ob
3316 744 3581 804 debilita-

1932 840 2059 891 tum
2092 835 2330 892 omnino
2354 832 2723 891 stomachum
2744 853 2945 893 vocem
2972 853 3118 909 pene
3162 837 3480 907 amisisset,
3514 840 3593 893 ut

1937 927 2135 981 narrat
2180 925 2335 980 idem
2366 927 2587 993 auctor,
2622 929 2681 980 et
2710 928 2844 997 post
2873 942 3006 981 eum
3036 929 3202 983 vetus
3234 930 3404 1000 poeta
3434 928 3595 983 ano-'

1935 1031 2149 1088 nymus
2190 1014 2345 1086 apud
2370 1012 2674 1087 Ughellum
2697 1017 2855 1071 tomo
2884 1014 2982 1070 VII
3010 1016 3186 1072 Italia:
3217 1033 3394 1073 sacrm
3433 1015 3580 1074 rela-

1936 1108 2074 1162 tus:
2106 1104 2230 1160 haec
2255 1107 2383 1162 erat
2423 1104 2608 1160 nostri
2662 1103 2955 1176 pontiﬁcis
3008 1106 3288 1163 adversus
3346 1110 3581 1164 sanctos

1937 1195 2090 1251 viros
2111 1194 2366 1251 charitas
2391 1199 2448 1251 et
2464 1192 2823 1268 sollicitudo,
2835 1196 3070 1252 Petrum
3083 1213 3212 1252 vero
3227 1194 3581 1270 Melpbitano

1938 1285 2181 1342 concilio
2211 1283 2543 1340 interfuisse
2577 1283 2862 1341 discimus
2892 1302 2961 1342 ex
3014 1285 3142 1357 ipso
3193 1282 3446 1357 Urbano,
3479 1284 3581 1360 qui

1936 1373 1996 1429 in
2018 1375 2246 1431 decreto
2270 1373 2328 1429 in
2350 1391 2529 1430 causa
2547 1373 2815 1455 Curensis
2853 1375 3192 1432 monasterii
3224 1393 3290 1432 eo
3321 1380 3581 1451 tempore

1936 1463 2053 1535 lato
2072 1466 2320 1520 testatur
2330 1462 2604 1520 Alfenum
2628 1463 3063 1521 Salernitanum
3077 1464 3580 1541 archiepiscOpum

1938 1558 1996 1609 et
2026 1553 2336 1609 Pertanum
2366 1552 2702 1626 episcopum
2738 1553 3017 1610 adversus
3056 1553 3293 1610 Petrum
3326 1546 3581 1629 conque-

1939 1647 2060 1699 stos
2090 1642 2272 1698 fuisso
2310 1642 2464 1715 quod
2490 1641 2715 1715 aliquot
2747 1643 3123 1711 monasteria,
3158 1660 3283 1715 quae
3315 1644 3387 1701 ad
3412 1640 3581 1718 ipsos

1940 1732 2330 1805 pertinebant,
2354 1731 2663 1788 invasisset
2682 1750 2695 1788 :
2716 1747 2889 1804 quam
2910 1748 3145 1788 causam
3168 1726 3397 1789 concilii
3427 1737 3579 1790 tem-

1940 1838 2077 1894 pore
2099 1837 2232 1877 cum
2270 1820 2328 1876 in
2370 1837 2479 1876 sua
2504 1836 2755 1889 camera,
2781 1819 3193 1876 assistentibus
3218 1818 3329 1877 sibi
3359 1821 3583 1896 aliquot

1940 1909 2249 1983 episcopis,
2268 1909 2638 1983 expendisset
2658 1908 2937 1981 pontifex,
2961 1910 3287 1967 secundum
3304 1898 3584 1968 Carenses

1940 1999 2362 2073 pronuntiavit,
2395 2002 2461 2056 ut
2486 1999 2612 2070 ipse
2642 2002 2893 2055 testatur
2923 1998 2981 2054 in
3037 1997 3273 2055 laudato
3331 2000 3582 2068 decreto,

1941 2087 2095 2161 quod
2127 2105 2195 2145 ex
2225 2087 2456 2144 archivo
2496 2087 2735 2145 Carensi
2777 2087 3137 2161 descriptum
3195 2080 3583 2146 exhibebitur.

2011 2178 2310 2251 Synodum
2342 2175 2763 2250 Melpbitanam
2794 2194 2948 2234 anno
2980 2178 3137 2246 1089,
3166 2177 3590 2251 consignarunt

1939 2265 2324 2322 vetustissimi
2339 2284 2411 2339 qu
2421 2266 2556 2339 ique
2569 2266 3077 2339 auctores,quibus
3090 2266 3589 2326 consensitbrevis

1941 2356 2201 2428 praefatio
2225 2356 2353 2424 eius
2375 2356 2702 2412 canonibus
2723 2350 2898 2412 etiam
2936 2355 2994 2411 in
3038 2356 3163 2412 cod.
3195 2374 3306 2414 ms.
3327 2357 3585 2430 praefixa,

1943 2462 2047 2502 nec
2065 2444 2186 2501 ulla
2211 2449 2365 2502 esset
2394 2462 2462 2501 ea
2487 2445 2559 2501 de
2583 2462 2646 2501 re
2675 2444 3017 2515 difﬁcultas,
3052 2445 3167 2502 nisi
3199 2442 3486 2505 Baronius
3532 2438 3591 2504 et

1944 2534 2207 2608 plerique
2238 2535 2588 2592 recentiores
2618 2551 2747 2591 eam
2773 2535 2845 2590 ad
2877 2552 3099 2591 annum
3131 2532 3472 2608 sequentem
3506 2553 3589 2593 re-

1942 2641 2149 2679 vocare
2181 2624 2371 2680 conati
2409 2625 2697 2692 fuissent;
2734 2624 2959 2695 decepti
2992 2623 3194 2696 procul
3247 2622 3425 2680 dubio
3482 2644 3587 2680 au-

1944 2712 2209 2769 ctoritate
2239 2706 2550 2769 Romualdi
2582 2710 2954 2781 Salernitani,
2988 2713 3110 2785 qui,
3145 2718 3211 2769 ut
3252 2713 3398 2785 ipsis
3426 2713 3587 2781 vide-

1943 2807 2061 2867 tur,
2097 2802 2249 2857 hanc
2279 2802 2564 2875 synodum
2598 2801 2670 2857 ad
2721 2818 2942 2857 annum
2974 2802 3114 2857 1090
3144 2801 3369 2865 ι-θιιιιὶῐ.
3393 2790 3466 2858 At
3492 2820 3586 2859 ve-

1945 2908 2093 2959 reor,
2109 2891 2222 2948 nisi
2245 2890 2554 2948 sitlibrarii
2578 2894 2858 2956 erratum,
2883 2895 2948 2947 ut
2979 2891 3311 2963 suspicatur
3330 2882 3588 2966 Peregri-

1946 2980 2101 3045 nius,
2126 2997 2199 3037 ne
2234 2983 2500 3037 auctores
2527 2979 2609 3035 illi
2632 2976 2763 3036 falsi
2792 2974 3005 3035 fuerint
3036 2995 3105 3035 ex
3136 2976 3309 3035 modo
3341 2972 3587 3052 compu-

1944 3068 2107 3125 tandi
2141 3085 2313 3143 quem
2339 3066 2601 3142 plerique
2621 3069 2749 3141 ejus
2778 3068 3062 3141 temporis
3093 3071 3360 3124 auctores
3392 3069 3448 3123 in
3469 3066 3587 3125 illis

1946 3156 2241 3215 ulterioris
2271 3157 2446 3215 Italiae
2477 3154 2814 3230 regionibus
2843 3154 3119 3213 adhibere
3168 3155 3436 3213 solebant
3463 3175 3476 3214 :
3506 3152 3588 3214 illi

190 3253 520 3309 Ecclesiaet
549 3250 725 3307 eidem
740 3266 901 3323 papae
918 3250 1142 3322 ejusque
1161 3247 1556 3305 successoribus
1580 3250 1839 3305 canonice
1878 3310 1910 3323 Δ
1948 3246 2105 3302 enim
2140 3264 2362 3303 annum
2391 3244 2672 3303 inchoent
2699 3263 2834 3303 cum
2893 3246 3208 3303 indictione
3265 3242 3593 3302 Romanas.

194 3340 574 3407 intrantibus;
595 3343 649 3399 et
675 3310 876 3411 accepit
894 3310 992 3411 per
1020 3310 1282 3396 vexillum
1314 3338 1382 3393 ab
1403 3353 1461 3393 eo
1491 3345 1696 3394 terram
1715 3353 1841 3392 cum
1868 3310 1911 3384 α
1950 3353 2151 3393 mense
2187 3336 2513 3410 Septembri
2537 3354 2551 3405 ;
2583 3334 2666 3392 ita
2713 3338 2778 3392 ut
2831 3333 3134 3409 vulgarem
3185 3332 3476 3392 calculum
3528 3334 3589 3392 in

192 3428 416 3486 ducatus
434 3425 1307 3486 honore.ConsentitPtolomeus
1323 3426 1597 3483 Lucensis
1616 3426 1673 3482 in
1691 3425 1839 3484 libro

195 3504 272 3574 De
289 3514 651 3593 genealogiis
671 3516 828 3573 edito
851 3532 886 3571 a
905 3514 1121 3583 Surita,
1145 3514 1243 3571 ubi
1268 3513 1474 3570 scribit
1494 3512 1604 3570 hoc
1648 3530 1840 3570 sacra-

196 3611 461 3665 mentum
478 3622 514 3661 a
534 3598 780 3679 Rogerio
800 3604 857 3660 in
877 3605 1098 3679 synodo
1138 3598 1496 3676 Melpbitana
1514 3603 1840 3676 praestitum

192 3696 396 3764 fuisse,
418 3696 519 3770 qui
538 3711 598 3751 se
626 3695 825 3765 ligium
853 3696 1128 3751 hominem
1156 3692 1409 3751 Ecclesiae
1455 3695 1728 3765 confessus
1765 3700 1845 3748 est

185 3802 281 3858 pro
304 3786 472 3842 terris
490 3783 729 3858 Apuliae.
754 3778 911 3840 Idem
924 3787 1129 3840 auctor
1145 3781 1332 3839 multa
1342 3779 1558 3838 ibidem
1581 3781 1842 3854 congerit

186 3876 255 3933 de
276 3872 513 3948 Rogerii
532 3872 1005 3939 successoribus,
1049 3872 1149 3946 qui
1187 3868 1446 3945 praestito
1496 3870 1617 3942 pari
1652 3887 1841 3927 sacra-

192 3966 391 4021 mento
422 3979 485 4020 se
529 3977 659 4019 esse
716 3960 982 4018 Ecclesiae
1036 3959 1393 4017 feudatarios
1457 3964 1836 4032 agnoverunt,

181 4068 451 4126 quosque
471 4051 776 4126 pontiﬁces
796 4049 987 4105 vexilli
1012 4048 1373 4122 porrectione
1388 4046 1669 4104 investire
1698 4064 1834 4103 con-

182 4145 513 4200 sueverant.
541 4140 844 4197 Urbanum
877 4142 934 4196 et
959 4137 1274 4213 Rogerium
1314 4135 1835 4210 conjunctissimos

179 4231 365 4289 fuisse
386 4233 566 4304 patet,
585 4230 741 4301 quod
766 4227 1262 4301 utriusquejussu
1303 4224 1649 4282 Guillelmus
1682 4227 1833 4297 Apu-

184 4320 387 4381 liensis
403 4336 498 4376 res
517 4318 1054 4374 Northmannorum
1075 4315 1346 4389 praeclare
1373 4314 1431 4371 in
1454 4314 1619 4371 Italia
1639 4318 1834 4388 gestas

182 4410 451 4468 versibus
478 4405 874 4480 descripserit,
908 4405 992 4463 uti
1042 4400 1168 4479 ipse
1198 4404 1363 4461 initio
1406 4405 1497 4461 sui
1530 4404 1720 4478 operis
1754 4408 1833 4461 te-

186 4502 401 4556 statur.

252 4585 710 4660 Pleriqueetiam
724 4584 1089 4642 contendunt
1112 4583 1168 4639 in
1188 4583 1298 4640 hac
1319 4582 1539 4654 synodo
1557 4582 1831 4657 contigis-

1953 3443 2241 3482 annorum
2272 3425 2673 3500 designatione
2703 3429 2955 3498 quatuor
2980 3424 3295 3491 mensibus
3327 3418 3590 3481 antever-

1948 3516 2097 3570 tant.
2112 3515 2215 3571 Sic
2242 3528 2569 3587 anonymus
2618 3513 2887 3571 Barensis
2918 3532 2953 3571 a
2985 3512 3315 3587 Peregrinio
3373 3502 3589 3584 editus,

1950 3602 2167 3675 aliique
2189 3602 2410 3676 passim
2446 3602 2681 3658 illarum
2711 3603 2967 3674 partium
2999 3603 3314 3675 scriptores
3369 3592 3589 3678 vulgati

1950 3708 2133 3747 annos
2156 3688 2471 3764 incipiunt;
2493 3709 2640 3764 quos
2653 3692 2702 3746 si
2724 3690 2817 3746 hic
2841 3691 3109 3746 imitatus
3135 3686 3593 3747 fueritRomual-

1948 3781 2084 3848 dus,
2105 3783 2172 3835 ut
2188 3779 2422 3853 quidem
2444 3796 2579 3836 vero
2607 3777 2797 3836 simile
2818 3783 2925 3849 est,
2949 3774 3176 3835 differre
3198 3772 3482 3848 dicendus
3504 3783 3594 3837 est

1949 3887 1984 3926 a
2003 3870 2227 3926 caeteris
2249 3869 2586 3925 auctoribus
2608 3869 2667 3925 in
2683 3868 3034 3943 assignanda
3053 3866 3231 3940 hujus
3243 3867 3447 3942 synodi
3462 3884 3593 3942 epo-

1949 3959 2077 4030 cha,
2107 3963 2304 4032 utpote
2352 3975 2477 4032 quae
2527 3961 2771 4016 exeunte
2803 3974 3002 4013 mense
3048 3952 3399 4029 Septembri,
3432 3954 3592 4013 indi-

1947 4048 2136 4105 ctione
2156 4046 2582 4129 x1u,celebrata
2612 4047 2740 4104 fuit.
2758 4044 2973 4102 Verum
3008 4050 3154 4103 utut
3183 4046 3358 4103 fuerit
3377 4047 3448 4103 de
3478 4044 3589 4102 Ro-

1946 4137 2167 4194 mualdi
2198 4136 2490 4211 opinione,
2513 4141 2735 4194 certum
2769 4140 2859 4193 est
2914 4130 3066 4192 hanc
3117 4130 3404 4210 synodum
3436 4150 3591 4192 anno

1943 4227 2085 4283 1089
2138 4227 2398 4283 habitam
2457 4226 2660 4284 fuisse.
2693 4226 2854 4291 Quod
2912 4223 3128 4282 diserte
3183 4216 3403 4280 habent
3454 4241 3590 4280 cum

1944 4318 2105 4389 Lupo
2129 4317 2471 4388 Protospata
2487 4312 2584 4371 alii
2609 4316 2784 4372 etiam
2818 4318 3085 4383 auctores
3127 4312 3399 4387 aequales.
3432 4306 3590 4369 Nihil

1943 4405 2205 4479 apertius
2224 4400 2425 4461 haberi
2454 4422 2522 4462 ea
2551 4405 2622 4462 de
2653 4422 2714 4460 re
2744 4407 2954 4477 potest,
2989 4420 3166 4475 quam
3197 4396 3442 4460 Joannis
3472 4400 3591 4459 dia-

1944 4494 2070 4551 coni
2095 4499 2152 4550 et
2174 4490 2505 4550 cancellarii
2528 4492 2627 4566 qui
2663 4492 2801 4548 huic
2831 4490 3076 4549 concilio
3109 4491 3391 4561 interfuit,
3422 4493 3588 4549 testi-

1943 4582 2208 4641 monium
2239 4583 2297 4639 in
2329 4581 2575 4656 epistola
2604 4600 2779 4655 supra
2813 4581 3050 4638 laudata
3080 4582 3150 4638 ad
3187 4577 3592 4638 abbatemMo-

182 4695 264 4746 se,
284 4677 441 4753 quod
462 4677 534 4732 de
557 4676 723 4732 Petro
739 4675 949 4731 abbate
968 4673 1202 4730 Carensi
1254 4672 1475 4745 passim
1520 4673 1674 4746 apud
1707 4670 1831 4728 vul-
1865 4680 1910 4752 ο
1943 4671 2382 4737 lismensem,in
2428 4684 2546 4744 qua
2583 4670 2666 4728 sic
2705 4670 2915 4727 habet:
2950 4668 3192 4727 Secundo
3233 4673 3586 4744 pontiﬁcatus

184 4772 351 4842 gates
398 4768 672 4823 auctores
701 4764 935 4838 legitur,
980 4758 1284 4819 Urbanum
1344 4757 1567 4819 scilicet
1591 4762 1665 4828 ei,
1698 4779 1831 4818 cum

183 4856 336 4915 inter
348 4855 498 4914 alios
512 4853 744 4914 concilii
756 4852 956 4911 Patres
973 4852 1131 4909 nudo
1145 4852 1331 4924 capite
1344 4852 1831 4919 sederet,mitram

183 4946 438 5016 misisse,
455 4961 575 5019 qua
595 4943 871 5017 deinceps
887 4945 1168 4999 uteretur.
1184 4941 1259 4997 Et
1280 4940 1518 5014 quidem
1554 4940 1690 4996 licet
1711 4956 1826 4996 non

186 5037 328 5093 adeo
355 5038 604 5101 constet,
618 5050 736 5107 qua
764 5024 823 5090 id
846 5030 1149 5089 occasione
1181 5034 1282 5087 aut
1310 5022 1436 5087 loco
1464 5030 1685 5087 factum
1704 5026 1828 5087 fue-

186 5126 278 5194 rit,
300 5140 398 5183 res
423 5127 619 5180 tamen
642 5123 775 5196 ipsa
792 5120 1022 5178 videtur
1065 5138 1194 5178 esse
1217 5124 1398 5191 certa,
1420 5123 1620 5191 utpote
1651 5119 1832 5176 relata

189 5210 257 5271 ab
279 5229 571 5288 anonymo
601 5211 810 5289 abbate
838 5209 1160 5279 Venusino,
1190 5209 1246 5264 in
1272 5208 1534 5281 ejusdem
1557 5209 1709 5266 beati
1723 5208 1829 5265 viri

185 5302 332 5373 Vita,
364 5318 542 5376 quam
570 5294 748 5374 paulo
775 5303 909 5374 post
951 5298 1142 5372 ipsius
1194 5298 1417 5353 obitum
1459 5298 1826 5371 conscripsit.

186 5387 307 5449 Non
320 5392 620 5467 ingratum
656 5390 767 5446 erit
786 5390 915 5462 ejus
948 5389 1124 5447 verba
1155 5387 1270 5444 huc
1290 5388 1547 5460 proferre
1571 5405 1584 5443 :
1608 5390 1671 5443 In
1698 5405 1829 5461 syn-

184 5482 300 5549 odo,
330 5480 548 5554 inquit,
573 5480 625 5537 ei
642 5496 793 5537 more
810 5494 910 5536 suo
928 5474 1073 5535 nudo
1114 5478 1295 5551 capite
1315 5470 1598 5544 residenti,
1626 5485 1828 5534 sanctae

183 5572 455 5629 memoria
477 5586 628 5643 papa
661 5568 909 5627 Urbanus
946 5560 1316 5641 pontiﬁcalem
1363 5565 1606 5639 infulam
1650 5568 1827 5635 misit,

182 5677 345 5734 quam
371 5662 562 5733 utique
590 5660 676 5715 vir
703 5659 942 5727 Domini,
966 5662 1015 5715 et
1041 5674 1143 5730 pro
1171 5657 1662 5728 summipontiﬁcis
1680 5673 1822 5713 reve-

188 5752 360 5807 rentia
414 5748 809 5807 venerabiliter
860 5749 1083 5821 recepit,
1126 5751 1176 5803 et
1234 5746 1579 5818 ofﬁciossime
1624 5746 1827 5803 saltua-

1942 4765 2034 4819 sui
2060 4778 2205 4819 anno
2251 4761 2506 4817 dominus
2563 4768 2749 4816 noster
2796 4761 3045 4817 Urbanus
3095 4776 3242 4831 papa
3290 4756 3589 4815 concilium

1941 4853 2089 4926 apud
2139 4852 2429 4925 Melphiam
2476 4849 2689 4922 Apulia
2747 4849 2939 4904 urbem
2992 4847 3303 4905 celebravit.
3339 4848 3407 4905 Et
3455 4852 3590 4921 post

1942 4959 2127 5016 pauca
2160 4959 2172 4996 :
2205 4943 2313 4997 Hoc
2338 4955 2471 4996 sane
2497 4938 2792 4995 concilium
2834 4936 3227 5011 Melphitanum
3258 4936 3591 4995 celebratum

1938 5040 2016 5089 est
2054 5048 2199 5088 anno
2237 5030 2538 5087 Dominij
2582 5029 2986 5085 Incarnationis
3030 5026 3212 5092 1089;
3235 5044 3358 5101 quae
3405 5030 3592 5084 autem

1937 5122 2248 5186 scribimus,
2270 5123 2568 5193 praesentes
2588 5134 2686 5174 nos
2706 5126 2758 5175 et
2785 5117 3004 5174 audisse
3032 5122 3083 5174 et
3098 5118 3298 5174 vidisse
3323 5118 3579 5175 noscatis.

1940 5211 2097 5267 Idem
2130 5209 2340 5283 probat
2359 5208 2616 5264 Joannes
2648 5205 3097 5263 archidiaconus
3128 5204 3425 5275 Barensis,
3460 5204 3583 5280 qui,

1939 5300 2021 5356 uti
2046 5282 2233 5355 caeteri
2256 5300 2539 5362 auctores,
2568 5288 2803 5352 disertis
2822 5295 3016 5352 verbis
3052 5293 3204 5352 locat
3224 5282 3357 5351 Elite
3387 5292 3585 5353 archi-

1937 5387 2193 5463 episcopi
2212 5385 2727 5454 consecrationem,
2743 5402 2870 5458 quae
2887 5386 3014 5459 ipso
3027 5384 3259 5442 Urbano
3272 5389 3418 5443 teste
3434 5400 3587 5442 anno

1940 5480 2097 5547 1889,
2119 5492 2321 5532 mense
2368 5473 2622 5543 Octobri,
2654 5472 2947 5531 celebrata
2993 5478 3101 5542 est,
3136 5473 3397 5547 proxime
3453 5478 3587 5548 post

1938 5565 2248 5624 concilium
2270 5563 2716 5637 Melpbitanum.
2745 5564 2838 5620 Sic
2861 5562 3296 5638 enimloquitur
3316 5563 3374 5619 in
3393 5563 3586 5619 Histo-

1938 5656 2025 5713 ria
2072 5653 2424 5713 inventionis
2455 5654 2640 5711 sancti
2676 5653 2876 5710 Sabiui
2927 5654 3082 5727 apud
3142 5653 3459 5709 Baronium
3510 5652 3583 5707 ad

1946 5763 2167 5804 annum
2191 5745 2352 5814 1091,
2376 5749 2433 5803 et
2461 5742 2771 5816 Ughellum
2801 5748 2959 5819 tome
2989 5742 3092 5799 VII
3147 5740 3323 5799 Italiae
3359 5756 3534 5799 sacrae
3568 5758 3583 5799 :
