3972 6366
335 415 434 480 τ»
1636 415 1710 482 Β.
1755 417 1961 484 URBA

2099 419 2152 484 ΙΙ
2193 419 2448 482 ΡΑΡΛΕ.
3660 421 3750 489 ιο

335 561 555 616 iamsi
584 557 905 628 inscriptus
945 557 1055 614 est.
1089 553 1256 612 Hunc
1299 555 1616 624 utrumque
1675 566 1980 619 canonem,
2012 551 2068 620 Α
2099 551 2345 614 Pistorio
2388 557 2531 610 tom.
2575 553 2650 610 III
2707 553 3347 628 Ilispanizeillustratae
3398 555 3540 614 editi
3568 556 3748 626 habet

335 647 444 704 etsi
499 644 767 719 nonnulli
819 645 1099 701 censeant
1149 639 1473 698 Alexandro
1523 641 1572 696 II
1601 641 1984 698 tribuendum
2099 640 2396 698 Urbanum
2415 641 2652 698 Alfonso
2677 643 2978 716 Aragoniae
3017 641 3143 718 regi.
3169 645 3414 719 ejusque
3443 663 3746 705 successo-

335 753 482 805 esse,
506 718 738 792 Urbano
761 731 1096 805 abjudicare
1127 731 1317 788 visum
1346 747 1462 786 non
1503 733 1611 808 est,
1645 747 1777 786 cum
1841 730 1987 785 forte
2096 729 2260 786 ribus
2281 734 2338 786 et
2357 732 2520 805 regni
2546 732 2883 804 proceribus
2905 734 3286 803 condonasse,
3314 739 3381 790 ut
3409 733 3648 791 decimae
3679 736 3742 798 in

334 824 514 882 simili
547 822 701 881 malo
733 823 887 879 idem
928 820 1168 878 omnino
1216 819 1542 876 remedium
1603 819 1675 874 ab
1735 821 1985 890 utroque
2094 819 2415 876 ditionibus
2447 837 2594 894 quas
2625 839 2660 877 a
2688 820 2909 878 Mauris
2940 827 3371 896 recuperarent,
3395 824 3468 881 ab
3527 824 3612 882 eis
3650 842 3743 883 re-

333 913 610 986 pontifice,
637 910 972 968 adhibitum
1027 909 1218 965 fuerit.
1255 908 1454 988 Neque
1509 906 1667 964 enim
1724 905 1982 962 insolens
2092 907 2443 980 ciperentur,
2463 909 2720 982 exceptis
2751 909 3158 983 episcoporum
3188 911 3430 970 sedibus
3459 913 3741 988 etdigni-

331 983 514 1058 videri
535 1001 706 1057 debet
736 1015 920 1056 unum
952 1003 1010 1054 et
1037 998 1310 1054 eumdem
1335 983 1342 988 ’
1370 1011 1652 1053 canonem
1687 1013 1722 1052 a
1751 996 1982 1052 duobus
2089 996 2331 1052 tatibus.

333 1091 710 1164 pontificibus
726 1087 1162 1161 promulgatum
1189 1086 1543 1143 fuisse.Nam
1561 1101 1748 1142 canon
1757 1085 1980 1157 presby-
2160 1089 2235 1140 At
2255 1086 2492 1143 sedente
2515 1086 2770 1154 Urbano,
2795 1105 2910 1144 non
2931 1087 3232 1160 Alfonsus,
3262 1091 3364 1146 sed
3397 1091 3646 1150 Saucius
3679 1097 3739 1158 et

333 1189 573 1238 terarum
623 1179 788 1252 ﬁlios,
845 1177 982 1233 dist.
1041 1178 1132 1244 56,
1189 1191 1315 1248 cap.
1349 1175 1402 1242 I,
1435 1190 1650 1248 magna
1704 1191 1772 1230 ex
1818 1179 1980 1247 parte
2090 1173 2290 1231 Petrus
2321 1177 2705 1248 Arragoniam
2729 1177 3108 1248 obtinebant;
3144 1195 3324 1253 quare
3353 1179 3435 1252 id,
3459 1179 3734 1252 nifallor,

330 1269 614 1342 repetitur
660 1285 709 1324 c.
745 1268 834 1333 ll,
865 1267 990 1324 Nisi
1017 1269 1134 1332 aut,
1169 1265 1268 1337 qui
1327 1263 1566 1320 Urbano
1619 1266 1868 1334 utroque
1915 1263 1976 1318 in
2087 1262 2538 1336 intelligendum
2561 1267 2735 1322 estde
2755 1267 2944 1337 Petro,
2968 1268 3060 1324 cui
3091 1267 3362 1327 Urbanus
3377 1268 3532 1328 hanc
3551 1269 3736 1338 facul-

331 1357 456 1414 loco
477 1357 830 1431 assignatur,
851 1354 1278 1426 etreipsainter
1297 1351 1637 1426 Melphitani
1657 1356 1714 1408 et
1727 1351 1975 1408 aliorum
2083 1355 2262 1410 tatem
2284 1353 2552 1411 indulsit.
2574 1355 2692 1411 Etsi
2723 1355 2781 1412 id
2811 1357 2988 1413 etiam
3021 1356 3262 1415 Alfonso
3311 1358 3434 1433 regi
3493 1375 3732 1418 conces-

332 1446 546 1503 Urbani
581 1444 957 1501 conciliorum
989 1444 1220 1500 decreta
1249 1441 1499 1498 occurrit
1531 1456 1544 1496 ε
1579 1445 1634 1497 et
1663 1444 1860 1497 tamen
1913 1441 1974 1496 in
2083 1457 2216 1497 sum
2248 1441 2494 1513 dicatur,
2528 1442 2586 1499 id
2619 1444 2821 1500 referri
2873 1446 3045 1503 debet
3085 1447 3156 1505 ad
3189 1445 3570 1507 Aldefonsum
3626 1466 3730 1508 seu

331 1519 574 1592 concilio
606 1532 936 1589 Belvacensi
967 1549 1146 1604 supra
1193 1534 1515 1586 memorato
1573 1529 1790 1586 dicitur
1843 1547 1974 1586 esse
2079 1530 2388 1587 Alfonsum
2422 1531 2686 1605 Legionis
2735 1538 2792 1590 et
2847 1535 3108 1592 Castellaa
3163 1551 3359 1610 regem
3406 1541 3547 1606 tunc
3577 1538 3733 1597 inter

331 1622 587 1696 Gregorii
605 1622 678 1678 Vl
699 1627 757 1678 et
790 1620 1006 1676 Urbani
1048 1620 1117 1674 ll.
1141 1620 1212 1674 Et
1251 1619 1404 1692 apud
1440 1618 1672 1674 Ivonem
1699 1621 1862 1690 parte
1892 1635 1970 1684 v1,
2081 1635 2244 1693 reges
2277 1621 2563 1692 Hispanos
2593 1621 2973 1692 eminentem,
3009 1624 3128 1696 qui,
3164 1629 3394 1699 recepto
3444 1630 3578 1687 ante
3620 1627 3729 1686 ali-

330 1730 377 1769 c.
411 1713 534 1768 410.
559 1709 818 1783 Gregorii
839 1709 936 1764 VII
975 1712 1027 1764 et
1088 1707 1306 1764 Urbani
1359 1707 1428 1764 lI.
1461 1707 1670 1762 Visum
1720 1710 1809 1764 est
1865 1705 1970 1762 ali-

331 1802 564 1876 quando
594 1791 762 1864 mihi,
785 1799 941 1854 idem
967 1797 1099 1854 ferri
1135 1813 1306 1868 posse
1327 1795 1616 1868 judicium
1649 1796 1720 1852 de
1751 1812 1971 1852 canone

329 1891 522 1947 clerico
544 1889 782 1960 jaciente
811 1887 947 1942 dist.
971 1887 1060 1951 50,
1086 1902 1134 1941 c.
1168 1885 1256 1952 37,
1281 1885 1434 1957 quod
1467 1901 1536 1940 ex
1567 1884 1783 1940 Urbani
1841 1883 1968 1957 epi-

330 1979 482 2037 stola
500 1979 569 2034 ad
601 1977 960 2033 Guernem’um
999 1975 1418 2042 Narbonensem,
1453 1977 1766 2046 antequam
1827 1990 1968 2046 pon-

327 2070 468 2126 tifex
523 2069 703 2134 ﬁeret,
765 2065 1128 2130 defunctum,
1162 2063 1470 2135 decerptus
1527 2061 1836 2118 diceretur.
1897 2064 1970 2116 At

328 2157 703 2232 pestmodum
728 2172 760 2210 a
783 2138 920 2209 viris
951 2153 1138 2209 doctis
1159 2151 1337 2207 didici
1369 2151 1700 2206 erroremin
1730 2150 1969 2207 titulum

328 2247 675 2319 irrepéisse,‘
705 2242 1137 2316 legendumque
1197 2257 1325 2296 esse
1371 2240 1666 2296 Gucrncm'o
1697 2241 1969 2298 Mersbur-

325 2337 499 2408 gcnsi,
530 2333 626 2404 qui
653 2333 844 2405 reipsa
863 2330 1078 2386 Urbani
1103 2334 1153 2384 Il
1204 2334 1464 2402 tempore
1493 2329 1705 2384 vixisse
1750 2346 1968 2385 memo-

328 2427 712 2490 ratur.Quare
735 2420 901 2476 illum
925 2434 1206 2474 canonem
1229 2417 1338 2474 sub
1371 2417 1596 2474 sincero
1627 2419 1755 2489 ejus
1799 2417 1968 2474 titulo

327 2514 644 2570 referemus
697 2509 754 2566 in
812 2507 1154 2582 appendice.
1181 2510 1302 2573 Quo
1335 2513 1529 2562 autem
1561 2524 1712 2562 anno
1743 2507 1864 2562 haec
1895 2508 1966 2563 ad

327 2591 708 2660 Guernerium
741 2597 988 2672 epistola
1046 2595 1264 2668 scripta
1322 2597 1513 2664 fuerit,
1542 2595 1698 2652 haud
1759 2596 1964 2669 liquet.

326 2691 628 2750 Bucelinus
663 2690 928 2746 observat
955 2687 1337 2742 Guernerium
1390 2702 1492 2758 pro
1543 2685 1819 2757 Gregorio
1864 2685 1966 2742 V'll

325 2781 576 2846 stetisse,
600 2783 657 2833 et
674 2783 866 2832 tamen
887 2775 1037 2830 inter
1057 2775 1360 2846 episcopos
1380 2773 1700 2829 catholicos
1717 2773 1814 2846 qui
1835 2790 1966 2829 con-

323 2871 456 2928 cilio
514 2863 1034 2937 Quintiliburgensi
1068 2879 1221 2918 anno
1271 2863 1408 2916 1085
1467 2862 1961 2935 subscripserunt,

320 2937 912 3032 legitur‘Bernardus
981 2949 1468 3022 Mersburgensis,
1521 2967 1592 3006 an
1647 2949 1800 3006 idem
1861 2951 1962 3024 qui

322 3045 666 3104 Wérnarius
722 3058 826 3098 seu
881 3040 1232 3096 Guernerius
1280 3039 1471 3094 dictus
1507 3039 1617 3105 sit,
1652 3039 1962 3096 Bucelinus

322 3136 537 3210 quippe
567 3131 927 3188 Bernardum
955 3146 1070 3184 non
1104 3131 1383 3184 recenset.

622 3229 808 3284 XXXI.
842 3228 1078 3284 Ecclesia
1107 3225 1388 3282 Cremonae
1411 3225 1643 3281 dolatur.

2079 1713 2224 1780 quot
2253 1726 2436 1765 annos
2465 1726 2533 1765 ex
2563 1711 2838 1768 Barbaris
2884 1711 3102 1784 Toleto,
3137 1715 3484 1786 imperatoris
3537 1717 3732 1788 Hispa-

2079 1797 2186 1852 nia:
2210 1797 2442 1854 titulum
2477 1799 2698 1872 accepit
2721 1801 3060 1874 curavitque
3109 1806 3172 1858 ut
3217 1802 3269 1860 ei
3307 1805 3440 1860 urbi
3483 1803 3728 1875 Bernar-

2079 1885 2188 1942 dus
2222 1887 2544 1960 monachus
2571 1888 2990 1960 Cluniacensis,
3025 1892 3128 1964 qui
3183 1896 3310 1949 tum
3367 1895 3724 1952 monasterio

2081 1975 2275 2030 Sancti
2301 1975 2554 2032 Facundi
2591 1982 2852 2050 praeerat,
2879 1979 3356 2056 archiepiscopus
3403 1983 3726 2056 praeﬁcere-

2082 2069 2194 2120 tur.
2211 2067 2394 2136 Atque
2429 2083 2496 2121 ea
2513 2065 2623 2122 fuit
2659 2069 2883 2124 occasio
2908 2071 3224 2126 renovandi
3245 2071 3426 2142 hujus
3457 2070 3728 2132 Ecclesia

2080 2153 2308 2221 antiqui
2337 2154 2686 2226 splendoris,
2711 2175 2884 2228 quem
2909 2158 3191 2216 diuturna
3219 2161 3606 2218 Barbarerum
3631 2163 3732 2218 do-

2081 2243 2324 2298 minatio
2358 2243 2535 2300 obscu
2547 2250 2790 2302 raverat.
3367 2291 3372 2296 ρ

2148 2331 2352 2387 Iriensi
2405 2333 2692 2404 Ecclesiae,
2719 2335 2813 2391 cui
2869 2339 3010 2392 tunc
3041 2338 3279 2394 suberat
3307 2339 3448 2395 urbs
3479 2340 3724 2414 Compo-

2078 2420 2405 2492 stella,jam
2429 2423 2500 2478 ab
2525 2422 2748 2496 aliquot
2769 2425 2938 2482 annis
2964 2427 3299 2498 praefecerat
3326 2445 3422 2484 rex
3475 2429 3724 2498 Saucius

2077 2509 2385 2576 Didacum,
2419 2511 2607 2567 virum
2668 2512 2824 2570 haud
2883 2515 3221 2588 ignobilem,
3257 2518 3356 2573 sed
3391 2517 3512 2590 qui,
3547 2522 3613 2574 ut
3643 2517 3726 2581 ait

2077 2602 2278 2654 auctor
2298 2598 2560 2656 Historiae
2583 2601 3087 2675 Compostellanm,
3113 2606 3257 2664 adeo
3287 2607 3541 2666 externis
3565 2607 3722 2664 curis

2075 2686 2399 2758 implicitus
2421 2692 2562 2759 erat,
2584 2693 2647 2744 ut
2669 2689 2946 2747 interiora
2969 2709 3083 2748 non
3108 2693 3250 2750 satis
3273 2699 3520 2750 curaret.
3555 2693 3721 2752 Hunc

2077 2776 2268 2831 nescio
2293 2793 2406 2848 quo
2429 2795 2568 2833 casu
2593 2785 2924 2836 commotus
2943 2781 3222 2838 Alfonsus
3244 2783 3301 2838 in
3322 2781 3558 2838 vincula
3587 2800 3720 2840 con-

2073 2865 2231 2936 jncit,
2264 2867 2418 2921 unde
2444 2883 2656 2940 magna
2685 2869 3085 2938 tumultuatio,
3118 2871 3302 2926 turbae
3345 2871 3613 2944 ingentes
3652 2871 3714 2931 in

2073 2953 2180 3008 hac
2204 2953 2456 3010 Ecclesia
2494 2956 2814 3012 concitatae.
2839 2958 2982 3014 Cum
3017 2960 3214 3032 itaque
3245 2961 3443 3017 omnia
3473 2956 3714 3034 pessum

2070 3043 2239 3112 irent,
2291 3060 2394 3098 nec
2441 3043 2828 3100 celeberrimm
2885 3047 3175 3115 Ecclesize,
3209 3065 3335 3120 qua:
3385 3051 3512 3122 jam
3569 3055 3710 3106 tunc

2070 3131 2220 3186 beati
2251 3131 2452 3188 Jacobi
2487 3131 2868 3205 reliquiarum
2919 3136 3288 3208 possessione
3325 3136 3712 3211 gloriabatur,

2069 3220 2293 3276 cladem
2323 3238 2488 3293 aequo
2543 3222 2738 3278 animo
2771 3223 2917 3280 ferre
2974 3224 3232 3282 valerent
3262 3226 3366 3280 viri
3399 3227 3584 3298 probi,
3617 3227 3714 3283 AI-

391 3309 509 3387 Iioc
538 3329 666 3409 ipso
691 3344 842 3382 anno
863 3323 1167 3382 ecclesiam
1189 3323 1550 3396 collegialam
1573 3324 1792 3378 Sanctae
1817 3325 1957 3396 Aga-

2074 3309 2276 3364 fonsus
2299 3315 2365 3364 ut
2395 3309 2545 3366 hanc
2564 3328 2598 3366 a
2618 3328 2678 3367 se
2701 3311 2976 3383 injuriam
3009 3314 3370 3382 amoliretur,
3393 3314 3574 3372 alium
3592 3317 3714 3390 epi-

319 3421 432 3477 tha:
457 3418 610 3492 apud
637 3417 1002 3479 Cremonam,
1037 3429 1213 3485 quam
1251 3411 1561 3484 Gregorius
1593 3411 1693 3466 V'II
1725 3412 1964 3484 amplia-

320 3513 499 3578 verat,
532 3506 804 3562 Urbanus
861 3500 1419 3569 dotavit,a‘ttributis
1477 3500 1526 3556 ei
1585 3499 1960 3556 ecclesiarum

320 3597 513 3654 Sancti
542 3593 754 3651 Valerii
784 3597 842 3649 et
870 3590 1066 3649 Sancti
1115 3589 1537 3664 Christophori,
1573 3606 1750 3662 prope
1803 3607 1960 3646 eam-

321 3690 454 3745 dem
512 3686 718 3742 urbem
778 3683 1047 3749 sitarum,
1081 3679 1386 3748 reditibus,
1423 3683 1486 3735 ut
1515 3679 1690 3736 refert
1745 3679 1962 3752 Joseph

320 3779 676 3833 Bresceanus
706 3773 765 3828 in
797 3769 1078 3828 Chronico
1107 3767 1483 3824 Cremonensi
1514 3785 1624 3823 ms.
1659 3769 1810 3839 quod
1847 3786 1962 3840 prae

320 3850 593 3924 manibus
622 3862 931 3917 habemus.
959 3857 1206 3914 Clericos
1238 3856 1546 3912 saeculares
1577 3856 1758 3928 hujus
1806 3858 1960 3913 basi-

322 3955 444 4010 licae
475 3953 532 4008 in
567 3948 866 4024 regulares
898 3945 1208 4002 canonicos
1267 3948 1530 4000 mutasse
1557 3945 1713 4000 circa
1741 3961 1962 4000 annum

327 4039 713 4111 1090,dicitur
735 4037 892 4092 idem
935 4034 1192 4109 pontifex
1221 4034 1376 4106 apud
1403 4032 1712 4099 Merulam,
1746 4034 1846 4091 sed
1878 4033 1962 4090 illi

319 4113 612 4210 posteaad
641 4111 982 4184 saecularem
1021 4127 1238 4180 statum
1270 4121 1511 4204 rediere.
1545 4121 1715 4178 Aliud
1740 4121 1963 4195 privile-

321 4222 483 4295 gium
505 4219 613 4275 hoc
633 4217 808 4274 etiam
833 4231 984 4270 anno
1012 4211 1258 4268 indulsit
1298 4211 1569 4267 Urbanus
1607 4211 1962 4268 monasterio

317 4299 538 4366 Sanctae
595 4304 796 4362 Crucis
859 4301 1133 4370 Saxivivi,
1166 4300 1227 4356 in
1281 4299 1570 4357 territorio
1601 4298 1958 4372 Fulginensi,

319 4379 475 4472 quod
495 4395 794 4454 Mainardo
827 4394 954 4465 ejus
981 4389 1203 4448 auctori
1234 4394 1291 4446 et
1321 4389 1511 4462 primo
1531 4389 1730 4445 abbati
1754 4389 1960 4445 inscri-

319 4493 484 4563 ptum
517 4485 732 4542 dicitur
761 4483 820 4537 in
853 4481 1117 4553 ejusdem
1144 4479 1254 4536 loci
1315 4477 1596 4534 Chronico
1645 4477 1860 4534 italico.
1891 4479 1962 4534 At

317 4581 448 4652 ejus
477 4573 771 4646 exemplar
799 4572 1009 4626 habere
1041 4587 1156 4626 non
1197 4567 1383 4636 licuit,
1408 4567 1560 4623 sicut
1589 4584 1692 4623 nec
1722 4566 1962 4623 alterius

2071 3414 2313 3470 sc0pum
2346 3397 2403 3452 in
2466 3399 2660 3454 Didaei
2715 3400 2906 3456 locum
2966 3402 3264 3459 intrudere
3321 3407 3711 3462 conatusest.

2071 3486 2471 3559 Opportunam
2495 3487 2672 3560 hujus
2703 3489 2932 3545 concilii
2964 3492 3318 3564 exsequendi
3345 3493 3714 3556 occasionem.

2071 3576 2346 3632 offerebat
2365 3577 2438 3644 ei,
2461 3581 2524 3633 ut
2545 3578 2781 3650 quidem
2799 3579 2910 3652 ipsi
2925 3581 3252 3650 videbatur,
3275 3583 3536 3655 synodus
3557 3584 3714 3657 apud

2071 3671 2329 3722 sanctam
2365 3667 2608 3724 Mariam
2641 3669 2710 3723 de
2741 3668 3012 3737 Fusellis,
3034 3687 3211 3742 quam
3257 3677 3396 3727 tunc
3427 3672 3714 3729 Ricardus

2071 3755 2267 3810 Sancti
2297 3755 2548 3810 Victoris
2579 3757 2781 3823 abbas,
2809 3757 3038 3830 legatus
3094 3760 3249 3816 sedis
3297 3759 3621 3833 apostolica
3680 3779 3726 3818 a.

2072 3844 2346 3916 Gregorio
2376 3845 2480 3900 VII
2500 3843 2556 3900 in
2582 3845 2874 3918 llispaniis
2891 3847 3217 3920 institutus,
3242 3857 3710 3925 congregaverat.

2071 3933 2259 3998 Quare
2309 3931 2596 3990 immissis
2651 3937 3158 4006 subornatoribus,
3217 3956 3567 4012 persuasum
3623 3945 3716 4000 est

2071 4019 2280 4077 callide
2308 4021 2524 4078 Didaco
2554 4028 2638 4093 ut,
2671 4023 2720 4080 si
2763 4025 2934 4082 vellet
2987 4027 3208 4084 absolvi
3241 4046 3276 4084 a
3317 4028 3587 4099 vinculis,
3647 4045 3710 4086 se

2071 4127 2236 4166 reum
2285 4110 2344 4166 in
2403 4111 2644 4170 concilio
2701 4113 2998 4188 fateretur,
3032 4121 3090 4173 et
3117 4116 3450 4174 humilitate
3509 4118 3709 4192 procul

2070 4199 2248 4256 dubio
2272 4201 2532 4274 corregis
2556 4201 2952 4266 emoliendum
2975 4205 3115 4270 fore,
3140 4205 3433 4264 necaliam
3445 4207 3496 4264 ei
3513 4224 3714 4280 super-

2070 4305 2198 4344 esse
2218 4288 2542 4346 obtinendze
2559 4290 2844 4350 libertatis
2861 4294 3034 4350 viam.
3047 4295 3315 4351 Assensit
3332 4294 3450 4364 ille,
3485 4296 3584 4352 sed
3618 4311 3712 4354 res

2070 4376 2182 4434 alio
2198 4378 2370 4434 vertit
2391 4395 2568 4451 quam
2593 4381 2718 4453 ipse
2747 4387 3068 4454 putaverat.
3089 4383 3310 4457 Quippe
3339 4401 3474 4440 cum
3508 4377 3732 4458 Alfon-Z

2071 4483 2172 4523 sus
2194 4468 2250 4521 in
2274 4467 2582 4524 concilium
2601 4470 2876 4538 venisset,
2901 4471 3326 4544 adductusque,
3350 4489 3417 4529 eo
3439 4473 3729 4544 jubente,

2070 4555 2278 4612 fuisset
2305 4556 2578 4626 Didacus,
2613 4563 2790 4631 atque
2822 4560 2902 4615 uti
2937 4561 3178 4618 edoctus
3224 4561 3432 4632 fuerat,
3461 4562 3632 4637 virga.
3653 4568 3712 4620 et

318 4643 474 4741 q'uod
526 4643 812 4735 hoc—ipso
869 4677 1021 4716 anno
1081 4660 1283 4714 datum
1337 4657 1520 4712 fertur
1551 4661 1718 4712 Petro
1763 4656 1958 4711 abbati
1988 4660 2044 4724 Β,
2067 4643 2283 4741 πριιξο
2307 4645 2363 4700 in
2389 4663 2602 4702 manus
2625 4647 2797 4741 legati
2839 4649 3220 4741 consignatis,
3251 4651 3569 4741 episcopali
3621 4651 3712 4718 di-

317 4754 642 4816 Carrol‘ensi
693 4751 847 4825 apud
907 4749 1170 4805 Pictones
1229 4747 1287 4802 in
1349 4745 1558 4813 Gallia,
1616 4762 1954 4817 quanquam

315 4844 566 4913 istud,si
600 4859 712 4898 non
749 4839 934 4906 fallor,
959 4837 1115 4894 aliud
1145 4855 1257 4892 non
1284 4845 1374 4892 est
1403 4835 1475 4889 ob
1505 4851 1569 4890 eo
1619 4835 1772 4906 quod
1805 4851 1958 4890 anno

321 4935 458 4992 1096
507 4932 696 4988 eidem
757 4927 1109 4984 monasterio
1167 4941 1507 4980 concessum
1541 4941 1644 4979 suo
1695 4923 1818 4979 loco
1869 4923 1956 4977 di-

317 5040 539 5080 cemus.

316 5120 542 5176 XXXII.
584 5119 657 5173 De
711 5116 866 5171 rebus
951 5112 1296 5185 Hispanias,
1345 5111 1538 5166 Turba:
1606 5111 1957 5185 iniEcclesia

384 5191 602 5248 Iriensi.
651 5188 886 5244 Concilii
967 5183 1322 5240 Fusscllensis
1387 5187 1614 5254 tempus.
1677 5184 1957 5238 Primatus

384 5263 639 5318 Ecclesiae
669 5260 938 5316 Toletum?
965 5257 1265 5312 restitutus.

385 5360 546 5426 Quod
579 5359 648 5414 ad
684 5374 775 5412 res
825 5353 1170 5427 Hispanicae
1227 5353 1451 5408 attinet.
1487 5353 1824 5425 Augebatur
1873 5351 1952 5406 ibi

314 5449 574 5522 quotidie
596 5445 759 5502 novis
780 5443 1154 5500 incrementis
1183 5439 1468 5497 catholica
1495 5441 1639 5496 ﬁdes
1667 5439 1956 5496 Christia-

313 5555 524 5596 norum
548 5534 878 5609 principum
901 5531 1257 5602 fortitudine,
1277 5531 1376 5602 qui
1399 5529 1588 5603 pulsis
1609 5529 1827 5585 Mauris
1856 5545 1952 5583 ur-

312 5630 416 5684 bes
437 5623 765 5700 przeclaras,
790 5626 846 5678 et
879 5619 1203 5694 provincias
1243 5619 1540 5675 interdum
1575 5618 1835 5690 integras
1867 5632 1954 5671 re-

311 5714 916 5796 cuperabaut.Auctor
937 5708 1181 5772 Indiculi
1205 5725 1400 5770 rerum
1433 5708 1890 5783 Aragonicarum
1921 5721 1956 5764 a

2065 4733 2285 4806 gnitate
2303 4751 2499 4791 coram
2522 4736 2682 4792 omni
2704 4737 2918 4810 populo
2942 4755 3002 4793 se
3028 4738 3336 4812 indignum
3356 4739 3732 4812 proclames:

2067 4828 2177 4902 set,
2232 4823 2433 4879 statim
2484 4825 2884 4896 pronuntiavit
2925 4825 3154 4900 legatus
3203 4843 3339 4884 eum
3394 4828 3732 4902 episcopali

2067 4895 2350 4984 dignitate
2376 4895 2684 4980 decidisse,
2709 4895 3122 4988 licentiamque
3152 4917 3316 4974 dedit
3367 4895 3616 4976 alterum
3650 4918 3710 4976 in

2067 5001 2194 5072 ejus
2223 4999 2416 5056 locum
2451 5001 2867 5059 substituendi.
2895 5005 3011 5061 Nec
3040 5023 3223 5075 mora,
3248 5007 3453 5064 Petrus
3499 5007 3710 5064 Candi-

2067 5088 2352 5144 diniensis
2367 5089 2567 5158 abbas,
2589 5091 2685 5163 qui
2719 5091 2857 5148 data
2887 5111 3064 5166 opera
3084 5107 3296 5169 praesto
3340 5101 3484 5166 erat,
3513 5114 3550 5154 a
3577 5113 3712 5170 rege

2066 5177 2409 5249 designatus
2433 5177 2492 5232 in
2515 5179 2878 5252 episcopum,
2916 5183 3114 5240 statim
3147 5191 3492 5260 assumptus
3539 5190 3712 5260 atque

2065 5271 2438 5324 consecratus
2468 5271 2573 5324 est.
2600 5269 2652 5325 Is
2681 5269 2918 5328 biennio
2964 5273 3110 5330 rexit
3151 5274 3468 5332 Ecclesium
3529 5276 3714 5332 Irien-

2066 5355 2300 5422 sem,ad
2355 5373 2575 5412 annum
2625 5358 2850 5416 scilicet
2883 5362 3042 5430 1091,
3077 5381 3191 5436 quo
3250 5365 3308 5418 in
3366 5364 3712 5438 Legionensi

2065 5443 2309 5499 concilio
2333 5461 2364 5500 a
2387 5445 2660 5503 Raincrio
2683 5451 3015 5522 apostolica:
3039 5453 3197 5508 sedis
3219 5453 3409 5526 legato
3444 5459 3715 5510 exaucto~

2065 5537 2227 5588 ratus
2245 5532 2372 5603 fuit,
2399 5553 2532 5592 cum
2547 5537 2674 5608 jam
2695 5538 3049 5608 Richardus,
3081 5559 3142 5597 re
3175 5543 3247 5598 ad
3281 5542 3582 5600 Urbanum
3612 5545 3712 5600 de-

2062 5620 2201 5690 lata,
2255 5623 2576 5697 apostolica
2629 5625 2920 5700 legatione
2973 5628 3263 5700 spoliatus
3321 5631 3550 5688 fuisset.
3585 5633 3714 5691 Haec

2065 5711 2262 5774 omnia
2291 5713 2574 5778 discimus
2613 5731 2681 5776 ex
2719 5714 2898 5778 veteri
2924 5714 3186 5779 Historia
3234 5721 3716 5800 Compostellanee
