3972 6412
184 418 272 490 41,
1762 409 1818 474 ν

1935 445 1973 472 Ls
3494 415 3581 484 θ

3409 480 3434 500 \
3529 483 3542 492 "
3581 499 3584 502 .

3453 517 3481 536 η
3575 519 3584 527 .

185 523 436 603 Ecclesiae
469 561 592 619 quae
626 544 790 602 initio
821 543 1016 602 saeculi
1050 542 1402 612 duodecimi,
1448 544 1691 615 jubente
1724 544 1812 600 al-
1841 545 1896 612 Α
1927 561 2105 617 quam
2155 544 2414 617 regebat,
2474 543 2878 600 reverentiam.
2939 543 3083 599 Hinc
3140 545 3338 601 statim
3386 523 3487 619 om:
3541 596 3575 619 __

183 642 294 691 tero
348 636 580 706 Didaco,
655 635 843 708 primo
913 634 1311 707 Compostellze
1385 633 1818 706 archiepiscopo

181 724 385 798 scripta
417 728 504 780 est
533 742 566 780 a
587 723 834 781 Geraldo
867 725 994 795 ejus
1025 723 1327 780 familiari.
1362 725 1443 778 Ex
1473 724 1581 779 hac
1629 723 1819 779 Histe-

182 815 260 869 ria
287 832 353 870 ea
383 832 507 886 quae
539 807 612 870 ad
645 830 768 868 rem
799 817 1062 869 nostram
1096 813 1390 886 pertinent
1417 813 1735 870 referemus
1760 813 1819 867 in

180 903 498 978 Appendice
527 907 799 976 excerpta
824 919 976 958 anno
1004 904 1142 958 1703
1190 919 1257 958 ex
1289 903 1414 958 cod.
1451 919 1562 958 ms.
1607 902 1820 957 doctis-

184 992 306 1048 simi
356 993 607 1048 Ferrerze
641 992 794 1065 apud
828 992 1143 1047 Madritum
1177 989 1527 1064 parochialis
1565 989 1820 1047 ecclesiae

181 1081 432 1148 rectoris,
486 1098 520 1137 a
549 1081 672 1137 viro
719 1081 790 1136 cl.
843 1081 1065 1149 Joanne
1093 1085 1168 1137 Le
1197 1080 1401 1148 Grand,
1436 1097 1570 1134 cum
1604 1082 1758 1135 esset
1788 1097 1822 1134 a

179 1170 401 1227 secretis
430 1165 833 1240 illustrissimo
860 1169 1053 1226 abbati
1085 1171 1323 1234 Estrazo,
1357 1168 1455 1242 qui
1499 1173 1623 1224 tum
1656 1167 1818 1223 Chri-

178 1259 510 1326 stianissimi
547 1259 702 1332 regis
735 1257 1024 1332 legatione
1052 1259 1125 1314 ad
1166 1257 1504 1330 Philippum
1535 1256 1584 1310 V
1612 1256 1820 1329 Hispa-

179 1349 396 1404 niarum
428 1365 626 1420 regem
657 1348 714 1402 in
742 1365 809 1404 ea
837 1349 980 1404 urbe
1010 1347 1380 1421 fungebatur.

240 1441 388 1492 Inter
418 1443 629 1493 caetera
656 1454 790 1493 vero
822 1454 949 1509 qua:
981 1454 1049 1493 ex
1091 1437 1294 1493 eadem
1343 1435 1597 1491 Historia
1644 1434 1820 1491 disci—

177 1543 318 1596 mus,
349 1525 496 1582 illud
531 1543 672 1582 sane
701 1526 1106 1582 observatione
1132 1525 1377 1599 dignum
1403 1529 1491 1581 est
1511 1525 1664 1596 quod
1687 1525 1822 1581 inde

179 1615 331 1671 facile
363 1614 557 1688 colligi
592 1615 777 1688 possit
807 1631 923 1687 quo
954 1619 1213 1687 tempore
1245 1613 1600 1670 celebratum
1646 1613 1822 1670 fuerit

178 1703 482 1759 concilium
509 1703 898 1767 Fussellense,
931 1703 1106 1760 variis
1136 1703 1506 1776 temporibus
1528 1704 1598 1758 ad
1617 1706 1823 1758 'aucto~

179 1793 330 1848 ribus
371 1794 653 1866 Hispanis
683 1794 1070 1867 assignatum.
1131 1793 1257 1849 Non
1290 1793 1446 1849 enim
1479 1793 1549 1847 ab
1601 1808 1819 1847 annum

183 1884 312 1938 H35
341 1883 601 1940 revocari
633 1884 822 1951 debet,
839 1888 906 1948 ut
930 1883 1155 1955 putavit
1175 1880 1603 1949 Sandovallius,
1627 1885 1728 1936 aut
1748 1881 1820 1937 ad

175 1971 456 2036 Paschalis
496 1973 545 2027 Il
574 1971 1002 2046 pontificatum,
1033 1975 1099 2027 ut
1117 1972 1310 2027 visum
1344 1975 1433 2027 est
1462 1971 1569 2044 pia
1595 1987 1812 2026 memo-
1848 1971 1882 1996 ""'

174 2061 259 2115 riae
287 2060 576 2117 cardinali
606 2061 807 2133 Aguiri
840 2061 1060 2117 ordinis
1104 2060 1462 2117 Benedictini
1493 2059 1813 2133 splendori,

174 2151 300 2222 quid
323 2150 469 2206 illud
505 2167 641 2206 cum
673 2149 974 2216 Palentino
1005 2151 1060 2205 in
1087 2167 1223 2222 quo,
1253 2153 1318 2205 ut
1347 2149 1560 2221 legitur
1589 2149 1649 2204 in
1682 2149 1815 2205 Vita

170 2239 310 2296 beati
342 2239 602 2308 Geraldi,
637 2241 942 2296 recitatum
976 2239 1086 2295 fuit
1119 2239 1526 2295 Braccarensis
1547 2237 1812 2294 Ecclesiae

170 2329 557 2402 privilegium,
589 2329 885 2384 confudit:
907 2330 1005 2384 sed
1032 2345 1184 2384 anno
1210 2329 1347 2383 1088
1369 2329 1689 2394 desinente,
1715 2330 1818 2383 aut

169 2419 454 2490 sequentis
488 2418 654 2474 initio
687 2418 1045 2484 celebratum
1077 2409 1260 2482 fuisse
1292 2417 1404 2472 dici
1437 2417 1624 2472 debet.
1665 2417 1814 2473 Nam

171 2508 355 2566 Petrus
381 2507 593 2575 abbas,
628 2507 726 2580 qui
760 2507 887 2579 ejus
913 2505 1142 2574 concilii
1173 2510 1454 2579 tempore,
1487 2510 1588 2561 aut
1607 2505 1813 2562 saltem

169 2598 349 2652 statim
381 2602 566 2669 atque
600 2597 834 2660 finitum
867 2597 996 2664 fuit,
1061 2596 1340 2652 Iriensem
1371 2595 1688 2650 Ecclesiam
1720 2612 1814 2650 oc-

169 2686 403 2757 cupavit,
439 2690 583 2759 post
617 2686 764 2741 duos
804 2684 1110 2757 regiminis
1166 2702 1351 2740 annos
1408 2690 1817 2740 exauctoratus

173 2774 278 2830 fuit
301 2793 333 2830 a
365 2774 618 2839 Renerio
649 2773 839 2846 legate
873 2775 1028 2830 sedis
1080 2773 1429 2846 apostolicae,
1465 2774 1520 2828 in
1573 2772 1818 2830 concilio

175 2863 534 2936 Legionensi,
562 2865 717 2937 quod
744 2881 811 2918 ex
841 2863 1106 2918 omnium
1161 2880 1448 2918 consensu
1497 2880 1650 2918 anno
1680 2862 1810 2918 409i

175 2951 502 3026 consignari
533 2953 724 3008 debet.
758 2953 1036 3023 Ejusdem
1068 2951 1277 3008 veteris
1311 2953 1675 3008 monumenti
1714 2969 1822 3025 ope

185 3040 424 3097 multum
477 3039 855 3097 illustrantur
901 3039 1125 3113 aliquot
1170 3040 1387 3097 Urbani
1434 3040 1709 3112 epistolae,
1763 3041 1825 3096 in

185 3129 390 3202 quibus
417 3129 684 3204 pontifex
729 3129 1102 3186 vehementer
1131 3130 1508 3202 conqueritur
1535 3131 1688 3202 apud
1731 3130 1827 3186 Al-

183 3220 405 3276 l‘onsum
437 3235 663 3291 regem,
696 3220 765 3275 de
797 3219 1130 3291 captivitate
1159 3222 1398 3291 episcopi
1424 3222 1604 3274 sancti
1619 3219 1826 3286 Jacobi,

1930 635 2250 706 primatum
2283 634 2341 689 in
2374 638 2611 690 caeteras
2641 632 3056 708 Hispaniarum
3085 631 3370 691 Ecclesiae
3399 614 3576 691 [ἦῆ.-

1932 741 2045 779 nus
2078 723 2345 793 contulit,
2383 725 2520 780 data
2550 722 2712 779 bulla
2756 722 3032 796 Anagniae
3080 723 3282 780 Idi-bus
3313 723 3578 780 Octobris

1930 812 2109 883 hujus
2131 811 2288 879 anni,
2325 813 2384 867 in
2417 830 2533 885 qua
2552 811 2714 885 pallii
2747 811 3141 886 privilegium,
3173 815 3229 869 et
3252 811 3576 886 primatum

1929 901 1989 956 in
2020 901 2319 974 Hispaniis
2351 919 2412 957 se
2441 902 2492 957 ei
2524 902 2786 957 conferre
2817 901 3094 972 declarat,
3129 901 3202 957 ad
3241 900 3300 956 id
3323 902 3585 974 precibus

1930 991 2189 1062 [Ide/ensi
2237 993 2382 1060 regis
2457 990 2758 1056 excitatus,
2836 991 2907 1047 ob
2967 990 3237 1064 antiquas
3306 989 3578 1048 Ecclesiae

1931 1079 2219 1135 Teletanm
2251 1080 2681 1152 praerogativae.
2715 1082 2840 1147 Qua
2869 1081 2940 1135 de
2961 1097 3022 1136 re
3052 1098 3168 1136 non
3189 1096 3383 1155 regem
3400 1081 3578 1156 modo

1931 1172 2032 1224 aut
2060 1169 2361 1241 Hugonem
2393 1165 2683 1238 abbatem,
2717 1171 2817 1226 sed
2841 1170 3016 1226 etiam
3041 1170 3346 1244 universos
3364 1169 3575 1243 Hispa-

1931 1259 2163 1313 niarum
2186 1259 2654 1332 archiepiscopos
2685 1259 2959 1316 certiores
2991 1259 3144 1316 fecit.
3178 1258 3424 1317 Litteras
3442 1275 3579 1316 vero

1931 1364 2078 1418 quas
2110 1347 2289 1418 hujus
2320 1347 2401 1403 rei
2431 1363 2610 1403 causa
2669 1347 2903 1418 scripsit
2947 1347 3226 1420 pontifex,
3256 1347 3364 1404 etsi
3421 1347 3580 1405 notis

1931 1435 2361 1508 chronologicis
2405 1440 2658 1504 careant,
2711 1437 2782 1492 ad
2830 1437 2989 1492 hunc
3039 1451 3260 1512 annum
3289 1435 3580 1510 pertinere

1931 1543 2101 1580 nemo
2131 1542 2245 1579 non
2302 1525 2476 1580 videt.
2535 1524 2911 1580 Praemissum
2960 1525 3250 1582 Toletanae
3309 1525 3578 1582 Ecclesia

1932 1611 2297 1686 privilegium
2328 1613 2385 1668 in
2417 1614 2748 1686 Appendice
2779 1613 2974 1670 locum
3025 1613 3284 1681 habebit,
3341 1614 3492 1670 sicut
3520 1617 3580 1672 et

1931 1703 2188 1775 Gregorii
2219 1704 2289 1758 IX
2318 1704 2387 1758 de
2417 1703 2618 1759 eadem
2651 1719 2711 1758 re
2742 1703 3089 1776 rescriptum
3121 1705 3192 1760 ad
3225 1702 3576 1760 Rodericum

1929 1793 2272 1865 Toletanum
2306 1792 2834 1865 archiepiscopum,
2871 1793 2968 1866 qui
3004 1791 3441 1866 privilegiorum
3469 1793 3575 1848 Ec-

1931 1880 2117 1936 clesia:
2147 1898 2266 1937 suae
2297 1880 2653 1953 exemplaria
2685 1898 2793 1938 sua
2823 1881 3164 1938 authentico.
3191 1881 3264 1937 ab
3286 1898 3352 1938 eo
3382 1879 3577 1956 ponti-

1927 1968 2032 2025 ﬁce
2093 1968 2507 2041 postulaverat.
2571 1971 2736 2042 Ipsas
2788 1973 2984 2026 autem
3041 1968 3266 2026 litteras
3322 1969 3580 2026 edendas

1924 2058 2624 2130 relinquimuslaberioso
2647 2059 2989 2131 eruditeque
3010 2058 3442 2131 pontiﬁciarum
3464 2056 3582 2132 epiL

1928 2146 2211 2203 stolarum
2245 2146 2560 2218 collectori,
2607 2163 2679 2203 ne
2710 2147 2954 2219 repetita
2983 2147 3200 2220 saepius
3238 2147 3580 2204 earumdem

1923 2253 2122 2292 rerum
2155 2236 2410 2294 editione
2431 2235 2702 2293 litteratis
2728 2235 3009 2293 librorum
3031 2237 3398 2310 emptoribus
3419 2235 3581 2294 oneri

1926 2343 2137 2382 Simus.

1922 2415 2170 2472 XXXIII.
2224 2414 2478 2471 Artaldus
2508 2415 2825 2472 Helenensis
2855 2416 2923 2472 ab
2952 2415 3165 2474 Urbano
3205 2417 3573 2473 cmesratur.

1995 2505 2249 2561 Emersit
2269 2505 2423 2560 circa
2450 2503 2598 2560 illud
2628 2509 2863 2579 tempus
2893 2504 3493 2580 graviscontroversia
3514 2504 3574 2559 in

1923 2594 2222 2666 provincia
2242 2595 2604 2650 Narbonensi
2633 2595 2786 2650 inter
2808 2595 3112 2668 Artaldum
3143 2595 3394 2650 electum
3414 2593 3574 2650 Hele-

1927 2700 2168 2740 nensem
2200 2683 2539 2755 episcopum
2570 2687 2628 2738 et
2655 2682 3009 2740 Dalmatium
3031 2683 3160 2756 ejus
3180 2681 3574 2761 metropolita-

1927 2790 2092 2839 num,
2127 2773 2227 2845 qui
2259 2789 2393 2828 eum
2419 2774 2492 2828 ob
2509 2773 2777 2829 Simonis:
2798 2773 3194 2846 suspicionem
3232 2788 3574 2830 consecrare

1929 2862 2231 2918 renuebat.
2259 2860 2536 2917 Artaldus
2565 2861 2718 2932 hanc
2751 2862 3048 2935 repulsam
3095 2878 3308 2935 passus
3334 2861 3581 2938 Romam

1933 2952 2094 3020 adiit,
2156 2951 2353 3023 ibique
2403 2951 2660 3023 praestito
2719 2955 3082 3008 sacramento
3139 2949 3450 3024 purgatus,
3507 2949 3583 3006 ab

1937 3041 2168 3096 Urbane
2189 3040 2317 3112 ipso
2331 3044 2704 3096 consecratus
2733 3043 2839 3096 est.
2864 3042 2926 3096 Id
2954 3039 3166 3110 fusius,
3188 3039 3275 3096 uti
3297 3039 3584 3111 conjicere

1935 3129 2090 3196 licet,
2121 3128 2478 3200 descriptum
2513 3133 2636 3184 erat
2663 3129 2724 3185 in
2754 3129 2973 3186 Urbani
3005 3129 3219 3201 Gestis,
3255 3146 3326 3186 ex
3368 3127 3585 3202 quibus

1939 3235 2217 3273 canonem
2241 3217 2514 3273 Artaldus
2546 3217 2604 3273 in
2639 3235 2816 3274 suum
2847 3219 3144 3276 decretum
3163 3217 3475 3274 Gratianus
3503 3216 3588 3274 in-

184 3324 241 3362 ac
271 3308 336 3363 de
363 3309 632 3380 ejusdem
668 3307 975 3381 illegitima
1005 3308 1493 3376 exauctoratione,
1527 3327 1560 3364 a
1590 3308 1823 3365 Richar-
1855 3292 1896 3360 C
1934 3307 2086 3362 vexit
2107 3309 2159 3372 8,
2194 3323 2248 3378 q.
2280 3307 2338 3377 3,
2371 3324 2418 3360 c.
2452 3310 2509 3376 2,
2543 3307 2641 3362 ubi
2673 3305 2770 3363 ille
2817 3306 3118 3374 mendose,
3167 3307 3253 3363 uti
3295 3306 3584 3376 dicemus,

183 3396 248 3452 de
277 3403 482 3454 contra
516 3395 750 3470 regulas
782 3403 1083 3454 attentala.
1120 3399 1263 3453 Hinc
1313 3397 1488 3452 etiam
1540 3397 1826 3454 discimus

181 3501 276 3540 cur
302 3486 600 3552 Urbanus,
636 3485 830 3542 ablata
862 3486 1152 3543 Richardo
1176 3487 1486 3560 legatione,
1507 3487 1664 3543 vices
1687 3504 1827 3544 suas

181 3573 231 3628 in
261 3574 547 3649 Hispania
579 3576 872 3631 Bernardo
901 3574 1178 3633 Toletano
1210 3576 1460 3632 antistiti
1512 3577 1828 3632 commise-

179 3664 264 3718 rit.
293 3668 513 3722 Caetera
545 3665 669 3720 suis
700 3663 843 3720 locis
873 3669 1254 3737 exponentur.

239 3753 376 3809 Cum
404 3754 611 3825 itaque
644 3753 734 3808 his
756 3752 944 3809 turbis
965 3753 1231 3809 Ecclesiae
1257 3753 1508 3809 Gallicias
1539 3754 1825 3827 agitaren-

174 3845 285 3911 tur,
339 3843 678 3899 Bernardus
736 3843 854 3914 iam
907 3847 1283 3900 consecratus
1354 3842 1538 3900 Toleti
1598 3844 1822 3916 episco-

176 3947 296 4003 pus,
327 3937 394 3988 ut
442 3931 708 4005 plerique
763 3931 1119 4001 existimant,
1176 3933 1328 4004 quod
1388 3932 1623 4005 quidem
1675 3933 1822 3988 veri-

175 4020 421 4077 similius
449 4024 561 4089 est,
596 4023 698 4076 aut
743 4024 896 4077 certe
925 4019 1296 4077 solummodo
1330 4022 1400 4076 ad
1440 4021 1592 4077 hanc
1622 4022 1821 4078 sedem

173 4108 535 4181 designatus,
600 4109 672 4176 si,
731 4113 796 4166 ut
852 4109 950 4165 alii
1009 4109 1232 4174 volunt,
1287 4127 1489 4165 verum
1552 4111 1629 4165 sit
1685 4128 1819 4167 eum

174 4198 240 4252 ab
297 4198 558 4266 Urbane,
612 4199 769 4271 quod
828 4201 954 4271 ipse
1007 4216 1333 4271 numquam
1391 4200 1557 4265 dixit,
1617 4216 1818 4256 conse-

175 4292 390 4343 cratum
450 4287 657 4355 fuisse,
737 4289 984 4344 Romam
1041 4288 1200 4344 venit
1255 4289 1538 4345 adversus
1579 4289 1820 4344 Richar-

173 4375 324 4444 dum,
387 4377 436 4433 si
502 4376 782 4433 Roderico
839 4377 1118 4434 Toletano
1177 4378 1506 4444 credamus,
1567 4395 1818 4451 conque-

174 4467 386 4532 sturus,
436 4465 552 4533 vel,
586 4469 651 4520 ut
679 4465 811 4521 aliis
855 4465 1067 4539 placet,
1122 4467 1194 4521 ad
1242 4465 1531 4522 visitanda
1586 4471 1817 4540 aposto-

171 4550 352 4610 lorum
409 4554 639 4620 limina,
672 4559 822 4610 etut
871 4555 1154 4628 obsequia
1201 4572 1308 4610 sua
1339 4573 1482 4611 novo
1536 4556 1814 4628 pontiﬁci,

1936 3398 2213 3468 episcopus
2267 3397 2598 3452 Arelatensis
2675 3396 3018 3469 appellatur.
3081 3397 3160 3452 De
3220 3413 3335 3470 quo
3392 3410 3587 3452 errore

1936 3503 2068 3540 cum
2105 3485 2198 3538 hic
2230 3501 2415 3539 canon
2448 3485 2520 3540 ad
2546 3484 2844 3540 Urbanum
2869 3483 3138 3542 uestrum
3161 3489 3401 3558 spectet,
3417 3485 3588 3557 juvat

1935 3575 2029 3629 hic
2061 3574 2234 3646 paulo
2266 3574 2595 3629 accuratius
2626 3574 2942 3645 inquirere.
2967 3575 3312 3632 Franciscus
3333 3575 3589 3647 Bosque-

1937 3667 2030 3717 tus
2052 3663 2291 3717 meritos
2324 3662 2694 3733 reprehendit
2724 3663 2984 3718 Gratiani
3006 3664 3277 3730 editores,
3312 3664 3462 3735 quod
3480 3679 3585 3735 pro

1933 3752 2282 3819 Arelatensis,
2343 3749 2654 3822 legendum
2704 3767 2832 3807 esse
2879 3751 3171 3807 Electensis
3225 3751 3582 3818 censuerint,

1933 3857 2090 3909 cum,
2126 3840 2336 3912 inquit,
2363 3844 2589 3896 certum
2613 3840 2690 3896 sit
2719 3839 3078 3896 Electensem
3109 3839 3451 3910 Ecclesiam,
3472 3839 3584 3896 etsi

1932 3930 2294 3986 Narbonensi
2345 3929 2652 4002 provinciae
2701 3930 2774 3985 ab
2823 3929 2988 3986 initio
3049 3930 3394 4003 subjectam,
3449 3933 3584 3988 ante

1931 4019 2174 4074 Joannis
2205 4018 2352 4074 XXII
2406 4022 2673 4092 tempora
2727 4018 3046 4093 episcopali
3094 4018 3264 4076 titulo
3313 4023 3581 4078 ornatam

1931 4123 2047 4162 non
2081 4107 2283 4163 fuisse.
2315 4109 2387 4163 At
2415 4109 2642 4164 caeteris
2663 4107 2884 4164 felicior
2912 4125 3028 4164 non
3060 4108 3172 4164 fuit
3197 4107 3286 4164 vir
3313 4108 3582 4166 eruditus

1929 4195 1989 4250 in
2019 4195 2256 4270 vulgata
2302 4196 2547 4252 lectione
2600 4199 3046 4269 propugnanda,
3102 4213 3283 4270 quam
3341 4198 3578 4256 retineri

1930 4285 2138 4341 debere
2167 4285 2485 4356 contendit,
2520 4289 2585 4342 ut
2614 4286 2750 4342 inde
2779 4287 3052 4359 probaret
3078 4286 3443 4344 Arelatenses
3462 4287 3585 4361 epi-

1929 4391 2136 4447 scepos
2197 4374 2334 4430 olim
2367 4376 2730 4432 Narbonensi
2787 4376 3237 4449 metropolitano
3283 4377 3582 4451 subjectos

1929 4464 2130 4520 fuisse.
2164 4464 2391 4520 Etenim
2422 4482 2525 4520 nec
2553 4465 2908 4522 Arelatensis
2937 4465 3194 4523 Ecclesia
3212 4483 3475 4540 unquam
3506 4466 3580 4525 ad

1926 4551 2281 4624 provinciam
2313 4557 2414 4608 aut
2443 4553 2760 4626 primatum
2791 4554 3226 4613 Narbonensem
3275 4555 3577 4630 pertinuit,

170 4640 280 4697 sive
335 4642 435 4700 ille
495 4643 670 4699 fuerit
716 4644 932 4711 Victor,
983 4649 1050 4699 ut
1105 4645 1347 4715 quidam
1407 4644 1632 4712 dicunt,
1698 4645 1817 4700 sive
1847 4662 1894 4728 ῃ
1925 4659 2030 4696 nec
2061 4641 2212 4696 inter
2242 4641 2610 4699 Arelatenses
2641 4643 2944 4718 episcopos
2972 4644 3247 4701 Artaldus
3289 4645 3447 4703 ullus
3476 4663 3576 4703 us-

176 4747 477 4789 successor
505 4733 634 4804 ejus
693 4732 986 4802 Urbanus,
1021 4735 1178 4804 quod
1210 4733 1400 4806 magis
1430 4733 1660 4790 videtur
1713 4752 1816 4789 an-

172 4819 344 4892 tiquis
405 4822 806 4878 monumentis
878 4826 1358 4890 consentaneum,
1415 4823 1698 4879 deferret:
1752 4840 1818 4879 eo

169 4907 335 4964 etiam
366 4910 712 4967 intendebat
743 4915 807 4966 ut
841 4928 910 4966 ea
966 4911 1270 4966 occasione
1302 4913 1681 4984 antiquorum
1716 4912 1816 4967 Ec-

171 4996 347 5053 clesia:
378 4999 674 5055 Toletana:
705 4999 1140 5073 privilegiorum
1176 4999 1462 5056 obtineret
1495 5001 1814 5057 restitutio-

175 5103 294 5141 nem
325 5107 337 5143 :
369 5090 523 5162 quod
560 5089 752 5162 coiligi
788 5094 999 5162 potest,
1063 5089 1179 5145 imo
1213 5089 1425 5145 diserte
1483 5090 1728 5146 habetur
1759 5091 1817 5146 in

178 5173 386 5230 Urbani
446 5177 726 5249 epistolis.
781 5178 943 5232 Certe
995 5177 1357 5232 Bernardum
1415 5194 1549 5233 cum
1609 5177 1818 5232 litteris

175 5267 661 5322 cemmendatitiis
691 5265 914 5322 Alfonsi
937 5265 1090 5339 regis
1119 5265 1449 5321 venientem
1475 5267 1722 5339 benigne
1743 5267 1813 5321 ab

174 5349 392 5410 Urbano
416 5360 722 5428 exceptum
745 5356 928 5412 fuisse
946 5359 1201 5411 testatur
1233 5356 1357 5427 ipse
1383 5355 1539 5410 idem
1559 5357 1816 5427 pontifex

173 5438 227 5495 in
256 5443 503 5514 epistola
532 5445 604 5500 ad
654 5445 926 5502 eumdem
985 5461 1203 5516 regem,
1265 5445 1364 5516 qui
1425 5445 1483 5500 in
1515 5445 1697 5502 altera
1741 5445 1812 5502 ad

171 5528 469 5604 Hugonem
500 5533 965 5600 Cluniacensem,
1000 5533 1081 5588 ait
1114 5533 1475 5590 Bernardum
1509 5552 1543 5590 a
1574 5551 1637 5590 se
1665 5551 1812 5590 reve-

170 5629 344 5676 renter
373 5623 556 5679 fuisse
602 5631 906 5697 exceptum,
938 5627 1065 5678 tum
1093 5621 1166 5678 ob
1198 5623 1327 5694 ejus
1358 5623 1816 5680 commendatio-

169 5725 314 5783 nem,
349 5715 482 5770 tum
511 5712 582 5770 ob
612 5713 802 5787 ipsius
850 5711 1156 5786 Bernardi,
1191 5714 1248 5768 et
1297 5711 1457 5774 sedis
1505 5713 1812 5788 Toletanis,

480 5839 744 5914 Parnm.
788 5840 934 5912 GLI.

1928 4748 2102 4803 quam
2137 4735 2513 4786 memoratur.
2548 4731 2677 4787 Alia
2696 4732 2893 4804 itaque
2912 4731 3199 4789 solvendae
3219 4733 3399 4806 hujus
3421 4735 3576 4790 dim-

1927 4819 2161 4875 cultatis
2191 4819 2284 4874 via
2315 4819 2570 4875 ineunda
2591 4825 2698 4889 est,
2723 4836 2900 4892 quam
2920 4821 3150 4878 videtur
3168 4821 3460 4881 invenisse
3487 4824 3579 4880 vir

1927 4909 1998 4964 cl.
2027 4909 2357 4982 Stephanus
2391 4909 2660 4966 Baluzius
2693 4911 2750 4965 in
2792 4911 3009 4967 additis
3065 4913 3137 4968 ad
3170 4911 3387 4970 librum
3429 4931 3463 4971 ν
3493 4914 3575 4972 De

1927 4999 2235 5054 concordia
2266 4999 2572 5054 sacerdotii
2605 5005 2663 5056 et
2693 5001 2919 5074 imperii
2953 5019 3078 5074 cap.
3106 5003 3192 5074 41,
3244 5004 3343 5058 ubi
3377 5009 3576 5060 monet

1927 5089 2238 5160 legendum
2290 5106 2416 5144 esse
2447 5089 2502 5143 in
2553 5088 2663 5144 hoc
2694 5107 2916 5148 canone
2963 5091 3220 5148 Artaldus
3275 5092 3580 5152 Elenemic

1928 5179 2228 5249 episcopus,
2257 5177 2597 5234 Helenensis
2629 5179 2844 5252 quippe
2860 5180 3115 5238 Ecclesia
3134 5185 3274 5237 tunc
3290 5182 3573 5255 temporis

1924 5268 2188 5338 subjecta
2209 5272 2333 5323 erat
2354 5267 2656 5339 metropoli
2678 5269 3061 5326 Narbonensi.
3078 5273 3148 5327 Et
3168 5271 3406 5344 quidem
3431 5275 3573 5330 tunc

1922 5356 2150 5412 vivebat
2177 5357 2473 5426 Artaldus,
2507 5358 2606 5430 qui
2639 5357 2980 5416 Elenensem
3016 5361 3212 5417 sedem
3243 5377 3308 5417 eo
3358 5361 3572 5419 saeculo

1924 5446 2224 5502 desinente
2255 5447 2460 5516 tenuit,
2489 5452 2553 5503 ut
2582 5448 2964 5504 confirmatur
2995 5467 3063 5506 ex
3093 5450 3187 5508 his
3212 5451 3405 5508 verbis
3435 5451 3572 5508 libri

1922 5552 1978 5590 IV
2011 5534 2214 5589 Marcze
2247 5534 2595 5606 Hispanicae,
2618 5537 2820 5592 Ανίαὶῑὶ
2837 5538 2992 5593 electi
3008 5541 3245 5612 episcopi
3259 5541 3572 5597 Helenenszs

1922 5626 2129 5679 mentio
2158 5625 2220 5695 ﬁt
2250 5641 2305 5679 v1
2335 5625 2467 5681 Idus
2498 5627 2648 5692 Maii,
2691 5643 2836 5682 anno
2865 5628 2936 5683 2'7
2990 5635 3257 5700 regnante
3309 5631 3570 5702 Philippo

1921 5729 2068 5791 rege.
2101 5713 2210 5784 Qui
2241 5713 2481 5796 quidem
2542 5715 2796 5794 Philippi
2825 5734 3017 5778 annus
3066 5719 3117 5776 si
3147 5738 3182 5779 a
3225 5721 3410 5797 patris
3439 5721 3570 5799 ejus
