3972 6450
463 509 544 567 4'1
1759 509 1830 572 Β.
1875 508 2104 574 URBM

2228 505 2271 572 [Ι
2312 507 2570 572 ΡΑΡλΕ.
3771 495 3854 564 Β
3937 505 3939 522 ¹

465 644 594 695 tum
623 637 865 695 viventis
895 640 1228 710 auctoritas,
1261 631 1362 714 qui
1400 640 1554 698 hanc
1599 640 1825 699 cladem
1871 629 2117 700 Henrico
2143 642 2200 710 Α
2229 641 2425 723 Sancti
2453 630 2704 698 Joannis
2733 639 3033 710 inVi'neis,
3053 639 3220 697 edita
3251 635 3578 696 secundum
3607 633 3857 710 regulam

467 727 690 784 illatam
722 728 815 784 bis
847 735 1285 799 commemorat,
1320 731 1437 786 sub.
1459 729 1634 786 ﬁnem
1674 747 1885 804 nempe
1933 731 2116 804 hujus

469 816 608 873 anni
639 820 698 873 et
727 819 1024 890 sequentis
1056 817 1242 890 initio,
1267 819 1424 893 quod
1454 836 1560 894 pro
1592 836 1753 877 more
1773 838 1880 877 suo
1902 837 1937 876 a
1956 819 2117 876 Chri-

471 905 545 962 sti
578 905 872 962 Natalium
911 907 1222 965 festivitate
1281 911 1504 982 repetit.
1564 909 1740 966 Porro
1787 909 2114 973 victoriam,

466 1010 646 1067 quam
675 1009 745 1052 ea
758 995 1064 1052 occasione
1087 996 1470 1055 Ekkehardus
1491 997 1750 1054 marchio
1780 999 1852 1054 de
1869 997 2115 1054 Henrico

463 1085 802 1158 reportavit,
851 1088 1076 1141 tantam
1130 1085 1316 1143 fuisse
1361 1090 1652 1142 asseverat
1691 1085 2019 1156 Bertoldus,
2051 1091 2118 1143 ut

462 1171 801 1246 imperator,
861 1173 1104 1247 perditis
1159 1173 1455 1248 regalibus
1509 1174 1864 1249 insignibus,
1911 1173 2006 1230 vix
2043 1175 2115 1230 de

463 1261 740 1318 manibus
797 1262 1236 1335 insequentium
1295 1267 1549 1336 ereptus,
1582 1281 1614 1320 e
1658 1259 1992 1336 Thuringia'
2010 1263 2110 1320 ubi

463 1349 762 1407 Gleicham
779 1367 973 1408 arcem
987 1351 1684 1426 obsidebat,Banbergam
1705 1369 1893 1424 usque
1915 1353 2114 1424 fugere

463 1442 702 1496 coactus
735 1439 928 1507 fuerit,
961 1439 1466 1513 ibiqueNatalium
1494 1438 1712 1496 Christi"
1738 1439 2111 1497 festivitatem

461 1527 683 1600 absque
713 1527 832 1584 ull‘o
863 1531 1144 1601 apparatu
1177 1517 1453 1599 inglorius
1476 1529 1858 1584 solemnimre.

745 1615 851 1672 XL.
883 1616 1420 1690 Epistoladecrela‘lis
1451 1617 1522 1672 ad
1543 1617 1825 1674 Pibonem.

497 1733 512 1757 π
534 1703 700 1760 Circa
724 1702 870 1760 illud
896 1709 1130 1778 tempus
1148 1705 1422 1763 Urbanus
1451 1723 1486 1762 a
1515 1697 2112 1763 Pibo‘neTullensium

461 1793 732 1866 episcopo
762 1793 1018 1850 devariis
1040 1793 1231 1850 causis
1251 1794 1643 1868 interrogatus
1673 1793 2020 1850 decretalem
2039 1795 2111 1850 ad

460 1893 594 1937 eum
625 1880 966 1954 epistolam,
985 1898 1112 1938 cum
1139 1897 1404 1940 consensu
1431 1883 1718 1956 synodalia
1745 1880 1989 1947 concilii,
2024 1899 2109 1938 re-

445 1953 716 2071 (scripsit,
760 1985 938 2078 quam
989 1971 1196 2044 primis
1238 1953 1478 2078 ‘Urbaniv
1513 1971 1892 2073 pontiﬁcatus
1941 1971 2116 2078 annis
2139 2011 2190 2078 Β

457 2059 740 2132 scriptam
769 2059 954 2117 fuisse
983 2076 1128 2117 ex-eo
1145 2059 1735 2134 colligimus,quodin
1767 2076 1836 2117 ea
1855 2060 2114 2134 pontifex

459 2137 646 2220 capite
673 2151 707 2203 4
737 2149 946 2205 innuat
985 2166 1048 2207 se
1107 2149 1312 2206 Piboni
1361 2150 1735 2224 respondere,
1794 2154 2110 2222 antequam

455 2236 644 2294 ullum
673 2238 986 2294 concilium
1000 2238 1267 2312 generale
1293 2239 1662 2296 celebrasset.
1677 2239 1749 2294 At
1772 2254 1926 2294 anno
1947 2239 2108 2308 1089-,

455 2318 522 2382 ut
549 2325 724 2383 habet
770 2327 1098 2398 Bertoldus,
1156 2327 1426 2384 Urbanus
1475 2328 1786 2399 generalem
1840 2326 2112 2400 synodum

451 2413 559 2470 415
587 2417 965 2488 episcoporum
1013 2417 1252 2488 collegit.
1285 2417 1452 2472 Forte
1483 2414 1646 2482 Pibo,
1677 2431 1811 2472 cum
1844 2419 1977 2488 post
2001 2414 2112 2472 iter

449 2494 1005 2578 Jerosolymitanum
1035 2505 1094 2560 in
1121 2505 1480 2562 monasterio
1509 2503 1705 2560 Sancti
1741 2503 1981 2578 Benigni
2010 2503 2108 2560 Di-

448 2590 620 2648 vione
666 2582 1024 2650 monachum
1073 2583 1390 2662 induisset,
1450 2594 1524 2650 ad
1583 2593 1890 2650 ecclesiam
1934 2610 2104 2650 suam

450 2681 638 2738 redi-re
661 2675 836 2754 paulo
861 2687 1066 2756 postea
1075 2683 1306 2756 jussus,
1340 2682 1447 2738 bas
1479 2682 1713 2740 Urbano
1731 2681 2107 2740 dit’ﬂcultates

449 2771 772 2843 proposuit.
808 2762 920 2826 lter
943 2771 1088 2826 illud
1123 2775 1464 2844 susceperat
1491 2787 1644 2828 anno
1695 2763 1834 2827 11083
1879 2775 1940 2827 et
1959 2771 2108 2828 Tul-

449 2857 574 2914 lum
597 2859 722 2930 jam
758 2875 1024 2942 reversus
1071 2863 1195 2916 erat
1231 2876 1384 2916 anno
1415 2857 1576 2929 4088,
1628 2859 1726 2916 ubi
1779 2861 1923 2917 obiit
1952 2877 2104 2916 anno

504 3055 513 3061 ’
757 3025 868 3092 XL.
901 3037 1014 3092 bis.
1051 3038 1302 3094 Urbanus
1333 3037 1512 3094 Romae
1537 3041 1802 3095 moratur.

523 3125 748 3182 Primos
779 3125 958 3198 hujus
987 3125 1126 3182 anni
1145 3125 1328 3198 (1089)
1349 3143 1600 3195 menses,
1629 3127 1813 3185 Romae
1842 3127 2105 3184 ininsula

451 3216 518 3270 ut
546 3214 722 3270 refert
749 3213 1076 3282 Bertoldus,
1107 3229 1233 3287 quae
1260 3215 1410 3270 inter
1454 3215 1586 3272 duos
1626 3220 1818 3290 pontes
1854 3217 1962 3274 sita
2001 3226 2100 3284 est,

450 3302 736 3376 transegit
761 3303 1054 3371 Urbanus,
1085 3307 1142 3360 et
1171 3294 1408 3377 quidem
1425 3304 1518 3363 his
1549 3304 1609 3360 in
1644 3303 1932 3378 angustiis
1951 3305 2103 3378 posi-

2223 731 2416 786 Sancti
2451 729 2784 803 Augustini,
2808 729 3164 786 confirmatae
3196 727 3407 784 abonae
3435 724 3718 783 memorias
3735 723 3848 779 viro

2223 819 2456 876 Urbano
2483 819 2758 892 pontiﬁce
2786 819 2835 876 ΙΙ
2863 835 3012 891 quas
3034 811 3732 878 debemusinviolabiliter
3744 830 3850 870 ser-

2221 925 2372 963 vare.
2408 909 2648 964 Duabus
2679 912 2875 964 autem
2892 911 2951 964 et
2979 905 3370 980 quadraginta
3399 903 3738 962 lectiunibus
3753 901 3849 958 ab—

2222 993 2548 1062 solvuntur,
2584 1015 2613 1044 »
2643 998 2753 1050 etc.
2773 993 2936 1050 Certe
2956 993 3259 1050 Urbanum
3272 990 3609 1066 pontiﬁcem
3631 987 3852 1063 speciali

2221 1081 2535 1138 dilectione
2582 1086 2958 1155 prosecutum
2985 1081 3172 1140 fuisse
3213 1079 3528 1138 canonicos
3574 1077 3854 1150 regulares

2221 1170 2406 1228 sancti
2437 1169 2885 1244 Augustini,qui
2898 1175 3038 1228 tunc
3066 1187 3270 1228 recens
3281 1169 3514 1230 excitati
3533 1167 3594 1224 in
3615 1166 3855 1232 Ecclesia

2220 1259 2526 1326 florebant,
2549 1261 2798 1332 probant
2825 1260 2987 1316 varia
3013 1261 3144 1333 ejus
3159 1258 3484 1332 diplomata
3513 1263 3646 1330 quas
3661 1271 3852 1330 mper-

2221 1351 2380 1414 sunt,
2437 1350 2564 1406 suis
2593 1347 2738 1406 locis
2793 1349 3160 1422 proferenda.
3193 1349 3273 1408 Ex
3323 1347 3542 1420 quibus
3589 1345 3849 1406 GerasiUs

2219 1437 2567 1510 praepositus
2596 1437 3177 1512 Reicherspergensis
3204 1437 3267 1493 in
3287 1433 3854 1510 expositionopwlmi

2219 1527 2290 1582 64
2318 1543 2418 1581 seu
2451 1524 2600 1582 libro
2629 1527 2711 1583 De
2735 1531 3009 1600 corrupto
3041 1531 3197 1584 statu
3246 1525 3516 1585 Eusebia
3563 1524 3636 1586 ad
3671 1524 3852 1598 Euge-

2221 1615 2383 1674 nium
2416 1615 2492 1670 III
2524 1627 2758 1688 papam,
2809 1620 2970 1672 tomo
3007 1615 3058 1670 V
3117 1600 3628 1674 Miscellansorum
3668 1611 3852 1679 Belus,

2219 1705 2372 1760 edito
2403 1704 2591 1760 locum
2627 1703 2918 1778 insignem
2949 1704 3188 1776 profert,
3210 1719 3388 1776 quem
3415 1715 3676 1764 seorsum
3697 1701 3868 1761 edam.

2218 1793 2410 1848 visum
2444 1809 2558 1849 non
2589 1797 2848 1856 est,cum
2877 1793 3082 1850 iisdem
3103 1791 3342 1850 omnino
3370 1791 3565 1848 verbis
3583 1790 3862 1853 habeatur

2218 1880 2278 1936 in
2308 1881 2602 1954 plerisque
2648 1882 3066 1939 canonicorum
3119 1881 3480 1955 regularium
3533 1878 3860 1953 privilegiis.

2221 1970 2398 2026 Porro
2425 1971 2578 2026 aliud
2630 1971 2822 2026 Sancti
2871 1971 3119 2026 Joannis
3169 1969 3608 2030 Suessionensis
3639 1968 3864 2040 privile~

2219 2059 2382 2132 gium
2415 2075 2481 2115 ex
2513 2057 2808 2115 Sirmondi
2843 2059 3099 2126 schedia,
3151 2058 3306 2132 quod
3347 2058 3526 2116 etiam
3576 2073 3648 2117 ex
3674 2056 3871 2114 cortice

2219 2165 2330 2204 ms.
2367 2149 2576 2219 reginis
2608 2149 3028 2215 Suecisemunc
3041 2147 3454 2212 Ottoboniano,
3485 2145 3875 2206 Romaein!»-

2217 2253 2372 2301 mus,
2403 2237 2587 2293 edidit
2617 2237 2882 2292 Labbeus
2915 2241 3073 2296 temo
3103 2233 3872 2307 XConciliorum.,sedvquod

2215 2327 2428 2399 prioris
2459 2332 2793 2399 excerptum
2844 2325 3012 2383 facile
3056 2327 3452 2393 crederemus.
3503 2323 3620 2382 nisi
3667 2328 3878 2397 prastsr

2217 2431 2404 2487 pauca
2433 2414 2570 2482 alia,
2602 2415 2890 2471 diversam
2923 2415 3166 2472 haberet
3193 2414 3526 2474 chronicam
3548 2417 3764 2472 notam.
3793 2415 3872 2474 Et

2215 2503 2453 2576 quidem
2487 2522 2603 2561 non
2635 2504 2875 2560 omnino
2911 2504 3170 2562 insolens
3185 2507 3294 2572 est,
3325 2508 3393 2562 ut
3420 2503 3575 2564 idem
3608 2501 3872 2575 pontifex.

2215 2593 2447 2650 duobus
2478 2591 2921 2666 diplomatibus,
2935 2591 3164 2650 diverso
3181 2597 3445 2664 tempore
3463 2591 3636 2660 datis,
3659 2592 3874 2651 eadem

2213 2681 2396 2738 ferme
2421 2683 2562 2752 jura
2589 2681 2690 2737 uni
2721 2680 2848 2738 loco
2877 2681 3248 2747 concesserit;
3295 2696 3412 2752 quo
3468 2683 3664 2739 autem
3708 2696 3874 2740 anno

2215 2769 2419 2827 datum
2450 2771 2608 2826 istud
2634 2770 2826 2836 fuerit,
2858 2769 3306 2842 neconjioiendo
3323 2769 3562 2842 quidem
3585 2767 3876 2842 expiscari

2213 2860 2538 2933 potuimus,
2588 2859 2913 2932 praesertim
2945 2874 3080 2916 cum
3137 2857 3200 2914 in
3231 2859 3360 2916 cod.
3394 2875 3507 2917 ms.
3559 2856 3876 2919 decretalis

2214 2949 2464 3006 formam
2493 2948 2778 3023 prefer-at.
3263 2953 3268 2958 ‘

2387 3036 2528 3093 XLI.
2565 3038 2935 3107 Privilegium
2969 3036 3022 3092 S.
3064 3037 3292 3094 Victoris
3323 3035 3700 3096 Massiliensis.

2281 3127 2367 3182 Ad
2399 3126 2578 3198 hujus
2608 3141 2842 3198 quoque
2867 3123 3011 3182 anni
3035 3124 3206 3182 initia
3235 3125 3624 3184 revocandum
3649 3126 3878 3198 est‘pri.

2209 3213 2488 3288 vilegium
2548 3215 2704 3288 quod
2764 3213 3036 3271 Urbanus
3091 3214 3448 3271 monasterio
3510 3212 3876 3274 Massiliensi

2211 3303 2406 3362 Sancti
2425 3303 2682 3361 Victoris
2700 3303 2893 3376 primo
2912 3302 3286 3376 pontiﬁcatus
3298 3301 3394 3358 sui
3419 3319 3573 3361 anno
3605 3301 3878 3378 indulsit,

451 3395 570 3460 tus,
603 3409 752 3465 quas
785 3393 957 3465 paulo
989 3393 1263 3466 superius
1280 3409 1346 3448 ex
1376 3393 1665 3450 Pandulfo
1685 3410 2104 3451 commemora-
2129 3378 2174 3446 C
2210 3410 2326 3449 non
2354 3392 2594 3466 quidem
2636 3392 2956 3448 indictione
3001 3409 3079 3460 x1,
3111 3396 3178 3448 ut
3223 3391 3463 3464 vulgata
3517 3391 3888 3464 exemplaria.

446 3479 817 3553 vimus,nihil
847 3481 1110 3538 omnimo
1125 3481 1482 3538 subtrahens
1504 3481 1760 3551 utilium,
1783 3483 2104 3555 quominus

448 3571 610 3644 gregi
669 3571 784 3626 sibi
844 3564 1162 3627 commisso
1195 3572 1252 3626 in
1305 3573 1582 3628 omnibus
1621 3573 1961 3646 prodesset;
2019 3571 2103 3630 ita

447 3661 675 3732 majora
703 3661 936 3734 negotia
960 3664 1346 3733 pertractans,
1379 3665 1444 3716 ut
1472 3665 1670 3718 tamen
1703 3677 1771 3717 ea
1801 3677 1929 3734 quas
1955 3661 2100 3717 tanti

447 3752 564 3806 non
587 3749 938 3806 videbantur
967 3765 1096 3806 esse
1153 3749 1438 3806 momenti
1489 3753 1760 3818 curaret;
1823 3766 1890 3806 ac
1917 3748 2002 3806 sic
2030 3751 2104 3808 iis

449 3855 578 3912 quis
607 3839 680 3894 ad
725 3838 1051 3894 universale
1103 3838 1375 3896 Ecclesiae
1425 3839 1684 3912 regimen
1735 3839 2106 3912 pertinebant

448 3927 732 3994 intentus,
747 3929 814 3982 ut
836 3941 953 3982 non
983 3927 1302 4002 negligeret
1333 3927 1688 4000 privatorum
1703 3927 1957 4000 negotia,
1976 3940 2103 4000 quas

451 4016 524 4072 ad
558 4029 692 4071 eum
718 4015 1136 4072 referebantur.
1150 4015 1281 4072 Haec
1297 4015 1495 4071 omnia
1506 4031 1700 4072 rerum
1721 4015 1795 4071 ab
1825 4031 1894 4070 eo
1912 4019 2102 4089 gesta-

451 4107 584 4161 rum
615 4103 792 4161 series
819 4119 952 4161 vera
981 4121 1108 4162 esse
1121 4103 1546 4177 comprobabit.
1569 4103 1758 4176 Hujus
1777 4104 1914 4160 anni
1937 4103 2105 4160 initio

449 4192 820 4266 privilegium
852 4193 990 4249 olim
1019 4193 1416 4250 exhibendum
1467 4193 1759 4250 concessit
1808 4191 2106 4250 canonicis

448 4281 817 4355 regularibus
847 4283 1030 4338 sancti
1063 4281 1306 4339 Joannis
1337 4283 1408 4338 de
1437 4281 1638 4338 Vineis
1669 4281 1825 4354 apud
1842 4281 2104 4338 Suessio-

448 4389 556 4428 nas
584 4375 650 4428 'ut
677 4389 776 4429 eos
796 4373 908 4429 sub
965 4371 1298 4446 apostolicae
1339 4371 1498 4427 sedis
1550 4369 1736 4427 tutela
1778 4370 2000 4444 positos
2031 4371 2103 4426 ad

448 4461 754 4518 arctiorem
784 4453 999 4536 regulae
1049 4477 1170 4518 suae
1226 4460 1476 4534 praxim,
1534 4475 1712 4533 quam
1761 4459 1940 4534 paulo
1969 4465 2104 4518 ante

449 4555 846 4624 susceperant,
879 4551 1068 4622 magis
1083 4567 1149 4606 ac
1163 4547 1350 4622 magis
1376 4548 1799 4606 observandam
1829 4549 2102 4606 adhorta-

447 4643 629 4698 retur:
663 4657 842 4721 quare
873 4656 1051 4712 super
1079 4637 1278 4694 omnia
1307 4638 1532 4706 statuit,
1556 4641 1621 4694 ut
1651 4639 1931 4696 canonica:
1976 4655 2103 4695 con-

2209 3482 2543 3555 praaferunt,
2575 3481 2676 3538 sed
2707 3497 2810 3550 xu,
2829 3497 2958 3554 quae
2988 3479 3126 3537 huic
3142 3496 3295 3538 anno
3316 3479 3608 3537 convenit.
3636 3481 3708 3538 Et
3731 3481 3874 3552 qui-

2209 3569 2344 3626 dem
2372 3587 2524 3626 anno
2553 3570 2901 3644 praecedenti
2949 3569 3043 3626 die
3071 3586 3106 3625 x
3137 3569 3429 3629 Kalendas
3460 3568 3655 3626 Martii
3697 3569 3880 3641 (nam

2209 3659 2322 3716 hoc
2345 3643 2772 3716 menseidatum
2801 3657 3036 3732 dicitur)
3066 3659 3330 3716 nondum
3351 3657 3638 3716 Urbanus
3663 3659 3882 3718 sedem
3933 3643 3940 3688 ⁸

2211 3749 2594 3824 apostolicam
2626 3749 3062 3818 conscenderat,
3095 3752 3152 3806 et
3179 3747 3325 3806 Ricb
3337 3749 3523 3806 ardus
3553 3747 3738 3808 abbas
3786 3747 3890 3807 cui

2209 3839 2560 3911 inscriptum
2594 3843 2704 3907 est,
2747 3837 2940 3895 adhuc
2971 3837 3033 3894 in
3079 3837 3366 3912 Hispania
3401 3841 3546 3896 tunc
3582 3837 3896 3908 temporis

2211 3929 2574 3997 morabatur,
2589 3926 3013 4002 ubilegationis
3029 3927 3382 4001 apostolicis,
3409 3942 3586 4000 quam
3609 3925 3889 4000 ιστηεο-

2212 4016 2298 4073 rio
2327 4016 2426 4072 VII
2458 4020 2780 4089 acceperat,
2815 4015 3025 4073 munia
3051 4015 3374 4084 exercebat,
3408 4014 3548 4072 licet
3574 4031 3611 4074 a
3635 4011 3888 4076 Victore

2212 4106 2470 4180 primum
2492 4105 3030 4180 defecisset,postea
3051 4103 3424 4177 fortasseip‘si
3443 4102 3895 4166 reconciliatus,

2215 4196 2288 4250 At
2317 4194 2424 4250 hoc
2455 4211 2610 4250 anno
2629 4191 3350 4266 Ricardus,illadignitate
3365 4191 3438 4250 ab
3457 4189 3900 4263 Urbano.quod

2213 4283 2416 4342 minus
2447 4287 2634 4352 caute,
2667 4287 2734 4340 ut
2762 4283 2848 4340 ait
2875 4282 3216 4350 Rodericus,
3251 4279 3564 4354 legationis
3603 4279 3889 4342 omnium

2213 4373 2424 4442 obiret,
2453 4377 2510 4430 et
2539 4374 2684 4429 forte
2715 4373 2791 4430 ob
2811 4371 2958 4429 alias
2974 4370 3146 4430 nobis
3162 4370 3394 4444 ignotas
3411 4383 3621 4428 causas
3639 4371 3896 4436 exutus.

2211 4467 2269 4518 et
2293 4462 2363 4520 ad
2397 4461 2830 4519 monasterium
2842 4475 3018 4518 suum
3031 4467 3320 4526 reversus,
3353 4457 3472 4513 hoc
3497 4455 3900 4530 privilegium

2215 4569 2252 4608 a
2279 4551 2552 4626 pontifice
2582 4549 2842 4607 obtinere
2865 4549 3078 4622 potuit.
3103 4547 3220 4605 Nec
3232 4545 3450 4605 mirum
3469 4545 3652 4605 videri
3676 4544 3898 4615 debet,

2209 4643 2352 4698 tunc
2386 4640 2472 4696 illi
2503 4639 2805 4698 Urbanum
2823 4636 3146 4712 gratiﬁcari
3170 4635 3448 4704 voluisse;
3466 4634 3900 4694 necessarium

445 4732 776 4799 stitutiones,
803 4729 1084 4802 perpetuis
1143 4727 1472 4799 temporibus
1519 4729 1582 4784 in
1610 4744 1812 4784 eorum
1861 4729 2102 4785 Ecclesia
2131 4747 2180 4815 Β
2211 4731 2426 4804 quippe
2455 4733 2578 4787 erat
2597 4733 2830 4785 tantum
2842 4728 3056 4796 virum,
3073 4725 3491 4815 cujus-animus
3520 4723 3906 4815 obablatann

449 4821 802 4876 inviolabiter
819 4819 1252 4876 observarentur.
1274 4815 1390 4872 Has
1409 4816 1856 4874 constitutiones
1885 4817 2104 4876 vidisse
2131 4811 2167 4815 —
2213 4819 2328 4876 sibi
2356 4817 2708 4892 legationem
2724 4815 3057 4890 exasperari
3073 4813 3380 4888 potuisset,
3405 4811 3903 4885 conciliaresibi,

449 4913 507 4965 et
535 4910 890 4984 approbasse
918 4907 1191 4962 Urbanus
1226 4905 1445 4960 dicitur
1473 4905 1532 4960 in
1580 4906 1760 4962 veteri
1807 4907 1936 4978 ejus
1986 4907 2096 4964 loci

450 4997 754 5064 Chronico,
777 4997 948 5068 cujus
981 4998 1184 5050 auctor
1213 4993 1271 5049 id
1306 4995 1512 5066 probat
1540 5011 1609 5050 ex
1659 5011 1861 5051 earum
1903 4995 2094 5066 titulo,

451 5087 554 5160 qui
584 5087 643 5142 in
673 5083 1004 5142 authentico
1033 5099 1235 5139 earum
1281 5083 1616 5156 exemplari,
1651 5087 1708 5140 et
1751 5084 1895 5141 forte
1930 5090 2098 5142 auto-

451 5175 694 5250 grapho,
719 5178 1097 5245 suotempore
1117 5171 1598 5228 habebatuerec
1623 5177 1762 5230 sunt
1776 5175 1905 5246 ejus
1924 5175 2101 5230 verba

452 5266 524 5322 de
554 5264 785 5320 Urbano
816 5260 1130 5334 loquentis:
1162 5262 1212 5316 Is
1237 5263 1454 5334 primus
1481 5264 1592 5334 fuit
1614 5280 1743 5335 erga
1777 5266 2102 5320 canonicam

449 5358 715 5420 nostram,
749 5351 832 5407 sic
860 5354 1086 5407 veteres
1117 5352 1534 5408 canonicorum
1567 5351 1923 5426 regularium
1971 5369 2100 5410 mo-

452 5440 710 5498 nasteria
784 5438 1074 5513 appellare
1150 5445 1591 5511 consueverant,
1669 5442 2104 5499 benedictionum

382 5518 392 5536 ’
452 5530 875 5602 apostolicarum
904 5532 954 5584 et
983 5530 1340 5600 largitionum
1363 5530 1707 5598 distributor,
1733 5533 1832 5604 qui
1847 5532 2106 5588 constitu-

455 5623 627 5678 tiones
671 5621 829 5676 nobis
868 5621 1124 5691 proprias
1184 5623 1238 5675 et
1273 5622 1644 5692 particulares
1709 5620 2030 5694 approbavit
2055 5627 2105 5678 et

455 5709 842 5777 corroboravit,
901 5708 1350 5782 quemadmodum
1405 5711 1597 5766 titulus
1654 5710 1770 5764 illis
1830 5707 2106 5782 praﬁxus

455 5801 726 5867 connotat.
751 5821 779 5852 ‹‹
801 5797 1094 5874 Incipiunt
1107 5796 1398 5858 canonicis
1420 5797 1822 5860 institutiones
1837 5796 2108 5859 Ecclesia

2207 4913 2265 4966 et
2292 4907 2487 4980 reipsa
2503 4906 2853 4974 Richardus,
2881 4905 3036 4962 sicut
3053 4909 3108 4962 et
3120 4903 3290 4978 Hugo
3319 4901 3906 4977 Lugdunensis,qui

2206 4995 2386 5054 simul
2439 5013 2474 5051 a
2501 4995 2755 5052 Victoris
2815 4993 3148 5051 obedientia
3205 4993 3588 5058 recesserant,
3639 4989 3909 5051 Urbano

2207 5101 2442 5158 semper
2468 5089 2672 5156 postea
2704 5082 3102 5140 addictissimi
3135 5083 3318 5142 fuere.
3351 5081 3476 5138 Non
3506 5079 3714 5152 itaque
3737 5080 3916 5136 sub-

2209 5174 2558 5230 movendum
2591 5177 2679 5230 est
2698 5173 2768 5228 ab
2791 5172 2902 5229 hoc
2929 5189 3082 5229 anno
3103 5167 3640 5245 privilegiumillud
3664 5167 3910 5230 Massi-

2209 5263 2411 5330 liense,
2445 5263 2598 5336 quod
2633 5263 2704 5318 ad
2737 5263 2866 5319 cod.
2903 5279 3016 5320 ms.
3053 5262 3415 5321 Tolosanum
3445 5259 3628 5320 beata:
3678 5256 3909 5316 Mariae

2209 5352 2497 5409 deaurata;-
2523 5349 2978 5422 collatumalias
3009 5351 3355 5424 proferetur.

2608 5441 2774 5496 XLII.
2807 5441 2885 5497 De
2911 5439 3071 5496 rebus
3103 5437 3461 5494 Germanicis.

2281 5530 2436 5587 Nihil
2469 5533 2665 5587 autem
2697 5529 2887 5603 magis
2935 5527 3097 5584 cordi
3127 5529 3254 5582 erat
3309 5523 3546 5583 Urbano
3593 5539 3798 5596 quam
3837 5531 3916 5584 ut

2211 5619 2536 5678 Germaniae
2564 5619 2900 5676 subveniret
2934 5631 3112 5688 quam
3153 5615 3377 5672 sciebat
3407 5632 3442 5672 a
3470 5612 3932 5682 schismuticis

2212 5711 2468 5768 multum
2491 5723 2559 5764 eo
2569 5711 2834 5778 tempore
2864 5704 3224 5763 conturbari.
3239 5704 3600 5779 Supersunt
3625 5703 3916 5775 quidem

2207 5797 2410 5860 adhuc
2432 5811 2503 5855 ea
2531 5794 2594 5853 in
2623 5792 2855 5871 regione
2879 5793 3499 5874 praterHsrmsannm
3521 5790 3916 5870 Maleum,
