3972 6442
122 514 203 597 ἐρ

1712 504 1933 589 With.

3432 479 3526 589 ’δεῖ

130 648 222 729 Qui
248 654 386 713 nate
410 646 638 727 aliquot
655 647 779 719 dies
800 645 999 710 sedem
1023 662 1194 719 suam
1214 644 1599 721 receperat,et
1618 637 1763 702 alios
1873 646 2043 715 eatur
2068 639 2129 703 in
2151 642 2254 703 illa
2272 643 2494 720 synodo
2514 640 2772 719 generali
2792 642 2897 700 115
2916 639 3326 733 episcoporum
3342 656 3526 733 quam

128 760 352 819 paucos,
376 743 619 801 omnino
645 744 903 816 quatuor
924 738 1197 798 catholici
1217 736 1496 813 episcopi,
1521 751 1776 809 quorum,

125 832 324 907 inquit,
343 832 673 897 Bertoldus,
692 833 755 888 in
778 832 1080 888 Teutonicis
1098 830 1353 903 partibus
1374 822 1774 899 con/ortainen-

126 926 172 983 to
190 923 389 995 reliqui
407 922 665 979 catholici
679 922 1048 977 schismaticis
1070 937 1105 975 α
1130 919 1408 992 principio
1432 916 1773 973 restiterunt.

126 1011 167 1069 Ii
195 1015 358 1070 erant
406 1010 699 1067 Adalbero
744 1010 1178 1079 Niceburgensis,
1209 1007 1561 1064 Altmannus
1607 1007 1775 1061 Pata-

129 1104 342 1170 vicnsis,
353 1100 720 1166 Adelbertus,
733 1100 1232 1165 Wormatiensis,et
1248 1096 1629 1154 Gebehardus
1647 1093 1783 1151 Con-

126 1192 455 1249 stantiensis.
488 1190 545 1246 Is
573 1189 822 1247 ultimus
838 1190 912 1245 ab
924 1188 1176 1258 Urbano,
1201 1203 1339 1244 cum
1372 1185 1433 1242 in
1464 1183 1784 1241 Germania

128 1279 450 1355 apostolica;
478 1279 638 1336 sedis
674 1278 1093 1352 apocrisiarius
1139 1281 1317 1344 esset,
1346 1276 1407 1332 in
1438 1275 1782 1349 episcopum

128 1373 515 1438 consecratus,
557 1369 736 1441 probe
772 1367 829 1425 ei
859 1371 1035 1424 notus
1066 1371 1191 1423 erat
1223 1383 1237 1420 :
1274 1380 1464 1439 quare
1506 1363 1783 1420 eumdem

136 1458 389 1533 pontifex
407 1458 600 1517 factus
618 1457 947 1531 apostolicae
965 1457 1124 1514 sedis
1143 1456 1408 1530 legatum
1440 1457 1501 1511 in
1517 1461 1643 1511 .tota
1662 1451 1783 1507 Ale-

127 1550 331 1614 mania,
344 1548 629 1618 Bajoaria,
644 1546 910 1614 Saxonis,
929 1547 1237 1619 'vicinisque
1265 1543 1595 1617 regionibus
1627 1557 1787 1597 crea-

121 1637 202 1697 vit
227 1636 440 1693 litteris
466 1653 537 1693 ea
564 1637 638 1693 de
681 1652 744 1693 re
787 1638 976 1694 Romae
1011 1635 1167 1693 datis
1194 1651 1293 1691 xxv
1323 1633 1593 1691 Kalendas
1634 1631 1785 1717 Maii,

124 1732 180 1784 et
206 1726 448 1800 quidem
478 1725 589 1781 hoc
618 1741 794 1790 anno,
817 1724 902 1781 uti
925 1725 1092 1780 docet
1114 1740 1220 1780 nos
1248 1721 1583 1789 Bertoldus,
1607 1725 1788 1776 tanta-

120 1833 239 1890 que
263 1814 389 1873 visa
414 1822 506 1872 est
532 1829 736 1871 earum
780 1813 1124 1880 auctoritas,
1153 1816 1221 1869 ut
1249 1812 1321 1869 ab
1354 1812 1529 1868 Ivon‘e
1560 1813 1618 1866 et
1647 1810 1788 1867 Gra-

128 1904 283 1971 tiano
310 1902 371 1960 in
398 1902 651 1959 decretis
701 1901 829 1959 suis
864 1901 1044 1957 veluti
1075 1899 1293 1974 regulae
1337 1896 1495 1970 juris
1546 1896 1788 1953 omnino

1883 737 1995 804 hoc
2026 753 2179 794 anno
2207 739 2265 794 et
2293 734 2531 809 quidem
2561 734 2776 802 Romae,
2800 736 2865 789 ut
2897 729 3065 789 multi
3095 730 3320 799 volunt,
3342 729 3531 788 Urba—

1886 824 2000 887 nus
2041 828 2196 902 apud
2245 826 2578 893 Bertoldum
2610 824 2916 899 collegisse
2945 823 3180 893 dicitur,
3212 823 3274 881 in
3303 839 3423 895 qua
3469 823 3536 877 ut

1886 920 2039 976 idem
2068 922 2271 975 auctor
2291 917 2408 973 ait:
2435 917 2812 973 Ecclesiastica
2843 917 3047 971 statuta
3065 929 3292 972 suorum
3315 911 3536 985 praede-

1884 1025 2159 1065 cessorum
2187 1007 2483 1079 apostolica
2517 1007 2843 1062 auctoritate
2874 1004 3234 1074 conﬁrmavit.
3268 1001 3416 1057 Illud
3448 1004 3536 1057 ta-

1889 1114 2023 1157 men
2047 1096 2405 1154 incommodi
2435 1100 2524 1152 est
2550 1096 2606 1150 in
2640 1095 2752 1151 hac
2772 1093 3059 1151 sententia
3078 1092 3232 1165 quod
3266 1091 3536 1148 Urbanus

1887 1189 2282 1246 communicato
2311 1185 2550 1259 quidem
2595 1188 2837 1258 fratrum
2866 1185 3093 1241 consilio
3131 1181 3437 1255 epistolam
3464 1182 3537 1237 ad

1890 1276 2300 1335 Gebehardum
2332 1292 2395 1331 se
2423 1274 2733 1347 scripsisse
2762 1273 2935 1340 dicat,
2965 1274 3062 1330 sed
3087 1272 3261 1345 paulo
3292 1270 3540 1327 inferius

1890 1365 1950 1422 id
1971 1367 2030 1422 in
2052 1364 2256 1438 synodo
2280 1365 2526 1435 generali
2544 1363 2764 1421 factum
2794 1380 2909 1420 non
2932 1362 3113 1420 fuisse
3142 1364 3339 1434 aperte
3359 1360 3541 1417 fatea-

1890 1459 2007 1512 tur.
2022 1455 2095 1511 Ut
2114 1458 2180 1511 ut
2199 1453 2296 1521 sit,
2314 1458 2536 1511 certum
2559 1457 2649 1510 est
2669 1453 2814 1510 eain
2836 1453 3057 1526 synodo
3070 1453 3267 1508 Romae
3281 1455 3384 1507 aut
3404 1468 3544 1523 quo-

1893 1542 1983 1601 vis
2003 1543 2115 1599 alio
2135 1542 2196 1603 in
2218 1543 2342 1599 loco
2360 1542 2658 1614 habita,qu
2667 1559 2761 1598 am
2777 1541 3085 1598 Bertoldus
3099 1545 3539 1611 commemorat,

1894 1634 2050 1691 sicut
2099 1636 2157 1690 et
2184 1632 2456 1689 Urbanus
2487 1632 2544 1688 in
2570 1630 2818 1705 epistola
2846 1648 2954 1688 sua
2984 1630 3317 1688 faciendum
3346 1632 3542 1687 decer-

1897 1722 2007 1791 nit,
2039 1721 2242 1779 mitius
2270 1725 2466 1779 actum
2498 1720 2681 1778 fuisse
2709 1737 2845 1777 cum
2874 1720 2967 1786 iis,
2996 1721 3098 1794 qui
3128 1719 3365 1777 nonnisi
3386 1736 3545 1776 occa-

1897 1812 2062 1870 sione
2091 1815 2193 1868 aut
2223 1814 2406 1880 metu,
2428 1814 2528 1867 aut
2557 1810 2613 1865 vi
2644 1811 2716 1867 ad
2757 1810 3162 1867 schismaticos
3193 1810 3544 1878 defecerant,

1898 1905 2217 1974 posteaque
2245 1901 2318 1957 ad
2348 1900 2667 1957 Ecclesiam
2711 1900 2944 1957 fuerant
2987 1899 3224 1956 reversi.
3247 1899 3408 1956 Unde
3434 1899 3548 1954 Ro-

126 1998 295 2051 certe
320 1996 381 2048 et
402 1992 741 2065 approbatis
790 1990 1021 2047 laudari
1072 1989 1420 2046 meruerint.
1453 1987 1791 2084 Pecretalem
1821 2017 1872 2084 Β
1901 1990 2081 2059 mani,
2105 1993 2171 2047 ut
2199 1989 2352 2046 idem
2394 1993 2600 2046 auctor
2644 1991 2863 2059 narrat,
2896 1989 2956 2044 in
2986 1992 3219 2045 tantum
3267 1989 3549 2044 adversus

124 2082 407 2156 epistolam
424 2079 684 2154 appellat
705 2079 937 2137 Berlold
946 2096 1036 2148 us,
1051 2081 1271 2137 litteras
1285 2077 1585 2151 synodales
1602 2073 1795 2136 nardi-

127 2170 273 2229 dalis
302 2170 613 2235 Baronius,
640 2170 799 2243 quod
844 2184 945 2226 eas
975 2186 1047 2228 ex
1071 2169 1276 2241 synodo
1306 2166 1562 2240 scriptas
1610 2164 1797 2222 fuisse

124 2258 539 2317 existimaverit
556 2262 619 2315 ut
634 2275 703 2316 ex
724 2259 841 2330 ejus
872 2260 1205 2331 fragmento,
1230 2255 1448 2329 inquit,
1482 2263 1637 2329 patet
1654 2267 1797 2326 quod

125 2350 193 2406 ab
217 2351 382 2411 luens
408 2348 690 2417 laudatur.
724 2349 836 2405 Sed
875 2348 934 2403 id
959 2348 1086 2418 jam
1133 2347 1376 2403 omnino
1426 2349 1653 2407 certum
1684 2346 1792 2419 est,

124 2455 194 2495 ex
219 2439 351 2511 ejus
374 2437 591 2511 ipsius,
626 2454 808 2510 quam
841 2437 1016 2493 modo
1056 2436 1346 2493 habemus
1379 2434 1690 2508 integram,
1712 2431 1793 2489 le-

118 2527 326 2584 .ctione
358 2542 373 2581 :
403 2525 556 2583 hanc
582 2541 793 2599 nempe
823 2543 859 2581 a
885 2542 948 2582 se
978 2524 1264 2598 scriptam
1308 2523 1494 2581 fuisse
1537 2522 1797 2595 pontifex

124 2619 380 2673 testatur
405 2617 651 2687 fratrum
677 2628 921 2679 suorum
949 2615 1349 2671 communicato
1387 2613 1639 2681 consilio,
1669 2610 1792 2667 diu-

122 2720 239 2778 que
284 2705 884 2771 escommunicationis,
921 2703 990 2760 de
1030 2720 1147 2776 qua
1188 2702 1567 2775 potissimum
1619 2701 1681 2758 in
1727 2718 1798 2757 ea

134 2795 368 2869 agitur,
394 2795 692 2865 quaestione
713 2800 941 2849 tractata
969 2796 1144 2865 atque
1174 2792 1318 2848 adeo
1345 2792 1406 2846 in
1438 2792 1799 2864 subsequen'

150 2882 308 2940 tibus
338 2880 598 2951 conciliis
627 2880 772 2938 nihil
820 2880 980 2938 aliud
1012 2897 1082 2937 ea
1109 2881 1179 2937 de
1214 2896 1295 2951 re,
1319 2894 1497 2954 quam
1547 2881 1701 2954 quod
1734 2881 1793 2935 in

132 2988 199 3027 ea
225 2970 476 3045 epistola
504 2969 927 3043 praescribitur,
947 2970 1248 3026 decretum
1278 2969 1404 3025 fuit.
1435 2969 1652 3026 Praeter
1681 2968 1797 3025 alia

130 3077 265 3117 vero
281 3061 434 3127 bene
455 3058 661 3128 multa,
678 3076 806 3133 quae
824 3058 1200 3133 potissimum
1224 3059 1283 3114 in
1301 3059 1396 3115 his
1413 3058 1623 3115 litteris
1648 3075 1794 3115 novo

130 3167 241 3209 suo
272 3148 465 3223 legato
495 3149 868 3215 commendat
897 3148 1190 3215 Urbanus,
1222 3147 1534 3221 praeclaras
1562 3146 1795 3219 regulas

133 3237 463 3311 praecl-ibit
491 3238 565 3293 de
598 3237 771 3304 modo
812 3236 1282 3310 recipiendorum
1324 3236 1795 3293 excommunica.

133 3333 326 3384 torum
361 3327 435 3382 ad
467 3325 892 3399 pcenitentiam.
915 3326 1040 3391 Qua
1067 3326 1125 3381 in
1155 3340 1217 3382 re
1244 3325 1643 3387 acerbissimis
1670 3325 1788 3382 illis

134 3388 504 3489 temporibus
534 3431 749 3487 magna
767 3388 995 3471 cautela
1024 3413 1361 3470 adhibenda
1384 3418 1530 3479 erat,
1560 3431 1632 3471 ne
1662 3414 1800 3471 faci-
1822 3388 1873 3457 θ

136 3505 301 3562 litate
315 3502 637 3578 recipiendi
654 3501 853 3576 lapsos
868 3502 1136 3560 Ecclesiae
1153 3503 1473 3575 disciplina
1496 3503 1804 3560 labefacta‘

138 3599 321 3663 retur,
352 3598 458 3650 aut
502 3592 828 3650 econtrario
875 3592 1062 3649 nimia
1107 3593 1451 3655 austeritate
1496 3594 1800 3650 exacerba-

136 3688 343 3740 rentur
369 3681 553 3747 animi
576 3696 802 3751 eorum,
824 3682 925 3755 qui
948 3682 1207 3754 quadam
1229 3681 1409 3739 veluti
1434 3682 1802 3751 necessitate,

130 3775 235 3831 aut
263 3775 423 3837 certe
444 3770 684 3843 levitate
728 3769 970 3845 ingenii,
1006 3770 1201 3843 potius
1232 3787 1416 3844 quam
1467 3769 1697 3827 malitia
1742 3771 1803 3827 in

130 3859 806 3918 excommunicationem
836 3859 1244 3916 incurrerant:
1276 3859 1499 3932 quippe
1529 3875 1684 3929 cum,
1718 3858 1805 3916 uti

127 3951 410 4019 observat
439 3947 769 4016 Bertoldus,
794 3948 1080 4006 Guibertus
1108 3951 1341 4022 ejusque
1366 3950 1672 4022 complices,
1706 3965 1807 4022 per

125 4040 215 4096 fas
244 4044 310 4096 et
339 4037 528 4107 nefas,
561 4053 716 4110 saepe
761 4037 936 4093 etiam
970 4042 1210 4111 accepto
1256 4038 1464 4112 pretio,
1490 4042 1807 4095 sectatures

123 4146 267 4186 suos
298 4144 409 4201 per
436 4126 668 4184 diversa
697 4126 824 4183 loca
852 4128 1115 4184 ordinare
1138 4142 1251 4185 non
1277 4134 1567 4195 cessarent,
1594 4144 1804 4184 excom-

126 4216 537 4285 municationis
556 4216 768 4272 mlum
787 4217 1068 4273 intantum
1078 4217 1586 4289 propagabalur,ut
1606 4215 1805 4285 etiam,

122 4306 415 4369 Catholici
441 4306 539 4360 via:
572 4321 632 4360 se
677 4305 745 4361 ab
797 4320 990 4362 eorum
1039 4306 1291 4377 contagio
1333 4309 1550 4377 possent
1605 4306 1807 4362 illaesos

129 4394 435 4457 custodire.
454 4395 643 4461 Quare
657 4393 934 4466 providus
957 4392 1217 4468 pontifex
1238 4398 1296 4451 et
1323 4393 1456 4467 pius
1478 4393 1807 4467 complures

131 4481 784 4542 excommunicatorum
818 4482 1037 4555 gradus
1065 4482 1401 4556 distinguit,
1428 4487 1494 4539 ut
1522 4488 1578 4538 et
1607 4499 1806 4556 super-

122 4574 354 4643 borum
378 4588 447 4629 ac
462 4570 850 4647 pervicacium
872 4571 1184 4627 temeritati
1210 4571 1538 4644 resistatur,
1555 4576 1613 4629 et
1628 4573 1805 4629 simul

134 4665 529 4720 succurratur
557 4660 915 4734 simplicium
964 4678 1031 4717 ac
1075 4661 1443 4718 inﬁrmorum
1496 4661 1806 4719 imbecilli-

137 4752 267 4809 tati.

208 4839 381 4907 Quod
410 4855 547 4896 vero
574 4837 636 4894 in
660 4854 731 4896 ea
757 4838 1005 4913 epistola
1034 4839 1304 4899 Urbanus
1342 4838 1598 4897 declarat
1628 4857 1710 4907 se,
1744 4840 1801 4895 in

134 4929 232 4987 his
260 4928 628 5001 paenitentiae
673 4929 958 5002 gradibus
995 4927 1391 5003 assignandis,
1412 4929 1672 5003 Gregorii
1701 4930 1805 4984 vn

135 5017 410 5092 vestigiis
456 5014 781 5087 inhaesisse,
813 5019 1195 5075 confirmatur
1241 5036 1311 5074 ex
1357 5018 1616 5090 epistolae
1646 5019 1800 5090 frag-

136 5112 367 5175 mento,
391 5106 550 5179 quod
597 5106 761 5180 Hugo
794 5105 1246 5164 Flaviniacensis
1284 5107 1345 5162 in
1377 5107 1663 5164 Chronico
1695 5124 1801 5163 suo

138 5195 345 5265 refert,
388 5194 450 5250 in
500 5212 616 5268 quo
662 5194 972 5270 Gregorius
1020 5196 1196 5252 morti
1246 5196 1547 5269 proximus
1589 5196 1805 5253 dicitur

84 5340 89 5343 _
141 5300 376 5353 omnes,
399 5284 658 5358 exceptis
687 5285 933 5342 Henrico
964 5289 1020 5342 et
1047 5286 1342 5350 Guiberto,
1376 5303 1442 5341 ac
1468 5288 1804 5359 principali-

144 5374 245 5428 bus
258 5375 515 5446 personis
543 5391 665 5447 quae
692 5375 926 5430 consilio
942 5383 1036 5431 aut
1053 5376 1271 5432 auxilio
1297 5376 1553 5448 [avebant
1584 5376 1808 5432 illorum

140 5464 413 5535 nequitias
439 5467 492 5521 et
510 5465 795 5537 impietati
821 5464 1142 5523 absolvisse
1166 5469 1225 5521 et
1254 5464 1644 5522 benedixisse.

211 5552 355 5631 dum
381 5568 522 5613 vero
550 5552 603 5610 si
634 5558 930 5626 quaeratur
977 5571 1095 5628 qua
1122 5555 1181 5611 in
1213 5555 1434 5628 synodo
1481 5553 1672 5629 gravis
1702 5553 1804 5611 illa

140 5641 398 5713 quaestio
427 5642 503 5698 de
549 5642 1074 5702 excommunicatis
1105 5643 1326 5717 agitata
1356 5643 1548 5712 fuerit,
1581 5643 1652 5699 de
1695 5662 1813 5717 qua

138 5730 213 5788 ad
247 5731 672 5791 Gebebarchm
702 5731 906 5791 scribit
935 5732 1226 5802 Urbanus,
1246 5749 1362 5790 non
1389 5734 1706 5791 admodum
1736 5735 1813 5790 fa-

141 5819 276 5881 cilis
304 5820 420 5878 erit
447 5819 778 5895 responsio,
812 5820 927 5879 nisi
959 5821 1105 5883 forte
1150 5821 1208 5878 id
1260 5821 1478 5881 factum
1509 5822 1690 5883 fuisse
1719 5822 1812 5885 di-

1905 2079 2251 2139 Guibertum
2280 2079 2694 2148 ell‘erbuerunt,
2719 2081 2786 2134 ut
2809 2079 2880 2133 ab
2900 2078 2974 2134 iis
3001 2080 3237 2151 turpiter
3262 2079 3435 2149 fuerit
3461 2093 3555 2135 αε-

1898 2170 2093 2242 pulsus
2128 2172 2186 2224 et
2226 2171 2464 2224 coactus
2500 2169 2816 2241 juramento
2866 2169 3204 2241 promittere,
3236 2168 3392 2240 quod
3442 2183 3555 2223 non

1904 2259 2143 2331 amplius
2161 2259 2515 2330 apostolicam
2533 2257 2711 2314 sedem
2738 2258 2998 2314 invadere
3010 2262 3389 2330 praesumeret,
3410 2258 3553 2314 adeo

1904 2351 1990 2419 ut,
2026 2351 2150 2420 jam
2177 2348 2589 2419 aliquantulum
2616 2346 2882 2404 diutum
2906 2349 3065 2418 regni
3092 2346 3364 2404 discordia
3410 2350 3557 2404 inter

1905 2436 2208 2494 Catholicos
2229 2441 2282 2493 et
2307 2436 2676 2493 schismaticos
2703 2436 2910 2493 exinde
2939 2445 3202 2510 tepescere
3225 2439 3463 2511 eruperit,
3492 2441 3557 2494 ut

1901 2543 2015 2584 non
2034 2528 2157 2599 jam
2198 2527 2402 2582 bellum
2448 2526 2521 2581 ad
2563 2527 2816 2593 invicem,
2869 2527 2962 2582 sed
3005 2543 3197 2599 pacem
3239 2543 3557 2600 componere

1904 2618 2096 2673 sanius
2123 2615 2459 2688 judicarent.
2495 2617 2618 2672 Imo
2650 2632 2745 2672 res
2785 2631 2852 2672 eo
2902 2621 3265 2689 processerat
3293 2621 3360 2672 ut
3387 2616 3559 2673 collo-

1902 2705 2042 2777 quio
2072 2705 2224 2760 inter
2252 2705 2562 2760 Henricum
2597 2708 2654 2760 et
2682 2720 2783 2761 eos
2812 2705 2913 2777 qui
2941 2705 3013 2760 ab
3045 2704 3277 2761 Urbano
3322 2706 3559 2762 stabant

1905 2794 2125 2862 habito,
2154 2808 2289 2867 spes
2331 2793 2530 2866 aliqua
2570 2793 2873 2866 eil'nlgeret
2897 2793 3059 2866 pacis
3104 2794 3163 2849 in
3214 2792 3468 2852 Ecclesia
3499 2798 3557 2852 et

1903 2882 2149 2956 imperio
2179 2884 2579 2941 restituendae:
2606 2883 2708 2939 isti
2738 2882 2896 2939 enim
2926 2882 3169 2940 Henrico
3197 2883 3558 2957 polliceban-

1903 2977 2001 3028 tur
2030 2990 2093 3029 se
2123 2972 2175 3029 ei
2220 2973 2437 3029 auxilio
2467 2976 2517 3029 et
2545 2973 2776 3029 consilio
2805 2988 3101 3045 nusquam
3150 2988 3268 3029 non
3319 2973 3554 3029 adfutu-

1904 3076 2020 3130 ros,
2053 3061 2105 3119 si
2161 3062 2406 3120 dimisso
2456 3062 2734 3119 Guiberto
2789 3061 2964 3118 vellet
3018 3063 3089 3118 ad
3142 3063 3559 3119 ecclesiasticam

1864 3202 1871 3209 .
1902 3154 2340 3208 communionem
2355 3168 2458 3224 per
2469 3151 2802 3207 catholicum
2815 3155 3085 3223 pastorem
3103 3167 3362 3208 remeare.
3384 3153 3559 3221 Quam

1903 3242 2271 3298 conditionem
2324 3258 2438 3298 non
2478 3241 2713 3297 multum
2773 3240 3056 3297 Henricus
3110 3242 3410 3314 respuebat.
3443 3240 3557 3298 Sed

1909 3330 2175 3387 restitere
2204 3347 2324 3386 suae
2375 3330 2563 3403 ipsius
2593 3329 2866 3386 factionis
2894 3329 3174 3403 episcopi,
3207 3331 3362 3403 quod
3398 3346 3559 3386 vere-

1912 3424 2112 3477 rentur
2169 3436 2241 3476 ne
2297 3435 2439 3493 pace
2485 3419 2811 3492 composita
2846 3435 2982 3476 cum
3013 3418 3285 3476 Guiberto
3334 3423 3392 3476 et
3446 3418 3562 3491 ipsi

1911 3511 2448 3566 exauctorarentur.
2477 3509 2667 3572 Quare
2686 3512 2742 3564 et
2759 3508 2815 3564 ei
2839 3509 3059 3580 penitus
3089 3509 3191 3565 hac
3218 3510 3331 3565 vice
3354 3509 3564 3565 dissua-

1910 3604 2101 3654 serunt
2124 3613 2197 3653 ne
2222 3606 2428 3655 sanctae
2454 3598 2705 3653 Ecclesiae
2737 3598 3203 3655 recmiciliaretur.

2036 3704 2223 3760 XLIII.
2255 3704 2736 3786 Schismaticorum
2761 3706 2939 3787 furor.
2972 3702 3110 3759 Mors
3143 3706 3437 3759 Bonizonis

2607 3790 2862 3847 episcopi.

1984 3865 2084 3932 Ea,
2115 3863 2201 3920 uti
2231 3863 2485 3932 videtur,
2512 3862 2815 3921 occasione
2843 3862 2927 3919 ita
2955 3863 3134 3920 crevit
3162 3862 3565 3920 schismatico-

1914 3971 2044 4010 rum
2078 3954 2136 4009 in
2160 3952 2486 4009 Catholicos
2512 3952 2734 4019 odium,
2757 3957 2823 4008 ut
2850 3952 3026 4009 etiam
3057 3953 3282 4025 aliquot
3309 3952 3564 4009 Catholi-

1913 4060 2116 4100 corum
2167 4042 2472 4115 episcopos
2517 4041 2854 4097 interimere
2899 4041 3027 4098 ausi
3076 4042 3312 4099 fuerint.
3359 4043 3567 4100 Horret

1912 4131 2150 4188 animus
2182 4130 2242 4186 in
2274 4132 2575 4187 referenda
2615 4130 2925 4189 Bonizonis
2973 4131 3294 4187 Sutriensis
3344 4130 3567 4188 crudeli

1915 4224 2123 4287 morte,
2141 4237 2317 4293 quem
2347 4223 2405 4276 et
2433 4236 2567 4276 cum
2608 4220 2847 4293 propria
2873 4220 3019 4277 urbe
3048 4221 3297 4291 ejectum
3321 4220 3566 4277 Placen-

1914 4308 2025 4367 tini
2056 4326 2160 4382 pro
2199 4309 2473 4382 episcopo
2516 4309 2896 4381 recepissent,
2930 4308 3313 4375 schismatici,
3340 4308 3567 4366 effossis

1914 4398 2100 4455 oculis
2130 4398 2535 4469 truncatisque
2565 4412 2714 4471 pene
2732 4399 3008 4455 omnibus
3037 4398 3340 4466 membris,
3363 4398 3570 4455 imma-

1916 4487 2085 4556 niler,
2128 4486 2213 4542 uti
2264 4487 2441 4543 refert
2496 4486 2820 4556 Bertoldus,
2872 4488 3260 4552 trucidarunt,
3294 4488 3449 4561 quod
3500 4489 3567 4543 14

1912 4575 2055 4633 Julii
2104 4575 2426 4648 contigisse
2473 4575 2757 4632 discimus
2790 4594 2858 4631 ex
2886 4578 3015 4648 ejus
3058 4576 3355 4649 epitaphio
3409 4577 3564 4649 apud

1916 4663 2228 4738 Ughellum
2254 4669 2412 4719 torno
2445 4666 2494 4717 II
2528 4663 2705 4719 Italiae
2736 4681 2913 4721 sacrm
2948 4682 2960 4719 :
2996 4663 3175 4721 simili
3207 4667 3321 4721 fere
3348 4664 3567 4738 suppli-

1834 4764 1883 4830 Ι)
1913 4753 2001 4810 cio
2032 4753 2273 4809 affectus
2325 4752 2433 4807 fuit
2462 4770 2497 4806 a
2525 4752 2918 4810 schismaticis
2948 4754 3276 4826 Liprandus
3326 4756 3565 4826 presby-

1912 4848 2002 4899 ter
2031 4841 2509 4906 Mediolanensis,
2533 4843 2627 4897 cui
2674 4858 2871 4897 nasum
2898 4850 2949 4897 et
2980 4858 3139 4897 aures
3187 4843 3243 4897 in
3291 4845 3565 4900 contume-

1913 4933 2051 4995 liam
2082 4932 2484 5005 praeciderunt.
2510 4932 2684 4987 Porro
2707 4931 3014 4989 Bonizonis
3035 4931 3257 5004 aliquot
3284 4932 3569 5005 opuscula

1910 5026 2175 5079 recenset
2207 5022 2553 5078 Lambecius
2582 5026 2743 5077 tomo
2783 5021 2832 5077 ΙΙ
2870 5020 3240 5079 Bibliothecas
3272 5024 3571 5097 Caesareae,

1913 5124 2122 5183 nempe
2149 5110 2470 5183 paradisum
2499 5110 2957 5179 Augustinianum
2981 5129 3052 5169 ex
3076 5112 3230 5168 beati
3254 5114 3567 5188 Augustini

1913 5201 2227 5257 sententiis
2256 5204 2314 5257 et
2338 5198 2528 5257 verbis
2559 5198 2798 5256 omnino
2832 5205 3189 5269 contextum,
3225 5219 3399 5275 quem
3430 5220 3563 5261 san-

1914 5292 2006 5345 cto
2035 5288 2247 5344 Joanni
2273 5289 2586 5346 Gualberto
2618 5290 3003 5363 nuncupavit;
3036 5290 3275 5348 Librum
3303 5294 3564 5350 decreta-

1914 5377 2057 5447 lem,
2075 5381 2131 5434 et
2160 5378 2465 5449 Epitomen
2489 5378 2749 5435 historiae
2770 5376 3113 5452 pontificum
3143 5382 3561 5453 Romanorum,

1917 5484 2095 5539 quam
2147 5466 2433 5524 Martinus
2489 5468 2740 5525 Polonus
2794 5469 3070 5525 laudavit.
3121 5472 3278 5527 Idem
3330 5472 3567 5545 scripsit

1919 5555 2137 5611 librum
2164 5558 2238 5613 De
2264 5560 2619 5615 sacramentis
2642 5559 2714 5614 ad
2747 5558 3069 5615 Galterium
3103 5561 3417 5617 Leonensis
3440 5580 3564 5618 mo-

1921 5645 2158 5701 nasterii
2193 5644 2484 5713 abbatem,
2508 5664 2681 5718 quem
2715 5648 2772 5703 in
2804 5648 2998 5705 codice
3028 5666 3138 5705 ms.
3168 5652 3566 5707 Ambrosiamn

1921 5734 2281 5791 bibliothecae
2326 5734 2545 5791 invenit
2591 5737 3101 5794 Mabilloniuszad
3132 5757 3255 5796 rem
3304 5745 3565 5797 nostram

1923 5822 2113 5895 magis
2142 5826 2365 5896 spectat
2392 5824 2522 5895 ejus
2560 5822 2727 5882 liber.
2762 5826 2841 5883 De
2889 5826 3070 5900 gestis
3103 5828 3319 5885 Urbani
3348 5829 3564 5886 ibidem
