3972 6394
481 465 560 534 Μ

1801 462 1874 528 s.
1917 443 2215 532 UaBANI
2255 461 2313 530 ιι
2357 461 2604 528 ΡΑΡιΕ.

3746 415 3849 463 .,;_

3807 461 3893 526 52

487 601 867 670 memoratus,
903 613 1077 674 quem
1105 593 1283 657 etiam
1313 597 1562 673 ipsemet
1590 599 1700 658 sub
1729 581 1908 657 finem
1937 594 2130 674 Epito-
2157 588 2214 669 λ
2240 578 2596 666 laudandus,
2619 596 2798 672 quod,
2831 595 2918 654 uti
2954 579 3311 654 Trithemius
3355 577 3551 667 refert,
3570 584 3726 654 inter
3763 581 3895 672 epi-

485 707 614 748 mes
650 689 870 757 laudat,
901 689 997 745 his
1025 689 1220 746 verbis
1261 706 1297 746 a
1344 690 1650 746 Lambecio
1701 689 1848 746 libro
1896 708 1959 758 ιι,
1991 707 2042 746 c.
2073 691 2128 759 8,

482 778 684 837 relatis
710 797 724 836 :
759 779 966 837 Urbani
995 794 1118 834 vero
1140 780 1414 852 pontificis
1442 782 1562 835 acta
1611 782 1661 835 et
1706 779 1772 835 de
1816 781 1936 852 ejus
1963 781 2132 836 victo-

483 869 576 924 ria
602 870 653 924 si
675 868 799 940 quis
823 869 966 924 scire
1005 868 1259 935 uoluerit,
1293 869 1438 937 legat
1469 868 1672 923 librum
1717 884 1876 940 quem
1913 861 2134 940 scripsit

484 957 548 1013 in
576 958 871 1028 Hugonem,
895 955 1251 1012 cardinalem
1299 955 1523 1013 scilicet
1567 955 2008 1013 schismaticum
2038 973 2133 1012 co-

485 1049 804 1120 gnomento
849 1045 1084 1114 Album,
1118 1052 1170 1101 et
1195 1045 1275 1100 ibi
1304 1047 1542 1102 inveniet
1572 1045 1641 1100 ad
1681 1046 1906 1116 plenum
1933 1045 2134 1101 diluci-

485 1134 618 1191 dala
646 1149 771 1207 quae
797 1135 1052 1191 voluerit.

554 1225 627 1279 At
656 1223 818 1279 istud
863 1239 1012 1296 opus
1058 1225 1161 1278 aut
1207 1220 1398 1295 periit,
1431 1227 1535 1280 aut
1572 1226 1723 1280 certe
1771 1222 2136 1297 incognitum

485 1312 702 1370 alicubi
732 1311 900 1380 latet;
935 1311 1088 1368 sicut
1135 1316 1194 1368 et
1239 1312 1488 1382 dialogus
1537 1312 1830 1368 Gualfredi
1879 1312 2136 1386 episeoPi

487 1401 764 1460 Senensis
791 1401 858 1457 de
885 1405 1118 1472 utroque
1157 1400 1470 1474 apostolico,
1505 1401 1564 1458 in
1611 1418 1728 1475 quo
1757 1401 2138 1458 interlocuto-

487 1507 582 1547 res
611 1489 972 1564 producebat
1002 1489 1304 1547 Urbanum
1353 1495 1411 1548 et
1456 1491 1822 1557 Guibertum,
1854 1495 1920 1546 ut
1946 1490 2140 1546 videre

487 1582 579 1638 est
615 1579 772 1653 apud
803 1577 1114 1653 Ughellum
1143 1583 1300 1636 tomo
1349 1579 1426 1635 IlI
1469 1579 1648 1635 Italiae
1697 1597 1892 1635 sacrae.
1925 1578 2036 1635 Sed
2067 1579 2140 1634 ad

458 1725 463 1738 ,
489 1667 902 1726 schismaticos
933 1669 1434 1739 revertamur,qui
1465 1685 1580 1722 non
1603 1667 1802 1722 minus
1830 1668 1887 1722 in
1909 1669 2142 1723 Germa-

491 1757 590 1812 nia
619 1772 796 1827 quam
828 1755 890 1810 in
919 1755 1085 1821 Italia
1115 1754 1448 1810 saaviebant.
1469 1753 1552 1809 Ibi
1579 1754 1734 1810 enim
1760 1755 1925 1826 Hugo
1947 1749 2141 1812 comes

491 1845 564 1900 de
582 1841 933 1916 Egensheim
954 1847 1230 1898 strenuus
1251 1841 1682 1898 Catholicorum
1703 1843 1992 1912 defensor,
2007 1861 2142 1900 cum

2239 687 2503 762 scopales
2531 704 2724 754 curas,
2752 687 3037 762 regularis
3082 686 3207 742 vitae
3241 687 3542 757 fervorem,
3567 703 3745 760 quem
3777 689 3895 744 sub

2237 776 2536 834 Wittelmo
2594 777 2803 832 abbate
2861 775 3179 849 Hirsaugite
3237 763 3535 844 hauserat,
3583 794 3896 850 nunquam

2239 865 2639 922 intermiserit.
2674 866 2728 921 Is
2766 865 3189 922 monasterium
3218 853 3633 938 Hirsaugiense
3681 852 3756 922 ab
3799 855 3901 922 leo-

2242 956 2375 1010 dem
2428 959 2630 1010 sancto
2675 954 2886 1010 abbate
2925 969 3126 1010 recens
3175 945 3556 1023 restructum,
3585 959 3642 1010 et
3683 954 3897 1012 cellam

2242 1043 2773 1100 Richenbacensem
2831 1043 3178 1099 auctoritate
3235 1042 3452 1099 Urbani
3499 1045 3900 1114 consecravit;

2243 1133 2344 1189 sed
2377 1149 2486 1189 sua
2517 1133 2573 1188 in
2596 1131 2977 1189 defendendis
3001 1131 3268 1188 Ecclesiae
3290 1131 3487 1189 causis
3512 1120 3907 1208 magnanimi-

2243 1226 2336 1278 tas
2361 1226 2502 1278 tunc
2531 1222 2905 1294 potissimum
2935 1219 3164 1287 enituit,
3199 1220 3506 1278 occasione
3533 1222 3764 1278 Ottonis
3787 1240 3900 1279 cu-

2237 1310 2478 1382 jusdam
2510 1309 2568 1365 in
2609 1309 2956 1366 Alemannia
2983 1309 3236 1377 comitis,
3269 1325 3446 1382 quem
3477 1310 3548 1366 ob
3593 1311 3905 1382 publicum

2246 1415 2382 1455 cum
2414 1416 2592 1456 uxore
2639 1399 2911 1456 Ludovici
2956 1397 3189 1454 comitis
3218 1414 3396 1470 quam
3419 1397 3646 1455 vivente
3690 1400 3907 1458 marito

2248 1487 2360 1544 sibi
2389 1488 2781 1562 c0pulaverat,
2813 1487 3165 1544 adulterium
3214 1477 3742 1544 excommunicavit
3767 1507 3780 1545 :
3805 1507 3908 1546 sa-

2204 1629 2208 1634 .
2248 1577 2324 1632 tis
2355 1577 2574 1651 quippe
2605 1595 2722 1634 non
2753 1576 2864 1632 fuit
2893 1593 3040 1633 novo
3069 1575 3150 1632 illi
3174 1576 3445 1648 Baptistae
3471 1577 3807 1634 adulterum
3829 1579 3912 1636 vi-

2248 1671 2478 1722 ventem
2518 1667 2808 1740 arguisse,
2843 1665 2956 1722 nisi
3007 1682 3141 1721 eum
3191 1682 3422 1738 quoque
3475 1670 3608 1737 post
3653 1673 3908 1724 mortem

2251 1772 2429 1828 quam
2479 1756 2854 1828 impcenitens
2899 1754 3239 1828 pertulerat,
3288 1742 3714 1826 insequeretur.
3757 1757 3910 1813 Cum

2250 1845 2407 1900 enim
2439 1845 2635 1900 Ottoni
2660 1844 2928 1901 Ludovici
2979 1843 3216 1911 milites,
3252 1844 3353 1916 qui
3401 1833 3633 1900 tantum
3661 1831 3908 1902 'domini

488 1930 858 2032 Argentorati
887 1929 1600 2032 apudepiscopumnnibil
1639 1931 1913 2032 diffidens
1945 1949 2136 1988 mora-
2169 1967 2218 2032 Β
2253 1933 2346 1989 sui
2377 1933 2631 1990 dedecus
2651 1933 2802 1988 ferre
2822 1951 2938 1988 non
2961 1935 3250 2004 poterant,
3273 1937 3457 2032 caput
3471 1927 3908 2005 amputassent,

491 2023 674 2090 retur,
698 2020 771 2076 ab
800 2020 930 2092 ejus
977 2018 1268 2076 ministris
1297 2017 1484 2092 pridie
1515 2019 1709 2076 Nonas
1758 2020 2140 2092 Septembris,

491 2113 558 2166 ut
597 2112 798 2166 narrat
840 2107 1166 2177 Bertoldus,
1208 2106 1408 2164 dolose
1455 2107 1840 2180 interemptus
1887 2113 1995 2164 est.
2028 2110 2145 2166 Hoc

490 2199 617 2272 ipso
651 2196 830 2255 etiam
856 2213 1029 2266 anno,
1063 2200 1128 2252 ut
1157 2197 1313 2252 idem
1359 2199 1560 2253 auctor
1589 2197 1780 2266 refert,
1815 2197 2018 2254 Petrus
2048 2198 2144 2254 Al-

490 2285 766 2344 banensis
795 2286 1126 2359 episcopus,
1157 2289 1542 2358 cognomento
1585 2285 1828 2358 lgnitus,
1857 2286 1917 2342 in
1949 2304 2142 2360 perse-

375 2375 381 2381 ’
491 2374 742 2449 quendis
799 2374 1146 2432 Simoniacis
1203 2373 1716 2430 nominatissimus
1767 2375 1930 2445 obiit,
1973 2378 2143 2450 cujus

493 2462 840 2524 memoriam
868 2481 926 2520 ιη
958 2465 1096 2520 Idus
1141 2461 1408 2519 Januarii
1453 2462 1690 2535 vulgata
1736 2465 2146 2539 Martyrologia

494 2553 810 2614 celebrant.
845 2553 1058 2610 Eodem
1089 2569 1243 2608 anno
1275 2552 1367 2608 die
1397 2569 1452 2607 ιν
1479 2553 1672 2608 Nonas
1695 2553 1852 2623 Maii,
1877 2559 1944 2608 ut
1969 2553 2146 2612 habet

495 2644 662 2720 Hugo
689 2641 1140 2702 Flaviniacensis
1166 2640 1347 2698 abbas
1375 2640 1436 2696 in
1458 2641 1740 2698 Chronico
1765 2643 2144 2716 Virdunensi,

495 2737 658 2792 tome
689 2733 740 2790 II
771 2731 1137 2789 Bibliotheca:
1175 2747 1334 2791 novas
1373 2731 1718 2801 Labbeanaa,
1747 2731 2142 2789 Theodericus

496 2821 884 2880 Virdunensis
925 2821 1170 2876 antistes
1199 2835 1544 2892 supremum
1575 2821 1719 2877 obiit
1745 2819 1922 2891 diem,
1953 2821 2144 2878 Eccle-

495 2911 598 2968 βίω
629 2911 903 2968 Romanae
951 2907 1358 2966 reconciliatus
1388 2925 1423 2965 a
1451 2909 1706 2966 Gerardo
1752 2914 1922 2966 antea
1949 2911 2140 2968 archi-

493 2999 762 3073 diacono,
792 3003 934 3056 tunc
965 2997 1252 3054 monacho
1284 2999 1482 3054 Sancti
1509 2997 1727 3067 Vitoni,
1759 2999 1854 3054 cui
1884 3000 2140 3071 pontifex

490 3087 1024 3148 excommunicatos
1055 3085 1390 3144 absolvendi
1419 3090 1766 3158 potestatem
1789 3088 2133 3158 contulerat,

483 3182 552 3238 ut
593 3177 766 3252 paulo
813 3176 1003 3234 fusius
1052 3180 1251 3232 narrat
1297 3175 1644 3232 Laurentius
1691 3177 1763 3232 de
1813 3177 2026 3233 Leodio
2075 3178 2133 3233 in

442 3309 452 3315 .
481 3266 736 3325 Historia
765 3266 1177 3340 episcoporum
1205 3264 1688 3332 Virdunensium,
1707 3269 1866 3322 tomo
1884 3266 1983 3322 XII
2003 3267 2130 3340 Spi-

475 3355 667 3430 cilegii
695 3354 1029 3412 Acheriani.

777 3443 972 3500 XLIV.
1004 3442 1284 3500 Mathildis
1318 3443 1610 3516 Welphoni
1651 3445 1830 3501 nubit.

545 3533 816 3591 Urbanus
862 3532 1102 3598 interea,
1135 3536 1200 3588 ut
1245 3549 1394 3589 novo
1442 3533 1648 3590 robore
1696 3532 2126 3590 Catholicorum

475 3625 671 3697 partes
695 3623 976 3693 firmaret,
1009 3619 1191 3677 voluit
1219 3619 1563 3677 Mathildem
1595 3621 1982 3692 comitissam,
2015 3623 2126 3679 Go-

475 3711 684 3772 defridi
715 3710 882 3768 ducis
913 3708 1196 3776 relictam,
1225 3708 1539 3782 Welphoni
1581 3709 1821 3767 alterius
1850 3711 2126 3786 Welpho-

475 3801 568 3858 nis
607 3800 775 3858 ducis
813 3798 1064 3856 Bavaria:
1108 3798 1228 3854 tilio
1274 3798 1485 3871 nuptui
1529 3801 1777 3869 tradere,
1823 3804 1977 3874 quod
2027 3821 2122 3860 re-

471 3889 603 3964 ipsa
630 3889 740 3946 hoc
770 3905 922 3946 anno
951 3887 1169 3944 factum
1201 3887 1384 3945 fuisse
1429 3888 1612 3943 tradit
1647 3889 1978 3960 Bertoldus,
2009 3909 2118 3949 non

469 3981 586 4035 tam
609 3993 710 4050 pro
747 3978 1170 4044 incontinentia,
1205 3992 1507 4048 nunquam
1547 3975 1702 4032 enim
1747 3977 2118 4038 matrimonio

468 4066 564 4125 usi
595 4066 851 4135 fuerunt,
875 4069 942 4122 ut
967 4065 1124 4120 idem
1162 4067 1366 4120 auctor
1393 4065 1603 4121 asserit
1643 4066 1817 4138 paulo
1847 4067 2114 4140 inferius,

467 4171 634 4230 quam
656 4170 758 4228 pro
785 4155 1021 4212 Romani
1041 4154 1317 4226 pontiﬁcis
1344 4153 1672 4222 obedientia,
1697 4163 1759 4211 ut
1784 4172 1975 4230 nempe
1998 4160 2113 4216 Illa-

463 4245 664 4302 thildis
691 4245 912 4301 uirilius
934 4245 1140 4301 sanctae
1179 4243 1434 4300 Romanae
1466 4244 1718 4300 Ecclesiae
1751 4254 1940 4302 contra
1967 4249 2110 4305 schi-

2253 2039 2322 2078 ac
2351 2023 2479 2093 ejus
2510 2039 2723 2095 corpus
2754 2021 2815 2078 in
2859 2023 3115 2094 quodam
3144 2020 3498 2078 monasterio
3527 2023 3600 2079 ab
3647 2038 3713 2080 eo
3765 2041 3910 2080 con-

2255 2115 2476 2168 structo
2525 2111 2732 2168 fuisset
2779 2109 3107 2184 sepultum;
3144 2109 3289 2165 illud
3320 2109 3700 2169 Gehebardus
3746 2113 3908 2171 foras

2253 2199 2458 2272 projici
2492 2201 2698 2273 jussit,
2736 2203 2912 2272 atque
2961 2199 3130 2269 asini,
3154 2203 3220 2254 ut
3247 2215 3316 2255 ex
3359 2199 3670 2273 Scriptura
3707 2203 3910 2260 verbis

2253 2290 2382 2360 (Jer.
2409 2307 2546 2358 χχιι,
2581 2290 2693 2361 19),
2717 2289 2892 2346 refert
2920 2287 3250 2356 Bertoldus,
3273 2278 3576 2361 sepultura
3604 2279 3813 2347 donari
3849 2291 3908 2348 id

2253 2382 2344 2434 est
2370 2379 2593 2451 absque
2624 2376 2926 2452 sepultura
2954 2377 3168 2433 dimitti
3199 2395 3212 2432 :
3253 2377 3412 2450 quod
3455 2365 3654 2434 revera
3682 2369 3909 2436 factum

2253 2470 2360 2534 est,
2393 2471 2449 2522 et
2479 2468 2630 2523 bona
2658 2468 2786 2538 ejus
2807 2485 2842 2522 a
2863 2465 3150 2522 militibus
3182 2465 3410 2538 direpta
3429 2464 3614 2535 fuere,
3638 2470 3703 2523 ut
3721 2465 3782 2522 in
3813 2487 3908 2539 eo,

2201 2583 2204 2586 ~
2253 2553 2334 2608 ait
2363 2554 2518 2611 idem
2547 2560 2770 2624 auctor,
2801 2554 3238 2611 maledictiones
3267 2553 3564 2626 PrOphetaa
3593 2554 3654 2610 in
3681 2555 3907 2616 Judam

2251 2643 2613 2700 traditorem.
2645 2646 2710 2700 Et
2746 2645 3020 2716 diripiant
3066 2645 3241 2700 alieni
3296 2643 3506 2700 labores
3559 2646 3676 2717 ejus
3723 2646 3906 2719 (Psal.

2251 2747 2408 2797 cvm,
2441 2733 2528 2805 11)
2564 2733 3042 2806 adimplerentur.

2521 2821 2711 2879 XLVI.
2741 2824 3018 2878 Fiscamni
3042 2824 3315 2894 exemptio
3343 2823 3618 2894 ﬁrmatur.

2318 2909 2486 2966 Haud
2519 2911 2727 2966 minori
2757 2913 2952 2967 animo
2980 2911 3137 2967 sedis
3168 2910 3494 2984 apostolica:
3525 2913 3904 2984 maiestatem

2242 2995 2556 3054 vindicavit
2603 3001 2662 3055 in
2709 2998 3136 3056 Northmannia
3181 2999 3305 3072 ipse
3352 2999 3643 3056 Urbanus.
3671 3001 3906 3076 Quippe

2243 3101 2378 3142 cum
2410 3087 2737 3146 Willelmus
2779 3089 3252 3162 archiepiscopus
3296 3087 3785 3162 Rothomagensis
3815 3094 3900 3149 ob

2241 3174 2542 3232 sublatum
2590 3177 2854 3234 Ecclesiae
2899 3195 3018 3234 suae
3051 3195 3084 3232 a
3114 3177 3325 3233 comite
3354 3177 3606 3235 Roberto
3649 3179 3900 3236 Gisortii

2240 3263 2542 3338 oppidum,
2573 3271 2756 3323 totam
2808 3265 3294 3323 Northmanniam
3333 3265 3517 3322 sacris
3548 3266 3898 3326 interdixis-

2157 3333 2200 3400 (ἶ
2239 3359 2344 3421 set,
2369 3371 2436 3410 ac
2467 3353 2736 3412 monachi
2781 3355 3246 3420 Fiscamnenses,
3279 3354 3434 3426 quod
3464 3352 3573 3410 soli
3624 3354 3896 3415 Romano

2238 3444 2498 3516 pontifici
2525 3445 2770 3517 subjecti
2797 3435 3012 3508 essent,
3036 3441 3292 3499 officium
3316 3441 3580 3498 divinum
3602 3441 3900 3502 intermit-

2235 3537 2356 3590 tere
2410 3533 2756 3604 noluissent,
2787 3535 2861 3589 ab
2917 3531 3351 3605 archiepiscOpo
3398 3535 3894 3592 excommunicati

2237 3627 2393 3678 sunt.
2421 3623 2529 3678 Sed
2562 3639 2621 3679 re
2648 3624 2720 3678 ad
2743 3595 3083 3678 'Urbanum‘
3103 3595 3316 3685 delata,
3349 3618 3449 3703 ille
3496 3619 3890 3696 archiepisco-
3967 3595 3972 3638 '

2233 3727 2374 3782 pum
2407 3711 2599 3784 ipsum
2642 3710 2804 3782 pallii
2850 3727 2962 3767 usu
3006 3709 3300 3766 interdixit
3335 3727 3348 3764 :
3382 3726 3557 3781 quem
3601 3727 3718 3766 non
3765 3712 3890 3770 nisi

2231 3804 2364 3871 post
2392 3799 2610 3854 multas
2641 3815 2860 3871 preces,
2893 3803 2951 3854 et
2981 3798 3299 3871 legationes
3330 3802 3450 3854 tam
3503 3798 3574 3854 ab
3624 3799 3752 3872 ipso
3785 3818 3890 3856 ar-

2230 3885 2618 3960 chiepiscopo,
2642 3904 2820 3960 quam
2843 3905 2877 3944 a
2895 3887 3106 3944 comite
3131 3888 3375 3944 Romam
3398 3885 3611 3944 missas
3631 3887 3682 3944 ei
3715 3893 3891 3946 resti-

2228 3975 2368 4044 tuit;
2393 3982 2450 4032 et
2479 3993 2553 4032 ne
2581 3977 2722 4049 quid
2763 3977 2823 4032 in
2865 3981 3162 4050 posterum
3192 3975 3385 4032 simile
3414 3977 3579 4032 fieret
3607 3977 3883 4036 Ecclesiae

2227 4065 2658 4122 Fiscamnensis
2681 4065 2981 4140 privilegia
2996 4083 3140 4122 novo
3153 4064 3467 4138 diplomate
3484 4065 3879 4126 conﬁrmavit.

2224 4153 2349 4210 Non
2381 4155 2617 4227 quidem
2648 4155 2815 4212 licuit
2836 4155 3053 4212 Urbani
3082 4146 3304 4211 litteras
3335 4153 3612 4222 invenire,
3636 4155 3738 4210 sed
3771 4173 3877 4214 su-

2221 4247 2417 4315 perest
2443 4245 2570 4315 ejus
2626 4245 2706 4300 rei
2746 4245 2951 4300 notitia
2977 4245 3037 4300 in
3065 4245 3243 4300 veteri
3291 4243 3681 4300 instrumento
3729 4249 3878 4304 tunc

457 4335 714 4391 smaticos
742 4335 918 4406 posset
936 4332 1242 4388 subvenire.
1265 4330 1484 4388 Volunt
1512 4332 1778 4388 nonnulli
1810 4333 2106 4392 Urbanum
2218 4333 2519 4406 temporis,
2553 4333 2769 4406 scripta
2815 4352 2942 4406 quae
2975 4334 3031 4389 in
3067 4333 3403 4390 collectione
3452 4331 3622 4404 epist.
3657 4334 3871 4406 pontif.

459 4423 671 4480 harum
701 4423 1043 4494 nuptiarum
1074 4420 1377 4476 occasione
1429 4421 1610 4476 Senas
1641 4438 1830 4493 usque
1877 4423 1936 4478 in
1986 4427 2106 4482 Tu-

457 4511 641 4570 sciam
684 4527 1048 4586 properasse,
1085 4509 1184 4566 ubi
1215 4507 1555 4566 Mathildem
1601 4511 1940 4570 convenisse
1968 4515 2106 4570 dici-

2215 4419 2442 4495 integra
2483 4423 2866 4478 exhibebitur.
2897 4425 2984 4478 An
3026 4439 3159 4478 vero
3190 4422 3260 4476 de
3308 4421 3416 4476 hac
3462 4420 3874 4482 interdictione

2215 4510 2630 4585 intelligendus
2658 4511 2736 4569 sit
2765 4513 3086 4568 Eadmerus
3118 4509 3218 4566 lib.
3253 4527 3310 4566 IV
3338 4509 3548 4566 Novor.
3581 4527 3760 4582 quam
3792 4511 3874 4570 le-

453 4603 571 4670 tur,
604 4601 760 4674 quod
792 4599 1031 4672 quidem
1061 4597 1410 4654 Bertholdus
1434 4597 1690 4666 reticuit;
1725 4601 1826 4656 sed
1856 4605 2105 4660 testatur
2211 4606 2404 4656 vatam
2438 4602 2618 4658 fuisse
2647 4601 2976 4658 interventu
3008 4599 3196 4657 sancti
3224 4597 3484 4656 Anselmi
3516 4598 3742 4670 scribit,
3764 4601 3872 4660 alii

453 4687 888 4747 Catholicorum
935 4687 1135 4745 hostes
1183 4685 1330 4742 nihil
1383 4685 1674 4757 omisisse,
1722 4693 1788 4745 ut
1833 4691 2105 4766 Welpho-
2138 4702 2182 4768 ι]
2212 4690 2482 4747 viderint.

452 4795 588 4836 nem
617 4777 988 4845 lacesserent,
1017 4792 1194 4850 quem
1223 4779 1421 4832 tamen
1462 4775 1680 4834 frustra
1707 4779 1962 4852 impetere
1989 4791 2103 4838 ten-

2293 4797 2510 4854 XLVII.
2543 4796 2827 4854 Monachos
2856 4797 3011 4853 Becci
3038 4795 3184 4868 apud
3213 4795 3560 4852 Pontisaram
3587 4795 3783 4852 urbem

451 4875 704 4925 taverunt
728 4885 748 4922 .·
780 4883 962 4939 quare
999 4882 1156 4934 eum,
1189 4869 1254 4921 ut
1291 4865 1448 4922 idem
1478 4872 1680 4924 auctor
1707 4871 2098 4946 prosequitur,

452 4958 507 5014 ei
533 4959 786 5014 resistere
807 4972 920 5014 non
943 4963 1162 5027 possent
1189 4959 1404 5027 treugas
1423 4971 1589 5028 usque
1619 4958 1678 5012 in
1705 4959 1918 5016 Pascha
1945 4962 2012 5018 ab
2039 4979 2100 5020 eo

443 5062 546 5120 per
599 5047 970 5102 interventum
1024 5045 1269 5117 conjugis
1323 5045 1440 5118 ejus
1493 5046 1944 5118 imploraverunt.
1985 5051 2098 5108 Nec

449 5133 620 5208 plura
650 5133 841 5208 potuit
869 5132 1174 5190 Henricus.
1197 5133 1278 5189 De
1295 5133 1550 5205 prmdictc
1574 5137 1824 5208 conjugio
1853 5141 2099 5196 tristatus

446 5221 876 5296 expeditionem
917 5223 978 5279 in
1027 5223 1338 5279 Saxoniam
1385 5223 1628 5296 paravit,
1661 5243 1728 5280 ex
1759 5243 1876 5298 qua
1922 5229 2096 5300 paulo

444 5316 578 5386 post
605 5311 805 5370 fractis
843 5311 1066 5369 viribus
1113 5313 1231 5368 sine
1274 5311 1474 5370 honore
1529 5316 1737 5370 reverli
1788 5318 2097 5388 compulsus

443 5408 541 5458 est.

2931 4873 3136 4924 tuetur.

2279 4957 2481 5012 Eidem
2511 4955 2806 5013 Willelmo
2850 4956 3286 5030 archiepiscopo
3317 4941 3588 5013 Urbanus
3627 4955 3870 5030 scripsit

2209 5046 2361 5102 circa
2387 5045 2531 5100 illud
2555 5050 2788 5118 tempus
2815 5046 2873 5102 in
2901 5046 3149 5120 gratiam
3173 5044 3596 5115 monachorum
3619 5043 3872 5102 Beccen-

2209 5135 2386 5194 sium.
2413 5133 2512 5206 qui
2543 5134 2602 5190 in
2636 5133 2892 5191 Ecclesia
2917 5135 3111 5192 Sancti
3137 5133 3286 5190 Petri
3309 5131 3463 5205 apud
3493 5131 3864 5191 Pontisaram

2207 5224 2512 5296 degebant.
2539 5224 2656 5278 Hoc
2687 5224 3111 5282 Pontisarensis
3141 5223 3338 5296 oppidi
3369 5219 3594 5292 accolis,
3629 5226 3866 5279 canoni-

2207 5313 2291 5370 cis
2321 5313 2519 5370 Sancti
2542 5312 2804 5370 Mellonis
2825 5315 2917 5386 adj
2929 5314 3108 5381 uncti,
3132 5311 3442 5387 prohibere
3469 5309 3862 5386 conabantur,

2205 5419 2278 5459 ne
2307 5403 2476 5476 signa
2503 5403 2576 5458 ad
2608 5402 2866 5459 ofﬁcium
2887 5404 3152 5460 divinum
3178 5400 3500 5474 pulsarent.
3525 5397 3689 5464 Quod
3723 5401 3894 5458 irreio

789 5489 946 5547 XLV.
983 5490 1282 5547 Gebehardi
1309 5492 1552 5564 episcopi
1579 5493 1751 5548 zelus.
2205 5493 2458 5564 ligiosum
2477 5507 2588 5548 esse
2608 5508 2674 5548 ac
2689 5493 3054 5549 inhumanum
3078 5488 3418 5564 pronuntiat
3437 5487 3697 5569 pontifex
3709 5491 3863 5549 vult-

509 5579 752 5636 Interim
775 5579 1152 5636 Gebehardus
1175 5581 1520 5637 auctoritate
1540 5581 1848 5653 legationis
1866 5587 2096 5654 aposto-
2205 5598 2316 5654 que
2339 5586 2403 5636 ut
2423 5581 2698 5654 deinceps
2722 5583 2779 5638 id
2801 5583 2886 5638 eis
2907 5581 3157 5636 liberum
3179 5578 3289 5635 sit:
3316 5576 3520 5634 litterae
3543 5576 3690 5633 datae
3713 5586 3862 5637 sunt
3913 5629 3935 5642 .

441 5667 587 5737 lica,
621 5685 740 5741 qua
783 5668 947 5725 initio
996 5669 1174 5742 hujus
1223 5670 1380 5738 anni,
1415 5675 1480 5724 ut
1527 5670 1804 5738 diximus,
1840 5671 2092 5729 donatus
2198 5674 2354 5726 trans
2387 5671 2618 5727 Tiberim
2649 5688 2709 5726 ιη
2739 5669 3008 5726 Kalendas
3047 5669 3296 5738 Augusti,
3329 5683 3475 5740 quas
3507 5665 3750 5740 proinde
3778 5671 3855 5726 ad

443 5757 652 5828 fuerat,
682 5757 945 5832 gnaviter
974 5759 1270 5828 utebatur;
1306 5776 1371 5816 eo
1400 5757 1576 5816 etiam
1625 5757 1792 5815 titulo
1840 5761 2090 5820 maxime
2199 5761 2357 5818 hunc
2389 5777 2612 5817 annum
2645 5758 2996 5817 revocandas
3027 5775 3155 5816 esse
3186 5756 3551 5831 conjicimus.
3599 5751 3604 5758 ’
