3972 6404
168 417 253 523 η
1514 495 1529 517 ρ
1596 498 1631 509 Δ
1722 418 1998 509 vim.
2162 498 2175 509 τ
2852 426 2853 429 γ
3495 416 3587 517 si

314 558 560 642 XLVIII,
591 532 958 639 Privitegtum
985 554 1042 618 S.
1071 556 1259 618 Ponti:
1289 524 1678 641 Tomeriarum.
1715 548 1731 557 θ
1788 550 1795 555 ⁷
1849 544 1907 627 Α
1936 558 2026 629 tis,
2059 564 2167 620 etc.
2200 556 2364 620 Unde
2384 559 2586 621 mirari
2607 559 2768 643 subit
2795 561 3030 640 Petrum
3061 560 3391 641 Diaconurn
3413 536 3481 642 ixi
3502 526 3591 616 -’

200 653 218 683 α’
244 651 423 710 Paulo
436 655 569 709 ante
586 650 729 709 illud
750 650 1071 725 tempus,id
1082 653 1173 708 est
1197 648 1344 724 ipsis
1361 648 1635 707 Kalendis
1653 647 1816 718 Julii,

168 742 403 817 insigne
418 740 790 816 privilegium
810 741 1102 797 Concessit
1124 740 1396 796 Urbanus
1419 740 1695 796 Frotardo
1716 739 1816 794 ab-

170 832 295 889 bati
313 831 513 889 Sancti
530 829 1148 909 Pontiiﬂ‘omeriarum
1170 830 1227 885 in
1252 828 1443 886 Gallia
1471 829 1817 885 Narbonen-

172 923 368 999 si,quo
396 921 591 977 locum
611 919 779 975 illum
810 936 844 974 a
865 920 1271 991 cujuscunque
1301 917 1559 991 episcopi
1570 915 1820 989 jurisdi-

169 1011 361 1069 ctione
401 1009 620 1076 eximit,
672 1007 922 1081 aliisque
975 1006 1376 1079 compluribus
1422 1005 1819 1079 praerogativis

172 1102 455 1158 exornat:
506 1098 651 1155 illud
694 1097 977 1154 debemus
1027 1095 1312 1152 beneﬂcio
1364 1093 1680 1151 clarissimi
1708 1093 1818 1148 viri

170 1189 452 1262 Stephani
473 1185 895 1260 Baluzii,atque
923 1185 1134 1242 ultima
1153 1188 1260 1255 est,
1280 1183 1391 1239 nisi
1416 1183 1605 1255 fallor,
1636 1182 1818 1248 bulla,

168 1279 229 1337 in
279 1295 400 1351 qua
442 1277 699 1334 Joannes
744 1275 1160 1349 praesignatoris
1208 1273 1424 1329 domini
1457 1286 1621 1345 papa
1649 1270 1818 1327 titulo

171 1385 317 1424 usus
347 1370 457 1423 est.
912 1376 915 1381 '

168 1473 357 1531 XLIX.
395 1473 643 1531 Urbanus
666 1473 856 1529 scribit
912 1470 978 1527 de
992 1468 1379 1598 brestauranda
1431 1469 1822 1524 Tarraconensi

920 1559 991 1598 ur
1023 1559 1070 1598 e.

920 1559 1053 1599 ανοε
1059 1585 1070 1596 .

235 1633 487 1707 Scripsit
504 1649 738 1706 quoque
768 1632 971 1688 eadem
988 1630 1082 1687 die
1105 1630 1364 1703 pontifex
1395 1629 1467 1685 ad
1505 1627 1816 1685 Catalaniae

166 1740 435 1800 proceres
447 1739 594 1796 quos
607 1722 679 1779 ad
692 1720 1080 1794 reparandam
1097 1720 1593 1776 Tarraconensem
1609 1717 1817 1774 urbem

167 1814 532 1879 adhortatur,
563 1815 627 1867 ut
642 1810 977 1884 praesidium
1001 1809 1080 1865 sit
1107 1809 1346 1865 ﬁrmum
1378 1808 1658 1864 adversus
1679 1807 1815 1863 Sar-

1928 652 2034 708 bro
2055 651 2137 709 De
2151 652 2294 710 viris
2315 651 2644 709 illustribus
2664 635 3001 709 Gasinensis
3013 650 3350 729 monasterii
3373 635 3574 723 cap.3i

1929 740 2203 799 laudasse
2223 744 2471 799 Leonem
2502 743 2818 815 quemdam
2848 740 3221 819 cardinalem~
3240 740 3339 817 qui
3360 740 3581 813 scripsit

1928 846 1998 887 ex
2019 834 2243 889 nomine
2283 833 2490 891 Urbani
2503 847 2668 905 papae
2687 833 3039 905 quamplures
3071 830 3341 902 epistolas,
3376 837 3424 886 et
3452 831 3578 900 fecit

1931 922 2229 990 registrum
2269 925 2404 995 ejus.
2438 923 2499 977 In
2542 938 2715 994 quem
2768 921 2962 976 locum
2988 921 3353 991 Marus,post
3383 936 3577 991 repre-

1929 1010 2147 1068 hensos
2178 1008 2494 1068 Baronium
2526 1016 2583 1067 et
2601 1010 3271 1085 PosseVinum,aliosque
3284 1013 3572 1075 auctores,

1929 1099 2029 1173 qui
2089 1100 2246 1157 hunc
2301 1102 2552 1157 Leonem
2605 1117 2734 1155 cum
2802 1100 2993 1156 Leone
3027 1098 3372 1166 Marsicano,
3396 1098 3572 1170 vulgo

1929 1189 2183 1246 Ostiensi
2206 1190 2384 1260 dicto,
2415 1189 2683 1247 Chronici
2709 1188 3044 1245 Casinensis
3079 1192 3333 1265 auctore,
3353 1188 3436 1265 _de
3456 1203 3572 1258 quo

1926 1278 2132 1335 Petrus
2150 1279 2336 1353 capite
2358 1279 2705 1352 praecedenti
2736 1283 2951 1352 egerat,
2987 1262 3397 1357 confuderunt,
3432 1277 3571 1331 sub-

1920 1367 2121 1441 jungit
2141 1370 2389 1425 Leonem
2413 1369 2592 1425 istum
2625 1367 2956 1441 complures
2974 1367 3251 1443 epistolas
3283 1382 3572 1445 exarasse,

1927 1454 1996 1513 ex
2026 1457 2264 1531 quibus,
2298 1458 2510 1531 inquit,
2533 1456 2738 1531 viginti
2759 1458 2869 1513 sub
2900 1456 3118 1513 Urbani
3149 1455 3386 1512 nomine
3418 1455 3573 1527 apud

1928 1545 2162 1602 Binium
2191 1550 2352 1603 tomo
2381 1547 2483 1603 VII
2504 1545 2893 1603 Conciliorum
2922 1544 3102 1619 editae
3135 1548 3299 1623 sunt.
3324 1546 3396 1623 At
3426 1561 3574 1600 nus-

1927 1651 2104 1708 quam
2129 1637 2381 1709 reperire
2401 1635 2570 1691 licuit
2588 1634 2772 1709 ullam
2803 1618 2925 1711 sive
2942 1632 3161 1712 bullam
3203 1618 3320 1712 sive
3344 1618 3572 1712 episto-

1924 1725 2041 1781 lam
2091 1708 2327 1795 Urbani,
2377 1743 2505 1798 quze
2554 1744 2588 1781 a
2635 1722 2822 1797 Leone
2852 1708 3081 1803 scripta
3100 1708 3283 1803 fuisse
3321 1708 3572 1802 dicatur,

1925 1814 2051 1883 sed,
2070 1817 2136 1870 ut
2158 1814 2436 1882 diximus,
2466 1795 2777 1887 pleraeque,
2800 1813 2918 1868 imo
2943 1795 3061 1868 fere
3074 1795 3283 1867 omnes
3303 1795 3573 1887 aJoanne

167 1918 430 1996 racenos,
460 1901 592 1996 etin
615 1917 684 1957 ea
700 1899 958 1996 cathedra
985 1898 1313 1996 episcopalis
1336 1895 1568 1996 restitui
1604 1896 1811 1995 possit.
1847 1929 1896 1996 B
1926 1902 2155 1976 scriptae
2178 1904 2443 1974 fuerunt;
2466 1885 2621 1977 quod
2641 1885 2858 1959 mirum
2875 1905 2964 1958 est
2983 1919 3016 1956 a
3044 1888 3230 1966 Petro,
3263 1899 3439 1956 etiam
3456 1885 3573 1981 'ubi

167 1994 332 2050 Tunc
366 1989 690 2048 commissa
734 1992 858 2045 erat
881 1989 1007 2061 jam
1038 2004 1071 2043 a
1101 1985 1305 2043 multis
1345 1984 1516 2041 annis
1545 1984 1817 2057 episcopo
1847 1976 1896 1996 u
1926 1993 1998 2048 de
2028 1992 2127 2049 illo
2150 1994 2375 2050 Joanne
2398 1993 2510 2049 sub
2532 1991 2744 2049 Gelasii
2768 1992 2817 2048 II
2849 1989 3084 2046 nomine
3115 1989 3250 2062 egit,
3284 1976 3587 2045 omissum

161 2081 491 2140 Ausonensi
523 2096 664 2136 cura
691 2075 1141 2136 Tarraconensis
1189 2074 1477 2141 Ecclesiae,
1526 2074 1812 2130 exstincta

162 2172 223 2229 in
269 2187 337 2228 ea
383 2168 684 2244 provincia
729 2165 1155 2239 metropolitica
1196 2164 1501 2238 dignitate,
1561 2179 1689 2236 quae
1741 2163 1812 2219 ad

164 2261 606 2319 Narbonensem
647 2255 1148 2329 archiepiscopum
1179 2254 1407 2310 decreto
1447 2251 1814 2324 comprovin-

164 2350 403 2407 cialium
436 2348 840 2422 episcoporum
874 2350 933 2402 et
962 2342 1311 2418 populorum
1345 2358 1635 2398 consensu
1651 2341 1816 2398 devo-

162 2440 291 2497 luta
321 2440 530 2496 fuerat.
586 2437 743 2494 Hanc
790 2451 925 2492 vero
972 2428 1405 2491 restitutionem
1435 2430 1811 2505 potissimum

161 2529 413 2604 urgebat
432 2526 817 2604 Berangerius
847 2522 1813 2595 Ausonensisepiscopus,sperans

163 2637 223 2677 se
242 2602 311 2676 eo
333 2622 503 2690 pacto
524 2616 597 2673 ad
621 2602 1050 2687 metrdpolitani
1085 2610 1435 2684 dignitatem
1451 2611 1607 2666 haud
1637 2609 1813 2666 dubie

159 2710 666 2782 perventurum,et
695 2704 932 2778 quidem
964 2702 1167 2759 eadem
1190 2716 1369 2756 causa
1398 2699 1520 2765 diu,
1540 2704 1605 2755 ut
1634 2703 1813 2755 testa-

158 2802 255 2855 tur
280 2797 410 2870 ipse
440 2795 719 2869 pontifex,
756 2794 949 2850 Romae
984 2794 1247 2847 moratus
1279 2792 1388 2856 est,
1426 2804 1560 2844 cum
1593 2787 1706 2844 huc
1737 2788 1811 2844 ad

158 2886 465 2943 invisenda
486 2879 1314 2958 apostolormlimina,suaque
1346 2877 1631 2949 obsequia
1666 2894 1810 2933 novo

159 2973 421 3050 pontifici
438 2962 754 3040 reddenda,
785 2970 968 3043 hujus
985 2967 1123 3025 anni
1144 2967 1337 3035 initio,
1369 2970 1470 3022 aut
1489 2966 1598 3022 sub
1632 2966 1809 3022 ﬁnem

159 3063 546 3138 praecedentis
558 3061 916 3119 accessisset.
941 3059 1099 3115 Datae
1113 3059 1252 3112 sunt
1266 3056 1349 3111 hae
1370 3055 1409 3110 li
1420 3060 1577 3111 tteraa
1590 3056 1806 3124 Romae,

158 3152 439 3231 Kalendis
455 3150 598 3208 Julii
619 3149 730 3206 hoc
752 3144 1384 3204 anno.Tarraconensis
1402 3149 1599 3201 tamen
1621 3143 1811 3200 Eccle-

159 3242 244 3301 sia
276 3240 517 3299 nonnisi
538 3239 773 3296 biennio
805 3240 1025 3310 postea,
1060 3239 1125 3292 ut
1153 3233 1429 3304 ditemus,
1462 3232 1804 3307 dignitatem

160 3348 327 3388 suam
356 3325 740 3403 recuperavit.
1164 3392 1171 3397 1

446 3419 509 3475 L.
525 3415 1030 3476 Joannesdiaconus
1053 3414 1114 3485 ﬁt
1135 3413 1523 3468 cancettarius.

224 3508 631 3568 Porrolitteraa
650 3523 797 3579 quas
835 3492 1217 3561 eaoccasione
1250 3501 1522 3558 Urbanus
1554 3500 1807 3573 scripsit,

158 3601 303 3656 data:
335 3598 618 3654 dicuntur
649 3610 750 3668 per
794 3609 991 3649 manus
1030 3592 1259 3649 Joannis
1300 3597 1508 3647 sancta:
1547 3591 1811 3647 Romanae

152 3690 413 3746 Ecclesiae
429 3686 654 3743 diaconi
669 3682 973 3740 cardinalis
1002 3689 1053 3736 et
1070 3679 1412 3744 canceltarii,
1448 3695 1583 3733 cum
1615 3682 1805 3746 antea,

152 3783 215 3835 ut
242 3777 527 3843 diximus,
573 3775 826 3830 Joannes
868 3769 1286 3843 praesignatoris
1334 3767 1551 3822 domini
1601 3768 1809 3825 Urbani

150 3866 395 3925 titulum
427 3880 662 3937 semper
691 3860 1060 3919 adhibuisset
1106 3877 1119 3915 :
1153 3858 1307 3914 unde
1353 3855 1562 3927 conjici
1591 3860 1805 3929 potest,

148 3973 284 4014 eum
320 3961 462 4012 tunc
493 3953 752 4028 primum
787 3952 1061 4006 Romanis
1091 3944 1702 4004 Ecclesiaacancellarii
1725 3945 1808 4002 di-

146 4046 435 4121 gnitatem
467 4039 994 4101 obtinuisse.Certe
1023 4034 1347 4093 Pandulfus
1380 4034 1439 4090 in
1472 4033 1605 4091 Vita
1636 4034 1804 4092 Gela-

148 4136 217 4193 sii
239 4135 289 4192 II
312 4135 441 4208 (qui
459 4137 550 4189 est
568 4131 694 4205 ipse
719 4127 1426 4199 Joannes)observateum
1448 4123 1522 4179 ab
1548 4123 1803 4193 Urbano,

151 4225 247 4298 qui
270 4229 418 4279 tunc
439 4221 635 4277 Romae
674 4218 827 4274 inter
848 4217 995 4273 duos
1018 4219 1225 4288 pontes
1266 4213 1327 4269 in
1366 4212 1603 4286 magnis
1626 4229 1809 4285 angu-

148 4314 280 4371 stiis
321 4310 680 4369 constitutus
728 4307 1088 4372 morabatur,
1144 4300 1566 4359 cancellarium
1626 4302 1811 4359 fuisse

150 4402 518 4468 institutum,
552 4398 908 4472 proindeque
945 4411 1062 4450 non
1096 4394 1155 4448 in
1187 4391 1491 4447 Casinensi
1517 4397 1810 4448 monaste-

154 4490 518 4565 rio,quando
552 4488 807 4562 primum
830 4486 886 4541 in
911 4482 1203 4558 pontificis
1223 4482 1566 4538 comitatum
1589 4498 1813 4537 assum-

153 4586 288 4655 ptus
321 4580 454 4653 fuit,
473 4581 578 4634 aut
594 4576 816 4649 reliquo
834 4579 1122 4648 tempore,
1154 4571 1309 4643 quod
1342 4570 1401 4626 in
1432 4569 1611 4626 variis
1641 4570 1810 4626 itinc-

1925 2080 2126 2139 fuisse.

1998 2172 2091 2253 LI.
2110 2150 2373 2230 Rainald'i
2401 2173 2796 2247 archiepiscopi
2817 2150 3100 2245 :Remensis
3120 2171 3225 2245 iter
3250 2170 3493 2247 Romam.

1943 2258 1964 2287 ’·
1995 2260 2157 2336 Circa
2186 2262 2445 2318 medium
2498 2259 2683 2332 hujus
2703 2258 3567 2339 anni"Rayn‘alduszemorum

1923 2334 2166 2422 antistes
2203 2352 2448 2407 Romam
2473 2350 2704 2407 advenit
2724 2351 2795 2406 ab'
2816 2334 3050 2427 Urbano
3072 2334 3375 2427 invitatus,
3411 2334 3566 2420 quod

1920 2439 2031 2496 iter
2077 2433 2210 2497 ante
2249 2441 2384 2497 Maii
2431 2442 2607 2497 finem
2656 2457 2791 2496 eum
2832 2438 3145 2511 incmpisse
3176 2437 3471 2515 colligitur
3500 2454 3568 2493 ex

1920 2527 2080 2597 illius
2091 2530 2361 2587 chartain
2383 2531 2631 2605 gratiam
2656 2529 3075 2586 monachorum
3090 2527 3568 2600 Remigianorum

1920 2619 2057 2674 data
2098 2619 2207 2676 hoc
2246 2636 2399 2676 anno
2441 2620 2598 2687 1089,
2634 2618 2952 2674 indictione
2981 2635 3078 2683 χιι,
3113 2616 3365 2691 Philippi
3389 2617 3567 2671 Fran-

1920 2723 2121 2763 corum
2154 2709 2305 2783 regis
2351 2710 2439 2778 30,
2475 2708 2832 2782 proindeque
2862 2708 2993 2763 ante
3026 2705 3180 2761 diem
3217 2704 3563 2761 vicesimum

1916 2796 2155 2853 tertium
2206 2797 2359 2854 Maii.
2392 2799 2541 2854 Nam
2572 2798 2680 2853 hoc
2711 2797 2836 2871 ipso
2883 2795 2977 2851 die
3010 2794 3314 2867 Philippus
3340 2793 3562 2850 tricesi-

1918 2903 2082 2969 mum
2114 2888 2276 2961 regni
2299 2888 2388 2943 sui
2412 2903 2632 2943 annum
2656 2885 2917 2958 incmpit,
2952 2886 3325 2940 consecratus
3366 2882 3563 2961 Remis

1917 2979 2051 3032 ante
2079 2976 2169 3031 sui
2219 2977 2404 3049 patris
2437 2976 2685 3043 obitum,
2718 2975 2813 3031 die
2842 2990 3007 3031 sacro
3039 2973 3424 3041 Pentecostes,
3457 2990 3560 3028 an-

1916 3081 1991 3120 no
2013 3063 2170 3121 1059.
2206 3067 2271 3121 In
2292 3065 2395 3120 illa
2427 3070 2623 3122 autem
2660 3065 2880 3131 charta,
2914 3079 3090 3136 quam
3128 3059 3409 3117 Marlotus
3439 3061 3560 3117 edi-

1915 3151 2001 3209 dit
2028 3157 2186 3210 tomo
2234 3153 2278 3210 ll
2325 3153 2661 3226 Metropolis
2704 3151 3036 3219 Remensis,
3066 3149 3216 3206 libro
3248 3152 3442 3222 n,cap.'
3476 3151 3507 3205 4
3542 3136 3573 3207 τ’

1914 3241 2231 3299 Rainaldus
2246 3260 2371 3299 cum
2393 3260 2460 3299 ex
2474 3245 2740 3316 petitione
2756 3242 2971 3315 domini
2975 3256 3135 3313 papae
3163 3240 3369 3297 Urbani
3404 3255 3560 3312 apos-

1917 3333 2179 3388 stolorum
2226 3332 2425 3389 limina
2460 3334 2860 3403 Ecclesiamque
2880 3334 3180 3388 Romanam
3199 3331 3420 3385 visitare
3448 3331 3565 3399 agi-

1917 3420 2250 3494 grederetur,
2300 3427 2428 3478 ante
2477 3438 2671 3495 corpus
2730 3421 3033 3477 beatissimi
3078 3424 3131 3475 et
3183 3419 3569 3491 gloriosissimi

1912 3513 2137 3583 patroni
2168 3511 2260 3566 sui
2283 3513 2525 3581 Remegii
2543 3514 2789 3567 oratione
2818 3511 2983 3581 facta,
3017 3510 3082 3565 in
3110 3509 3408 3585 capitulum
3438 3524 3569 3581 per-

1919 3600 2066 3657 rexit
2108 3601 2173 3656 de
2221 3618 2326 3656 suo
2376 3603 2571 3656 itinere
2593 3601 2894 3665 locuturus,
2926 3598 3126 3670 ibique
3158 3598 3331 3652 altare
3359 3598 3424 3651 de
3452 3598 3567 3652 vico

1916 3690 2093 3745 sancti
2115 3691 2349 3759 Remigii
2370 3689 2563 3745 abbati
2595 3687 2841 3743 Henrico
2884 3687 3105 3757 totique
3153 3684 3563 3740 archicmnobii

1919 3776 2245 3851 Remigiani
2293 3775 2726 3851 congregationi
2779 3774 3089 3831 concessit.
3140 3778 3281 3851 Cum
3313 3789 3466 3840 vero,
3502 3776 3567 3828 ut

1920 3867 2225 3924 Bertoldus
2247 3867 2441 3936 refert,
2474 3866 2744 3922 Urbanus
2765 3864 2875 3920 hoc
2898 3881 3049 3918 anno
3070 3862 3295 3939 litteras
3315 3861 3566 3935 Philippi

1919 3958 2062 4029 regis
2090 3958 2423 4012 Francorum
2456 3955 2695 4011 debitam
2713 3954 3101 4025 subjectionem
3133 3952 3184 4007 ei
3199 3951 3564 4023 promittentis

1916 4046 2233 4117 susceperit,
2265 4043 2580 4101 verisimile
2601 4048 2689 4099 est
2703 4060 2801 4099 eas
2824 4060 2857 4099 a
2879 4042 3037 4115 Rayn
3048 4041 3179 4097 aldo
3201 4039 3383 4096 fuisse
3406 4038 3565 4095 dela-

1917 4140 2030 4191 tas.
2064 4135 2199 4191 Erat
2219 4133 2397 4205 enim,
2430 4137 2495 4188 ut
2537 4134 2662 4206 ipse
2682 4131 2941 4205 pontifex
2971 4131 3029 4186 in
3048 4130 3304 4203 quadam
3322 4128 3567 4202 epistola

1918 4228 2187 4293 testatur,
2221 4222 2489 4296 Philippo
2539 4220 3007 4294 acceptissimus.
3056 4220 3225 4275 Forte
3271 4218 3564 4291 reliquum

1920 4314 2100 4386 hujus
2118 4313 2251 4368 anni
2278 4312 2463 4385 exegit
2487 4312 2680 4367 Romae
2705 4327 2892 4377 :nam,
2920 4313 2984 4365 ut
3014 4307 3256 4363 inferius
3279 4306 3561 4375 dicemus,

1921 4402 2355 4475 amplissimum
2372 4399 2738 4475 privilegium
2760 4398 2832 4454 ab
2855 4398 3087 4454 Urbano
3110 4396 3409 4469 subbujus
3427 4396 3565 4452 anni

1922 4492 2098 4546 finem
2134 4490 2373 4561 accepit.

2315 4580 2430 4635 Lll.
2468 4581 2585 4634 Pa.r
2627 4595 2749 4633 eum
2782 4576 2984 4635 Graecis
3014 4577 3175 4632 inita.

150 4671 318 4729 ribus
336 4670 398 4727 in
418 4668 640 4742 quibus
661 4664 926 4739 pontiﬁci
958 4661 1228 4731 adhtBSit.
1250 4663 1520 4717 exactum
1543 4663 1651 4716 θεῖ·
1683 4659 1812 4717 H830
1844 4674 1891 4739 D
1991 4666 2258 4741 Aliquam
2280 4667 2455 4723 etiam
2472 4667 2624 4723 inter
2637 4668 2865 4723 Graecos
2882 4671 2935 4721 et
2949 4665 3186 4722 Latinos
3199 4662 3568 4720 concordiam

149 4766 291 4819 sunt
338 4756 615 4817 Pandulﬁ
658 4755 833 4812 verba
877 4756 1008 4827 post
1057 4755 1357 4807 enarratas
1427 4748 1812 4819 calamitates,

151 4867 301 4923 quas
320 4848 524 4905 Romae
546 4844 805 4920 pontifex
822 4843 933 4899 sub
956 4842 1134 4898 ﬁnem
1165 4837 1305 4895 anni
1330 4837 1731 4911 praecedentis,
1756 4843 1815 4894 et

153 4939 335 5012 hujus
372 4936 540 4993 initio
581 4932 917 5009 pertulerat.
954 4933 1098 4987 Tunc
1122 4945 1273 5002 papa
1300 4927 1736 4984 titteratissimus
1765 4936 1818 4984 et

152 5028 424 5102 facundus
441 5028 679 5099 fratrem
696 5026 960 5080 Joannem
997 5021 1181 5076 virum
1208 5019 1398 5090 utique
1423 5018 1723 5088 sapientem
1751 5035 1815 5074 ac

148 5117 447 5191 providum
474 5116 738 5183 sentiens,
762 5111 1057 5175 ordinavit,
1091 5108 1355 5171 admovit,
1387 5123 1655 5179 suumque
1682 5123 1813 5162 can-

156 5208 454 5263 cettarium
498 5222 571 5262 ex
615 5204 817 5259 intima
857 5199 1249 5256 deliberatione
1273 5197 1606 5252 constituit:
1632 5205 1693 5253 ut
1714 5214 1817 5269 per

156 5297 527 5370 eloquentiam
566 5294 677 5350 sibi
722 5310 756 5347 a
793 5292 1020 5349 Domino
1052 5288 1332 5355 traditam,
1365 5286 1587 5358 antiqui
1616 5288 1815 5360 teporis

161 5389 213 5442 et
229 5385 516 5456 elegantiae
535 5382 761 5456 stylum,
794 5382 858 5436 in
901 5377 1024 5435 sede
1043 5374 1340 5448 apostolica
1377 5374 1502 5444 jam
1534 5389 1671 5445 pene
1702 5391 1816 5431 om-

94 5456 101 5465 .
160 5492 287 5532 nem
345 5472 717 5548 deperditum,
761 5472 948 5526 sancto
993 5467 1233 5523 dictante
1300 5463 1533 5536 Spiritu,
1584 5464 1817 5522 Joannes

159 5566 262 5623 Dei
305 5566 489 5637 gratia
532 5561 881 5635 reformaret,
936 5574 998 5613 ac
1044 5553 1355 5612 Leoninum
1381 5566 1605 5607 cursum
1635 5551 1819 5610 lucida

157 5655 439 5711 velocitate
452 5651 751 5708 reduceret.
785 5650 856 5705 Et
890 5646 1130 5722 quidem
1164 5658 1374 5700 omnes
1392 5640 1571 5698 ferme
1600 5640 1818 5701 Urbani

158 5742 330 5801 bulla:
353 5742 503 5801 datae
531 5744 672 5800 sunt
706 5755 802 5812 per
850 5752 1048 5795 manus
1069 5732 1297 5792 Joannis
1320 5730 1541 5788 diaconi
1560 5732 1818 5793 cardina-

1924 4758 2125 4815 eodem
2148 4761 2406 4829 tempore
2428 4757 2634 4812 initam
2650 4756 2831 4812 fuisse
2844 4754 3034 4827 colligi
3056 4757 3247 4826 potest
3270 4770 3338 4809 ex
3350 4751 3568 4808 Bertol-

1923 4847 2122 4919 do,qui
2154 4846 2330 4903 refert
2373 4845 2673 4901 Urbanum
2721 4862 2822 4917 per
2853 4844 3226 4916 suoslegatos
3249 4840 3570 4897 absolvisse

1922 4936 2334 5010 imperatorem
2355 4932 3065 5006 Constantinopolitanum
3081 4932 3152 4988 ab
3167 4931 3565 4988 excommuni-

1922 5026 2167 5083 catione.
2193 5026 2247 5082 Is
2270 5029 2392 5081 erat
2413 5023 2648 5080 Alexius
2670 5028 3019 5091 Comncnus,
3058 5022 3155 5095 qui
3180 5038 3332 5078 anno
3354 5037 3567 5093 praece-

1923 5115 2104 5183 denti,
2140 5119 2204 5171 ut
2225 5133 2293 5171 ex
2322 5114 2606 5170 Gaufredo
2652 5112 2960 5168 Malaterra
2989 5111 3266 5178 vidimus,
3291 5110 3426 5183 §29,
3460 5109 3564 5165 Ur-

1922 5206 2142 5260 banum
2203 5201 2765 5275 Constantinopolim
2808 5201 3171 5269 invitaverat,
3224 5204 3289 5255 ut
3337 5200 3566 5256 concilio

1922 5298 2266 5366 congregato,
2300 5294 2597 5367 disputatio
2645 5292 2790 5348 inter
2818 5290 3029 5348 Graecos
3056 5294 3109 5345 et
3144 5290 3363 5345 Latinos
3393 5289 3563 5360 ﬁeret,

1923 5382 2108 5439 dicens
2149 5399 2205 5439 se
2249 5384 2480 5439 libenter
2523 5383 2846 5439 discussioni
2872 5381 3157 5436 catholicae
3196 5396 3563 5435 assensurum.

1929 5471 2090 5528 Unde
2108 5489 2239 5529 vero
2263 5471 2455 5529 simile
2475 5477 2583 5542 est,
2619 5472 2771 5546 quod
2795 5470 2903 5527 etsi
2934 5470 2993 5526 id
3027 5471 3098 5526 ob
3122 5473 3451 5540 temporum
3467 5466 3571 5521 dif-

1927 5560 2217 5617 ﬁcultates
2239 5578 2342 5634 per
2362 5563 2621 5636 scipsum
2650 5566 2923 5634 praestare
2950 5577 3065 5615 non
3107 5557 3363 5632 potuerit
3390 5556 3569 5611 Urba-

1928 5669 2061 5719 nus,
2113 5668 2251 5708 suos
2304 5655 2503 5708 tamen
2536 5652 2758 5724 legatos
2787 5650 2845 5706 in
2874 5650 3152 5707 Graeciam
3189 5646 3435 5713 miserit,
3472 5643 3571 5716 qui

1928 5739 2081 5797 hanc
2103 5739 2571 5814 qualemcunque
2590 5757 2794 5814 pacem
2812 5740 3233 5797 interLatinam
3248 5740 3571 5791 etGrmcam
