3972 6390
376 410 459 532 ἐκ
1672 457 1744 525 s.
1788 430 2093 528 unum
2107 489 2110 493 ~
2124 438 2181 525 i1
2221 458 2478 528 PAPAZ.
3698 439 3797 525 sai

366 597 689 664 Ecclesiam
719 595 1170 673 composuerint,
1203 598 1348 656 forte
1380 597 1613 671 utrique
1641 597 1800 671 genti
1830 612 2007 654 suum
2039 584 2468 664 A‘translatam
2508 594 2711 657 fuisse.
2756 597 2868 657 Hic
2905 574 3132 674 quippe
3174 600 3379 658 auctor
3409 576 3769 659 iniHistcria‘

371 693 549 750 ritum
566 690 988 764 permittendo:
1010 706 1168 756 nam,
1186 690 1258 745 de
1290 687 1558 745 fermenti
1582 706 1693 745 usu
1717 688 1775 744 in
1798 687 2010 745 eucha-

370 779 539 840 ristia
552 779 928 853 potissimum
949 779 1249 852 agebatur,
1269 779 1452 836 donec
1464 777 1687 851 aliquid
1708 778 1932 835 ﬁrmius
1953 778 2014 833 in

374 869 620 928 concilio
658 867 915 943 generali
947 868 1375 925 decerneretur.

374 977 515 1035 LIII.
562 978 640 1034 De
678 992 819 1049 pace,
859 976 1042 1049 agitur
1065 976 1233 1049 inter
1272 974 1490 1031 Roberti
1540 973 1829 1049 Gutscardi
1874 974 2016 1043 ﬁlios

767 1048 835 1103 ab
868 1047 1074 1105 Urbani
1109 1047 1283 1117 legato
1310 1047 1623 1118 composita.

449 1124 653 1195 Pacem
686 1146 862 1210 quam
894 1136 1164 1192 Urbanus
1182 1152 1283 1208 per
1304 1134 1559 1207 legatum
1578 1151 1752 1189 suum
1779 1150 2014 1206 compo-

376 1228 568 1288 suisse
587 1226 800 1283 dicitur
814 1225 923 1281 hoc
943 1242 1095 1281 anno
1112 1224 1263 1279 inter
1280 1223 1591 1296 Rogerium
1623 1226 1679 1279 et
1724 1224 2015 1278 Boamun-

374 1319 518 1376 dum
549 1315 782 1373 Roberti
814 1314 1121 1371 Guiscardi
1152 1312 1323 1380 ﬁlios,
1358 1313 1457 1385 qui
1480 1313 1552 1368 ob
1575 1316 1874 1384 paternam
1906 1311 2018 1367 ha:-

374 1406 683 1480 mditatem
730 1405 882 1460 inter
927 1420 989 1459 se
1032 1401 1418 1465 dissidebant,
1451 1405 1515 1456 ut
1561 1404 1759 1455 narrat
1791 1401 2015 1456 Recens

375 1495 635 1569 Pyrrhus
652 1499 811 1552 temo
859 1491 1160 1550 lIISicilim
1192 1508 1366 1548 sacrae
1397 1490 1457 1546 in
1476 1490 1681 1545 notitia
1698 1507 1754 1544 v1
1769 1505 1897 1561 quae
1928 1492 2018 1545 est

375 1588 449 1644 de
461 1584 720 1644 Ecclesia
734 1582 1073 1642 Mazarensi.
1108 1582 1163 1638 Is
1176 1585 1374 1637 auctor
1385 1579 1600 1652 profert
1624 1579 2016 1650 fragmentum

373 1677 512 1735 libri
557 1674 840 1734 tricesimi
892 1670 1270 1727 historiarum
1318 1668 1522 1725 Leonis
1592 1665 1902 1722 Marsicani
1945 1667 2016 1722 de

374 1764 652 1839 Gregorio
676 1764 778 1820 VII
806 1766 864 1819 et
880 1760 1111 1817 Urbano
1134 1758 1201 1825 ΙΙ,
1236 1757 1296 1813 in
1321 1774 1435 1830 quo
1465 1756 1645 1826 hujus
1667 1755 1893 1811 dissidii
1924 1755 2015 1809 hi-

376 1854 557 1913 storia
568 1854 943 1909 memoratur.
977 1850 1050 1904 At
1068 1846 1209 1903 illud
1227 1847 1433 1903 Leonis
1450 1862 1598 1918 opus
1620 1844 1886 1917 ignotum
1904 1848 2013 1911 est,

2122 689 2474 746 inventionis
2496 689 2681 746 sancti
2700 690 2899 746 Sabini
2921 692 2993 747 de
3021 689 3155 747 Elite
3178 690 3607 764 archiepiscopi
3630 707 3789 748 con--

2124 780 2446 835 secratione
2460 795 2639 851 agens
2652 779 2752 848 ait,
2777 778 2961 836 Eliam
2983 779 3043 836 in
3058 781 3370 838 Barensem
3389 776 3779 854 archiepisco-

2125 885 2267 942 pum
2285 870 2566 925 voluntate
2593 875 2643 926 et
2668 886 2931 926 consensu
2961 872 3183 939 Rogerii
3207 870 3361 926 ducis
3412 869 3777 943 proindeque

2124 959 2253 1029 ejus
2273 958 2381 1013 loci
2404 956 2648 1026 domini,
2670 958 2850 1016 fuisse
2867 958 3134 1016 electum.
3169 961 3320 1016 Tum
3335 959 3644 1032 subjungit
3664 959 3774 1016 Ur-

2123 1049 2344 1103 banum
2369 1048 2708 1120 papam,qui
2739 1065 2805 1104 eo
2829 1052 3090 1121 tempore
3119 1048 3410 1122 synodum
3441 1049 3595 1121 apud
3627 1049 3773 1105 Mel-

2124 1135 2325 1208 phiam
2346 1136 2741 1204 celebrabat,a
2771 1139 3130 1208 Boamundo,
3164 1139 3263 1211 qui
3286 1142 3500 1194 Rarum
3517 1139 3651 1211 jam
3677 1153 3777 1194 suo

2122 1226 2337 1282 tenebat
2383 1226 2482 1282 sub
2529 1226 2790 1292 dominio,
2832 1226 3145 1284 invitatum
3173 1227 3234 1283 in
3264 1227 3533 1285 eamdem
3559 1227 3766 1283 urbem

2122 1315 2371 1381 venisse,
2405 1314 2505 1369 ubi
2522 1316 2707 1371 Ellam
2729 1317 3110 1372 consecravit.
3136 1319 3218 1373 Ex
3235 1333 3350 1389 quo
3369 1316 3494 1372 loco
3525 1317 3775 1374 manife-

2125 1407 2284 1460 stum
2315 1407 2404 1460 est
2421 1403 2652 1459 Barium
2677 1405 2850 1477 paulo
2872 1410 3007 1462 ante
3030 1407 3321 1478 synodum
3345 1405 3766 1479 Melphitanam

2126 1493 2197 1547 ad
2217 1492 2528 1565 Rogerium
2558 1492 2931 1566 pertinuisse,
2956 1495 3200 1567 quando
3222 1494 3461 1568 quidem
3494 1493 3627 1550 Eliae
3657 1490 3778 1551 ele-

2125 1581 2239 1636 ctio
2250 1596 2384 1636 cum
2395 1582 2523 1652 ejus
2535 1598 2826 1638 consensu
2857 1583 3011 1639 facta
3023 1586 3139 1653 est;
3171 1588 3229 1639 et
3250 1583 3424 1656 paulo
3441 1587 3573 1656 post
3592 1587 3778 1640 trans-

2124 1669 2263 1726 iisse
2294 1671 2365 1726 ad
2395 1672 2825 1738 Boamundum,
2859 1689 2997 1728 cum
3021 1673 3149 1744 jam
3190 1673 3300 1729 sub
3332 1674 3510 1730 ﬁnem
3542 1672 3778 1730 concilii

2123 1776 2252 1815 eam
2281 1762 2381 1815 sub
2427 1776 2525 1815 suo
2552 1760 2810 1816 habuisse
2855 1762 3099 1818 dominio
3138 1761 3406 1830 dicatur;
3450 1763 3609 1834 quod
3641 1779 3779 1819 cum

2122 1849 2380 1921 expacis
2416 1848 2574 1905 inita)
2607 1850 2941 1908 conditione
2986 1851 3209 1908 factum
3246 1852 3430 1908 fuisse
3457 1851 3779 1909 Gaufridus

374 1943 511 2011 nisi,
542 1941 701 2015 quod
714 1940 952 2014 quidem
968 1954 1169 1994 verum
1184 1935 1481 2011 existimo,
1495 1934 1829 1990 sitHistoria
1854 1950 2010 2005 perc-
2125 1937 2444 2010 scripserit,
2469 1939 2938 1996 concludendum
2956 1944 3046 1996 est
3063 1956 3197 1996 eam
3222 1956 3447 2012 pacem,
3481 1956 3660 2012 quam
3681 1940 3781 1997 ille

376 2035 667 2107 grinorum
712 2046 890 2103 quam
935 2028 1138 2084 Petrus
1177 2025 1466 2081 Diaconus
1498 2023 1645 2079 libro
1676 2041 1739 2078 III
1771 2023 1851 2078 De
1884 2023 2020 2079 viris

376 2121 709 2181 illustribus
740 2115 1079 2175 monasterii
1109 2113 1464 2178 Casinensis,
1500 2111 1685 2184 capite
1714 2113 1804 2179 38,
1830 2111 2020 2168 eidem

379 2210 554 2270 Leoni
574 2208 784 2267 tribuit
818 2223 832 2262 :
864 2208 925 2263 in
942 2223 1011 2261 ea
1032 2203 1249 2277 quippe
1279 2202 1473 2276 agitur
1496 2201 1566 2258 de
1587 2200 1689 2256 illa
1711 2218 1849 2274 pace
1869 2199 2024 2256 inter

382 2298 619 2361 Roberti
651 2296 803 2354 ﬁlios
844 2295 1007 2352 inita.
1054 2295 1123 2349 Et
1169 2290 1406 2366 quidem
1456 2290 1551 2346 isti
1592 2291 1878 2363 peregrini
1906 2307 2022 2346 non

380 2391 654 2449 videntur
688 2385 788 2444 alii
831 2401 960 2442 esse
988 2384 1061 2439 ab
1110 2382 1184 2437 iis
1214 2381 1313 2454 qui
1346 2384 1475 2452 post
1495 2379 1806 2435 concilium
1829 2378 2023 2434 Claro-

383 2475 800 2538 montanumin
821 2473 1114 2531 Orientem
1133 2470 1371 2543 profecti
1394 2473 1531 2526 sunt
1551 2469 1621 2524 ad
1640 2485 1837 2524 sacras
1860 2484 2025 2539 expe-

383 2570 658 2636 ditiones,
691 2580 762 2622 ex
789 2564 1004 2638 quibus
1026 2558 1431 2617 fuitHenricus
1456 2556 1776 2614 monachus
1798 2556 2025 2614 ordinis

381 2655 737 2720 Benedictini
758 2654 830 2711 ad
846 2652 994 2708 hanc
1016 2650 1166 2705 inter
1179 2648 1387 2705 fratres
1401 2646 1774 2707 concordiam
1795 2662 2028 2719 compa-

379 2748 635 2806 nendam
680 2744 752 2800 ab
800 2742 1030 2798 Urbano
1060 2736 1307 2809 legatus,
1340 2735 1441 2809 qui
1472 2736 1855 2808 postmodum
1891 2751 2026 2791 cum

379 2833 718 2896 Boamundo
747 2828 820 2888 ad
846 2828 1066 2885 bellum
1100 2843 1332 2883 sacrum
1365 2825 1680 2898 profectus,
1717 2826 1909 2881 factus
1940 2828 2031 2882 est

380 2925 609 3000 primus
638 2938 708 2978 ex
736 2916 959 2976 Latinis
1006 2915 1406 2972 Antiochenus
1457 2914 1716 2987 patriarc
1748 2913 2029 2987 ba;cnjus

383 3016 445 3072 in
467 3014 579 3070 hac
595 3007 956 3083 expeditione
978 3008 1106 3062 acta
1140 3005 1252 3061 Leo
1264 3004 1363 3077 qui
1380 3004 1569 3060 fuerat
1582 3005 1711 3075 ejus
1731 3003 2027 3072 educator,

386 3100 695 3171 inlaudato
709 3097 1032 3169 fragmento
1044 3093 1421 3167 potissimum
1434 3097 1651 3149 narrat.
1684 3092 1778 3148 Sic
1809 3095 2028 3159 autem,

390 3194 524 3267 post
538 3189 724 3245 multa
743 3183 985 3242 deillius
1007 3182 1347 3256 parentibus
1369 3182 1690 3254 praemissa,
1700 3199 2029 3238 sermonem

2132 2031 2333 2082 auctor
2349 2031 2763 2095 memorat,aut
2785 2027 2958 2102 paulo
2983 2033 3114 2085 ante
3134 2029 3447 2086 concilium
3469 2029 3782 2102 Melphita-

2131 2132 2295 2185 num,
2329 2119 2431 2171 aut
2459 2121 2613 2172 certe
2643 2133 2708 2173 eo
2738 2118 3009 2185 durante,
3043 2118 3410 2191 proindeque
3424 2134 3584 2175 anno
3618 2119 3778 2188 1089,

2132 2218 2307 2277 quem
2338 2196 2516 2261 etiam
2549 2205 2660 2262 Leo
2692 2206 2752 2261 in
2799 2206 3127 2279 fragmento
3166 2206 3404 2263 laudato
3437 2206 3781 2279 assignavit,

2131 2293 2314 2349 fuisse
2330 2294 2734 2366 compositam.
2759 2295 3030 2353 Nostram
3062 2296 3415 2353 sententiam
3428 2297 3784 2353 conﬁrmant

2131 2382 2328 2454 Lupus
2341 2383 2681 2455 Prctospata
2691 2388 2748 2439 et
2764 2384 3015 2440 Robertu
3025 2403 3051 2441 s
3066 2384 3390 2442 Salernitan
3400 2402 3488 2453 us,
3512 2390 3783 2455 auctores

2135 2470 2459 2539 domestici,
2492 2473 2593 2544 qui
2625 2471 2892 2528 scribunt
2931 2472 3149 2530 bellum
3200 2474 3512 2548 Rogerium
3541 2474 3695 2530 inter
3726 2477 3787 2529 et

2135 2560 2539 2616 Boamundum
2564 2561 2795 2617 Roberti
2821 2561 2973 2619 ﬁlios
2991 2564 3279 2620 exarsisse
3302 2581 3456 2619 anno
3486 2564 3645 2633 1088,
3674 2579 3785 2619 nec

2133 2652 2330 2706 tamen
2369 2650 2641 2706 assentiri
2690 2666 2930 2723 possum
2975 2651 3305 2726 Peregrinio
3356 2650 3680 2725 suspicanti
3721 2652 3783 2708 in

2137 2738 2618 2811 castigationibus
2648 2740 2721 2796 ad
2753 2740 2984 2811 Lupum
3014 2739 3222 2798 initam
3252 2741 3415 2797 illam
3448 2742 3629 2798 fuisse
3650 2758 3787 2798 con-

2138 2827 2395 2883 cordiam
2425 2827 2626 2906 inipso
2648 2828 2891 2885 concilio
2925 2829 3388 2902 Melphitano.Ea
3409 2830 3588 2901 enim,
3621 2834 3688 2885 ut
3716 2846 3789 2886 ex

2139 2916 2344 2973 Leonis
2367 2917 2694 2989 fragmento
2715 2922 2965 2986 constat,
2998 2919 3415 2976 interveniente
3430 2912 3648 2976 Urbani
3671 2920 3789 2975 ab-

2139 3005 2321 3062 sentis
2349 3006 2539 3080 legato
2561 3006 2713 3062 facta
2741 3011 2849 3075 est,
2883 3025 2998 3065 non
3021 3008 3264 3080 proinde
3284 3009 3342 3063 in
3365 3008 3612 3065 concilio
3642 3007 3788 3063 Mel-

2140 3092 2401 3166 phitano.
2424 3095 2517 3151 cui
2540 3094 2810 3152 Urbanus
2830 3095 2955 3169 ipse
2979 3113 3234 3169 praesens
3262 3098 3463 3153 aderat
3493 3100 3557 3153 et
3584 3097 3790 3169 praesi-

2141 3183 2330 3240 debat.
2367 3184 2491 3240 Non
2524 3184 2738 3240 idcirco
2762 3188 2963 3241 tamen
2994 3185 3239 3241 dixerim
3272 3202 3472 3257 pacem
3490 3184 3656 3240 illam
3682 3184 3787 3241 diu

390 3277 765 3354 prosequitur
813 3291 828 3331 :
880 3274 1145 3330 Henricus
1183 3273 1307 3345 jam
1349 3272 1655 3328 adolescens
1698 3288 1844 3327 anno
1894 3268 2034 3326 i089
2071 3339 2107 3354 Α
2143 3276 2277 3328 ante
2295 3273 3047 3329 conciliuminitamfuisse.
3065 3274 3211 3339 Quin
3229 3274 3792 3346 potiusineoponti-

392 3339 791 3426 transmittitur
808 3381 843 3419 a
858 3379 1019 3436 papa
1038 3339 1254 3420 Urbano
1274 3363 1342 3428 ΙΙ,
1375 3369 1437 3417 ut
1460 3378 1653 3433 pacem
1696 3362 1845 3416 ineat
1893 3361 2037 3415 inter
2066 3339 2109 3407 (ἶ
2146 3360 2270 3417 ﬁcis
2289 3365 2346 3416 et
2363 3362 2597 3418 Patrum
2617 3362 2961 3418 auctoritate
2980 3339 3381 3417 conﬁrmatam
3408 3339 3793 3418 fuisse-liben-

393 3457 685 3529 Rogerium
700 3457 755 3510 et
786 3452 1166 3510 Boamundum
1209 3454 1431 3523 fratres,
1466 3449 1838 3506 contendentes
1856 3449 1920 3505 de
1941 3465 2032 3505 re-

389 3564 495 3622 gno
543 3544 816 3603 Calabriae
854 3550 906 3599 et
947 3536 1163 3614 Apuliae
1211 3545 1331 3614 post
1371 3540 1580 3596 obitum
1600 3541 1780 3611 patris
1812 3540 2033 3596 Roberti

385 3634 670 3695 Guiscardi
713 3649 735 3695 ,'
784 3649 817 3689 a
864 3633 1061 3704 quibus
1107 3631 1431 3687 constitutus
1487 3630 1696 3686 arbiter
1744 3636 1797 3685 et
1831 3629 2028 3701 judex,

377 3727 587 3802 aequali
613 3725 766 3781 lance
784 3736 1015 3792 regnum
1033 3719 1238 3777 divisit.
1263 3719 1392 3776 Inde
1429 3719 1509 3775 ad
1543 3720 1820 3776 Urbanum
1843 3718 2025 3786 rediit,

375 3823 437 3874 ut
457 3818 521 3872 de
543 3814 700 3887 felici
719 3811 986 3879 legatione
1015 3811 1287 3865 rationem
1315 3808 1578 3864 redderet.

446 3901 712 3962 Meminit
739 3898 917 3956 etiam
941 3897 1259 3954 Gaufridus
1292 3896 1602 3952 Malaterra
1626 3895 1862 3960 libronv,
1896 3911 2021 3966 cap.

378 3991 724 4063 10,alicujus
740 3984 1129 4045 dissensionis
1151 4002 1279 4059 qum
1299 3985 1453 4041 inter
1474 3985 1787 4058 Rogerium
1809 3988 1866 4040 et
1881 3984 2023 4039 Boa-

381 4081 693 4146 mundum,
723 4080 854 4151 post
883 4076 1117 4132 Roberti
1149 4091 1355 4132 eorum
1399 4073 1583 4148 patris
1613 4074 1860 4142 obitum,
1896 4078 2025 4129 orta

376 4167 764 4230 adbiennium
781 4182 969 4238 usque
986 4164 1343 4238 perduravit.
1374 4164 1485 4220 Sed
1502 4162 1807 4220 cumidem
1825 4165 2025 4218 auctor

376 4260 562 4334 capite
593 4256 861 4330 sequenti
889 4254 1134 4311 innuere
1162 4253 1429 4310 videatur
1456 4253 1567 4309 hoc
1589 4250 1922 4321 dissidium,
1951 4252 2023 4307 de

378 4367 493 4425 quo
509 4345 935 4425 loquituranno
953 4342 1112 4409 1086,
1137 4341 1445 4414 utriusque
1474 4340 1755 4415 principis
1779 4340 2022 4397 ﬁdelium

376 4424 604 4499 consilio
632 4424 813 4491 fuisse
833 4432 1246 4504 compositum,
1282 4430 1526 4486 nonnuli
1559 4430 1805 4485 fortasse
1824 4428 2019 4485 existi-

378 4527 626 4587 mabunt
653 4521 998 4582 Gaufridum
1029 4521 1102 4577 de
1130 4520 1202 4576 iis
1227 4536 1355 4592 quas
1386 4523 1519 4575 ante
1540 4516 1755 4574 Urbani
1788 4517 2019 4590 pontiﬁ-

377 4621 572 4675 catum
621 4611 1003 4685 contigerant,
1055 4610 1307 4665 Leonem
1358 4624 1491 4663 vero
1538 4607 1612 4681 de
1660 4606 1840 4663 altera
1870 4605 2023 4661 inter

2139 3450 2228 3503 ter
2251 3465 2662 3519 asseverarem,
2692 3449 2805 3506 nisi
2831 3450 2943 3505 Leo
2971 3466 3039 3506 ea
3086 3450 3157 3506 de
3179 3466 3241 3505 re
3274 3449 3330 3504 in
3360 3449 3597 3506 laudato
3628 3449 3789 3524 frag-

2139 3542 2334 3594 mento
2365 3537 2642 3595 siluisset.

2138 3643 2274 3699 LlV.
2330 3646 2642 3701 Concilium
2702 3644 3121 3717 Melphitanum.
3178 3647 3309 3717 Ejus
3355 3656 3606 3703 canbnes.
3659 3648 3790 3705 Alia

2205 3719 2430 3789 statuta.
2464 3749 2533 3757 —-
2580 3718 2643 3772 In
2689 3717 2791 3772 hac
2810 3716 3022 3789 synodo
3048 3718 3308 3786 Rogerius
3334 3717 3622 3788 ﬁtsancta':
3639 3720 3788 3776 sedis

2208 3788 2448 3858 ligius,et
2473 3789 2644 3843 mitra
2674 3788 2861 3844 Petro
2882 3788 3072 3844 abbati
3099 3789 3281 3845 datur.

2205 3892 2351 3948 Illud
2384 3893 2697 3950 concilium
2720 3893 2955 3950 ineunte
2984 3898 3264 3951 autumno
3322 3897 3623 3968 praesentis
3646 3899 3792 3953 anni

2135 3982 2404 4038 Urbanus
2435 3982 2749 4038 celebravit
2778 3983 2934 4054 apud
2962 3983 3278 4056 Melphiam
3300 3984 3527 4058 Apuliae
3550 3986 3784 4059 urbem,

2132 4071 2224 4126 cui
2256 4070 2511 4143 episcopi
2544 4071 2919 4144 septuaginta
2956 4089 3089 4128 cum
3130 4073 3435 4130 duodecim
3470 4060 3786 4135 abbatibus

2131 4159 2469 4215 interfuisse
2489 4159 2793 4230 dicuntur;
2819 4160 2934 4217 huc
2964 4162 3557 4230 convenientibus,uti
3574 4165 3787 4224 scribit

2134 4250 2335 4321 Lupus
2368 4249 2711 4322 Protospata
2741 4249 2800 4306 in
2833 4250 3139 4318 Chronico,
3184 4251 3462 4308 omnibus
3495 4253 3792 4328 episcopis

2126 4337 2556 4411 Apuliensium,
2588 4339 2970 4395 Calabrorum
3002 4343 3059 4395 et
3091 4339 3444 4410 Brutiorum,
3465 4358 3599 4397 cum
3632 4345 3786 4402 duce

2131 4428 2375 4499 Rogerio
2416 4432 2474 4484 et
2515 4428 2803 4485 universis
2834 4428 3149 4485 comitibus
3177 4429 3397 4501 Apuliae
3422 4430 3789 4491 et‘Calabriaa

2129 4534 2196 4573 ac
2226 4517 2475 4574 aliarum
2507 4518 2961 4591 provinciarum.
2996 4518 3114 4575 Hoc
3144 4522 3328 4590 est,ut
3357 4520 3502 4576 forte
3534 4514 3789 4580 nonnul-

2130 4605 2202 4663 lis
2251 4607 2564 4677 videbitur,
2609 4606 2925 4664 concilium
2975 4609 3131 4680 quod
3181 4607 3487 4667 Bertoldus
3524 4611 3597 4667 ad
3628 4610 3795 4672 hunc

377 4708 586 4763 fratres
601 4699 974 4759 altercatione
990 4714 1165 4771 quam
1182 4696 1398 4752 Urbani
1418 4696 1647 4769 legatus
1671 4695 2019 4767 composuit,
2055 4712 2101 4777 Β
2132 4713 2352 4752 annum
2373 4698 2688 4769 generalem
2714 4697 2986 4769 synodum
3027 4698 3129 4753 115
3159 4699 3534 4770 episcoporum
3580 4702 3785 4774 appel-

377 4793 706 4868 scripsisse.
739 4791 810 4846 At
840 4791 1158 4860 utrumque
1202 4788 1497 4842 auctorem
1519 4785 1589 4841 de
1611 4802 1726 4841 uno
1749 4784 2019 4840 eteodem

375 4883 549 4953 bello,
570 4879 727 4954 quod
746 4877 962 4935 Urbani
976 4882 1238 4949 tempore
1252 4873 1405 4930 inter
1419 4891 1518 4930 eos
1543 4874 1834 4946 principes
1857 4889 2017 4929 exar-

378 4973 479 5040 sit,
527 4970 711 5028 fuisse
757 4967 1041 5033 locutum,
1092 4961 1262 5020 facile
1302 4963 1759 5019 demonstratur.
1794 4962 2018 5019 Etenim

378 5065 767 5136 praeterquam
784 5056 939 5130 quod
960 5070 1131 5110 nemo
1143 5052 1352 5108 dixerit
1367 5052 1518 5107 inter
1540 5051 1770 5108 Roberti
1795 5051 2019 5108 obitum

374 5150 477 5226 qui
507 5165 662 5206 anno
684 5141 1511 5216 {085,menseJulio,contigit,
1543 5145 1831 5197 etannum
1860 5143 2017 5209 1086,

375 5237 678 5297 biennium
707 5234 1131 5298 intercessisse,
1183 5230 1500 5287 Gaufridus
1529 5230 1653 5303 ipse
1674 5230 2018 5302 scrupulum

377 5343 612 5386 omnem
636 5322 1016 5390 removet,ubi
1033 5319 1318 5393 ait,hujus
1336 5319 1494 5393 pacis
1512 5319 1759 5393 gratiam
1782 5320 2019 5376 Barium

378 5415 718 5475 Boamundo
743 5413 1024 5470 cessisse:
1072 5414 1297 5467 certum
1330 5409 1548 5483 quippe
1577 5414 1667 5466 est
1696 5427 1765 5466 ex
1794 5410 2019 5467 Joanne

379 5505 790 5563 archidiacono
812 5500 1075 5570 Barensi,
1099 5500 1198 5574 qui
1218 5504 1358 5555 tunc
1376 5499 1654 5572 temporis
1669 5498 1728 5555 in
1751 5498 1868 5555 illis
1887 5516 2019 5571 par-

375 5594 534 5650 tibus
549 5591 1116 5660 vivebat,Barensem
1142 5589 1344 5645 urbem
1367 5587 1541 5661 paulo
1570 5592 1705 5644 ante
1729 5589 2016 5661 synodum

378 5681 817 5755 Melpbitanam,
852 5679 1109 5736 cuianno
1134 5677 1271 5734 1089
1295 5678 1525 5750 praefuit
1545 5677 1874 5741 Urbanns,e
1906 5674 2015 5732 Ro-

376 5770 518 5845 gerii
552 5773 838 5845 potestate
888 5769 947 5825 in
993 5766 1321 5824 Boamundi
1353 5766 1482 5838 ejus
1512 5766 1707 5822 fratris
1738 5764 2018 5824 ditionem

2130 4784 2296 4855 lat,in
2327 4802 2443 4858 qua
2462 4786 2732 4843 Urbanus
2768 4802 3011 4842 suorum
3038 4787 3531 4858 praedecessorum
3562 4793 3792 4849 statuta

2129 4875 2471 4932 auctoritate
2499 4874 2816 4948 apostolica
2849 4876 3237 4932 conﬁrmavit.
3279 4878 3625 4950 Quanquam
3658 4879 3785 4951 alii,

2132 4969 2189 5020 et
2209 4964 2470 5037 quidem,
2489 4967 2554 5020 ut
2580 4964 2881 5020 fatendum
2903 4969 3013 5031 est,
3046 4979 3162 5021 non
3180 4965 3617 5039 absque-aliquo
3645 4984 3785 5041 pro-

2131 5052 2310 5109 babili
2342 5052 2744 5121 fundamento,
2780 5054 3070 5127 synodum
3110 5071 3152 5111 a
3181 5054 3451 5112 Bertoldo
3480 5055 3790 5117 laudatam

2132 5143 2326 5198 Romae
2358 5141 2618 5197 habitam
2652 5141 2834 5199 fuisse
2880 5142 3104 5211 volunt,
3156 5147 3223 5199 ut
3252 5161 3456 5217 supra,
3487 5161 3651 5200 num.
3690 5148 3786 5219 43,

2131 5230 2640 5287 diximusﬂonditi
2672 5231 2891 5287 suntin
2913 5231 3022 5289 hac
3054 5232 3415 5306 Melphitana
3434 5235 3653 5306 synodo
3684 5253 3786 5295 θαι-

2131 5337 2312 5375 nones
2334 5319 2625 5377 sexdecim
2643 5319 2702 5376 in
2727 5321 2944 5392 quibus
2968 5321 3648 5394 praeclara,potissimum
3681 5325 3787 5381 ad-

2126 5424 2330 5464 versus
2347 5407 2669 5466 Simoniam
2690 5413 2747 5465 et
2765 5407 3248 5467 incontinentiam
3266 5410 3628 5480 clericorum,
3663 5417 3790 5470 sta-

2127 5501 2256 5553 tuta
2271 5497 2661 5554 continentur.
2694 5499 3035 5555 Decernitur
3056 5500 3232 5555 etiam
3252 5501 3422 5573 cujus
3436 5500 3623 5557 aetatis
3648 5517 3785 5560 esse

2125 5587 2374 5643 debeant
2393 5588 2769 5659 promovendi
2806 5588 2877 5643 ad
2921 5588 3156 5644 ordines
3196 5604 3412 5658 sacros,
3449 5589 3622 5662 quive
3657 5590 3785 5649 sint

2124 5675 2283 5732 abiis
2300 5674 2617 5749 repellendi
2641 5695 2654 5746 ;
2674 5680 2801 5733 tum
2828 5675 3212 5749 prohibentur
3230 5675 3458 5734 clericis
3486 5683 3678 5735 vestes
3692 5679 3783 5737 in-

2133 5766 2352 5823 decorae
2366 5769 2422 5822 et
2438 5765 2764 5837 saeculares,
2798 5763 3199 5839 nonnullaque
3213 5760 3327 5824 alia
3340 5770 3683 5824 statuuntur
3710 5770 3786 5829 de
