3972 6396
200 458 283 524 87
1801 459 1856 531 ν

1971 485 2018 530 L0

207 597 702 660 monasteriorum
728 597 900 658 bonis
919 618 933 658 :
951 596 1204 674 denique
1224 602 1541 658 monentur
1568 595 1847 676 episcopi,
1877 608 1935 678 Α
1961 600 2085 672 vit;
2125 601 2178 658 et
2229 602 2418 659 tamen
2471 596 2587 675 ejus
2633 596 2983 658 sacerdotalis
3010 600 3198 662 mitrae
3225 618 3406 676 usum,
3437 602 3608 664 etiam

206 696 269 751 ut
289 709 326 748 a
344 690 512 748 falsis
541 690 902 764 pcenitentiis
922 694 1211 749 caveatur.

272 785 563 837 Preterea
579 777 838 838 Joannes
856 779 1137 837 diaconus
1154 779 1470 838 cardinalis
1488 784 1544 837 et
1576 780 1855 837 cancella-

206 870 331 927 rius
355 870 633 927 Romanis
650 869 940 940 Ecclesiae,
971 869 1031 926 in
1065 869 1315 943 epistola
1331 870 1403 926 ad
1432 870 1708 926 abbatem
1731 870 1854 926 Mo-

205 961 572 1026 lismensem,
595 977 724 1037 qua:
746 961 805 1016 in
828 961 1138 1017 Labbeana
1153 961 1405 1017 editione
1427 960 1608 1033 hujus
1624 960 1855 1017 concilii

206 1048 530 1107 canonibus
542 1046 1231 1125 subjungitur,nonnulla
1244 1051 1313 1107 de
1324 1068 1390 1107 eo
1402 1049 1645 1107 concilio
1659 1049 1857 1117 habet,

206 1158 333 1214 quae
353 1138 549 1213 prima
569 1140 757 1196 fronte
777 1139 837 1194 in
868 1138 1116 1213 vulgatis
1138 1139 1266 1212 ejus
1299 1140 1623 1196 canonibus
1654 1139 1857 1195 viden-

206 1234 304 1285 tur
322 1226 649 1285 desiderari
682 1232 781 1286 :ut
810 1228 1050 1294 scilicet,
1081 1245 1206 1301 quae
1247 1246 1416 1302 usque
1444 1229 1517 1284 ad
1556 1227 1701 1284 istud
1729 1244 1856 1284 con-

205 1321 401 1377 cilium
425 1335 527 1393 per
551 1318 829 1392 principes
874 1319 1005 1376 data
1039 1322 1385 1377 monasteriis
1419 1324 1664 1393 fuerant,
1696 1318 1860 1389 ﬁrma

202 1414 256 1467 et
284 1400 500 1482 integra
529 1410 647 1466 illis
668 1417 1066 1481 permanerent,
1096 1418 1150 1465 et
1176 1410 1240 1465 de
1277 1414 1469 1466 caetero
1506 1411 1731 1466 abbatcs
1788 1411 1857 1464 ab

206 1496 522 1571 hujusmodi
540 1498 997 1570 acquisitionibus
1028 1498 1361 1555 abstinerent
1394 1518 1413 1555 :
1439 1515 1576 1571 quo,
1612 1498 1694 1553 uti
1726 1514 1857 1570 pro-

207 1584 498 1662 sequitur,
521 1590 1004 1660 temperamento,
1033 1596 1088 1643 et
1142 1587 1362 1645 abbates
1392 1586 1459 1645 ab
1505 1589 1862 1645 ecclesiarum

207 1678 590 1736 invasionibus
643 1679 1044 1742 abstinuerunt,
1075 1682 1126 1734 et
1182 1679 1418 1750 episcopi
1467 1695 1583 1734 non
1635 1679 1859 1734 omnino

204 1769 447 1842 spoliare
472 1769 806 1825 monasteria
836 1768 1139 1824 voluerunt.
1169 1767 1279 1823 Sed
1312 1765 1406 1823 his
1456 1765 1650 1823 verbis
1708 1766 1858 1823 nihil

207 1857 369 1915 aliud
387 1855 648 1914 indicare
663 1854 847 1913 voluit
859 1856 1140 1924 Joannes,
1160 1873 1338 1929 quam
1359 1874 1426 1912 ea
1456 1874 1584 1929 quae
1608 1856 1663 1911 in
1686 1874 1857 1912 cano-

206 1945 387 2004 nibus
402 1945 614 2047 quinto
634 1948 693 2002 et
714 1949 874 2044 sexto
896 1944 1124 2047 concilii
1147 1945 1469 2045 constituta
1499 1945 1727 2047 fuerant
1755 1944 1857 2003 ad-
1893 1976 1940 2047 Β

204 2048 415 2093 versus
435 2034 705 2102 abbates,
724 2033 827 2107 qui
843 2033 1219 2090 ecclesiarum
1244 2036 1396 2090 bona
1420 2034 1564 2107 ipsis
1586 2035 1722 2091 data
1735 2036 1862 2091 abs-

207 2142 325 2199 que
346 2123 760 2198 episcoporum
773 2140 1062 2180 consensu
1087 2122 1343 2196 recipere
1356 2141 1472 2179 non
1488 2125 1801 2181 verebantu
1812 2144 1857 2181 r.

206 2213 385 2271 Aliud
435 2214 578 2270 item
628 2213 808 2285 hujus
865 2211 1095 2269 concilii
1134 2212 1422 2268 statutum
1456 2213 1631 2269 refert
1660 2214 1861 2288 Lupus

208 2304 574 2377 Protospata,
599 2302 757 2377 quod
792 2302 852 2358 in
881 2300 1203 2358 canonibus
1222 2300 1476 2375 vulgatis
1499 2319 1615 2359 non
1646 2304 1862 2359 inveni-

209 2399 328 2464 tur,
360 2399 421 2452 ut
449 2388 674 2450 scilicet
715 2396 911 2449 sancta
939 2391 1115 2448 trevia
1142 2392 1472 2447 retineretur
1511 2391 1579 2448 ab
1608 2393 1863 2449 omnibus

209 2484 465 2557 subjectis
495 2501 515 2538 :
540 2482 760 2556 quibus
788 2480 981 2538 verbis
1011 2481 1329 2555 signiﬁcari
1358 2482 1666 2539 contendit
1694 2482 1860 2539 Pere-

211 2573 442 2646 grinius
471 2571 845 2629 concordiam
864 2570 1015 2626 inter
1035 2566 1348 2645 Rogerium
1363 2574 1428 2627 et
1449 2573 1861 2629 Boamundum

212 2663 422 2721 fratres
438 2661 667 2729 initam,
690 2660 763 2717 de
779 2677 896 2733 qua
908 2660 1179 2733 superius
1200 2659 1491 2729 diximus;
1516 2661 1862 2735 cuiquidem

212 2750 517 2810 sententiae
536 2742 694 2807 haud
715 2748 1069 2822 refragabor,
1086 2749 1136 2804 si
1158 2746 1279 2804 haec
1309 2748 1446 2822 Lupi
1469 2748 1641 2806 verba
1667 2751 1738 2806 de
1758 2751 1862 2807 foe-

208 2840 541 2898 derisillins
555 2842 726 2898 antea
737 2828 887 2913 pacti
902 2836 1341 2895 conﬁrmatione
1354 2841 1863 2897 etmanutentione

213 2930 639 3003 intelligantur.

284 3020 349 3077 In
379 3020 589 3076 eadem
620 3019 843 3092 synodo
863 3018 978 3073 dua:
1008 3018 1287 3089 Rogerius,
1341 3022 1491 3075 teste
1536 3012 1862 3075 Romualdo

214 3108 653 3183 archiepiscopo
678 3098 1068 3174 ‘Salernitano,
1095 3108 1261 3179 ligius
1297 3100 1515 3163 Urbani
1538 3110 1713 3180 factus
1732 3124 1862 3178 pro-

213 3199 365 3256 misit
403 3199 540 3270 jure
574 3197 841 3270 jurantlo,
881 3214 936 3253 se
981 3200 1331 3252 servaturum
1386 3195 1548 3266 ﬁdem
1607 3194 1864 3252 Romana
1893 3235 1909 3252 .

217 3288 478 3345 Ecclesia
494 3289 548 3342 et
576 3286 751 3343 eidem
766 3301 927 3358 papae
944 3286 1168 3358 ejusque
1187 3284 1582 3342 successoribus
1607 3287 1866 3341 canonice

219 3364 601 3443 intrantibus;
620 3379 674 3433 et
700 3348 901 3447 accepit
919 3348 1018 3446 per
1047 3348 1308 3431 vexillum
1340 3374 1408 3430 ab
1429 3390 1488 3430 eo
1517 3381 1723 3430 terram
1741 3390 1867 3429 cum
1895 3348 1938 3420 θ

220 3464 443 3521 ducatus
461 3460 1332 3525 honore.GonsentitPtolomeus
1349 3462 1623 3519 Lucensis
1642 3462 1700 3518 in
1717 3461 1866 3520 libro

221 3540 300 3609 De
315 3551 676 3627 genealogiis
696 3551 854 3608 edito
876 3568 912 3607 a
931 3550 1147 3619 Surita,
1171 3550 1270 3607 ubi
1295 3548 1500 3607 scribit
1520 3549 1630 3607 hoc
1674 3567 1866 3607 sacra-

222 3646 487 3699 mentum
505 3657 540 3696 a
560 3640 805 3715 Rogerio
824 3640 883 3696 in
903 3641 1124 3716 synodo
1164 3634 1523 3713 Melphitana
1541 3639 1866 3713 praestitum

218 3731 423 3800 fuisse,
443 3731 544 3809 qui
564 3746 624 3786 se
652 3731 850 3801 ligium
878 3732 1153 3787 hominem
1181 3729 1434 3787 Ecclesiae
1481 3732 1754 3801 confessus
1792 3737 1871 3785 est

210 3837 307 3893 pro
330 3821 498 3876 lcrris
517 3819 755 3893 Apuliae.
779 3815 937 3875 Idem
950 3823 1154 3876 auctor
1171 3818 1358 3875 multa
1368 3816 1583 3874 ibidem
1607 3818 1868 3891 congerit

211 3911 281 3967 de
303 3907 1031 3983 Rogerii-successoribus,
1075 3909 1175 3981 qui
1213 3905 1472 3980 praestito
1521 3907 1645 3980 pari
1678 3924 1867 3963 sacra-

218 4001 417 4056 mento
447 4015 512 4055 se
554 4013 684 4054 esse
740 3996 1008 4054 Ecclesiae
1060 3995 1418 4053 feudatarios
1482 4001 1861 4069 agnoverunt,

206 4104 476 4161 quosque
496 4087 800 4161 pontiﬁces
821 4084 1013 4141 vexilli
1038 4085 1398 4158 porrectione
1416 4084 1695 4141 investire
1724 4102 1859 4140 con-

207 4181 539 4235 sueverant.
567 4176 869 4233 Urbanum
903 4178 959 4232 et
984 4173 1301 4249 Rogerium
1340 4172 1861 4247 conjunctissimos

204 4266 390 4323 fuisse
410 4269 592 4339 patet,
611 4265 766 4336 quod
790 4264 1098 4337 utriusque
1112 4263 1288 4335 jussu
1328 4260 1675 4318 Guillelmus
1706 4264 1858 4334 Apu-

210 4355 413 4416 liensis
428 4371 522 4411 res
542 4353 1078 4410 Northmannorum
1098 4351 1371 4426 przeclare
1398 4350 1456 4407 in
1479 4351 1644 4407 Italia
1664 4355 1859 4424 gestas

207 4445 475 4503 versibus
504 4440 899 4515 descripserit,
933 4443 1017 4499 uti
1066 4441 1192 4515 ipse
1223 4440 1388 4498 initio
1431 4441 1523 4497 sui
1555 4440 1746 4514 operis
1779 4445 1858 4498 te-

210 4538 422 4591 statur.

278 4620 734 4699 Pleriqueetiam
749 4620 1114 4678 contendunt
1136 4619 1193 4676 in
1213 4619 1323 4677 hac
1344 4616 1563 4690 synodo
1582 4619 1855 4695 contigis-

1961 699 2189 764 rogante
2213 706 2379 765 papa,
2406 691 2742 764 contempsit.
2760 690 2966 749 Eidem
2978 697 3182 750 sancto
3194 690 3317 751 viro
3335 693 3619 771 Urbanus

1961 780 2271 854 imperavit
2286 786 2351 836 ut
2368 781 2594 838 modico
2616 780 2747 838 vino
2774 784 3056 852 uteretur,
3077 784 3233 856 quod
3251 784 3323 840 ob
3347 782 3611 843 debilita-

1962 876 2090 928 tum
2122 872 2361 928 omnino
2385 868 2753 929 stomachum
2775 890 2976 930 vocem
3002 890 3149 947 pene
3193 874 3510 945 amisisSet,
3545 879 3611 931 ut

1967 964 2165 1017 narrat
2211 962 2366 1017 idem
2396 966 2616 1030 auctor,
2652 966 2711 1018 et
2742 965 2874 1035 post
2903 980 3037 1019 eum
3068 968 3233 1021 vetus
3265 969 3434 1038 poeta
3465 966 3623 1022 ano?

1964 1068 2180 1124 nymus
2220 1051 2376 1123 apud
2400 1050 2704 1124 Ughellum
2727 1055 2885 1109 tomo
2916 1052 3013 1108 VII
3040 1053 3217 1109 Italia;
3248 1071 3424 1111 sacra:
3463 1053 3610 1112 rela-

1964 1144 2104 1198 tus:
2136 1140 2261 1197 haec
2286 1145 2412 1198 erat
2454 1142 2638 1197 nostri
2692 1141 2985 1214 pontiﬁcis
3039 1144 3319 1201 adversus
3376 1147 3611 1201 sanctos

1967 1232 2120 1288 viros
2141 1231 2396 1288 charitas
2421 1236 2478 1288 et
2494 1228 2853 1306 sollicitudo,
2866 1233 3101 1290 Petrum
3114 1250 3243 1290 vero
3258 1233 3611 1308 Melphitano

1968 1320 2212 1378 concilio
2241 1321 2573 1377 interfuisse
2606 1320 2892 1379 discimus
2921 1341 2990 1379 ex
3045 1322 3172 1395 ipso
3223 1318 3477 1396 Urbano,
3509 1323 3610 1399 qui

1966 1410 2025 1465 in
2048 1412 2276 1467 decreto
2299 1411 2357 1466 in
2380 1428 2558 1467 causa
2576 1411 2844 1492 Curensis
2883 1413 3223 1469 monasterii
3254 1431 3320 1470 eo
3351 1417 3611 1489 tempore

1966 1499 2084 1571 lato
2102 1499 2633 1557 testaturAlfanum
2657 1501 3093 1559 Salernitanum
3106 1501 3611 1580 archiepiscopum

1968 1594 2026 1646 et
2056 1589 2366 1646 Pertanum
2396 1589 2731 1663 episcopum
2767 1591 3047 1648 adversus
3085 1591 3323 1649 Petrum
3357 1584 3611 1667 conque-

1969 1683 2089 1736 stos
2119 1678 2301 1735 fuisso
2340 1679 2494 1752 quod
2520 1679 2744 1753 aliquot
2776 1681 3153 1749 monasteria,
3187 1699 3313 1753 quae
3346 1683 3417 1739 ad
3450 1683 3611 1757 ipsos

1969 1768 2359 1842 pertinebant,
2384 1769 2692 1826 invasisset
2711 1788 2723 1826 :
2744 1786 2918 1842 quam
2939 1785 3176 1826 causam
3199 1766 3426 1827 concilii
3456 1776 3608 1829 tem-

1968 1874 2107 1931 pore
2129 1874 2261 1913 cum
2298 1857 2357 1912 in
2400 1874 2508 1914 sua
2532 1873 2784 1927 camera,
2809 1857 3222 1914 assistentibus
3248 1857 3359 1915 sibi
3389 1858 3613 1935 aliquot

1969 1946 2279 2021 episcopis,
2297 1946 2667 2021 expendisset
2686 1946 2966 2019 pontifex,
2990 1948 3316 2005 secundum
3333 1938 3614 2007 Carenses

1969 2036 2390 2110 pronuntiavit,
2424 2039 2490 2093 ut
2517 2036 2641 2108 ipse
2669 2040 2922 2092 testatur
2952 2036 3010 2092 in
3066 2036 3303 2094 laudato
3360 2039 3611 2107 decreto,

1969 2124 2124 2198 quod
2155 2143 2224 2182 ex
2253 2124 2485 2181 archivo
2525 2124 2764 2183 Carensi
2806 2125 3165 2199 descriptum
3224 2120 3611 2185 exhibebitur.

2039 2214 2338 2288 Synodum
2371 2213 2791 2287 Melphitanam
2822 2232 2977 2272 anno
3009 2216 3166 2284 1089,
3195 2216 3619 2290 consignarunt

1967 2302 2353 2359 vetustissimi
2367 2303 2584 2376 quique
2597 2305 3106 2378 auctores,quibus
3119 2304 3617 2365 consensitbrevis

1970 2392 2230 2465 praefatio
2252 2393 2381 2461 eius
2404 2384 2731 2449 canonibus
2752 2388 2925 2450 etiam
2965 2393 3024 2450 in
3066 2395 3192 2451 cod.
3224 2413 3334 2452 ms.
3356 2396 3613 2469 praefixa,

1970 2499 2074 2539 nec
2094 2481 2214 2539 ulla
2239 2487 2392 2539 esset
2422 2499 2490 2538 ea
2515 2483 2587 2539 de
2612 2500 2675 2539 re
2703 2482 3046 2555 difﬁcultas,
3080 2484 3195 2541 nisi
3228 2484 3514 2543 Baronius
3561 2476 3619 2543 et

1972 2571 2235 2645 plerique
2266 2572 2616 2629 recentiores
2646 2566 2775 2629 eam
2802 2573 2873 2629 ad
2906 2590 3126 2630 annum
3159 2570 3501 2647 sequentem
3535 2592 3617 2632 re-

1970 2678 2177 2717 vocare
2208 2661 2400 2717 conati
2437 2662 2725 2730 fuissent;
2763 2662 2988 2733 decepti
3020 2662 3221 2735 procul
3275 2662 3454 2720 dubio
3511 2668 3615 2719 au-

1972 2750 2237 2807 ctoritate
2267 2742 2579 2808 Romualdi
2610 2748 2983 2819 Salernitani,
3017 2752 3137 2824 qui,
3174 2757 3239 2808 ut
3279 2752 3426 2825 ipsis
3454 2753 3616 2821 vide-

1970 2844 2088 2905 tur,
2124 2839 2277 2895 hanc
2307 2840 2593 2914 synodum
2627 2840 2699 2895 ad
2749 2857 2971 2896 annum
3003 2841 3142 2895 1090
3171 2840 3398 2907 retulit,
3421 2840 3495 2898 At
3521 2860 3615 2899 ve-

1972 2945 2121 2997 reor,
2137 2928 2250 2985 nisi
2272 2928 2346 2985 sit
2361 2927 2582 2985 librarii
2605 2932 2885 2995 erratum,
2910 2934 2977 2986 ut
3007 2931 3339 3002 suspicatur
3359 2922 3616 3006 Peregri-

1973 3017 2129 3083 nius,
2153 3035 2226 3075 ne
2261 3021 2528 3074 auctores
2555 3016 2636 3073 illi
2660 3015 2791 3074 falsi
2820 3014 3032 3074 fuerint
3064 3034 3131 3074 ex
3164 3019 3336 3074 modo
3369 3014 3615 3092 compu-

1970 3107 2134 3162 tandi
2167 3123 2340 3179 quem
2366 3104 2628 3180 plerique
2648 3108 2776 3179 ejus
2806 3106 3089 3180 temporis
3121 3110 3388 3164 auctores
3419 3109 3475 3163 in
3496 3105 3615 3164 illis

1973 3193 2267 3252 ulterioris
2298 3194 2473 3252 Italia:
2504 3194 2841 3269 regionibus
2870 3194 3146 3252 adhibere
3195 3192 3463 3252 solebant
3490 3215 3503 3254 :
3533 3192 3616 3253 illi

1975 3283 2133 3340 enim
2167 3302 2388 3341 annum
2418 3282 2699 3341 inchoant
2727 3301 2861 3341 cum
2920 3284 3235 3342 indictione
3293 3280 3620 3342 Romanas

1977 3390 2178 3431 mense
2214 3374 2578 3447 Septembri;
2610 3373 2693 3431 ita
2740 3377 2805 3430 ut
2858 3372 3160 3448 vulgarem
3211 3370 3503 3431 calculum
3555 3374 3616 3432 in

1980 3480 2268 3519 annorum
2299 3462 2700 3537 designatione
2730 3467 2981 3537 quatuor
3006 3460 3323 3531 mensibus
3354 3456 3617 3521 antever-

1975 3554 2122 3607 tant.
2146 3552 2242 3608 Sic
2269 3568 2596 3625 anonymus
2644 3552 2914 3609 Barensis
2945 3571 2979 3610 a
3010 3552 3341 3626 Peregrinio
3399 3542 3617 3624 editus,

1977 3639 2195 3712 aliique
2216 3640 2437 3714 passim
2472 3638 2706 3697 illarum
2738 3642 2994 3712 partium
3025 3643 3341 3714 scriptores
3395 3632 3615 3717 vulgati

1976 3746 2160 3785 annos
2182 3724 2498 3801 incipiunt;
2520 3746 2666 3802 quos
2679 3730 2728 3784 si
2751 3727 2843 3785 hic
2868 3730 3134 3785 imitatus
3162 3726 3620 3787 fueritRomual-

1974 3818 2110 3885 dus,
2131 3820 2198 3873 ut
2215 3816 2449 3890 quidem
2470 3834 2606 3874 vero
2634 3814 2823 3875 simile
2844 3821 2951 3887 est,
2974 3812 3203 3873 differre
3225 3810 3508 3887 dicendus
3531 3822 3621 3876 est

1974 3925 2010 3963 a
2029 3907 2253 3964 caeteris
2275 3906 2612 3963 auctoribus
2634 3906 2693 3963 in
2709 3907 3062 3981 assignanda
3078 3906 3257 3978 hujus
3269 3907 3473 3980 synodi
3488 3924 3619 3981 epo-

1974 3996 2103 4068 cha,
2132 4000 2330 4070 utpote
2378 4013 2504 4069 quae
2554 4000 2797 4053 exeunte
2828 4012 3028 4052 mense
3073 3992 3425 4069 Septembri,
3458 3994 3617 4053 iudi-

1973 4086 2161 4143 ctione
2182 4082 2609 4165 “incelebrata
2639 4085 2767 4142 fuit.
2785 4084 2999 4142 Verum
3032 4089 3180 4143 utut
3208 4085 3384 4142 fuerit
3403 4086 3474 4143 de
3504 4082 3615 4142 Ro-

1971 4175 2193 4231 mualdi
2224 4174 2516 4249 opinione,
2539 4179 2760 4232 certum
2795 4179 2885 4231 est
2940 4166 3091 4231 hanc
3143 4170 3430 4250 synodum
3462 4190 3616 4231 anno

1968 4265 2110 4321 1089
2162 4262 2423 4321 habitam
2484 4264 2686 4322 fuisse.
2719 4264 2879 4329 Quod
2938 4261 3154 4321 diserte
3209 4256 3429 4320 habent
3480 4281 3615 4321 cum

1969 4356 2130 4427 Lupo
2155 4355 2497 4427 Protospata
2513 4352 2610 4410 alii
2635 4354 2809 4411 etiam
2844 4357 3110 4421 auctores
3152 4351 3424 4427 aequales.
3454 4346 3616 4409 Nihil

1968 4444 2230 4516 apertius
2250 4440 2450 4500 haberi
2480 4461 2548 4500 ea
2577 4444 2647 4500 de
2678 4460 2740 4499 re
2770 4446 2979 4516 potest,
3015 4459 3192 4514 quam
3223 4435 3467 4499 Joannis
3497 4440 3616 4500 dia-

1969 4531 2095 4588 coni
2120 4537 2177 4588 et
2199 4530 2531 4589 cancellarii
2553 4531 2653 4604 qui
2689 4530 2827 4587 huic
2857 4528 3102 4587 concilio
3134 4530 3417 4600 interfuit,
3448 4533 3613 4590 testi-

1967 4620 2232 4678 monium
2264 4621 2324 4676 in
2355 4620 2601 4694 epistola
2629 4639 2804 4694 supra
2839 4620 3075 4677 laudata
3105 4621 3175 4677 ad
3211 4619 3482 4677 abbatem
3496 4618 3617 4677 Mo-

205 4730 289 4781 se,
308 4713 465 4788 quod
486 4712 559 4768 de
583 4711 748 4767 Petro
765 4711 972 4767 abbate
992 4709 1227 4766 Carensi
1279 4708 1500 4782 passim
1544 4708 1698 4783 apud
1732 4707 1856 4766 vul-
1889 4718 1934 4790 ο
1968 4709 2407 4775 lismensem,in
2453 4724 2571 4782 qua
2608 4709 2691 4766 sic
2730 4708 2940 4766 habet:
2976 4708 3218 4767 Secundo
3258 4712 3611 4783 pontiﬁcatus

207 4806 375 4877 gates
421 4803 697 4858 auctores
726 4799 959 4874 legitur,
1004 4796 1308 4855 Urbanum
1369 4795 1592 4856 scilicet
1616 4799 1690 4865 ei,
1723 4816 1855 4855 cum

206 4884 358 4949 inter
372 4890 523 4949 alios
538 4888 769 4947 concilii
780 4887 980 4947 Patres
997 4888 1155 4945 nudo
1169 4888 1355 4960 capite
1368 4889 1856 4956 sederet,mitram

206 4982 461 5051 misisse,
480 4996 601 5054 qua
620 4978 896 5052 deinceps
912 4981 1193 5034 uteretur.
1212 4979 1284 5033 Et
1304 4974 1542 5051 quidem
1578 4977 1715 5033 licet
1735 4994 1851 5034 non

208 5072 352 5128 adeo
378 5072 629 5137 constet,
643 5085 760 5143 qua
789 5060 848 5125 id
870 5066 1173 5125 occasione
1205 5070 1306 5123 aut
1335 5060 1461 5124 loco
1490 5067 1710 5123 factum
1728 5064 1853 5123 fue-

208 5160 301 5229 rit,
326 5176 421 5218 res
446 5163 644 5216 tamen
667 5159 798 5233 ipsa
816 5156 1045 5214 videtur
1090 5174 1219 5215 esse
1241 5160 1422 5227 certa,
1444 5160 1644 5228 utpote
1675 5155 1857 5213 relata

211 5245 280 5306 ab
303 5264 596 5322 anonymo
626 5247 834 5326 abbate
862 5245 1184 5315 Venusino,
1214 5245 1270 5301 in
1296 5245 1558 5318 ejusdem
1580 5245 1853 5302 boativiri

208 5336 356 5409 Vita,
387 5353 567 5411 quam
595 5333 771 5409 paulo
799 5339 932 5409 post
976 5334 1167 5408 ipsius
1218 5334 1441 5390 obitum
1483 5334 1850 5408 conscripsit.

208 5420 644 5501 Noningratum
680 5425 791 5481 erit
809 5426 939 5497 ejus
972 5425 1148 5482 verba
1179 5423 1294 5479 huc
1314 5424 1571 5497 proferre
1595 5441 1607 5479 :
1632 5426 1695 5480 In
1722 5441 1853 5498 syn-

205 5517 323 5584 odo,
355 5515 572 5589 inquit,
597 5515 650 5571 ei
667 5531 817 5572 more
834 5530 934 5572 suo
952 5510 1097 5571 nudo
1139 5515 1319 5586 capite
1339 5506 1622 5580 residenti,
1650 5521 1853 5570 sanctae

202 5607 480 5664 memoria”
500 5620 653 5679 papa
685 5604 933 5662 Urbanus
969 5596 1341 5677 pontiﬁcalem
1387 5601 1630 5674 infulam
1675 5604 1850 5671 misit,

203 5712 369 5768 quam
394 5697 585 5768 utique
613 5695 701 5750 vir
726 5695 966 5763 Domini,
990 5698 1041 5750 et
1066 5710 1166 5766 pro
1195 5694 1402 5751 summi
1411 5694 1686 5765 pontiﬁcis
1704 5710 1847 5750 reve-

207 5787 384 5843 rentia
439 5784 833 5842 venerabiliter
882 5784 1106 5857 recepit,
1150 5787 1200 5840 et
1257 5782 1603 5854 ofﬁciossime
1647 5782 1851 5839 saluta-

1966 4802 2058 4856 sui
2084 4815 2229 4856 anno
2276 4798 2531 4855 dominus
2589 4807 2774 4854 noster
2822 4800 3071 4856 Urbanus
3121 4817 3267 4871 papa
3314 4798 3614 4854 concilium

1966 4890 2113 4963 apud
2164 4890 2455 4962 Melphiam
2501 4886 2714 4959 Apulia
2772 4889 2963 4944 urbem
3017 4886 3328 4945 celebravit.
3364 4890 3432 4944 Et
3480 4892 3615 4961 post

1966 4996 2151 5054 pauca
2184 4996 2197 5034 :
2230 4980 2339 5034 Hoc
2364 4992 2495 5034 sane
2521 4977 2817 5032 concilium
2860 4977 3250 5049 Melphitanum
3283 4976 3615 5034 celebratum

1962 5078 2041 5127 est
2078 5086 2224 5126 anno
2262 5068 2563 5125 Dominicee
2606 5067 3011 5122 Incarnationis
3055 5065 3237 5131 1089;
3260 5083 3382 5141 quae
3429 5071 3616 5124 autem

1962 5161 2273 5224 scribimus,
2294 5160 2592 5231 praesentes
2613 5171 2711 5211 nos
2730 5163 2782 5211 et
2808 5154 3028 5212 audisse
3056 5160 3107 5212 et
3123 5157 3322 5213 vidisse
3348 5158 3602 5215 noscatis.

1964 5249 2121 5305 Idem
2155 5247 2364 5320 prohat
2384 5246 2640 5302 Joannes
2671 5242 3121 5301 archidiaconus
3152 5242 3450 5314 Barensis,
3484 5244 3607 5320 qui,

1964 5338 2046 5393 uti
2070 5335 2256 5391 caeteri
2279 5338 2563 5400 auctores,
2591 5332 2826 5389 disertis
2846 5333 3040 5390 verbis
3076 5333 3228 5391 locat
3248 5324 3381 5390 Elia:
3411 5333 3609 5392 archi-

1962 5424 2216 5500 episcopi
2235 5422 2750 5491 consecrationem,
2766 5439 2893 5495 qum
2910 5423 3038 5496 ipso
3051 5422 3283 5480 Urbano
3295 5427 3442 5482 teste
3458 5441 3611 5481 anno

1964 5517 2121 5583 1889,
2142 5529 2344 5569 mense
2391 5511 2646 5580 Octobri,
2677 5510 2970 5568 celebrata
3016 5516 3124 5581 est,
3159 5512 3421 5585 proxime
3478 5519 3611 5587 post

1963 5602 2273 5662 concilium
2293 5601 2739 5673 Melphitanum.
2768 5601 2860 5657 Sic
2884 5600 3320 5675 enimloquitur
3339 5602 3397 5658 in
3416 5602 3610 5659 Histo-

1962 5695 2049 5750 ria
2096 5689 2446 5749 inventionis
2478 5691 2663 5747 sancti
2700 5690 2900 5747 Sabini
2949 5692 3105 5765 apud
3165 5692 3483 5747 Baronium
3534 5692 3607 5747 ad

1970 5800 2190 5841 annum
2215 5781 2374 5848 l091,
2399 5784 2456 5837 et
2484 5778 2794 5852 Ughellum
2822 5785 2981 5855 torno
3011 5778 3115 5837 VII
3170 5779 3346 5837 Italia
3381 5796 3558 5838 sacras
3591 5798 3606 5839 :
