3972 6370
325 435 422 501 ω

1625 428 1700 495 Β.
1745 429 2048 496 URBANI
2088 431 2142 494 Π
2183 429 2438 492 ΡΑΡΛΕ.

3650 422 3740 490 40

327 582 546 638 Iamsi
576 577 896 648 inscriptus
935 573 1046 630 est.
1080 569 1246 628 Hunc
1291 570 1606 638 utrumque
1665 579 1970 630 canonem,
2001 563 2059 632 Α
2089 562 2335 619 Pistorio
2379 566 2522 619 tom.
2565 561 2642 618 III
2698 559 3337 648 llispaniaa.illustrate
3388 558 3530 618 editi
3559 559 3738 619 habet

326 669 435 726 etsi
492 665 758 724 nonnulli
811 661 1090 718 censeant
1140 655 1464 712 Alexandro
1513 654 1562 710 ΙΙ
1592 653 1973 710 tribuendum

2089 651 2386 707 Urbanum
2406 650 2644 707 Alt'onso
2668 649 2969 724 Aragoniae
3008 647 3128 724 regi
3160 650 3405 723 ejusque
3434 665 3737 707 successo-

326 773 474 824 esse,
498 755 730 812 Urbano
753 748 1087 822 abjudieare
1118 747 1308 802 visum
1338 762 1454 801 non
1495 747 1602 822 est,
1635 759 1767 798 cum
1833 741 1978 797 forte
2088 740 2252 796 ribus
2271 744 2329 796 et
2349 741 2511 814 regni
2538 740 2874 812 proceribus
2896 740 3277 807 condonasse,
3306 743 3372 795 ut
3400 737 3640 794 decima:
3670 739 3734 800 in

326 843 506 902 simili
539 842 693 900 malo
726 841 879 896 idem
921 836 1160 894 omnino
1208 833 1535 890 remedium
1595 832 1666 888 ab
1725 834 1976 902 utroque

326 933 600 1008 pontifice
631 927 964 986 adhibitum
1020 925 1210 981 fuerit.
1247 923 1446 994 Neque
1501 920 1658 977 enim
1715 917 1975 1008 insolens

323 1007 507 1078 videri
529 1021 700 1075 debet
729 1033 912 1073 unum
945 1019 1002 1072 et
1029 1013 1302 1070 eumdem
1363 1025 1644 1067 canonem
1679 1025 1714 1064 a
1743 1007 1974 1064 duobus

327 1109 703 1186 pontiﬁcibus
720 1103 1155 1179 promulgatum
1183 1100 1536 1158 fuisse.Nam
1555 1114 1741 1156 canon
1749 1097 1973 1169 presby-

327 1208 566 1258 terarum
617 1197 782 1270 ﬁlios,
839 1193 976 1250 dist.
1035 1194 1125 1260 56,
1183 1207 1309 1263 cap.
1343 1190 1396 1258 4,
1430 1205 1644 1260 magna
1697 1204 1766 1242 ex
1812 1190 1972 1258 parte

325 1287 608 1362 repetitur
653 1303 703 1341 c.
740 1285 828 1352 ll,
859 1283 984 1342 Nisi
1011 1286 1128 1348 aut,
1163 1281 1262 1352 qui
1322 1278 1560 1335 Urbano
1614 1279 1862 1348 utroque
1910 1275 1970 1330 in

326 1378 450 1434 loco
473 1376 825 1449 assignatur,
845 1377 902 1429 et
917 1370 1272 1442 reipsainter
1291 1365 1630 1440 Melphitani
1651 1370 1707 1421 et
1721 1363 1969 1420 aliorum

327 1465 541 1522 Urbani
575 1461 952 1520 conciliorum
983 1461 1215 1516 decreta
1243 1455 1494 1513 occurrit
1526 1470 1539 1510 :
1573 1457 1628 1510 et
1658 1457 1855 1510 tamen
1907 1453 1969 1508 in

328 1538 570 1612 concilio
601 1548 932 1608 Belvacensi
963 1565 1141 1620 supra
1188 1548 1510 1602 memorato
1569 1543 1786 1598 dicitur
1839 1558 1970 1598 esse

327 1641 582 1715 Gregorii
601 1641 672 1696 Vl
694 1644 752 1696 et
786 1637 1002 1694 Urbani
1043 1636 1113 1690 Il.
1137 1635 1208 1690 Et
1246 1633 1401 1706 apud
1435 1632 1667 1688 Ivonem
1694 1633 1858 1702 parte
1887 1647 1966 1695 v1,

326 1751 373 1789 c.
407 1733 530 1787 410.
555 1726 814 1801 Gregorii
835 1725 932 1781 VII
971 1728 1024 1780 et
1085 1721 1302 1779 Urbani
1355 1721 1424 1778 ll.
1458 1721 1666 1776 Visum
1715 1723 1805 1776 est
1861 1717 1966 1774 ali-

327 1821 560 1896 quando
590 1817 759 1882 mihi,
781 1816 938 1871 idem
964 1813 1096 1870 ferri
1132 1828 1303 1884 posse
1324 1809 1613 1883 judicium
1647 1809 1716 1864 de
1747 1823 1967 1896 canone

325 1895 520 1967 clerico
542 1907 778 1978 jaciente
808 1904 945 1960 dist.
969 1903 1058 1968 50,
1083 1918 1132 1956 ρ.
1165 1901 1254 1966 37,
1279 1899 1432 1972 quod
1465 1915 1534 1954 ex
1565 1897 1779 1954 Urbani
1838 1895 1964 1969 epi-

327 1999 480 2057 stola
499 1998 567 2053 ad
599 1995 959 2052 Guernerium
997 1991 1416 2057 Narbonensem,
1450 1991 1764 2059 antequam
1824 2003 1965 2059 pon-

325 2090 466 2146 tifex
523 2087 702 2152 ﬁeret,
763 2083 1127 2146 defunctum,
1161 2079 1468 2150 decerptus
1526 2074 1834 2130 diceretur.
1896 2075 1968 2128 At

327 2176 702 2252 postmodum
727 2191 758 2228 a
781 2171 918 2226 viris
949 2169 1137 2225 doctis
1159 2166 1334 2222 didici
1368 2163 1698 2220 erroremin
1729 2162 1968 2218 titulum

327 2265 674 2339 irreps’isse,‘
705 2260 1137 2335 legendumque
1196 2272 1324 2312 esse
1371 2254 1665 2310 Gucrncrz'o
1696 2253 1967 2310 Mcrsbur-

325 2357 498 2428 gensi,
530 2352 626 2422 qui
652 2351 843 2423 reipsa
862 2347 1080 2404 Urbani
1104 2349 1153 2400 ll
1203 2350 1463 2416 tempore
1492 2343 1704 2398 vixisse
1750 2359 1967 2397 memo-

328 2445 711 2508 ratur.Quare
735 2437 901 2493 illum
925 2450 1207 2492 canonem
1230 2432 1339 2489 sub
1371 2431 1596 2488 sincero
1627 2432 1754 2502 ejus
1799 2428 1967 2484 titulo

327 2534 645 2590 referemus
696 2528 756 2584 in
813 2524 1155 2600 appendice.
1182 2525 1303 2588 Quo
1336 2527 1530 2576 autem
1561 2537 1713 2575 anno
1744 2519 1863 2574 haec
1897 2519 1966 2575 ad

327 2611 708 2680 Guernerium
742 2615 988 2690 epistola
1047 2612 1264 2684 scripta
1322 2611 1514 2678 fuerit,
1543 2609 1699 2664 haud
1759 2609 1966 2681 liquet.

327 2710 630 2770 Bucelinus
664 2707 929 2764 observat
957 2702 1338 2758 Guernerium
1391 2717 1494 2772 pro
1543 2697 1821 2769 Gregorio
1865 2697 1968 2752 V'll

326 2801 578 2866 stetisse,
603 2801 659 2852 ut
675 2801 867 2850 tamen
890 2792 1039 2846 inter
1059 2790 1362 2862 episcopos
1383 2786 1702 2843 catholicos
1720 2786 1816 2858 qui
1837 2803 1968 2841 con-

327 2891 459 2948 cilio
517 2881 1036 2954 Quintiliburgensi
1071 2895 1224 2934 anno
1274 2878 1411 2931 1085
1469 2876 1964 2948 subscripserunt,

324 2977 540 3052 legitur
587 2971 915 3030 Bernardus
983 2964 1472 3038 Mersburgensis,
1524 2981 1595 3019 an
1649 2963 1819 3052 idem,
1864 2962 1965 3037 qui

324 3051 670 3124 wernarius
725 3076 829 3115 seu
884 3055 1236 3113 Guernerius
1284 3054 1474 3108 dictus
1525 3053 1621 3118 sit,
1655 3051 1966 3109 Bucelinus

327 3156 542 3231 quippe
572 3149 930 3208 Bernardum
958 3163 1072 3202 non
1108 3147 1387 3200 recenset.

627 3247 812 3303 XXXI.
846 3244 1082 3300 Ecclesia
1110 3241 1392 3298 Cremona?
1416 3240 1648 3294 dolatur.

2085 829 2406 886 ditionibus
2438 846 2586 902 quas
2617 847 2651 885 a
2679 827 2901 884 Mauris
2933 832 3362 902 recuperarent,
3387 827 3459 885 ab
3519 827 3604 884 eis
3643 844 3736 885 re-

2085 918 2436 990 ciperentur,
2456 917 2712 990 exceptis
2743 917 3149 990 episcoporum
3181 916 3422 974 sedibus
3452 916 3735 991 etdigni-

2081 1006 2324 1062 tatibus.

2153 1101 2228 1150 At
2249 1095 2485 1152 sedente
2508 1095 2763 1162 Urbano,
2788 1112 2902 1151 non
2924 1093 3226 1165 Alfonsus,
3255 1095 3357 1151 sed
3390 1093 3639 1152 Saucius
3672 1099 3733 1155 et

2083 1184 2284 1240 Petrus
2314 1185 2699 1258 Arragoniam
2723 1184 3102 1252 obtinebant;
3137 1199 3318 1258 quare
3347 1183 3429 1256 id,
3453 1183 3513 1240 ni
3535 1182 3728 1254 fallor,

2081 1272 2532 1347 intelligendum
2556 1274 2729 1330 estde
2750 1274 2938 1344 Petro,
2963 1274 3053 1330 cui
3085 1273 3357 1332 Urbanus
3371 1272 3526 1331 hanc
3547 1271 3731 1340 facul-

2077 1366 2257 1420 tatem
2279 1361 2546 1420 indulsit.
2568 1363 2686 1419 Etsi
2717 1362 2776 1420 id
2807 1363 2983 1420 etiam
3015 1361 3257 1420 Alfonso
3306 1362 3428 1437 regi
3487 1379 3726 1421 conces-

2079 1468 2211 1508 sum
2243 1451 2489 1521 dicatur,
2523 1450 2580 1506 id
2615 1452 2816 1508 referri
2867 1453 3040 1508 debet
3080 1452 3153 1510 ad
3183 1451 3565 1510 Aldefonsum
3621 1469 3726 1510 seu

2075 1540 2384 1597 Alfonsum
2418 1540 2682 1613 Legionis
2731 1545 2787 1597 et
2842 1541 3104 1598 Castellae
3159 1556 3355 1615 regem
3402 1545 3543 1598 tunc
3573 1541 3729 1599 inter

2076 1647 2240 1703 reges
2273 1629 2559 1703 Hispanos
2589 1629 2969 1698 eminentem,
3005 1630 3125 1703 qui,
3160 1633 3389 1704 recepto
3440 1634 3574 1688 ante
3617 1629 3726 1688 ali-

2076 1723 2220 1790 quot
2249 1736 2433 1774 annos
2461 1735 2529 1774 ex
2559 1719 2834 1775 Barbarie
2880 1718 3099 1789 Toleto,
3134 1721 3482 1791 imperatoris
3534 1721 3729 1792 Hispa-

2077 1809 2183 1862 nia:
2207 1807 2439 1863 titulum
2474 1807 2694 1880 accepit
2719 1807 3057 1880 curavitque
3106 1813 3169 1864 ut
3215 1807 3266 1864 ei
3305 1808 3436 1864 urbi
3480 1805 3726 1878 Bernar-

2076 1897 2186 1952 dus
2219 1896 2542 1970 monachus
2569 1896 2988 1965 Cluniacensis,
3023 1897 3125 1970 qui
3181 1901 3308 1954 tum
3364 1899 3721 1956 monasterio

2078 1985 2272 2040 Sancti
2298 1984 2552 2042 Facundi
2589 1990 2850 2059 praeerat,
2877 1986 3354 2060 archiepiscopus
3401 1986 3725 2059 praeﬁcere-

2080 2079 2192 2130 tur.
2209 2077 2392 2146 Atque
2427 2092 2495 2130 ea
2513 2075 2621 2130 fuit
2657 2075 2881 2132 occasio
2907 2076 3223 2132 renovandi
3244 2075 3425 2148 hujus
3456 2074 3726 2134 Ecclesiae

2079 2163 2306 2230 antiqui
2336 2164 2684 2235 splendoris,
2709 2181 2882 2236 quem
2908 2165 3190 2221 diuturna
3219 2163 3606 2221 Barbarorum
3630 2165 3730 2220 do-

2080 2253 2322 2308 minatio
2357 2253 2788 2311 obscuraverat.

2148 2341 2350 2397 Iriensi
2405 2341 2692 2411 Ecclesia},
2719 2341 2812 2398 cui
2869 2347 3009 2398 tunc
3040 2343 3278 2400 suberat
3307 2343 3448 2398 urbs
3479 2344 3725 2416 Compo-

2078 2431 2405 2501 stella,jam
2429 2431 2500 2486 ab
2525 2431 2748 2503 aliquot
2769 2432 2938 2488 annis
2964 2433 3298 2504 prmfecerat
3326 2450 3424 2488 rex
3475 2431 3724 2490 Saucius

2077 2521 2386 2586 Didacum,
2420 2519 2608 2574 virum
2668 2520 2824 2576 haud
2883 2521 3222 2594 ignobilem,
3258 2522 3358 2577 sed
3393 2519 3514 2593 qui,
3549 2525 3614 2576 ut
3644 2519 3726 2584 ait

2078 2612 2279 2664 auctor
2299 2607 2562 2664 Historia:
2584 2609 3088 2682 Compostellanm,
3115 2612 3258 2668 adeo
3288 2611 3542 2668 externis
3566 2610 3724 2667 curis

2077 2696 2401 2768 implicitus
2423 2700 2564 2767 erat,
2584 2701 2648 2752 ut
2671 2697 2948 2754 interiora
2971 2716 3085 2754 non
3110 2699 3252 2755 satis
3275 2701 3522 2754 curaret.
3557 2697 3723 2754 Hunc

2079 2786 2270 2841 nescio
2294 2803 2408 2858 quo
2431 2803 2569 2841 casu
2595 2792 2926 2842 commotus
2946 2786 3225 2843 All‘onsus
3247 2787 3302 2841 in
3325 2785 3561 2842 vincula
3589 2803 3723 2844 con-

2075 2875 2234 2947 jecit,
2267 2875 2420 2930 unde
2447 2892 2658 2948 magna
2688 2875 3088 2942 tumultuatio,
3121 2876 3305 2931 turbae
3348 2875 3616 2948 ingentes
3656 2874 3718 2934 in

2075 2964 2183 3019 hac
2207 2963 2459 3019 Ecclesia
2497 2964 2816 3019 concitatae.
2841 2965 2984 3020 Cum
3020 2966 3218 3036 itaque
3247 2965 3446 3020 omnia
3476 2959 3717 3037 pessum

2074 3053 2242 3122 irent,
2295 3069 2396 3107 nec
2445 3052 2831 3108 celeberrimae
2889 3053 3178 3120 Ecclesiae,
3212 3070 3338 3125 quze
3389 3054 3516 3125 jam
3573 3057 3714 3109 tunc

2073 3142 2225 3198 beati
2255 3141 2456 3201 Jacobi
2491 3140 2872 3214 reliquiarum
2923 3141 3292 3214 possessione
3329 3140 3717 3216 gloriabatur,

2073 3231 2297 3286 cladem
2327 3247 2492 3303 aequo
2547 3231 2742 3286 animo
2776 3231 2921 3287 ferre
2977 3231 3236 3288 valerent
3266 3231 3370 3286 viri
3403 3231 3588 3304 probi,
3621 3229 3719 3286 Al-

396 3329 514 3407 l-loc
544 3349 670 3428 ipso
696 3362 846 3400 anno
868 3340 1170 3400 ecclesiam
1194 3337 1554 3410 collegiatam
1577 3337 1796 3392 Sancta:
1822 3337 1962 3407 Aga-
1994 3302 2038 3370 δ
2078 3320 2282 3375 ἶοηδυδ
2304 3323 2369 3418 UP
2400 3319 2602 3428 Μαρια
2623 3336 2682 3418 Sf?
2705 3319 2984 3428 iniurium.
3015 3320 3374 3428 amoliretur.
3397 3319 3579 3376 alium
3597 3320 3719 3394 epi-

325 3441 438 3497 tha:
462 3424 615 3511 apud
642 3437 1008 3496 Cremonam,
1042 3445 1218 3502 quam
1256 3425 1566 3499 Gregorius
1599 3424 1698 3479 V'll
1729 3424 1968 3496 amplia-

327 3533 504 3596 verat,
539 3525 810 3581 Urbanus
867 3514 1425 3586 dotavit,attributis
1482 3515 1532 3570 ei
1591 3512 1966 3570 ecclesiarum

326 3616 520 3674 Sancti
548 3612 759 3669 Valerii
790 3615 848 3666 et
877 3607 1072 3666 Sancti
1121 3603 1544 3678 ChristOphori,
1580 3619 1756 3676 prope
1809 3619 1966 3660 eam-

329 3710 462 3764 dem
519 3705 725 3760 urbem
784 3701 1054 3764 sitarum,
1089 3695 1393 3762 reditibus,
1429 3697 1493 3749 ut
1521 3692 1696 3750 refert
1751 3691 1968 3763 Joseph

327 3799 684 3853 Bresceanus
713 3791 772 3846 in
805 3787 1085 3846 Chronico
1114 3781 1490 3841 Cremonensi
1521 3798 1631 3837 ms.
1666 3781 1818 3852 quod
1855 3798 1968 3852 prae

328 3884 601 3942 manibus
630 3881 937 3935 habemus.
965 3874 1213 3931 Clericos
1245 3871 1552 3928 saeculares
1584 3869 1764 3940 hujus
1813 3869 1968 3925 basi-

331 3976 452 4031 licae
483 3973 540 4027 in
575 3966 873 4042 regulares
906 3962 1216 4020 canonicos
1276 3963 1537 4015 mutasse
1565 3958 1718 4014 circa
1749 3975 1971 4013 annum

336 4057 721 4130 1090,dicitur
744 4055 902 4110 idem
943 4051 1200 4126 pontifex
1229 4049 1384 4122 apud
1412 4045 1720 4114 Merulam,
1754 4047 1854 4102 sed
1887 4045 1970 4101 illi

328 4132 620 4229 posteaad
646 4129 991 4202 saecularem
1029 4143 1246 4229 statum
1279 4137 1520 4229 rediere.
1553 4134 1724 4192 Aliud
1748 4133 1972 4229 privile-

330 4223 492 4316 gium
514 4239 622 4294 hoc
643 4235 817 4292 etiam
843 4247 994 4288 anno
1021 4227 1268 4284 indulsit
1308 4226 1578 4316 Urbanus
1613 4223 1970 4316 monasterio

327 4310 548 4386 Sanctae
605 4321 806 4380 Crucis
867 4318 1143 4385 Saxivivi,
1175 4316 1236 4372 in
1291 4313 1580 4372 territorio
1612 4310 1968 4385 Fulginensi,

329 4399 485 4492 quod
506 4412 805 4472 Mainardo
837 4411 964 4482 ejus
990 4405 1212 4464 auctori
1243 4409 1301 4461 et
1331 4401 1971 4492 primoabbatiinscri-

329 4489 496 4584 ptum
527 4504 742 4562 dicitur
773 4501 830 4555 in
864 4499 1127 4570 ejusdem
1155 4495 1265 4584 loci
1325 4491 1607 4584 Chronico
1656 4489 1973 4584 italico._At

328 4578 460 4672 ejus
488 4591 782 4665 exemplar
810 4589 1020 4644 babere
1051 4603 1166 4642 non
1208 4582 1394 4650 licuit,
1419 4581 1572 4637 sicut
1603 4597 1703 4636 nec
1734 4578 1972 4636 alterius

2077 3425 2318 3481 scopum
2351 3408 2408 3462 in
2473 3407 2664 3462 Didaci
2719 3407 2912 3464 locum
2971 3409 3269 3465 intrudere
3326 3413 3716 3466 conatusest.

2076 3498 2476 3570 Opportunum
2500 3496 2678 3568 hujus
2709 3497 2938 3552 concilii
2969 3498 3323 3570 exsequendi
3350 3498 3720 3556 occasionem

2077 3587 2351 3642 otl'erebat
2371 3587 2444 3653 ei,
2467 3591 2530 3641 ut
2551 3586 2787 3659 quidem
2805 3586 3258 3660 ipsividcbatur,
3281 3588 3541 3660 synodus
3563 3588 3720 3660 apud

2078 3682 2336 3732 sanctam
2372 3675 2615 3732 Mariam
2647 3677 2717 3730 de
2749 3675 3019 3743 Fusellis,
3041 3693 3218 3748 quam
3263 3682 3402 3733 tunc
3434 3676 3722 3733 Ricardus

2077 3765 2273 3821 Sancti
2303 3764 2554 3820 Victoris
2587 3765 2789 3831 abbas,
2816 3764 3045 3838 legatus
3101 3766 3256 3822 sedis
3304 3764 3628 3839 apostolica:
3688 3783 3734 3822 a.

2079 3853 2354 3926 Gregorio
2384 3854 2487 3908 VII
2508 3853 2564 3909 in
2589 3854 2882 3927 llispaniis
2899 3855 3225 3925 institutus,
3250 3862 3717 3930 congregaverat.

2079 3945 2267 4009 Quare
2318 3941 2603 3999 immissis
2659 3945 3166 4013 subornatoribus,
3225 3961 3576 4018 persuasum
3631 3948 3724 4004 est

2080 4029 2288 4087 callide
2317 4031 2533 4087 Didaco
2563 4036 2646 4100 ut,
2679 4032 2728 4089 si
2772 4033 2943 4090 vellet
2995 4033 3216 4090 absolvi
3249 4052 3283 4090 a
3325 4032 3595 4103 vinculis,
3655 4049 3720 4090 se

2081 4137 2244 4176 reum
2294 4120 2354 4176 in
2411 4119 2654 4178 concilio
2710 4121 3008 4194 fateretur,
3042 4127 3099 4179 et
3127 4121 3458 4179 humilitate
3518 4121 3718 4196 procul

2079 4209 2258 4266 dubio
2281 4229 2379 4267 cor
2391 4210 2542 4284 regis
2565 4209 2961 4268 emoliendum
2985 4213 3124 4276 fore,
3149 4229 3255 4269 nec
3267 4210 3442 4269 aliam
3455 4212 3507 4269 ei
3523 4228 3723 4284 super-

2080 4315 2207 4356 esse
2228 4299 2552 4356 obtinendze
2569 4299 2854 4358 libertatis
2870 4301 3324 4356 viam.Assensit
3343 4299 3460 4369 ille,
3495 4301 3595 4357 sed
3627 4315 3722 4357 res

2080 4387 2192 4444 alio
2209 4388 2380 4444 vertit
2401 4404 2578 4460 quam
2603 4389 2728 4462 ipse
2758 4394 3078 4462 putaverat.
3099 4389 3321 4463 Quippe
3350 4405 3485 4446 cum
3519 4382 3742 4462 Alton-1

2081 4494 2183 4534 sus
2205 4478 2260 4532 in
2285 4476 2592 4533 concilium
2613 4479 2886 4544 venisset,
2911 4478 3337 4550 adductusque,
3361 4495 3428 4534 eo
3450 4477 3740 4550 jubente,-

2081 4567 2289 4649 fuisset
2317 4567 2589 4634 Didacus,
2625 4571 2800 4640 atque
2833 4567 2914 4622 uti
2947 4568 3189 4624 edoctus
3235 4567 3444 4638 fuerat,
3472 4567 3642 4642 virga.
3664 4571 3742 4630 et,

330 4654 486 4762 q'uod
539 4654 824 4753 hoc.ipso
881 4694 1032 4734 anno
1093 4675 1295 4730 datum
1349 4672 1532 4726 fertur
1562 4674 1729 4725 Petro
1775 4669 1970 4724 abbati
1999 4671 2046 4736 Β
2078 4655 2373 4762 θηξυξοίη
2401 4655 2808 4755 11180118ιῆεᾶιί
2851 4657 3233 4762 consignatis,
3262 4655 3581 4762 episcopali
3633 4654 3724 4720 di-

329 4759 653 4834 Carrofensi
705 4769 858 4843 apud
920 4765 1183 4822 Pictones
1243 4762 1300 4816 in
1363 4759 1570 4827 Gallia,
1628 4775 1966 4830 quanquam

328 4865 509 4932 istud,
529 4863 580 4919 si
613 4877 725 4917 non
763 4857 948 4924 fallor,
971 4853 1129 4910 aliud
1157 4869 1270 4908 non
1299 4858 1387 4906 est
1416 4849 1488 4903 ob
1517 4865 1582 4904 eo
1630 4847 1784 4919 quod
1819 4863 1970 4902 anno

288 4977 290 4980 ν
333 4955 470 5012 1096
521 4949 708 5008 eidem
769 4943 1122 5002 monasterio
1181 4956 1520 4996 concessum
1553 4955 1658 4993 suo
1709 4936 1832 4991 loco
1883 4936 1968 4990 di-

329 5059 552 5101 cemus.

330 5139 555 5196 XXXII.
599 5137 670 5192 Dc
723 5135 880 5189 rebus
965 5128 1310 5202 Hispanicis._
1359 5127 1552 5181 Turbzc
1619 5125 1678 5179 in
1700 5124 1971 5202 _Ecclesia

399 5210 616 5268 Iriensi.
665 5205 899 5262 Concilii
983 5196 1336 5256 Fusscllcnsis
1401 5202 1628 5268 Imnpus.
1691 5196 1971 5251 Primatus

399 5282 653 5338 Ecclesiae
684 5278 952 5333 Toletanw
979 5273 1279 5328 restitutus.

400 5379 561 5445 Quod
594 5378 664 5433 ad
699 5392 790 5432 res
839 5369 1184 5444 Hispanicas
1242 5368 1466 5423 attinet.
1502 5365 1839 5438 Augebatur
1888 5363 1967 5419 ibi

329 5468 590 5542 quotidie
612 5463 774 5521 novis
795 5459 1170 5518 incrementis
1198 5455 1483 5513 catholica
1511 5455 1654 5510 fides
1683 5451 1970 5508 Christia-

329 5574 540 5616 norum
565 5552 894 5628 principum
917 5547 1273 5618 fortitudine,
1293 5546 1392 5618 qui
1415 5544 1603 5618 pulsis
1626 5542 1842 5598 Mauris
1873 5558 1969 5595 ur-

329 5651 432 5705 bes
455 5643 781 5720 praaclaras,
807 5645 861 5696 et
895 5635 1219 5712 provincias
1259 5634 1555 5690 interdum
1591 5633 1851 5703 integras
1883 5645 1970 5683 re-

329 5733 932 5814 ouperahant.Auetor
953 5725 1198 5788 Indiculi
1221 5741 1416 5785 rerum
1450 5721 1907 5796 Aragonicarum
1938 5733 1972 5776 a

2076 4745 2296 4818 gnitate
2315 4761 2511 4800 coram
2535 4745 2692 4800 omni
2717 4745 2930 4818 populo
2954 4763 3015 4801 se
3039 4746 3349 4819 indignum
3368 4744 3742 4818 proclames:

2079 4840 2190 4914 set,
2245 4833 2444 4889 statim
2497 4834 2896 4905 pronuntiavit
2937 4833 3166 4908 legatus
3216 4851 3352 4891 eum
3407 4832 3746 4908 episcopali.

2080 4921 2362 4994 dignitate
2389 4922 2696 4990 decidisse,
2721 4921 3135 4997 licentiamque
3165 4924 3328 4980 dedit
3381 4923 3630 4982 alterum
3662 4922 3723 4980 in

2080 5012 2208 5082 ejus
2236 5010 2429 5066 locum
2463 5011 2880 5068 substituendi.
2909 5013 3024 5069 Nec
3053 5031 3236 5083 mora,
3261 5014 3466 5070 Petrus
3513 5012 3724 5070 Candi-

2081 5099 2365 5154 diniensis
2379 5099 2580 5168 abbas,
2603 5101 2699 5173 qui
2733 5101 2871 5157 data
2901 5119 3076 5174 opera
3098 5113 3308 5176 praesto
3355 5107 3497 5171 erat,
3527 5119 3564 5159 θ,
3591 5117 3726 5175 rege

2079 5187 2422 5260 designatus
2447 5188 2505 5242 in
2529 5190 2892 5262 episcopum,
2930 5191 3128 5246 statim
3162 5198 3506 5265 assumptus
3554 5196 3726 5264 atque

2080 5282 2452 5333 consecratus
2482 5282 2588 5334 est.
2614 5278 2666 5334 Is
2697 5277 2932 5334 biennio
2979 5279 3124 5336 rexit
3165 5280 3483 5337 Ecclesiam
3544 5281 3729 5336 Irien-

2081 5365 2314 5432 sem,ad
2369 5383 2588 5422 annum
2641 5366 2864 5423 scilicet
2898 5369 3058 5436 1091,
3092 5387 3206 5441 quo
3266 5369 3323 5424 in
3381 5369 3728 5442 Legionensi

2080 5453 2324 5510 concilio
2349 5472 2380 5510 a
2403 5455 2675 5512 Raiuerio
2699 5456 3030 5528 apostolicae
3055 5458 3213 5514 sedis
3235 5457 3426 5530 legato
3459 5464 3731 5516 exaucto-

2081 5548 2242 5599 ratus
2262 5543 2389 5613 fuit,
2415 5545 2690 5615 cumjam
2711 5544 3065 5614 Richardus,
3098 5564 3158 5603 re
3191 5548 3263 5604 ad
3297 5547 3598 5604 Urbanum
3629 5549 3728 5604 de-

2079 5631 2218 5701 lata,
2271 5632 2593 5706 apostolica
2645 5632 2936 5707 legatione
2990 5634 3280 5707 spoliatus
3337 5636 3567 5694 fuisset.
3601 5637 3731 5694 Haec

2081 5721 2279 5784 omnia
2307 5721 2590 5786 discimus
2629 5739 2698 5784 ex
2735 5721 2915 5786 veteri
2941 5723 3202 5786 Historia
3251 5725 3760 5805 Compostellame.
