  <div class='ocr_page' id='page_1' title='image "/cluster/home/n/w/nwhite01/storage/ocr_20150623/151/umn.31951002477444s/046.png"; bbox 0 0 3972 6428; ppageno 0'>
   <div class='ocr_carea' id='block_1_1' title="bbox 203 441 1861 521">
    <p class='ocr_par' dir='ltr' id='par_1_1' title="bbox 203 441 1861 521">
     <span class='ocr_line' id='line_1_1' title="bbox 203 441 1861 521; baseline -0.002 -14"><span class='ocrx_word' id='word_1_1' title='bbox 203 448 298 521; x_wconf 63' lang='grc'><strong>41,</strong></span> <span class='ocrx_word' id='word_1_2' title='bbox 1800 441 1861 505; x_wconf 69' lang='grc' dir='ltr'>νῖ</span> 
     </span>
    </p>
   </div>
   <div class='ocr_carea' id='block_1_2' title="bbox 1972 441 2012 521">
    <p class='ocr_par' dir='ltr' id='par_1_2' title="bbox 1972 473 2012 502">
     <span class='ocr_line' id='line_1_2' title="bbox 1972 473 2012 502; baseline 0 0"><span class='ocrx_word' id='word_1_3' title='bbox 1972 473 2012 502; x_wconf 67' lang='grc' dir='ltr'><strong>ι.</strong></span> 
     </span>
    </p>
   </div>
   <div class='ocr_carea' id='block_1_3' title="bbox 205 555 3378 650">
    <p class='ocr_par' dir='ltr' id='par_1_3' title="bbox 205 555 3378 650">
     <span class='ocr_line' id='line_1_3' title="bbox 205 555 3378 650; baseline -0.001 -16"><span class='ocrx_word' id='word_1_4' title='bbox 205 555 470 634; x_wconf 60' lang='lat' dir='ltr'><strong>Ecclesia</strong></span> <span class='ocrx_word' id='word_1_5' title='bbox 503 593 631 650; x_wconf 73' lang='lat' dir='ltr'><strong>qua:</strong></span> <span class='ocrx_word' id='word_1_6' title='bbox 664 575 827 634; x_wconf 89' lang='lat' dir='ltr'><strong>initio</strong></span> <span class='ocrx_word' id='word_1_7' title='bbox 859 576 1055 634; x_wconf 61' lang='lat' dir='ltr'><strong>saeculi</strong></span> <span class='ocrx_word' id='word_1_8' title='bbox 1088 573 1440 643; x_wconf 87' lang='lat' dir='ltr'><strong>duodecimi,</strong></span> <span class='ocrx_word' id='word_1_9' title='bbox 1487 575 1730 646; x_wconf 85' lang='lat' dir='ltr'><strong>jubente</strong></span> <span class='ocrx_word' id='word_1_10' title='bbox 1762 575 1850 631; x_wconf 88' lang='lat' dir='ltr'><strong>al-</strong></span> <span class='ocrx_word' id='word_1_11' title='bbox 1880 576 1935 642; x_wconf 87' lang='grc' dir='ltr'><strong>Α</strong></span> <span class='ocrx_word' id='word_1_12' title='bbox 1965 591 2143 648; x_wconf 87' lang='lat' dir='ltr'><strong>quam</strong></span> <span class='ocrx_word' id='word_1_13' title='bbox 2193 575 2452 648; x_wconf 86' lang='lat' dir='ltr'><strong>regebat,</strong></span> <span class='ocrx_word' id='word_1_14' title='bbox 2513 574 2915 632; x_wconf 80' lang='lat' dir='ltr'><strong>reverentiam.</strong></span> <span class='ocrx_word' id='word_1_15' title='bbox 2976 575 3122 632; x_wconf 85' lang='lat' dir='ltr'><strong>Hinc</strong></span> <span class='ocrx_word' id='word_1_16' title='bbox 3179 575 3378 633; x_wconf 80' lang='lat' dir='ltr'><strong>statim</strong></span> 
     </span>
    </p>
   </div>
   <div class='ocr_carea' id='block_1_4' title="bbox 203 665 1856 740">
    <p class='ocr_par' dir='ltr' id='par_1_4' title="bbox 203 665 1856 740">
     <span class='ocr_line' id='line_1_4' title="bbox 203 665 1856 740; baseline -0.001 -18"><span class='ocrx_word' id='word_1_17' title='bbox 203 672 323 722; x_wconf 87' lang='lat' dir='ltr'><strong>tero</strong></span> <span class='ocrx_word' id='word_1_18' title='bbox 381 668 618 738; x_wconf 89' lang='lat' dir='ltr'><strong>Didaco,</strong></span> <span class='ocrx_word' id='word_1_19' title='bbox 691 667 881 740; x_wconf 86' lang='lat' dir='ltr'><strong>primo</strong></span> <span class='ocrx_word' id='word_1_20' title='bbox 951 665 1349 738; x_wconf 70' lang='lat' dir='ltr'><strong>Compostellre</strong></span> <span class='ocrx_word' id='word_1_21' title='bbox 1424 665 1856 738; x_wconf 81' lang='lat' dir='ltr'><strong>archiepiscopo</strong></span> 
     </span>
    </p>
   </div>
   <div class='ocr_carea' id='block_1_5' title="bbox 203 755 1858 828">
    <p class='ocr_par' dir='ltr' id='par_1_5' title="bbox 203 755 1858 828">
     <span class='ocr_line' id='line_1_5' title="bbox 203 755 1858 828; baseline -0.001 -17"><span class='ocrx_word' id='word_1_22' title='bbox 203 755 420 828; x_wconf 89' lang='lat' dir='ltr'><strong>scripta</strong></span> <span class='ocrx_word' id='word_1_23' title='bbox 452 760 541 812; x_wconf 89' lang='lat' dir='ltr'><strong>est</strong></span> <span class='ocrx_word' id='word_1_24' title='bbox 571 773 605 811; x_wconf 90' lang='lat' dir='ltr'><strong>a</strong></span> <span class='ocrx_word' id='word_1_25' title='bbox 626 755 872 812; x_wconf 89' lang='lat' dir='ltr'><strong>Geraldo</strong></span> <span class='ocrx_word' id='word_1_26' title='bbox 904 757 1033 826; x_wconf 86' lang='lat' dir='ltr'><strong>ejus</strong></span> <span class='ocrx_word' id='word_1_27' title='bbox 1064 755 1366 811; x_wconf 78' lang='lat' dir='ltr'><strong>familiari.</strong></span> <span class='ocrx_word' id='word_1_28' title='bbox 1400 756 1481 810; x_wconf 83' lang='lat' dir='ltr'><strong>Ex</strong></span> <span class='ocrx_word' id='word_1_29' title='bbox 1510 755 1620 810; x_wconf 90' lang='lat' dir='ltr'><strong>hac</strong></span> <span class='ocrx_word' id='word_1_30' title='bbox 1668 755 1858 810; x_wconf 88' lang='lat' dir='ltr'><strong>Histo-</strong></span> 
     </span>
    </p>
   </div>
   <div class='ocr_carea' id='block_1_6' title="bbox 203 843 1858 918">
    <p class='ocr_par' dir='ltr' id='par_1_6' title="bbox 203 843 1858 918">
     <span class='ocr_line' id='line_1_6' title="bbox 203 843 1858 918; baseline -0.001 -18"><span class='ocrx_word' id='word_1_31' title='bbox 203 846 288 900; x_wconf 87' lang='lat' dir='ltr'><strong>ria</strong></span> <span class='ocrx_word' id='word_1_32' title='bbox 318 863 387 901; x_wconf 89' lang='lat' dir='ltr'><strong>ea</strong></span> <span class='ocrx_word' id='word_1_33' title='bbox 418 863 546 918; x_wconf 72' lang='lat' dir='ltr'><strong>quae</strong></span> <span class='ocrx_word' id='word_1_34' title='bbox 579 847 650 901; x_wconf 88' lang='lat' dir='ltr'><strong>ad</strong></span> <span class='ocrx_word' id='word_1_35' title='bbox 683 862 807 900; x_wconf 89' lang='lat' dir='ltr'><strong>rem</strong></span> <span class='ocrx_word' id='word_1_36' title='bbox 838 850 1100 900; x_wconf 88' lang='lat' dir='ltr'><strong>nostram</strong></span> <span class='ocrx_word' id='word_1_37' title='bbox 1135 843 1428 918; x_wconf 91' lang='lat' dir='ltr'><strong>pertinent</strong></span> <span class='ocrx_word' id='word_1_38' title='bbox 1456 844 1773 900; x_wconf 84' lang='lat' dir='ltr'><strong>referemus</strong></span> <span class='ocrx_word' id='word_1_39' title='bbox 1799 844 1858 898; x_wconf 92' lang='lat' dir='ltr'><strong>in</strong></span> 
     </span>
    </p>
   </div>
   <div class='ocr_carea' id='block_1_7' title="bbox 201 933 1858 1010">
    <p class='ocr_par' dir='ltr' id='par_1_7' title="bbox 201 933 1858 1010">
     <span class='ocr_line' id='line_1_7' title="bbox 201 933 1858 1010; baseline -0.001 -21"><span class='ocrx_word' id='word_1_40' title='bbox 201 934 537 1010; x_wconf 85' lang='lat' dir='ltr'><strong>Appendice</strong></span> <span class='ocrx_word' id='word_1_41' title='bbox 566 939 837 1008; x_wconf 92' lang='lat' dir='ltr'><strong>excerpta</strong></span> <span class='ocrx_word' id='word_1_42' title='bbox 862 951 1014 990; x_wconf 92' lang='lat' dir='ltr'><strong>anno</strong></span> <span class='ocrx_word' id='word_1_43' title='bbox 1042 935 1180 989; x_wconf 88' lang='grc'><strong>1703</strong></span> <span class='ocrx_word' id='word_1_44' title='bbox 1228 951 1295 989; x_wconf 86' lang='lat' dir='ltr'><strong>ex</strong></span> <span class='ocrx_word' id='word_1_45' title='bbox 1327 934 1453 989; x_wconf 92' lang='lat' dir='ltr'><strong>cod.</strong></span> <span class='ocrx_word' id='word_1_46' title='bbox 1489 950 1600 989; x_wconf 88' lang='lat' dir='ltr'><strong>ms.</strong></span> <span class='ocrx_word' id='word_1_47' title='bbox 1645 933 1858 988; x_wconf 89' lang='lat' dir='ltr'><strong>doctis-</strong></span> 
     </span>
    </p>
   </div>
   <div class='ocr_carea' id='block_1_8' title="bbox 206 1020 1858 1096">
    <p class='ocr_par' dir='ltr' id='par_1_8' title="bbox 206 1020 1858 1096">
     <span class='ocr_line' id='line_1_8' title="bbox 206 1020 1858 1096; baseline -0.003 -17"><span class='ocrx_word' id='word_1_48' title='bbox 206 1023 340 1079; x_wconf 91' lang='lat' dir='ltr'><strong>simi</strong></span> <span class='ocrx_word' id='word_1_49' title='bbox 392 1024 646 1080; x_wconf 73' lang='lat' dir='ltr'><strong>Ferrerze</strong></span> <span class='ocrx_word' id='word_1_50' title='bbox 679 1023 834 1096; x_wconf 89' lang='lat' dir='ltr'><strong>apud</strong></span> <span class='ocrx_word' id='word_1_51' title='bbox 866 1023 1182 1078; x_wconf 88' lang='lat' dir='ltr'><strong>Madritum</strong></span> <span class='ocrx_word' id='word_1_52' title='bbox 1214 1021 1565 1095; x_wconf 88' lang='lat' dir='ltr'><strong>parochialis</strong></span> <span class='ocrx_word' id='word_1_53' title='bbox 1604 1020 1858 1078; x_wconf 62' lang='lat' dir='ltr'><strong>ecclesiae</strong></span> 
     </span>
    </p>
   </div>
   <div class='ocr_carea' id='block_1_9' title="bbox 203 1111 1861 1180">
    <p class='ocr_par' dir='ltr' id='par_1_9' title="bbox 203 1111 1861 1180">
     <span class='ocr_line' id='line_1_9' title="bbox 203 1111 1861 1180; baseline -0.002 -11"><span class='ocrx_word' id='word_1_54' title='bbox 203 1113 471 1180; x_wconf 83' lang='lat' dir='ltr'><strong>rectoris,</strong></span> <span class='ocrx_word' id='word_1_55' title='bbox 525 1129 558 1168; x_wconf 89' lang='lat' dir='ltr'><strong>a</strong></span> <span class='ocrx_word' id='word_1_56' title='bbox 587 1112 710 1168; x_wconf 88' lang='lat' dir='ltr'><strong>viro</strong></span> <span class='ocrx_word' id='word_1_57' title='bbox 757 1112 829 1167; x_wconf 92' lang='lat' dir='ltr'><strong>cl.</strong></span> <span class='ocrx_word' id='word_1_58' title='bbox 881 1112 1103 1180; x_wconf 82' lang='lat' dir='ltr'><strong>Joanne</strong></span> <span class='ocrx_word' id='word_1_59' title='bbox 1131 1116 1206 1168; x_wconf 87' lang='lat' dir='ltr'><strong>Le</strong></span> <span class='ocrx_word' id='word_1_60' title='bbox 1235 1111 1439 1179; x_wconf 79' lang='lat' dir='ltr'><strong>Grand,</strong></span> <span class='ocrx_word' id='word_1_61' title='bbox 1475 1127 1608 1165; x_wconf 92' lang='lat' dir='ltr'><strong>cum</strong></span> <span class='ocrx_word' id='word_1_62' title='bbox 1642 1114 1796 1166; x_wconf 87' lang='lat' dir='ltr'><strong>esset</strong></span> <span class='ocrx_word' id='word_1_63' title='bbox 1826 1128 1861 1166; x_wconf 88' lang='lat' dir='ltr'><strong>a</strong></span> 
     </span>
    </p>
   </div>
   <div class='ocr_carea' id='block_1_10' title="bbox 201 1195 1857 1274">
    <p class='ocr_par' dir='ltr' id='par_1_10' title="bbox 201 1195 1857 1274">
     <span class='ocr_line' id='line_1_10' title="bbox 201 1195 1857 1274; baseline -0.003 -16"><span class='ocrx_word' id='word_1_64' title='bbox 201 1201 440 1258; x_wconf 83' lang='lat' dir='ltr'><strong>secretis</strong></span> <span class='ocrx_word' id='word_1_65' title='bbox 470 1195 872 1258; x_wconf 85' lang='lat' dir='ltr'><strong>illustrissimo</strong></span> <span class='ocrx_word' id='word_1_66' title='bbox 899 1200 1091 1256; x_wconf 84' lang='lat' dir='ltr'><strong>abbati</strong></span> <span class='ocrx_word' id='word_1_67' title='bbox 1124 1201 1360 1266; x_wconf 76' lang='lat' dir='ltr'><strong>Estrzco,</strong></span> <span class='ocrx_word' id='word_1_68' title='bbox 1395 1199 1493 1274; x_wconf 87' lang='lat' dir='ltr'><strong>qui</strong></span> <span class='ocrx_word' id='word_1_69' title='bbox 1537 1205 1662 1254; x_wconf 91' lang='lat' dir='ltr'><strong>tum</strong></span> <span class='ocrx_word' id='word_1_70' title='bbox 1694 1199 1857 1254; x_wconf 86' lang='lat' dir='ltr'><strong>Chri-</strong></span> 
     </span>
    </p>
   </div>
   <div class='ocr_carea' id='block_1_11' title="bbox 201 1287 1858 1364">
    <p class='ocr_par' dir='ltr' id='par_1_11' title="bbox 201 1287 1858 1364">
     <span class='ocr_line' id='line_1_11' title="bbox 201 1287 1858 1364; baseline -0.003 -17"><span class='ocrx_word' id='word_1_71' title='bbox 201 1290 549 1357; x_wconf 84' lang='lat' dir='ltr'><strong>stianissimi</strong></span> <span class='ocrx_word' id='word_1_72' title='bbox 585 1290 740 1364; x_wconf 85' lang='lat' dir='ltr'><strong>regis</strong></span> <span class='ocrx_word' id='word_1_73' title='bbox 773 1289 1063 1364; x_wconf 82' lang='lat' dir='ltr'><strong>legatione</strong></span> <span class='ocrx_word' id='word_1_74' title='bbox 1091 1290 1163 1344; x_wconf 91' lang='lat' dir='ltr'><strong>ad</strong></span> <span class='ocrx_word' id='word_1_75' title='bbox 1204 1288 1542 1361; x_wconf 87' lang='lat' dir='ltr'><strong>Philippum</strong></span> <span class='ocrx_word' id='word_1_76' title='bbox 1574 1287 1622 1341; x_wconf 87' lang='lat' dir='ltr'><strong>V</strong></span> <span class='ocrx_word' id='word_1_77' title='bbox 1651 1287 1858 1360; x_wconf 90' lang='lat' dir='ltr'><strong>Hispa-</strong></span> 
     </span>
    </p>
   </div>
   <div class='ocr_carea' id='block_1_12' title="bbox 201 1378 1418 1452">
    <p class='ocr_par' dir='ltr' id='par_1_12' title="bbox 201 1378 1418 1452">
     <span class='ocr_line' id='line_1_12' title="bbox 201 1378 1418 1452; baseline -0.003 -16"><span class='ocrx_word' id='word_1_78' title='bbox 201 1381 435 1436; x_wconf 89' lang='lat' dir='ltr'><strong>niarum</strong></span> <span class='ocrx_word' id='word_1_79' title='bbox 469 1396 664 1452; x_wconf 85' lang='lat' dir='ltr'><strong>regem</strong></span> <span class='ocrx_word' id='word_1_80' title='bbox 693 1379 751 1434; x_wconf 90' lang='lat' dir='ltr'><strong>in</strong></span> <span class='ocrx_word' id='word_1_81' title='bbox 779 1395 847 1435; x_wconf 91' lang='lat' dir='ltr'><strong>ea</strong></span> <span class='ocrx_word' id='word_1_82' title='bbox 876 1380 1018 1434; x_wconf 86' lang='lat' dir='ltr'><strong>urbe</strong></span> <span class='ocrx_word' id='word_1_83' title='bbox 1050 1378 1418 1452; x_wconf 88' lang='lat' dir='ltr'><strong>fungebatur.</strong></span> 
     </span>
    </p>
   </div>
   <div class='ocr_carea' id='block_1_13' title="bbox 269 1466 1858 1540">
    <p class='ocr_par' dir='ltr' id='par_1_13' title="bbox 269 1466 1858 1540">
     <span class='ocr_line' id='line_1_13' title="bbox 269 1466 1858 1540; baseline -0.002 -16"><span class='ocrx_word' id='word_1_84' title='bbox 269 1473 430 1524; x_wconf 83' lang='lat' dir='ltr'><strong>Inter</strong></span> <span class='ocrx_word' id='word_1_85' title='bbox 460 1474 667 1524; x_wconf 70' lang='lat' dir='ltr'><strong>eaet—era</strong></span> <span class='ocrx_word' id='word_1_86' title='bbox 693 1485 828 1535; x_wconf 90' lang='lat' dir='ltr'><strong>vero</strong></span> <span class='ocrx_word' id='word_1_87' title='bbox 861 1485 988 1540; x_wconf 82' lang='lat' dir='ltr'><strong>quae</strong></span> <span class='ocrx_word' id='word_1_88' title='bbox 1019 1485 1087 1524; x_wconf 82' lang='lat' dir='ltr'><strong>ex</strong></span> <span class='ocrx_word' id='word_1_89' title='bbox 1129 1467 1332 1524; x_wconf 90' lang='lat' dir='ltr'><strong>eadem</strong></span> <span class='ocrx_word' id='word_1_90' title='bbox 1381 1466 1635 1522; x_wconf 84' lang='lat' dir='ltr'><strong>Historia</strong></span> <span class='ocrx_word' id='word_1_91' title='bbox 1682 1466 1858 1522; x_wconf 91' lang='lat' dir='ltr'><strong>disci-</strong></span> 
     </span>
    </p>
   </div>
   <div class='ocr_carea' id='block_1_14' title="bbox 201 1556 1860 1630">
    <p class='ocr_par' dir='ltr' id='par_1_14' title="bbox 201 1556 1860 1630">
     <span class='ocr_line' id='line_1_14' title="bbox 201 1556 1860 1630; baseline 0 -18"><span class='ocrx_word' id='word_1_92' title='bbox 201 1575 357 1628; x_wconf 86' lang='lat' dir='ltr'><strong>mus,</strong></span> <span class='ocrx_word' id='word_1_93' title='bbox 389 1557 535 1614; x_wconf 89' lang='lat' dir='ltr'><strong>illud</strong></span> <span class='ocrx_word' id='word_1_94' title='bbox 570 1575 709 1614; x_wconf 83' lang='lat' dir='ltr'><strong>sane</strong></span> <span class='ocrx_word' id='word_1_95' title='bbox 739 1557 1144 1613; x_wconf 81' lang='lat' dir='ltr'><strong>observatione</strong></span> <span class='ocrx_word' id='word_1_96' title='bbox 1169 1557 1415 1630; x_wconf 90' lang='lat' dir='ltr'><strong>dignum</strong></span> <span class='ocrx_word' id='word_1_97' title='bbox 1441 1560 1529 1612; x_wconf 89' lang='lat' dir='ltr'><strong>est</strong></span> <span class='ocrx_word' id='word_1_98' title='bbox 1549 1557 1702 1628; x_wconf 92' lang='lat' dir='ltr'><strong>quod</strong></span> <span class='ocrx_word' id='word_1_99' title='bbox 1725 1556 1860 1612; x_wconf 92' lang='lat' dir='ltr'><strong>inde</strong></span> 
     </span>
    </p>
   </div>
   <div class='ocr_carea' id='block_1_15' title="bbox 203 1644 1860 1720">
    <p class='ocr_par' dir='ltr' id='par_1_15' title="bbox 203 1644 1860 1720">
     <span class='ocr_line' id='line_1_15' title="bbox 203 1644 1860 1720; baseline -0.002 -18"><span class='ocrx_word' id='word_1_100' title='bbox 203 1646 372 1702; x_wconf 81' lang='lat' dir='ltr'><strong>facile</strong></span> <span class='ocrx_word' id='word_1_101' title='bbox 404 1645 596 1720; x_wconf 85' lang='lat' dir='ltr'><strong>colligi</strong></span> <span class='ocrx_word' id='word_1_102' title='bbox 630 1646 815 1719; x_wconf 83' lang='lat' dir='ltr'><strong>possit</strong></span> <span class='ocrx_word' id='word_1_103' title='bbox 845 1663 960 1719; x_wconf 92' lang='lat' dir='ltr'><strong>quo</strong></span> <span class='ocrx_word' id='word_1_104' title='bbox 993 1651 1250 1718; x_wconf 89' lang='lat' dir='ltr'><strong>tempore</strong></span> <span class='ocrx_word' id='word_1_105' title='bbox 1283 1644 1638 1701; x_wconf 88' lang='lat' dir='ltr'><strong>celebratum</strong></span> <span class='ocrx_word' id='word_1_106' title='bbox 1685 1644 1860 1701; x_wconf 88' lang='lat' dir='ltr'><strong>fuerit</strong></span> 
     </span>
    </p>
   </div>
   <div class='ocr_carea' id='block_1_16' title="bbox 140 1734 1861 1806">
    <p class='ocr_par' dir='ltr' id='par_1_16' title="bbox 140 1734 1861 1806">
     <span class='ocr_line' id='line_1_16' title="bbox 140 1734 1861 1806; baseline -0.001 -16"><span class='ocrx_word' id='word_1_107' title='bbox 140 1775 146 1779; x_wconf 89' lang='grc'><strong>-</strong></span> <span class='ocrx_word' id='word_1_108' title='bbox 201 1735 520 1802; x_wconf 85' lang='lat' dir='ltr'><strong>concilium</strong></span> <span class='ocrx_word' id='word_1_109' title='bbox 547 1735 936 1800; x_wconf 80' lang='lat' dir='ltr'><strong>Fussellense,</strong></span> <span class='ocrx_word' id='word_1_110' title='bbox 969 1735 1144 1790; x_wconf 90' lang='lat' dir='ltr'><strong>variis</strong></span> <span class='ocrx_word' id='word_1_111' title='bbox 1175 1734 1544 1806; x_wconf 85' lang='lat' dir='ltr'><strong>temporibus</strong></span> <span class='ocrx_word' id='word_1_112' title='bbox 1567 1735 1636 1790; x_wconf 89' lang='lat' dir='ltr'><strong>ad</strong></span> <span class='ocrx_word' id='word_1_113' title='bbox 1656 1738 1861 1789; x_wconf 83' lang='lat' dir='ltr'><strong>aucto-</strong></span> 
     </span>
    </p>
   </div>
   <div class='ocr_carea' id='block_1_17' title="bbox 203 1823 1858 1898">
    <p class='ocr_par' dir='ltr' id='par_1_17' title="bbox 203 1823 1858 1898">
     <span class='ocr_line' id='line_1_17' title="bbox 203 1823 1858 1898; baseline -0.001 -18"><span class='ocrx_word' id='word_1_114' title='bbox 203 1825 372 1880; x_wconf 86' lang='lat' dir='ltr'><strong>ribus</strong></span> <span class='ocrx_word' id='word_1_115' title='bbox 413 1825 691 1898; x_wconf 79' lang='lat' dir='ltr'><strong>Hispanis</strong></span> <span class='ocrx_word' id='word_1_116' title='bbox 721 1825 1108 1898; x_wconf 86' lang='lat' dir='ltr'><strong>assignatum.</strong></span> <span class='ocrx_word' id='word_1_117' title='bbox 1169 1825 1295 1880; x_wconf 85' lang='lat' dir='ltr'><strong>Non</strong></span> <span class='ocrx_word' id='word_1_118' title='bbox 1328 1824 1484 1880; x_wconf 90' lang='lat' dir='ltr'><strong>enim</strong></span> <span class='ocrx_word' id='word_1_119' title='bbox 1517 1823 1588 1879; x_wconf 88' lang='lat' dir='ltr'><strong>ab</strong></span> <span class='ocrx_word' id='word_1_120' title='bbox 1639 1839 1858 1878; x_wconf 90' lang='lat' dir='ltr'><strong>annum</strong></span> 
     </span>
    </p>
   </div>
   <div class='ocr_carea' id='block_1_18' title="bbox 205 1911 1858 1986">
    <p class='ocr_par' dir='ltr' id='par_1_18' title="bbox 205 1911 1858 1986">
     <span class='ocr_line' id='line_1_18' title="bbox 205 1911 1858 1986; baseline -0.001 -16"><span class='ocrx_word' id='word_1_121' title='bbox 205 1916 352 1970; x_wconf 78' lang='lat' dir='ltr'><strong>H35</strong></span> <span class='ocrx_word' id='word_1_122' title='bbox 384 1914 638 1971; x_wconf 89' lang='lat' dir='ltr'><strong>revocari</strong></span> <span class='ocrx_word' id='word_1_123' title='bbox 670 1915 860 1982; x_wconf 88' lang='lat' dir='ltr'><strong>debet,</strong></span> <span class='ocrx_word' id='word_1_124' title='bbox 883 1919 944 1969; x_wconf 89' lang='lat' dir='ltr'><strong>ut</strong></span> <span class='ocrx_word' id='word_1_125' title='bbox 968 1914 1192 1986; x_wconf 84' lang='lat' dir='ltr'><strong>putavit</strong></span> <span class='ocrx_word' id='word_1_126' title='bbox 1213 1911 1642 1979; x_wconf 87' lang='lat' dir='ltr'><strong>Sandovallius,</strong></span> <span class='ocrx_word' id='word_1_127' title='bbox 1665 1917 1766 1968; x_wconf 89' lang='lat' dir='ltr'><strong>aut</strong></span> <span class='ocrx_word' id='word_1_128' title='bbox 1787 1913 1858 1968; x_wconf 90' lang='lat' dir='ltr'><strong>ad</strong></span> 
     </span>
    </p>
   </div>
   <div class='ocr_carea' id='block_1_19' title="bbox 196 2002 1850 2076">
    <p class='ocr_par' dir='ltr' id='par_1_19' title="bbox 196 2002 1850 2076">
     <span class='ocr_line' id='line_1_19' title="bbox 196 2002 1850 2076; baseline -0.002 -17"><span class='ocrx_word' id='word_1_129' title='bbox 196 2003 501 2066; x_wconf 82' lang='lat' dir='ltr'><strong>Paschalis</strong></span> <span class='ocrx_word' id='word_1_130' title='bbox 536 2004 583 2058; x_wconf 91' lang='lat' dir='ltr'><strong>II</strong></span> <span class='ocrx_word' id='word_1_131' title='bbox 611 2003 1040 2076; x_wconf 83' lang='lat' dir='ltr'><strong>pontificatum,</strong></span> <span class='ocrx_word' id='word_1_132' title='bbox 1071 2007 1138 2058; x_wconf 93' lang='lat' dir='ltr'><strong>ut</strong></span> <span class='ocrx_word' id='word_1_133' title='bbox 1156 2003 1348 2058; x_wconf 91' lang='lat' dir='ltr'><strong>visum</strong></span> <span class='ocrx_word' id='word_1_134' title='bbox 1382 2006 1470 2058; x_wconf 88' lang='lat' dir='ltr'><strong>est</strong></span> <span class='ocrx_word' id='word_1_135' title='bbox 1500 2002 1608 2075; x_wconf 83' lang='lat' dir='ltr'><strong>piae</strong></span> <span class='ocrx_word' id='word_1_136' title='bbox 1633 2017 1850 2057; x_wconf 84' lang='lat' dir='ltr'><strong>memo-</strong></span> 
     </span>
    </p>
   </div>
   <div class='ocr_carea' id='block_1_20' title="bbox 197 2089 1850 2165">
    <p class='ocr_par' dir='ltr' id='par_1_20' title="bbox 197 2089 1850 2165">
     <span class='ocr_line' id='line_1_20' title="bbox 197 2089 1850 2165; baseline -0.002 -17"><span class='ocrx_word' id='word_1_137' title='bbox 197 2093 296 2148; x_wconf 73' lang='lat' dir='ltr'><strong>riae</strong></span> <span class='ocrx_word' id='word_1_138' title='bbox 327 2092 613 2158; x_wconf 87' lang='lat' dir='ltr'><strong>cardinali</strong></span> <span class='ocrx_word' id='word_1_139' title='bbox 645 2093 845 2165; x_wconf 87' lang='lat' dir='ltr'><strong>Aguiri</strong></span> <span class='ocrx_word' id='word_1_140' title='bbox 879 2091 1098 2148; x_wconf 91' lang='lat' dir='ltr'><strong>ordinis</strong></span> <span class='ocrx_word' id='word_1_141' title='bbox 1142 2091 1500 2147; x_wconf 89' lang='lat' dir='ltr'><strong>Benedictini</strong></span> <span class='ocrx_word' id='word_1_142' title='bbox 1531 2089 1850 2164; x_wconf 86' lang='lat' dir='ltr'><strong>splendori,</strong></span> 
     </span>
    </p>
   </div>
   <div class='ocr_carea' id='block_1_21' title="bbox 196 2179 1854 2256">
    <p class='ocr_par' dir='ltr' id='par_1_21' title="bbox 196 2179 1854 2256">
     <span class='ocr_line' id='line_1_21' title="bbox 196 2179 1854 2256; baseline -0.001 -20"><span class='ocrx_word' id='word_1_143' title='bbox 196 2183 341 2256; x_wconf 88' lang='lat' dir='ltr'><strong>quid</strong></span> <span class='ocrx_word' id='word_1_144' title='bbox 365 2181 513 2237; x_wconf 90' lang='lat' dir='ltr'><strong>illud</strong></span> <span class='ocrx_word' id='word_1_145' title='bbox 543 2198 678 2237; x_wconf 89' lang='lat' dir='ltr'><strong>eum</strong></span> <span class='ocrx_word' id='word_1_146' title='bbox 711 2180 1012 2237; x_wconf 88' lang='lat' dir='ltr'><strong>Palentino</strong></span> <span class='ocrx_word' id='word_1_147' title='bbox 1042 2181 1098 2236; x_wconf 91' lang='lat' dir='ltr'><strong>in</strong></span> <span class='ocrx_word' id='word_1_148' title='bbox 1125 2198 1261 2254; x_wconf 88' lang='lat' dir='ltr'><strong>quo,</strong></span> <span class='ocrx_word' id='word_1_149' title='bbox 1291 2185 1356 2236; x_wconf 92' lang='lat' dir='ltr'><strong>ut</strong></span> <span class='ocrx_word' id='word_1_150' title='bbox 1385 2180 1600 2252; x_wconf 89' lang='lat' dir='ltr'><strong>legitur</strong></span> <span class='ocrx_word' id='word_1_151' title='bbox 1628 2180 1688 2235; x_wconf 92' lang='lat' dir='ltr'><strong>in</strong></span> <span class='ocrx_word' id='word_1_152' title='bbox 1721 2179 1854 2235; x_wconf 88' lang='lat' dir='ltr'><strong>Vita</strong></span> 
     </span>
    </p>
   </div>
   <div class='ocr_carea' id='block_1_22' title="bbox 193 2268 1851 2339">
    <p class='ocr_par' dir='ltr' id='par_1_22' title="bbox 193 2268 1851 2339">
     <span class='ocr_line' id='line_1_22' title="bbox 193 2268 1851 2339; baseline -0.002 -12"><span class='ocrx_word' id='word_1_153' title='bbox 193 2271 352 2328; x_wconf 85' lang='lat' dir='ltr'><strong>beati</strong></span> <span class='ocrx_word' id='word_1_154' title='bbox 386 2270 639 2339; x_wconf 87' lang='lat' dir='ltr'><strong>Geraldi,</strong></span> <span class='ocrx_word' id='word_1_155' title='bbox 675 2271 980 2326; x_wconf 88' lang='lat' dir='ltr'><strong>recitatum</strong></span> <span class='ocrx_word' id='word_1_156' title='bbox 1014 2270 1124 2326; x_wconf 90' lang='lat' dir='ltr'><strong>fuit</strong></span> <span class='ocrx_word' id='word_1_157' title='bbox 1157 2270 1565 2326; x_wconf 90' lang='lat' dir='ltr'><strong>Braccarensis</strong></span> <span class='ocrx_word' id='word_1_158' title='bbox 1585 2268 1851 2324; x_wconf 74' lang='lat' dir='ltr'><strong>Ecclesiae</strong></span> 
     </span>
    </p>
   </div>
   <div class='ocr_carea' id='block_1_23' title="bbox 191 2359 1856 2433">
    <p class='ocr_par' dir='ltr' id='par_1_23' title="bbox 191 2359 1856 2433">
     <span class='ocr_line' id='line_1_23' title="bbox 191 2359 1856 2433; baseline -0.002 -17"><span class='ocrx_word' id='word_1_159' title='bbox 191 2360 595 2433; x_wconf 86' lang='lat' dir='ltr'><strong>privilegium,</strong></span> <span class='ocrx_word' id='word_1_160' title='bbox 627 2360 922 2416; x_wconf 88' lang='lat' dir='ltr'><strong>confudit:</strong></span> <span class='ocrx_word' id='word_1_161' title='bbox 945 2361 1044 2415; x_wconf 90' lang='lat' dir='ltr'><strong>sed</strong></span> <span class='ocrx_word' id='word_1_162' title='bbox 1070 2376 1222 2415; x_wconf 90' lang='lat' dir='ltr'><strong>anno</strong></span> <span class='ocrx_word' id='word_1_163' title='bbox 1247 2361 1385 2414; x_wconf 85' lang='grc'><strong>1088</strong></span> <span class='ocrx_word' id='word_1_164' title='bbox 1407 2359 1728 2424; x_wconf 86' lang='lat' dir='ltr'><strong>desinente,</strong></span> <span class='ocrx_word' id='word_1_165' title='bbox 1753 2362 1856 2413; x_wconf 89' lang='lat' dir='ltr'><strong>aut</strong></span> 
     </span>
    </p>
   </div>
   <div class='ocr_carea' id='block_1_24' title="bbox 191 2447 1852 2522">
    <p class='ocr_par' dir='ltr' id='par_1_24' title="bbox 191 2447 1852 2522">
     <span class='ocr_line' id='line_1_24' title="bbox 191 2447 1852 2522; baseline -0.002 -16"><span class='ocrx_word' id='word_1_166' title='bbox 191 2449 500 2522; x_wconf 88' lang='lat' dir='ltr'><strong>sequentis</strong></span> <span class='ocrx_word' id='word_1_167' title='bbox 528 2449 692 2505; x_wconf 88' lang='lat' dir='ltr'><strong>initio</strong></span> <span class='ocrx_word' id='word_1_168' title='bbox 724 2449 1083 2514; x_wconf 84' lang='lat' dir='ltr'><strong>celebratum</strong></span> <span class='ocrx_word' id='word_1_169' title='bbox 1115 2449 1298 2504; x_wconf 84' lang='lat' dir='ltr'><strong>fuisse</strong></span> <span class='ocrx_word' id='word_1_170' title='bbox 1330 2448 1442 2503; x_wconf 91' lang='lat' dir='ltr'><strong>diei</strong></span> <span class='ocrx_word' id='word_1_171' title='bbox 1476 2447 1662 2504; x_wconf 90' lang='lat' dir='ltr'><strong>debet.</strong></span> <span class='ocrx_word' id='word_1_172' title='bbox 1704 2447 1852 2504; x_wconf 86' lang='lat' dir='ltr'><strong>Nam</strong></span> 
     </span>
    </p>
   </div>
   <div class='ocr_carea' id='block_1_25' title="bbox 191 2536 1852 2611">
    <p class='ocr_par' dir='ltr' id='par_1_25' title="bbox 191 2536 1852 2611">
     <span class='ocr_line' id='line_1_25' title="bbox 191 2536 1852 2611; baseline -0.003 -15"><span class='ocrx_word' id='word_1_173' title='bbox 191 2541 401 2604; x_wconf 85' lang='lat' dir='ltr'><strong>Petrus</strong></span> <span class='ocrx_word' id='word_1_174' title='bbox 429 2538 630 2606; x_wconf 84' lang='lat' dir='ltr'><strong>abbas,</strong></span> <span class='ocrx_word' id='word_1_175' title='bbox 665 2539 764 2611; x_wconf 88' lang='lat' dir='ltr'><strong>qui</strong></span> <span class='ocrx_word' id='word_1_176' title='bbox 798 2539 926 2610; x_wconf 84' lang='lat' dir='ltr'><strong>ejus</strong></span> <span class='ocrx_word' id='word_1_177' title='bbox 951 2537 1180 2594; x_wconf 90' lang='lat' dir='ltr'><strong>concilii</strong></span> <span class='ocrx_word' id='word_1_178' title='bbox 1211 2541 1492 2610; x_wconf 88' lang='lat' dir='ltr'><strong>tempore,</strong></span> <span class='ocrx_word' id='word_1_179' title='bbox 1525 2541 1626 2592; x_wconf 89' lang='lat' dir='ltr'><strong>aut</strong></span> <span class='ocrx_word' id='word_1_180' title='bbox 1646 2536 1852 2593; x_wconf 89' lang='lat' dir='ltr'><strong>saltem</strong></span> 
     </span>
    </p>
   </div>
   <div class='ocr_carea' id='block_1_26' title="bbox 189 2627 1853 2700">
    <p class='ocr_par' dir='ltr' id='par_1_26' title="bbox 189 2627 1853 2700">
     <span class='ocr_line' id='line_1_26' title="bbox 189 2627 1853 2700; baseline -0.002 -16"><span class='ocrx_word' id='word_1_181' title='bbox 189 2629 395 2684; x_wconf 84' lang='lat' dir='ltr'><strong>statim</strong></span> <span class='ocrx_word' id='word_1_182' title='bbox 428 2633 604 2700; x_wconf 86' lang='lat' dir='ltr'><strong>atque</strong></span> <span class='ocrx_word' id='word_1_183' title='bbox 639 2628 872 2683; x_wconf 84' lang='lat' dir='ltr'><strong>finitum</strong></span> <span class='ocrx_word' id='word_1_184' title='bbox 906 2628 1033 2694; x_wconf 87' lang='lat' dir='ltr'><strong>fuit,</strong></span> <span class='ocrx_word' id='word_1_185' title='bbox 1098 2627 1377 2683; x_wconf 90' lang='lat' dir='ltr'><strong>Iriensem</strong></span> <span class='ocrx_word' id='word_1_186' title='bbox 1410 2627 1727 2682; x_wconf 82' lang='lat' dir='ltr'><strong>Ecclesium</strong></span> <span class='ocrx_word' id='word_1_187' title='bbox 1759 2643 1853 2681; x_wconf 91' lang='lat' dir='ltr'><strong>oc-</strong></span> 
     </span>
    </p>
   </div>
   <div class='ocr_carea' id='block_1_27' title="bbox 189 2715 1856 2790">
    <p class='ocr_par' dir='ltr' id='par_1_27' title="bbox 189 2715 1856 2790">
     <span class='ocr_line' id='line_1_27' title="bbox 189 2715 1856 2790; baseline -0.001 -19"><span class='ocrx_word' id='word_1_188' title='bbox 189 2717 450 2790; x_wconf 88' lang='lat' dir='ltr'><strong>cupavit,</strong></span> <span class='ocrx_word' id='word_1_189' title='bbox 486 2721 621 2790; x_wconf 90' lang='lat' dir='ltr'><strong>post</strong></span> <span class='ocrx_word' id='word_1_190' title='bbox 654 2717 802 2772; x_wconf 89' lang='lat' dir='ltr'><strong>duos</strong></span> <span class='ocrx_word' id='word_1_191' title='bbox 843 2715 1148 2789; x_wconf 88' lang='lat' dir='ltr'><strong>regiminis</strong></span> <span class='ocrx_word' id='word_1_192' title='bbox 1204 2733 1390 2771; x_wconf 90' lang='lat' dir='ltr'><strong>annos</strong></span> <span class='ocrx_word' id='word_1_193' title='bbox 1447 2720 1856 2771; x_wconf 81' lang='lat' dir='ltr'><strong>exauctoratus</strong></span> 
     </span>
    </p>
   </div>
   <div class='ocr_carea' id='block_1_28' title="bbox 193 2803 1856 2878">
    <p class='ocr_par' dir='ltr' id='par_1_28' title="bbox 193 2803 1856 2878">
     <span class='ocr_line' id='line_1_28' title="bbox 193 2803 1856 2878; baseline -0.001 -18"><span class='ocrx_word' id='word_1_194' title='bbox 193 2807 318 2861; x_wconf 89' lang='lat' dir='ltr'><strong>fuit</strong></span> <span class='ocrx_word' id='word_1_195' title='bbox 343 2824 377 2862; x_wconf 90' lang='lat' dir='ltr'><strong>a</strong></span> <span class='ocrx_word' id='word_1_196' title='bbox 411 2805 656 2874; x_wconf 73' lang='lat' dir='ltr'><strong>Reperio</strong></span> <span class='ocrx_word' id='word_1_197' title='bbox 688 2804 877 2878; x_wconf 85' lang='lat' dir='ltr'><strong>legato</strong></span> <span class='ocrx_word' id='word_1_198' title='bbox 911 2806 1066 2862; x_wconf 89' lang='lat' dir='ltr'><strong>sedis</strong></span> <span class='ocrx_word' id='word_1_199' title='bbox 1118 2804 1467 2878; x_wconf 80' lang='lat' dir='ltr'><strong>apostolicae,</strong></span> <span class='ocrx_word' id='word_1_200' title='bbox 1505 2805 1558 2859; x_wconf 89' lang='lat' dir='ltr'><strong>in</strong></span> <span class='ocrx_word' id='word_1_201' title='bbox 1612 2803 1856 2861; x_wconf 89' lang='lat' dir='ltr'><strong>concilio</strong></span> 
     </span>
    </p>
   </div>
   <div class='ocr_carea' id='block_1_29' title="bbox 195 2893 1849 2968">
    <p class='ocr_par' dir='ltr' id='par_1_29' title="bbox 195 2893 1849 2968">
     <span class='ocr_line' id='line_1_29' title="bbox 195 2893 1849 2968; baseline 0.001 -19"><span class='ocrx_word' id='word_1_202' title='bbox 195 2895 572 2968; x_wconf 81' lang='lat' dir='ltr'><strong>Legionensi,</strong></span> <span class='ocrx_word' id='word_1_203' title='bbox 601 2896 755 2968; x_wconf 90' lang='lat' dir='ltr'><strong>quod</strong></span> <span class='ocrx_word' id='word_1_204' title='bbox 781 2912 848 2950; x_wconf 79' lang='lat' dir='ltr'><strong>ex</strong></span> <span class='ocrx_word' id='word_1_205' title='bbox 880 2895 1144 2951; x_wconf 90' lang='lat' dir='ltr'><strong>omnium</strong></span> <span class='ocrx_word' id='word_1_206' title='bbox 1199 2912 1486 2950; x_wconf 88' lang='lat' dir='ltr'><strong>consensu</strong></span> <span class='ocrx_word' id='word_1_207' title='bbox 1535 2911 1688 2950; x_wconf 90' lang='lat' dir='ltr'><strong>anno</strong></span> <span class='ocrx_word' id='word_1_208' title='bbox 1720 2893 1849 2950; x_wconf 73' lang='grc'><strong>4091</strong></span> 
     </span>
    </p>
   </div>
   <div class='ocr_carea' id='block_1_30' title="bbox 197 2983 1860 3056">
    <p class='ocr_par' dir='ltr' id='par_1_30' title="bbox 197 2983 1860 3056">
     <span class='ocr_line' id='line_1_30' title="bbox 197 2983 1860 3056; baseline 0.001 -17"><span class='ocrx_word' id='word_1_209' title='bbox 197 2983 541 3056; x_wconf 85' lang='lat' dir='ltr'><strong>consignari</strong></span> <span class='ocrx_word' id='word_1_210' title='bbox 573 2984 762 3040; x_wconf 90' lang='lat' dir='ltr'><strong>debet.</strong></span> <span class='ocrx_word' id='word_1_211' title='bbox 796 2984 1074 3054; x_wconf 83' lang='lat' dir='ltr'><strong>Ejusdem</strong></span> <span class='ocrx_word' id='word_1_212' title='bbox 1105 2983 1315 3040; x_wconf 88' lang='lat' dir='ltr'><strong>veteris</strong></span> <span class='ocrx_word' id='word_1_213' title='bbox 1349 2984 1714 3040; x_wconf 89' lang='lat' dir='ltr'><strong>monumenti</strong></span> <span class='ocrx_word' id='word_1_214' title='bbox 1753 3000 1860 3056; x_wconf 92' lang='lat' dir='ltr'><strong>ope</strong></span> 
     </span>
    </p>
   </div>
   <div class='ocr_carea' id='block_1_31' title="bbox 208 3071 1862 3144">
    <p class='ocr_par' dir='ltr' id='par_1_31' title="bbox 208 3071 1862 3144">
     <span class='ocr_line' id='line_1_31' title="bbox 208 3071 1862 3144; baseline -0.001 -16"><span class='ocrx_word' id='word_1_215' title='bbox 208 3071 469 3128; x_wconf 88' lang='lat' dir='ltr'><strong>multum</strong></span> <span class='ocrx_word' id='word_1_216' title='bbox 520 3071 894 3128; x_wconf 89' lang='lat' dir='ltr'><strong>illustrantur</strong></span> <span class='ocrx_word' id='word_1_217' title='bbox 940 3071 1163 3144; x_wconf 86' lang='lat' dir='ltr'><strong>aliquot</strong></span> <span class='ocrx_word' id='word_1_218' title='bbox 1208 3071 1425 3128; x_wconf 86' lang='lat' dir='ltr'><strong>Urbani</strong></span> <span class='ocrx_word' id='word_1_219' title='bbox 1472 3071 1748 3144; x_wconf 60' lang='lat' dir='ltr'><strong>epistola,</strong></span> <span class='ocrx_word' id='word_1_220' title='bbox 1802 3073 1862 3127; x_wconf 92' lang='lat' dir='ltr'><strong>in</strong></span> 
     </span>
    </p>
   </div>
   <div class='ocr_carea' id='block_1_32' title="bbox 207 3160 1866 3234">
    <p class='ocr_par' dir='ltr' id='par_1_32' title="bbox 207 3160 1866 3234">
     <span class='ocr_line' id='line_1_32' title="bbox 207 3160 1866 3234; baseline 0.002 -19"><span class='ocrx_word' id='word_1_221' title='bbox 207 3162 436 3234; x_wconf 85' lang='lat' dir='ltr'><strong>quibus</strong></span> <span class='ocrx_word' id='word_1_222' title='bbox 464 3161 722 3234; x_wconf 77' lang='lat' dir='ltr'><strong>pontifex</strong></span> <span class='ocrx_word' id='word_1_223' title='bbox 767 3160 1140 3217; x_wconf 88' lang='lat' dir='ltr'><strong>vehementer</strong></span> <span class='ocrx_word' id='word_1_224' title='bbox 1168 3162 1546 3234; x_wconf 91' lang='lat' dir='ltr'><strong>conqueritur</strong></span> <span class='ocrx_word' id='word_1_225' title='bbox 1574 3162 1727 3234; x_wconf 92' lang='lat' dir='ltr'><strong>apud</strong></span> <span class='ocrx_word' id='word_1_226' title='bbox 1769 3161 1866 3218; x_wconf 84' lang='lat' dir='ltr'><strong>Al-</strong></span> 
     </span>
    </p>
   </div>
   <div class='ocr_carea' id='block_1_33' title="bbox 207 3251 1865 3322">
    <p class='ocr_par' dir='ltr' id='par_1_33' title="bbox 207 3251 1865 3322">
     <span class='ocr_line' id='line_1_33' title="bbox 207 3251 1865 3322; baseline 0.001 -17"><span class='ocrx_word' id='word_1_227' title='bbox 207 3253 450 3306; x_wconf 83' lang='lat' dir='ltr'><strong>fonsum</strong></span> <span class='ocrx_word' id='word_1_228' title='bbox 483 3267 700 3322; x_wconf 86' lang='lat' dir='ltr'><strong>regem,</strong></span> <span class='ocrx_word' id='word_1_229' title='bbox 734 3251 804 3306; x_wconf 91' lang='lat' dir='ltr'><strong>de</strong></span> <span class='ocrx_word' id='word_1_230' title='bbox 835 3251 1168 3322; x_wconf 86' lang='lat' dir='ltr'><strong>captivitate</strong></span> <span class='ocrx_word' id='word_1_231' title='bbox 1197 3253 1436 3322; x_wconf 79' lang='lat' dir='ltr'><strong>episcopi</strong></span> <span class='ocrx_word' id='word_1_232' title='bbox 1462 3253 1642 3306; x_wconf 75' lang='lat' dir='ltr'><strong>sancti</strong></span> <span class='ocrx_word' id='word_1_233' title='bbox 1657 3251 1865 3318; x_wconf 81' lang='lat' dir='ltr'><strong>Jacobi,</strong></span> 
     </span>
    </p>
   </div>
   <div class='ocr_carea' id='block_1_34' title="bbox 3425 449 3626 640">
    <p class='ocr_par' dir='ltr' id='par_1_34' title="bbox 3425 449 3626 640">
     <span class='ocr_line' id='line_1_34' title="bbox 3425 449 3626 640; baseline -0.01 1"><span class='ocrx_word' id='word_1_234' title='bbox 3425 449 3626 640; x_wconf 61' lang='grc' dir='ltr'><strong>ρ,ῖὸ</strong></span> 
     </span>
    </p>
   </div>
   <div class='ocr_carea' id='block_1_35' title="bbox 1969 645 3615 740">
    <p class='ocr_par' dir='ltr' id='par_1_35' title="bbox 1969 645 3615 740">
     <span class='ocr_line' id='line_1_35' title="bbox 1969 645 3615 740; baseline 0.001 -20"><span class='ocrx_word' id='word_1_235' title='bbox 1969 667 2290 737; x_wconf 89' lang='lat' dir='ltr'><strong>primatum</strong></span> <span class='ocrx_word' id='word_1_236' title='bbox 2322 665 2380 720; x_wconf 91' lang='lat' dir='ltr'><strong>in</strong></span> <span class='ocrx_word' id='word_1_237' title='bbox 2413 669 2649 721; x_wconf 77' lang='lat' dir='ltr'><strong>caeteras</strong></span> <span class='ocrx_word' id='word_1_238' title='bbox 2680 664 3094 740; x_wconf 83' lang='lat' dir='ltr'><strong>Hispaniarum</strong></span> <span class='ocrx_word' id='word_1_239' title='bbox 3124 663 3408 722; x_wconf 89' lang='lat' dir='ltr'><strong>Eeclesias</strong></span> <span class='ocrx_word' id='word_1_240' title='bbox 3437 645 3615 722; x_wconf 58' lang='lat' dir='ltr'><strong>m3-</strong></span> 
     </span>
    </p>
   </div>
   <div class='ocr_carea' id='block_1_36' title="bbox 1971 753 3616 826">
    <p class='ocr_par' dir='ltr' id='par_1_36' title="bbox 1971 753 3616 826">
     <span class='ocr_line' id='line_1_36' title="bbox 1971 753 3616 826; baseline 0.002 -17"><span class='ocrx_word' id='word_1_241' title='bbox 1971 772 2084 810; x_wconf 70' lang='lat' dir='ltr'><strong>nus</strong></span> <span class='ocrx_word' id='word_1_242' title='bbox 2117 754 2384 823; x_wconf 90' lang='lat' dir='ltr'><strong>contulit,</strong></span> <span class='ocrx_word' id='word_1_243' title='bbox 2422 755 2559 810; x_wconf 91' lang='lat' dir='ltr'><strong>data</strong></span> <span class='ocrx_word' id='word_1_244' title='bbox 2589 754 2750 810; x_wconf 89' lang='lat' dir='ltr'><strong>bulla</strong></span> <span class='ocrx_word' id='word_1_245' title='bbox 2795 753 3070 826; x_wconf 59' lang='lat' dir='ltr'><strong>Anagniae.</strong></span> <span class='ocrx_word' id='word_1_246' title='bbox 3119 754 3320 811; x_wconf 84' lang='lat' dir='ltr'><strong>Idibus</strong></span> <span class='ocrx_word' id='word_1_247' title='bbox 3351 754 3616 812; x_wconf 79' lang='lat' dir='ltr'><strong>Octobris</strong></span> 
     </span>
    </p>
   </div>
   <div class='ocr_carea' id='block_1_37' title="bbox 1968 842 3614 917">
    <p class='ocr_par' dir='ltr' id='par_1_37' title="bbox 1968 842 3614 917">
     <span class='ocr_line' id='line_1_37' title="bbox 1968 842 3614 917; baseline 0.002 -20"><span class='ocrx_word' id='word_1_248' title='bbox 1968 843 2147 914; x_wconf 83' lang='lat' dir='ltr'><strong>hujus</strong></span> <span class='ocrx_word' id='word_1_249' title='bbox 2169 842 2327 909; x_wconf 91' lang='lat' dir='ltr'><strong>anni,</strong></span> <span class='ocrx_word' id='word_1_250' title='bbox 2365 843 2422 898; x_wconf 92' lang='lat' dir='ltr'><strong>in</strong></span> <span class='ocrx_word' id='word_1_251' title='bbox 2456 861 2571 916; x_wconf 88' lang='lat' dir='ltr'><strong>qua</strong></span> <span class='ocrx_word' id='word_1_252' title='bbox 2591 842 2752 916; x_wconf 89' lang='lat' dir='ltr'><strong>pallii</strong></span> <span class='ocrx_word' id='word_1_253' title='bbox 2786 843 3179 917; x_wconf 88' lang='lat' dir='ltr'><strong>privilegium,</strong></span> <span class='ocrx_word' id='word_1_254' title='bbox 3211 847 3267 900; x_wconf 87' lang='lat' dir='ltr'><strong>et</strong></span> <span class='ocrx_word' id='word_1_255' title='bbox 3290 843 3614 917; x_wconf 85' lang='lat' dir='ltr'><strong>primatum</strong></span> 
     </span>
    </p>
   </div>
   <div class='ocr_carea' id='block_1_38' title="bbox 1968 931 3618 1006">
    <p class='ocr_par' dir='ltr' id='par_1_38' title="bbox 1968 931 3618 1006">
     <span class='ocr_line' id='line_1_38' title="bbox 1968 931 3618 1006; baseline 0.001 -19"><span class='ocrx_word' id='word_1_256' title='bbox 1968 932 2027 986; x_wconf 90' lang='lat' dir='ltr'><strong>in</strong></span> <span class='ocrx_word' id='word_1_257' title='bbox 2059 931 2358 1004; x_wconf 88' lang='lat' dir='ltr'><strong>Hispaniis</strong></span> <span class='ocrx_word' id='word_1_258' title='bbox 2390 949 2451 988; x_wconf 91' lang='lat' dir='ltr'><strong>se</strong></span> <span class='ocrx_word' id='word_1_259' title='bbox 2481 933 2531 988; x_wconf 91' lang='lat' dir='ltr'><strong>ei</strong></span> <span class='ocrx_word' id='word_1_260' title='bbox 2563 933 2825 988; x_wconf 86' lang='lat' dir='ltr'><strong>conferre</strong></span> <span class='ocrx_word' id='word_1_261' title='bbox 2855 931 3131 1002; x_wconf 88' lang='lat' dir='ltr'><strong>declarat,</strong></span> <span class='ocrx_word' id='word_1_262' title='bbox 3167 933 3240 988; x_wconf 90' lang='lat' dir='ltr'><strong>ad</strong></span> <span class='ocrx_word' id='word_1_263' title='bbox 3279 932 3338 988; x_wconf 91' lang='lat' dir='ltr'><strong>id</strong></span> <span class='ocrx_word' id='word_1_264' title='bbox 3361 933 3618 1006; x_wconf 70' lang='lat' dir='ltr'><strong>precibus</strong></span> 
     </span>
    </p>
   </div>
   <div class='ocr_carea' id='block_1_39' title="bbox 1969 1021 3614 1095">
    <p class='ocr_par' dir='ltr' id='par_1_39' title="bbox 1969 1021 3614 1095">
     <span class='ocr_line' id='line_1_39' title="bbox 1969 1021 3614 1095; baseline 0.001 -18"><span class='ocrx_word' id='word_1_265' title='bbox 1969 1021 2227 1092; x_wconf 78' lang='lat' dir='ltr'><strong>Ilde/onsi</strong></span> <span class='ocrx_word' id='word_1_266' title='bbox 2275 1023 2421 1091; x_wconf 76' lang='lat' dir='ltr'><strong>regis</strong></span> <span class='ocrx_word' id='word_1_267' title='bbox 2495 1021 2797 1088; x_wconf 87' lang='lat' dir='ltr'><strong>excitatus,</strong></span> <span class='ocrx_word' id='word_1_268' title='bbox 2875 1023 2946 1078; x_wconf 92' lang='lat' dir='ltr'><strong>ob</strong></span> <span class='ocrx_word' id='word_1_269' title='bbox 3005 1021 3275 1095; x_wconf 85' lang='lat' dir='ltr'><strong>antiquas</strong></span> <span class='ocrx_word' id='word_1_270' title='bbox 3343 1021 3614 1080; x_wconf 62' lang='lat' dir='ltr'><strong>Ecclesiae</strong></span> 
     </span>
    </p>
   </div>
   <div class='ocr_carea' id='block_1_40' title="bbox 1969 1110 3614 1187">
    <p class='ocr_par' dir='ltr' id='par_1_40' title="bbox 1969 1110 3614 1187">
     <span class='ocr_line' id='line_1_40' title="bbox 1969 1110 3614 1187; baseline 0.002 -21"><span class='ocrx_word' id='word_1_271' title='bbox 1969 1110 2258 1166; x_wconf 62' lang='lat' dir='ltr'><strong>Toletanm</strong></span> <span class='ocrx_word' id='word_1_272' title='bbox 2289 1111 2720 1183; x_wconf 79' lang='lat' dir='ltr'><strong>praerogativae.</strong></span> <span class='ocrx_word' id='word_1_273' title='bbox 2754 1113 2879 1177; x_wconf 88' lang='lat' dir='ltr'><strong>Qua</strong></span> <span class='ocrx_word' id='word_1_274' title='bbox 2908 1111 2978 1166; x_wconf 90' lang='lat' dir='ltr'><strong>de</strong></span> <span class='ocrx_word' id='word_1_275' title='bbox 2999 1128 3060 1167; x_wconf 89' lang='lat' dir='ltr'><strong>re</strong></span> <span class='ocrx_word' id='word_1_276' title='bbox 3090 1129 3206 1168; x_wconf 92' lang='lat' dir='ltr'><strong>non</strong></span> <span class='ocrx_word' id='word_1_277' title='bbox 3227 1127 3422 1186; x_wconf 83' lang='lat' dir='ltr'><strong>regem</strong></span> <span class='ocrx_word' id='word_1_278' title='bbox 3439 1112 3614 1187; x_wconf 89' lang='lat' dir='ltr'><strong>modo</strong></span> 
     </span>
    </p>
   </div>
   <div class='ocr_carea' id='block_1_41' title="bbox 1969 1197 3613 1274">
    <p class='ocr_par' dir='ltr' id='par_1_41' title="bbox 1969 1197 3613 1274">
     <span class='ocr_line' id='line_1_41' title="bbox 1969 1197 3613 1274; baseline 0.002 -20"><span class='ocrx_word' id='word_1_279' title='bbox 1969 1203 2070 1254; x_wconf 91' lang='lat' dir='ltr'><strong>aut</strong></span> <span class='ocrx_word' id='word_1_280' title='bbox 2099 1200 2399 1272; x_wconf 90' lang='lat' dir='ltr'><strong>Hugonem</strong></span> <span class='ocrx_word' id='word_1_281' title='bbox 2431 1197 2722 1268; x_wconf 85' lang='lat' dir='ltr'><strong>abbatem,</strong></span> <span class='ocrx_word' id='word_1_282' title='bbox 2755 1201 2856 1256; x_wconf 89' lang='lat' dir='ltr'><strong>sed</strong></span> <span class='ocrx_word' id='word_1_283' title='bbox 2879 1201 3054 1256; x_wconf 89' lang='lat' dir='ltr'><strong>etiam</strong></span> <span class='ocrx_word' id='word_1_284' title='bbox 3081 1202 3384 1259; x_wconf 89' lang='lat' dir='ltr'><strong>universos</strong></span> <span class='ocrx_word' id='word_1_285' title='bbox 3403 1201 3613 1274; x_wconf 86' lang='lat' dir='ltr'><strong>Hispa-</strong></span> 
     </span>
    </p>
   </div>
   <div class='ocr_carea' id='block_1_42' title="bbox 1969 1289 3617 1363">
    <p class='ocr_par' dir='ltr' id='par_1_42' title="bbox 1969 1289 3617 1363">
     <span class='ocr_line' id='line_1_42' title="bbox 1969 1289 3617 1363; baseline 0.001 -19"><span class='ocrx_word' id='word_1_286' title='bbox 1969 1290 2200 1344; x_wconf 89' lang='lat' dir='ltr'><strong>niarum</strong></span> <span class='ocrx_word' id='word_1_287' title='bbox 2225 1289 2693 1363; x_wconf 87' lang='lat' dir='ltr'><strong>archiepiscopos</strong></span> <span class='ocrx_word' id='word_1_288' title='bbox 2724 1291 2998 1346; x_wconf 90' lang='lat' dir='ltr'><strong>certiores</strong></span> <span class='ocrx_word' id='word_1_289' title='bbox 3031 1290 3182 1346; x_wconf 83' lang='lat' dir='ltr'><strong>fecit.</strong></span> <span class='ocrx_word' id='word_1_290' title='bbox 3217 1290 3462 1348; x_wconf 80' lang='lat' dir='ltr'><strong>Litteras</strong></span> <span class='ocrx_word' id='word_1_291' title='bbox 3480 1305 3617 1346; x_wconf 82' lang='lat' dir='ltr'><strong>vero</strong></span> 
     </span>
    </p>
   </div>
   <div class='ocr_carea' id='block_1_43' title="bbox 1970 1377 3618 1451">
    <p class='ocr_par' dir='ltr' id='par_1_43' title="bbox 1970 1377 3618 1451">
     <span class='ocr_line' id='line_1_43' title="bbox 1970 1377 3618 1451; baseline 0.002 -19"><span class='ocrx_word' id='word_1_292' title='bbox 1970 1395 2117 1450; x_wconf 86' lang='lat' dir='ltr'><strong>quas</strong></span> <span class='ocrx_word' id='word_1_293' title='bbox 2148 1378 2328 1449; x_wconf 88' lang='lat' dir='ltr'><strong>hujus</strong></span> <span class='ocrx_word' id='word_1_294' title='bbox 2358 1377 2440 1433; x_wconf 91' lang='lat' dir='ltr'><strong>rei</strong></span> <span class='ocrx_word' id='word_1_295' title='bbox 2470 1394 2649 1434; x_wconf 89' lang='lat' dir='ltr'><strong>causa</strong></span> <span class='ocrx_word' id='word_1_296' title='bbox 2707 1377 2942 1450; x_wconf 87' lang='lat' dir='ltr'><strong>scripsit</strong></span> <span class='ocrx_word' id='word_1_297' title='bbox 2986 1378 3264 1451; x_wconf 82' lang='lat' dir='ltr'><strong>pontifex,</strong></span> <span class='ocrx_word' id='word_1_298' title='bbox 3294 1378 3404 1435; x_wconf 88' lang='lat' dir='ltr'><strong>etsi</strong></span> <span class='ocrx_word' id='word_1_299' title='bbox 3461 1377 3618 1436; x_wconf 85' lang='lat' dir='ltr'><strong>notis</strong></span> 
     </span>
    </p>
   </div>
   <div class='ocr_carea' id='block_1_44' title="bbox 1969 1466 3619 1540">
    <p class='ocr_par' dir='ltr' id='par_1_44' title="bbox 1969 1466 3619 1540">
     <span class='ocr_line' id='line_1_44' title="bbox 1969 1466 3619 1540; baseline 0 -18"><span class='ocrx_word' id='word_1_300' title='bbox 1969 1466 2399 1539; x_wconf 89' lang='lat' dir='ltr'><strong>chronologicis</strong></span> <span class='ocrx_word' id='word_1_301' title='bbox 2444 1471 2697 1534; x_wconf 75' lang='lat' dir='ltr'><strong>careant,</strong></span> <span class='ocrx_word' id='word_1_302' title='bbox 2749 1467 2821 1522; x_wconf 88' lang='lat' dir='ltr'><strong>ad</strong></span> <span class='ocrx_word' id='word_1_303' title='bbox 2869 1467 3027 1523; x_wconf 91' lang='lat' dir='ltr'><strong>hunc</strong></span> <span class='ocrx_word' id='word_1_304' title='bbox 3077 1482 3298 1523; x_wconf 89' lang='lat' dir='ltr'><strong>annum</strong></span> <span class='ocrx_word' id='word_1_305' title='bbox 3327 1467 3619 1540; x_wconf 78' lang='lat' dir='ltr'><strong>pertinere</strong></span> 
     </span>
    </p>
   </div>
   <div class='ocr_carea' id='block_1_45' title="bbox 1969 1555 3617 1613">
    <p class='ocr_par' dir='ltr' id='par_1_45' title="bbox 1969 1555 3617 1613">
     <span class='ocr_line' id='line_1_45' title="bbox 1969 1555 3617 1613; baseline 0 -1"><span class='ocrx_word' id='word_1_306' title='bbox 1969 1574 2140 1612; x_wconf 89' lang='lat' dir='ltr'><strong>nemo</strong></span> <span class='ocrx_word' id='word_1_307' title='bbox 2169 1573 2284 1611; x_wconf 90' lang='lat' dir='ltr'><strong>non</strong></span> <span class='ocrx_word' id='word_1_308' title='bbox 2340 1556 2515 1611; x_wconf 88' lang='lat' dir='ltr'><strong>videt.</strong></span> <span class='ocrx_word' id='word_1_309' title='bbox 2574 1555 2950 1612; x_wconf 63' lang='lat' dir='ltr'><strong>Prmmissum</strong></span> <span class='ocrx_word' id='word_1_310' title='bbox 2999 1555 3288 1613; x_wconf 62' lang='lat' dir='ltr'><strong>Toletanis</strong></span> <span class='ocrx_word' id='word_1_311' title='bbox 3347 1556 3617 1613; x_wconf 63' lang='lat' dir='ltr'><strong>Ecclesia</strong></span> 
     </span>
    </p>
   </div>
   <div class='ocr_carea' id='block_1_46' title="bbox 1970 1643 3619 1718">
    <p class='ocr_par' dir='ltr' id='par_1_46' title="bbox 1970 1643 3619 1718">
     <span class='ocr_line' id='line_1_46' title="bbox 1970 1643 3619 1718; baseline 0.002 -19"><span class='ocrx_word' id='word_1_312' title='bbox 1970 1643 2336 1718; x_wconf 88' lang='lat' dir='ltr'><strong>privilegium</strong></span> <span class='ocrx_word' id='word_1_313' title='bbox 2366 1644 2424 1699; x_wconf 90' lang='lat' dir='ltr'><strong>in</strong></span> <span class='ocrx_word' id='word_1_314' title='bbox 2456 1645 2788 1717; x_wconf 90' lang='lat' dir='ltr'><strong>Appendice</strong></span> <span class='ocrx_word' id='word_1_315' title='bbox 2818 1644 3013 1700; x_wconf 85' lang='lat' dir='ltr'><strong>locum</strong></span> <span class='ocrx_word' id='word_1_316' title='bbox 3064 1645 3322 1712; x_wconf 91' lang='lat' dir='ltr'><strong>habebit,</strong></span> <span class='ocrx_word' id='word_1_317' title='bbox 3380 1645 3531 1701; x_wconf 88' lang='lat' dir='ltr'><strong>sicut</strong></span> <span class='ocrx_word' id='word_1_318' title='bbox 3559 1649 3619 1702; x_wconf 90' lang='lat' dir='ltr'><strong>et</strong></span> 
     </span>
    </p>
   </div>
   <div class='ocr_carea' id='block_1_47' title="bbox 1969 1733 3616 1808">
    <p class='ocr_par' dir='ltr' id='par_1_47' title="bbox 1969 1733 3616 1808">
     <span class='ocr_line' id='line_1_47' title="bbox 1969 1733 3616 1808; baseline 0.002 -21"><span class='ocrx_word' id='word_1_319' title='bbox 1969 1734 2227 1806; x_wconf 79' lang='lat' dir='ltr'><strong>Gregorii</strong></span> <span class='ocrx_word' id='word_1_320' title='bbox 2259 1735 2327 1790; x_wconf 80' lang='lat' dir='ltr'><strong>IX</strong></span> <span class='ocrx_word' id='word_1_321' title='bbox 2357 1735 2426 1790; x_wconf 88' lang='lat' dir='ltr'><strong>de</strong></span> <span class='ocrx_word' id='word_1_322' title='bbox 2456 1735 2657 1790; x_wconf 89' lang='lat' dir='ltr'><strong>eadem</strong></span> <span class='ocrx_word' id='word_1_323' title='bbox 2690 1734 3128 1808; x_wconf 12' lang='lat' dir='ltr'><strong>revrescriptum</strong></span> <span class='ocrx_word' id='word_1_324' title='bbox 3159 1735 3231 1790; x_wconf 88' lang='lat' dir='ltr'><strong>ad</strong></span> <span class='ocrx_word' id='word_1_325' title='bbox 3264 1733 3616 1791; x_wconf 84' lang='lat' dir='ltr'><strong>Rodericum</strong></span> 
     </span>
    </p>
   </div>
   <div class='ocr_carea' id='block_1_48' title="bbox 1967 1823 3614 1897">
    <p class='ocr_par' dir='ltr' id='par_1_48' title="bbox 1967 1823 3614 1897">
     <span class='ocr_line' id='line_1_48' title="bbox 1967 1823 3614 1897; baseline 0.001 -19"><span class='ocrx_word' id='word_1_326' title='bbox 1967 1824 2310 1879; x_wconf 90' lang='lat' dir='ltr'><strong>Toletanum</strong></span> <span class='ocrx_word' id='word_1_327' title='bbox 2345 1823 2874 1896; x_wconf 89' lang='lat' dir='ltr'><strong>archiepiscopum,</strong></span> <span class='ocrx_word' id='word_1_328' title='bbox 2910 1824 3007 1897; x_wconf 89' lang='lat' dir='ltr'><strong>qui</strong></span> <span class='ocrx_word' id='word_1_329' title='bbox 3043 1823 3480 1897; x_wconf 82' lang='lat' dir='ltr'><strong>privilegiorum</strong></span> <span class='ocrx_word' id='word_1_330' title='bbox 3507 1823 3614 1879; x_wconf 83' lang='lat' dir='ltr'><strong>Ec-</strong></span> 
     </span>
    </p>
   </div>
   <div class='ocr_carea' id='block_1_49' title="bbox 1969 1910 3616 1986">
    <p class='ocr_par' dir='ltr' id='par_1_49' title="bbox 1969 1910 3616 1986">
     <span class='ocr_line' id='line_1_49' title="bbox 1969 1910 3616 1986; baseline 0.001 -20"><span class='ocrx_word' id='word_1_331' title='bbox 1969 1911 2155 1967; x_wconf 81' lang='lat' dir='ltr'><strong>clesiae</strong></span> <span class='ocrx_word' id='word_1_332' title='bbox 2186 1929 2305 1968; x_wconf 76' lang='lat' dir='ltr'><strong>suae</strong></span> <span class='ocrx_word' id='word_1_333' title='bbox 2335 1911 2691 1984; x_wconf 88' lang='lat' dir='ltr'><strong>exemplaria</strong></span> <span class='ocrx_word' id='word_1_334' title='bbox 2723 1929 2832 1969; x_wconf 88' lang='lat' dir='ltr'><strong>sua</strong></span> <span class='ocrx_word' id='word_1_335' title='bbox 2862 1912 3202 1969; x_wconf 87' lang='lat' dir='ltr'><strong>authentica</strong></span> <span class='ocrx_word' id='word_1_336' title='bbox 3230 1913 3303 1968; x_wconf 89' lang='lat' dir='ltr'><strong>ab</strong></span> <span class='ocrx_word' id='word_1_337' title='bbox 3324 1929 3391 1969; x_wconf 91' lang='lat' dir='ltr'><strong>eo</strong></span> <span class='ocrx_word' id='word_1_338' title='bbox 3421 1910 3616 1986; x_wconf 84' lang='lat' dir='ltr'><strong>ponti-</strong></span> 
     </span>
    </p>
   </div>
   <div class='ocr_carea' id='block_1_50' title="bbox 1913 1999 3619 2073">
    <p class='ocr_par' dir='ltr' id='par_1_50' title="bbox 1913 1999 3619 2073">
     <span class='ocr_line' id='line_1_50' title="bbox 1913 1999 3619 2073; baseline 0.002 -19"><span class='ocrx_word' id='word_1_339' title='bbox 1913 1999 1934 2024; x_wconf 64' lang='lat'><strong><em>&quot;</em></strong></span> <span class='ocrx_word' id='word_1_340' title='bbox 1965 2000 2070 2056; x_wconf 85' lang='lat' dir='ltr'><strong>ﬁce</strong></span> <span class='ocrx_word' id='word_1_341' title='bbox 2131 1999 2545 2072; x_wconf 87' lang='lat' dir='ltr'><strong>postulaverat.</strong></span> <span class='ocrx_word' id='word_1_342' title='bbox 2610 2003 2774 2073; x_wconf 90' lang='lat' dir='ltr'><strong>Ipsas</strong></span> <span class='ocrx_word' id='word_1_343' title='bbox 2826 2005 3022 2057; x_wconf 90' lang='lat' dir='ltr'><strong>autem</strong></span> <span class='ocrx_word' id='word_1_344' title='bbox 3079 1999 3304 2058; x_wconf 87' lang='lat' dir='ltr'><strong>lit-teras</strong></span> <span class='ocrx_word' id='word_1_345' title='bbox 3361 2000 3619 2057; x_wconf 84' lang='lat' dir='ltr'><strong>edendas</strong></span> 
     </span>
    </p>
   </div>
   <div class='ocr_carea' id='block_1_51' title="bbox 1963 2088 3620 2164">
    <p class='ocr_par' dir='ltr' id='par_1_51' title="bbox 1963 2088 3620 2164">
     <span class='ocr_line' id='line_1_51' title="bbox 1963 2088 3620 2164; baseline 0.001 -21"><span class='ocrx_word' id='word_1_346' title='bbox 1963 2089 2662 2161; x_wconf 88' lang='lat' dir='ltr'><strong>relinquimuslaborioso</strong></span> <span class='ocrx_word' id='word_1_347' title='bbox 2685 2089 3028 2163; x_wconf 79' lang='lat' dir='ltr'><strong>eruditoque</strong></span> <span class='ocrx_word' id='word_1_348' title='bbox 3050 2089 3481 2162; x_wconf 85' lang='lat' dir='ltr'><strong>pontiﬁciarum</strong></span> <span class='ocrx_word' id='word_1_349' title='bbox 3503 2088 3620 2164; x_wconf 62' lang='lat' dir='ltr'><strong>epi-</strong></span> 
     </span>
    </p>
   </div>
   <div class='ocr_carea' id='block_1_52' title="bbox 1967 2177 3618 2252">
    <p class='ocr_par' dir='ltr' id='par_1_52' title="bbox 1967 2177 3618 2252">
     <span class='ocr_line' id='line_1_52' title="bbox 1967 2177 3618 2252; baseline 0.001 -19"><span class='ocrx_word' id='word_1_350' title='bbox 1967 2178 2250 2234; x_wconf 88' lang='lat' dir='ltr'><strong>stolarum</strong></span> <span class='ocrx_word' id='word_1_351' title='bbox 2283 2177 2598 2250; x_wconf 87' lang='lat' dir='ltr'><strong>eollectori,</strong></span> <span class='ocrx_word' id='word_1_352' title='bbox 2645 2195 2717 2234; x_wconf 90' lang='lat' dir='ltr'><strong>ne</strong></span> <span class='ocrx_word' id='word_1_353' title='bbox 2748 2178 2993 2251; x_wconf 90' lang='lat' dir='ltr'><strong>repetita</strong></span> <span class='ocrx_word' id='word_1_354' title='bbox 3022 2179 3240 2252; x_wconf 63' lang='lat' dir='ltr'><strong>saepius</strong></span> <span class='ocrx_word' id='word_1_355' title='bbox 3277 2178 3618 2236; x_wconf 84' lang='lat' dir='ltr'><strong>earumdem</strong></span> 
     </span>
    </p>
   </div>
   <div class='ocr_carea' id='block_1_53' title="bbox 1963 2266 3620 2342">
    <p class='ocr_par' dir='ltr' id='par_1_53' title="bbox 1963 2266 3620 2342">
     <span class='ocr_line' id='line_1_53' title="bbox 1963 2266 3620 2342; baseline 0.002 -20"><span class='ocrx_word' id='word_1_356' title='bbox 1963 2284 2161 2323; x_wconf 89' lang='lat' dir='ltr'><strong>rerum</strong></span> <span class='ocrx_word' id='word_1_357' title='bbox 2193 2267 2448 2324; x_wconf 89' lang='lat' dir='ltr'><strong>editione</strong></span> <span class='ocrx_word' id='word_1_358' title='bbox 2471 2266 2742 2324; x_wconf 89' lang='lat' dir='ltr'><strong>litteratis</strong></span> <span class='ocrx_word' id='word_1_359' title='bbox 2767 2267 3048 2324; x_wconf 89' lang='lat' dir='ltr'><strong>librorum</strong></span> <span class='ocrx_word' id='word_1_360' title='bbox 3070 2268 3436 2342; x_wconf 76' lang='lat' dir='ltr'><strong>emptoribus</strong></span> <span class='ocrx_word' id='word_1_361' title='bbox 3457 2266 3620 2325; x_wconf 85' lang='lat' dir='ltr'><strong>oneni</strong></span> 
     </span>
    </p>
   </div>
   <div class='ocr_carea' id='block_1_54' title="bbox 1965 2374 2176 2413">
    <p class='ocr_par' dir='ltr' id='par_1_54' title="bbox 1965 2374 2176 2413">
     <span class='ocr_line' id='line_1_54' title="bbox 1965 2374 2176 2413; baseline 0.009 -2"><span class='ocrx_word' id='word_1_362' title='bbox 1965 2374 2176 2413; x_wconf 76' lang='lat' dir='ltr'><strong>almus.</strong></span> 
     </span>
    </p>
   </div>
   <div class='ocr_carea' id='block_1_55' title="bbox 1962 2445 3611 2506">
    <p class='ocr_par' dir='ltr' id='par_1_55' title="bbox 1962 2445 3611 2506">
     <span class='ocr_line' id='line_1_55' title="bbox 1962 2445 3611 2506; baseline 0.001 -5"><span class='ocrx_word' id='word_1_363' title='bbox 1962 2446 2209 2503; x_wconf 84' lang='lat' dir='ltr'><strong>XXXllI.</strong></span> <span class='ocrx_word' id='word_1_364' title='bbox 2263 2445 2516 2502; x_wconf 77' lang='lat' dir='ltr'><strong>Artaldus</strong></span> <span class='ocrx_word' id='word_1_365' title='bbox 2545 2447 2863 2503; x_wconf 73' lang='lat' dir='ltr'><strong>Helenensis</strong></span> <span class='ocrx_word' id='word_1_366' title='bbox 2893 2448 2961 2503; x_wconf 86' lang='lat' dir='ltr'><strong>ab</strong></span> <span class='ocrx_word' id='word_1_367' title='bbox 2990 2448 3204 2506; x_wconf 82' lang='lat' dir='ltr'><strong>Urbano</strong></span> <span class='ocrx_word' id='word_1_368' title='bbox 3244 2449 3611 2504; x_wconf 74' lang='lat' dir='ltr'><strong>consecratur.</strong></span> 
     </span>
    </p>
   </div>
   <div class='ocr_carea' id='block_1_56' title="bbox 2034 2535 3612 2612">
    <p class='ocr_par' dir='ltr' id='par_1_56' title="bbox 2034 2535 3612 2612">
     <span class='ocr_line' id='line_1_56' title="bbox 2034 2535 3612 2612; baseline -0.001 -21"><span class='ocrx_word' id='word_1_369' title='bbox 2034 2535 2287 2592; x_wconf 90' lang='lat' dir='ltr'><strong>Emersit</strong></span> <span class='ocrx_word' id='word_1_370' title='bbox 2308 2535 2462 2592; x_wconf 89' lang='lat' dir='ltr'><strong>circa</strong></span> <span class='ocrx_word' id='word_1_371' title='bbox 2488 2535 2636 2591; x_wconf 90' lang='lat' dir='ltr'><strong>illud</strong></span> <span class='ocrx_word' id='word_1_372' title='bbox 2667 2540 2901 2610; x_wconf 82' lang='lat' dir='ltr'><strong>tempus</strong></span> <span class='ocrx_word' id='word_1_373' title='bbox 2931 2536 3531 2612; x_wconf 84' lang='lat' dir='ltr'><strong>graviscontroversia</strong></span> <span class='ocrx_word' id='word_1_374' title='bbox 3551 2535 3612 2590; x_wconf 83' lang='lat' dir='ltr'><strong>in</strong></span> 
     </span>
    </p>
   </div>
   <div class='ocr_carea' id='block_1_57' title="bbox 1963 2624 3613 2698">
    <p class='ocr_par' dir='ltr' id='par_1_57' title="bbox 1963 2624 3613 2698">
     <span class='ocr_line' id='line_1_57' title="bbox 1963 2624 3613 2698; baseline 0.001 -18"><span class='ocrx_word' id='word_1_375' title='bbox 1963 2625 2260 2698; x_wconf 89' lang='lat' dir='ltr'><strong>provincia</strong></span> <span class='ocrx_word' id='word_1_376' title='bbox 2281 2625 2643 2681; x_wconf 87' lang='lat' dir='ltr'><strong>Narbonensi</strong></span> <span class='ocrx_word' id='word_1_377' title='bbox 2671 2626 2824 2682; x_wconf 86' lang='lat' dir='ltr'><strong>inter</strong></span> <span class='ocrx_word' id='word_1_378' title='bbox 2846 2626 3151 2683; x_wconf 87' lang='lat' dir='ltr'><strong>Artaldum</strong></span> <span class='ocrx_word' id='word_1_379' title='bbox 3182 2626 3433 2682; x_wconf 88' lang='lat' dir='ltr'><strong>electum</strong></span> <span class='ocrx_word' id='word_1_380' title='bbox 3452 2624 3613 2682; x_wconf 86' lang='lat' dir='ltr'><strong>Hele-</strong></span> 
     </span>
    </p>
   </div>
   <div class='ocr_carea' id='block_1_58' title="bbox 1965 2713 3612 2792">
    <p class='ocr_par' dir='ltr' id='par_1_58' title="bbox 1965 2713 3612 2792">
     <span class='ocr_line' id='line_1_58' title="bbox 1965 2713 3612 2792; baseline 0.001 -22"><span class='ocrx_word' id='word_1_381' title='bbox 1965 2731 2206 2771; x_wconf 87' lang='lat' dir='ltr'><strong>nensem</strong></span> <span class='ocrx_word' id='word_1_382' title='bbox 2239 2715 2577 2786; x_wconf 90' lang='lat' dir='ltr'><strong>episcopum</strong></span> <span class='ocrx_word' id='word_1_383' title='bbox 2608 2719 2666 2770; x_wconf 92' lang='lat' dir='ltr'><strong>et</strong></span> <span class='ocrx_word' id='word_1_384' title='bbox 2694 2714 3048 2771; x_wconf 85' lang='lat' dir='ltr'><strong>Dalmatium</strong></span> <span class='ocrx_word' id='word_1_385' title='bbox 3070 2715 3198 2787; x_wconf 87' lang='lat' dir='ltr'><strong>ejus</strong></span> <span class='ocrx_word' id='word_1_386' title='bbox 3219 2713 3612 2792; x_wconf 84' lang='lat' dir='ltr'><strong>metropolita-</strong></span> 
     </span>
    </p>
   </div>
   <div class='ocr_carea' id='block_1_59' title="bbox 1966 2803 3612 2878">
    <p class='ocr_par' dir='ltr' id='par_1_59' title="bbox 1966 2803 3612 2878">
     <span class='ocr_line' id='line_1_59' title="bbox 1966 2803 3612 2878; baseline 0.001 -18"><span class='ocrx_word' id='word_1_387' title='bbox 1966 2821 2131 2871; x_wconf 89' lang='lat' dir='ltr'><strong>num,</strong></span> <span class='ocrx_word' id='word_1_388' title='bbox 2166 2805 2265 2876; x_wconf 85' lang='lat' dir='ltr'><strong>qui</strong></span> <span class='ocrx_word' id='word_1_389' title='bbox 2297 2820 2431 2859; x_wconf 90' lang='lat' dir='ltr'><strong>eum</strong></span> <span class='ocrx_word' id='word_1_390' title='bbox 2458 2805 2530 2859; x_wconf 91' lang='lat' dir='ltr'><strong>ob</strong></span> <span class='ocrx_word' id='word_1_391' title='bbox 2547 2803 2816 2875; x_wconf 76' lang='lat' dir='ltr'><strong>Simonize</strong></span> <span class='ocrx_word' id='word_1_392' title='bbox 2837 2804 3232 2878; x_wconf 89' lang='lat' dir='ltr'><strong>suspicionem</strong></span> <span class='ocrx_word' id='word_1_393' title='bbox 3270 2819 3612 2861; x_wconf 73' lang='lat' dir='ltr'><strong>consecrare</strong></span> 
     </span>
    </p>
   </div>
   <div class='ocr_carea' id='block_1_60' title="bbox 1969 2891 3619 2970">
    <p class='ocr_par' dir='ltr' id='par_1_60' title="bbox 1969 2891 3619 2970">
     <span class='ocr_line' id='line_1_60' title="bbox 1969 2891 3619 2970; baseline 0 -21"><span class='ocrx_word' id='word_1_394' title='bbox 1969 2894 2270 2949; x_wconf 85' lang='lat' dir='ltr'><strong>renuebat.</strong></span> <span class='ocrx_word' id='word_1_395' title='bbox 2298 2891 2574 2948; x_wconf 89' lang='lat' dir='ltr'><strong>Artaldus</strong></span> <span class='ocrx_word' id='word_1_396' title='bbox 2604 2893 2756 2948; x_wconf 89' lang='lat' dir='ltr'><strong>hanc</strong></span> <span class='ocrx_word' id='word_1_397' title='bbox 2790 2894 3086 2966; x_wconf 85' lang='lat' dir='ltr'><strong>repulsam</strong></span> <span class='ocrx_word' id='word_1_398' title='bbox 3134 2909 3346 2966; x_wconf 91' lang='lat' dir='ltr'><strong>passus</strong></span> <span class='ocrx_word' id='word_1_399' title='bbox 3372 2892 3619 2970; x_wconf 83' lang='lat' dir='ltr'><strong>Romam</strong></span> 
     </span>
    </p>
   </div>
   <div class='ocr_carea' id='block_1_61' title="bbox 1973 2980 3621 3056">
    <p class='ocr_par' dir='ltr' id='par_1_61' title="bbox 1973 2980 3621 3056">
     <span class='ocr_line' id='line_1_61' title="bbox 1973 2980 3621 3056; baseline 0 -18"><span class='ocrx_word' id='word_1_400' title='bbox 1973 2983 2133 3050; x_wconf 87' lang='lat' dir='ltr'><strong>adiit,</strong></span> <span class='ocrx_word' id='word_1_401' title='bbox 2195 2982 2392 3054; x_wconf 88' lang='lat' dir='ltr'><strong>ibique</strong></span> <span class='ocrx_word' id='word_1_402' title='bbox 2442 2983 2698 3054; x_wconf 82' lang='lat' dir='ltr'><strong>praestita</strong></span> <span class='ocrx_word' id='word_1_403' title='bbox 2757 2987 3120 3039; x_wconf 89' lang='lat' dir='ltr'><strong>sacramento</strong></span> <span class='ocrx_word' id='word_1_404' title='bbox 3177 2986 3488 3056; x_wconf 85' lang='lat' dir='ltr'><strong>purgatus,</strong></span> <span class='ocrx_word' id='word_1_405' title='bbox 3545 2980 3621 3038; x_wconf 85' lang='lat' dir='ltr'><strong>ab</strong></span> 
     </span>
    </p>
   </div>
   <div class='ocr_carea' id='block_1_62' title="bbox 1975 3070 3622 3143">
    <p class='ocr_par' dir='ltr' id='par_1_62' title="bbox 1975 3070 3622 3143">
     <span class='ocr_line' id='line_1_62' title="bbox 1975 3070 3622 3143; baseline 0.001 -17"><span class='ocrx_word' id='word_1_406' title='bbox 1975 3071 2206 3127; x_wconf 88' lang='lat' dir='ltr'><strong>Urbano</strong></span> <span class='ocrx_word' id='word_1_407' title='bbox 2229 3071 2355 3142; x_wconf 89' lang='lat' dir='ltr'><strong>ipso</strong></span> <span class='ocrx_word' id='word_1_408' title='bbox 2369 3075 2742 3127; x_wconf 89' lang='lat' dir='ltr'><strong>consecratus</strong></span> <span class='ocrx_word' id='word_1_409' title='bbox 2771 3074 2878 3128; x_wconf 90' lang='lat' dir='ltr'><strong>est.</strong></span> <span class='ocrx_word' id='word_1_410' title='bbox 2902 3073 2964 3127; x_wconf 91' lang='lat' dir='ltr'><strong>Id</strong></span> <span class='ocrx_word' id='word_1_411' title='bbox 2991 3071 3204 3141; x_wconf 85' lang='lat' dir='ltr'><strong>fusius,</strong></span> <span class='ocrx_word' id='word_1_412' title='bbox 3226 3071 3313 3127; x_wconf 88' lang='lat' dir='ltr'><strong>uti</strong></span> <span class='ocrx_word' id='word_1_413' title='bbox 3335 3070 3622 3143; x_wconf 85' lang='lat' dir='ltr'><strong>conjicere</strong></span> 
     </span>
    </p>
   </div>
   <div class='ocr_carea' id='block_1_63' title="bbox 1974 3159 3623 3233">
    <p class='ocr_par' dir='ltr' id='par_1_63' title="bbox 1974 3159 3623 3233">
     <span class='ocr_line' id='line_1_63' title="bbox 1974 3159 3623 3233; baseline 0.001 -19"><span class='ocrx_word' id='word_1_414' title='bbox 1974 3160 2129 3228; x_wconf 87' lang='lat' dir='ltr'><strong>licet,</strong></span> <span class='ocrx_word' id='word_1_415' title='bbox 2160 3159 2517 3231; x_wconf 90' lang='lat' dir='ltr'><strong>descriptum</strong></span> <span class='ocrx_word' id='word_1_416' title='bbox 2551 3163 2675 3215; x_wconf 87' lang='lat' dir='ltr'><strong>erat</strong></span> <span class='ocrx_word' id='word_1_417' title='bbox 2701 3160 2761 3216; x_wconf 92' lang='lat' dir='ltr'><strong>in</strong></span> <span class='ocrx_word' id='word_1_418' title='bbox 2792 3160 3010 3217; x_wconf 89' lang='lat' dir='ltr'><strong>Urbani</strong></span> <span class='ocrx_word' id='word_1_419' title='bbox 3043 3160 3256 3232; x_wconf 88' lang='lat' dir='ltr'><strong>Gestis,</strong></span> <span class='ocrx_word' id='word_1_420' title='bbox 3293 3177 3364 3218; x_wconf 87' lang='lat' dir='ltr'><strong>ex</strong></span> <span class='ocrx_word' id='word_1_421' title='bbox 3405 3159 3623 3233; x_wconf 84' lang='lat' dir='ltr'><strong>quibus</strong></span> 
     </span>
    </p>
   </div>
   <div class='ocr_carea' id='block_1_64' title="bbox 1978 3248 3626 3306">
    <p class='ocr_par' dir='ltr' id='par_1_64' title="bbox 1978 3248 3626 3306">
     <span class='ocr_line' id='line_1_64' title="bbox 1978 3248 3626 3306; baseline 0.001 -2"><span class='ocrx_word' id='word_1_422' title='bbox 1978 3265 2256 3305; x_wconf 88' lang='lat' dir='ltr'><strong>canonem</strong></span> <span class='ocrx_word' id='word_1_423' title='bbox 2279 3249 2552 3304; x_wconf 87' lang='lat' dir='ltr'><strong>Artaldus</strong></span> <span class='ocrx_word' id='word_1_424' title='bbox 2585 3249 2644 3304; x_wconf 93' lang='lat' dir='ltr'><strong>in</strong></span> <span class='ocrx_word' id='word_1_425' title='bbox 2677 3266 2854 3305; x_wconf 92' lang='lat' dir='ltr'><strong>suum</strong></span> <span class='ocrx_word' id='word_1_426' title='bbox 2885 3249 3182 3306; x_wconf 89' lang='lat' dir='ltr'><strong>decretum</strong></span> <span class='ocrx_word' id='word_1_427' title='bbox 3201 3249 3513 3306; x_wconf 86' lang='lat' dir='ltr'><strong>Gratianus</strong></span> <span class='ocrx_word' id='word_1_428' title='bbox 3541 3248 3626 3306; x_wconf 91' lang='lat' dir='ltr'><strong>in-</strong></span> 
     </span>
    </p>
   </div>
   <div class='ocr_carea' id='block_1_65' title="bbox 205 3323 3622 3413">
    <p class='ocr_par' dir='ltr' id='par_1_65' title="bbox 205 3323 3622 3413">
     <span class='ocr_line' id='line_1_65' title="bbox 205 3323 3622 3413; baseline 0 -18"><span class='ocrx_word' id='word_1_429' title='bbox 205 3357 272 3395; x_wconf 88' lang='lat' dir='ltr'><strong>ae</strong></span> <span class='ocrx_word' id='word_1_430' title='bbox 306 3339 380 3395; x_wconf 88' lang='lat' dir='ltr'><strong>de</strong></span> <span class='ocrx_word' id='word_1_431' title='bbox 407 3340 671 3411; x_wconf 81' lang='lat' dir='ltr'><strong>ejusdem</strong></span> <span class='ocrx_word' id='word_1_432' title='bbox 706 3338 1013 3413; x_wconf 87' lang='lat' dir='ltr'><strong>illegitima</strong></span> <span class='ocrx_word' id='word_1_433' title='bbox 1044 3340 1532 3408; x_wconf 86' lang='lat' dir='ltr'><strong>exauctoratioue,</strong></span> <span class='ocrx_word' id='word_1_434' title='bbox 1565 3359 1598 3395; x_wconf 92' lang='lat' dir='ltr'><strong>a</strong></span> <span class='ocrx_word' id='word_1_435' title='bbox 1628 3340 1862 3396; x_wconf 85' lang='lat' dir='ltr'><strong>Richar-</strong></span> <span class='ocrx_word' id='word_1_436' title='bbox 1892 3323 1934 3390; x_wconf 88' lang='lat' dir='ltr'>C</span> <span class='ocrx_word' id='word_1_437' title='bbox 1973 3338 2124 3394; x_wconf 86' lang='lat' dir='ltr'><strong>vexit</strong></span> <span class='ocrx_word' id='word_1_438' title='bbox 2145 3341 2198 3404; x_wconf 90' lang='lat'><strong>8,</strong></span> <span class='ocrx_word' id='word_1_439' title='bbox 2233 3354 2286 3409; x_wconf 93' lang='lat' dir='ltr'><strong>q.</strong></span> <span class='ocrx_word' id='word_1_440' title='bbox 2318 3338 2376 3408; x_wconf 88' lang='lat'><strong>3,</strong></span> <span class='ocrx_word' id='word_1_441' title='bbox 2410 3356 2458 3392; x_wconf 92' lang='lat' dir='ltr'><strong>e.</strong></span> <span class='ocrx_word' id='word_1_442' title='bbox 2491 3341 2548 3407; x_wconf 88' lang='lat'><strong>2,</strong></span> <span class='ocrx_word' id='word_1_443' title='bbox 2581 3338 2681 3393; x_wconf 91' lang='lat' dir='ltr'><strong>ubi</strong></span> <span class='ocrx_word' id='word_1_444' title='bbox 2711 3337 2808 3394; x_wconf 92' lang='lat' dir='ltr'><strong>ille</strong></span> <span class='ocrx_word' id='word_1_445' title='bbox 2855 3337 3156 3404; x_wconf 89' lang='lat' dir='ltr'><strong>mendose,</strong></span> <span class='ocrx_word' id='word_1_446' title='bbox 3205 3339 3291 3394; x_wconf 89' lang='lat' dir='ltr'><strong>uti</strong></span> <span class='ocrx_word' id='word_1_447' title='bbox 3333 3337 3622 3408; x_wconf 85' lang='lat' dir='ltr'><strong>dicemus,</strong></span> 
     </span>
    </p>
   </div>
   <div class='ocr_carea' id='block_1_66' title="bbox 205 3427 1864 3501">
    <p class='ocr_par' dir='ltr' id='par_1_66' title="bbox 205 3427 1864 3501">
     <span class='ocr_line' id='line_1_66' title="bbox 205 3427 1864 3501; baseline -0.001 -15"><span class='ocrx_word' id='word_1_448' title='bbox 205 3429 278 3486; x_wconf 88' lang='lat' dir='ltr'><strong>do</strong></span> <span class='ocrx_word' id='word_1_449' title='bbox 315 3433 523 3484; x_wconf 89' lang='lat' dir='ltr'><strong>contra</strong></span> <span class='ocrx_word' id='word_1_450' title='bbox 554 3427 789 3501; x_wconf 88' lang='lat' dir='ltr'><strong>regulas</strong></span> <span class='ocrx_word' id='word_1_451' title='bbox 820 3433 1121 3485; x_wconf 87' lang='lat' dir='ltr'><strong>attentala.</strong></span> <span class='ocrx_word' id='word_1_452' title='bbox 1158 3429 1302 3484; x_wconf 87' lang='lat' dir='ltr'><strong>Hinc</strong></span> <span class='ocrx_word' id='word_1_453' title='bbox 1352 3429 1527 3484; x_wconf 86' lang='lat' dir='ltr'><strong>etiam</strong></span> <span class='ocrx_word' id='word_1_454' title='bbox 1579 3429 1864 3485; x_wconf 89' lang='lat' dir='ltr'><strong>discimus</strong></span> 
     </span>
    </p>
   </div>
   <div class='ocr_carea' id='block_1_67' title="bbox 203 3517 1865 3591">
    <p class='ocr_par' dir='ltr' id='par_1_67' title="bbox 203 3517 1865 3591">
     <span class='ocr_line' id='line_1_67' title="bbox 203 3517 1865 3591; baseline 0.001 -18"><span class='ocrx_word' id='word_1_455' title='bbox 203 3534 313 3573; x_wconf 88' lang='lat' dir='ltr'><strong>cur</strong></span> <span class='ocrx_word' id='word_1_456' title='bbox 346 3517 638 3582; x_wconf 88' lang='lat' dir='ltr'><strong>Urbanus,</strong></span> <span class='ocrx_word' id='word_1_457' title='bbox 674 3517 869 3574; x_wconf 90' lang='lat' dir='ltr'><strong>ablata</strong></span> <span class='ocrx_word' id='word_1_458' title='bbox 901 3517 1190 3574; x_wconf 85' lang='lat' dir='ltr'><strong>Riehardo</strong></span> <span class='ocrx_word' id='word_1_459' title='bbox 1214 3518 1525 3591; x_wconf 89' lang='lat' dir='ltr'><strong>legatione,</strong></span> <span class='ocrx_word' id='word_1_460' title='bbox 1546 3518 1702 3575; x_wconf 88' lang='lat' dir='ltr'><strong>vices</strong></span> <span class='ocrx_word' id='word_1_461' title='bbox 1726 3536 1865 3574; x_wconf 90' lang='lat' dir='ltr'><strong>suas</strong></span> 
     </span>
    </p>
   </div>
   <div class='ocr_carea' id='block_1_68' title="bbox 205 3606 1866 3679">
    <p class='ocr_par' dir='ltr' id='par_1_68' title="bbox 205 3606 1866 3679">
     <span class='ocr_line' id='line_1_68' title="bbox 205 3606 1866 3679; baseline 0.002 -19"><span class='ocrx_word' id='word_1_462' title='bbox 205 3607 260 3661; x_wconf 91' lang='lat' dir='ltr'><strong>in</strong></span> <span class='ocrx_word' id='word_1_463' title='bbox 294 3606 585 3679; x_wconf 85' lang='lat' dir='ltr'><strong>Hispania</strong></span> <span class='ocrx_word' id='word_1_464' title='bbox 618 3607 911 3662; x_wconf 89' lang='lat' dir='ltr'><strong>Bernardo</strong></span> <span class='ocrx_word' id='word_1_465' title='bbox 940 3606 1216 3664; x_wconf 89' lang='lat' dir='ltr'><strong>Toletano</strong></span> <span class='ocrx_word' id='word_1_466' title='bbox 1248 3607 1499 3662; x_wconf 89' lang='lat' dir='ltr'><strong>antistiti</strong></span> <span class='ocrx_word' id='word_1_467' title='bbox 1551 3608 1866 3663; x_wconf 88' lang='lat' dir='ltr'><strong>commise-</strong></span> 
     </span>
    </p>
   </div>
   <div class='ocr_carea' id='block_1_69' title="bbox 200 3694 1292 3768">
    <p class='ocr_par' dir='ltr' id='par_1_69' title="bbox 200 3694 1292 3768">
     <span class='ocr_line' id='line_1_69' title="bbox 200 3694 1292 3768; baseline -0.001 -17"><span class='ocrx_word' id='word_1_468' title='bbox 200 3698 297 3751; x_wconf 89' lang='lat' dir='ltr'><strong>rit.</strong></span> <span class='ocrx_word' id='word_1_469' title='bbox 335 3699 552 3760; x_wconf 67' lang='lat' dir='ltr'><strong>Cmtera</strong></span> <span class='ocrx_word' id='word_1_470' title='bbox 583 3696 708 3752; x_wconf 89' lang='lat' dir='ltr'><strong>suis</strong></span> <span class='ocrx_word' id='word_1_471' title='bbox 738 3694 881 3752; x_wconf 89' lang='lat' dir='ltr'><strong>locis</strong></span> <span class='ocrx_word' id='word_1_472' title='bbox 913 3699 1292 3768; x_wconf 87' lang='lat' dir='ltr'><strong>exponentur.</strong></span> 
     </span>
    </p>
   </div>
   <div class='ocr_carea' id='block_1_70' title="bbox 269 3784 1864 3858">
    <p class='ocr_par' dir='ltr' id='par_1_70' title="bbox 269 3784 1864 3858">
     <span class='ocr_line' id='line_1_70' title="bbox 269 3784 1864 3858; baseline -0.001 -16"><span class='ocrx_word' id='word_1_473' title='bbox 269 3787 421 3842; x_wconf 87' lang='lat' dir='ltr'><strong>Cum</strong></span> <span class='ocrx_word' id='word_1_474' title='bbox 451 3784 650 3857; x_wconf 85' lang='lat' dir='ltr'><strong>itaque</strong></span> <span class='ocrx_word' id='word_1_475' title='bbox 682 3785 773 3840; x_wconf 91' lang='lat' dir='ltr'><strong>his</strong></span> <span class='ocrx_word' id='word_1_476' title='bbox 795 3784 983 3849; x_wconf 85' lang='lat' dir='ltr'><strong>turbis</strong></span> <span class='ocrx_word' id='word_1_477' title='bbox 1004 3785 1269 3840; x_wconf 82' lang='lat' dir='ltr'><strong>Ecclesiae</strong></span> <span class='ocrx_word' id='word_1_478' title='bbox 1295 3784 1546 3841; x_wconf 86' lang='lat' dir='ltr'><strong>Galliciae</strong></span> <span class='ocrx_word' id='word_1_479' title='bbox 1577 3785 1864 3858; x_wconf 88' lang='lat' dir='ltr'><strong>agitaren-</strong></span> 
     </span>
    </p>
   </div>
   <div class='ocr_carea' id='block_1_71' title="bbox 195 3873 1861 3948">
    <p class='ocr_par' dir='ltr' id='par_1_71' title="bbox 195 3873 1861 3948">
     <span class='ocr_line' id='line_1_71' title="bbox 195 3873 1861 3948; baseline 0 -18"><span class='ocrx_word' id='word_1_480' title='bbox 195 3879 322 3942; x_wconf 88' lang='lat' dir='ltr'><strong>tur,</strong></span> <span class='ocrx_word' id='word_1_481' title='bbox 384 3875 718 3930; x_wconf 89' lang='lat' dir='ltr'><strong>Bernardus</strong></span> <span class='ocrx_word' id='word_1_482' title='bbox 775 3875 893 3945; x_wconf 83' lang='lat' dir='ltr'><strong>jam</strong></span> <span class='ocrx_word' id='word_1_483' title='bbox 946 3878 1322 3931; x_wconf 89' lang='lat' dir='ltr'><strong>consecratus</strong></span> <span class='ocrx_word' id='word_1_484' title='bbox 1393 3873 1577 3931; x_wconf 88' lang='lat' dir='ltr'><strong>Toleti</strong></span> <span class='ocrx_word' id='word_1_485' title='bbox 1637 3875 1861 3948; x_wconf 91' lang='lat' dir='ltr'><strong>episco-</strong></span> 
     </span>
    </p>
   </div>
   <div class='ocr_carea' id='block_1_72' title="bbox 197 3962 1861 4038">
    <p class='ocr_par' dir='ltr' id='par_1_72' title="bbox 197 3962 1861 4038">
     <span class='ocr_line' id='line_1_72' title="bbox 197 3962 1861 4038; baseline -0.001 -18"><span class='ocrx_word' id='word_1_486' title='bbox 197 3981 337 4038; x_wconf 89' lang='lat' dir='ltr'><strong>pus,</strong></span> <span class='ocrx_word' id='word_1_487' title='bbox 371 3968 439 4019; x_wconf 90' lang='lat' dir='ltr'><strong>ut</strong></span> <span class='ocrx_word' id='word_1_488' title='bbox 486 3962 746 4036; x_wconf 82' lang='lat' dir='ltr'><strong>plerique</strong></span> <span class='ocrx_word' id='word_1_489' title='bbox 802 3963 1157 4032; x_wconf 86' lang='lat' dir='ltr'><strong>existimant,</strong></span> <span class='ocrx_word' id='word_1_490' title='bbox 1215 3965 1366 4035; x_wconf 91' lang='lat' dir='ltr'><strong>quod</strong></span> <span class='ocrx_word' id='word_1_491' title='bbox 1426 3963 1662 4036; x_wconf 89' lang='lat' dir='ltr'><strong>quidem</strong></span> <span class='ocrx_word' id='word_1_492' title='bbox 1713 3964 1861 4020; x_wconf 91' lang='lat' dir='ltr'><strong>veri-</strong></span> 
     </span>
    </p>
   </div>
   <div class='ocr_carea' id='block_1_73' title="bbox 195 4051 1860 4120">
    <p class='ocr_par' dir='ltr' id='par_1_73' title="bbox 195 4051 1860 4120">
     <span class='ocr_line' id='line_1_73' title="bbox 195 4051 1860 4120; baseline 0.001 -12"><span class='ocrx_word' id='word_1_493' title='bbox 195 4051 467 4116; x_wconf 87' lang='lat' dir='ltr'><strong>similius</strong></span> <span class='ocrx_word' id='word_1_494' title='bbox 493 4056 600 4120; x_wconf 91' lang='lat' dir='ltr'><strong>est,</strong></span> <span class='ocrx_word' id='word_1_495' title='bbox 635 4055 737 4108; x_wconf 90' lang='lat' dir='ltr'><strong>aut</strong></span> <span class='ocrx_word' id='word_1_496' title='bbox 782 4055 934 4119; x_wconf 85' lang='lat' dir='ltr'><strong>certe</strong></span> <span class='ocrx_word' id='word_1_497' title='bbox 964 4051 1335 4108; x_wconf 87' lang='lat' dir='ltr'><strong>solummodo</strong></span> <span class='ocrx_word' id='word_1_498' title='bbox 1369 4053 1438 4108; x_wconf 91' lang='lat' dir='ltr'><strong>ad</strong></span> <span class='ocrx_word' id='word_1_499' title='bbox 1479 4051 1630 4108; x_wconf 91' lang='lat' dir='ltr'><strong>hanc</strong></span> <span class='ocrx_word' id='word_1_500' title='bbox 1661 4053 1860 4109; x_wconf 90' lang='lat' dir='ltr'><strong>sedem</strong></span> 
     </span>
    </p>
   </div>
   <div class='ocr_carea' id='block_1_74' title="bbox 193 4141 1858 4212">
    <p class='ocr_par' dir='ltr' id='par_1_74' title="bbox 193 4141 1858 4212">
     <span class='ocr_line' id='line_1_74' title="bbox 193 4141 1858 4212; baseline 0.001 -16"><span class='ocrx_word' id='word_1_501' title='bbox 193 4142 574 4212; x_wconf 81' lang='lat' dir='ltr'><strong>designatus,</strong></span> <span class='ocrx_word' id='word_1_502' title='bbox 639 4141 712 4207; x_wconf 88' lang='lat' dir='ltr'><strong>si,</strong></span> <span class='ocrx_word' id='word_1_503' title='bbox 770 4145 835 4197; x_wconf 89' lang='lat' dir='ltr'><strong>ut</strong></span> <span class='ocrx_word' id='word_1_504' title='bbox 891 4141 988 4197; x_wconf 88' lang='lat' dir='ltr'><strong>alii</strong></span> <span class='ocrx_word' id='word_1_505' title='bbox 1047 4141 1270 4204; x_wconf 88' lang='lat' dir='ltr'><strong>volunt,</strong></span> <span class='ocrx_word' id='word_1_506' title='bbox 1325 4159 1528 4196; x_wconf 90' lang='lat' dir='ltr'><strong>verum</strong></span> <span class='ocrx_word' id='word_1_507' title='bbox 1590 4142 1668 4196; x_wconf 87' lang='lat' dir='ltr'><strong>sit</strong></span> <span class='ocrx_word' id='word_1_508' title='bbox 1724 4159 1858 4198; x_wconf 88' lang='lat' dir='ltr'><strong>eum</strong></span> 
     </span>
    </p>
   </div>
   <div class='ocr_carea' id='block_1_75' title="bbox 194 4229 1858 4303">
    <p class='ocr_par' dir='ltr' id='par_1_75' title="bbox 194 4229 1858 4303">
     <span class='ocr_line' id='line_1_75' title="bbox 194 4229 1858 4303; baseline 0.001 -17"><span class='ocrx_word' id='word_1_509' title='bbox 194 4232 270 4286; x_wconf 87' lang='lat' dir='ltr'><strong>ab</strong></span> <span class='ocrx_word' id='word_1_510' title='bbox 337 4229 596 4297; x_wconf 90' lang='lat' dir='ltr'><strong>Urbano,</strong></span> <span class='ocrx_word' id='word_1_511' title='bbox 651 4231 806 4302; x_wconf 91' lang='lat' dir='ltr'><strong>quod</strong></span> <span class='ocrx_word' id='word_1_512' title='bbox 865 4232 992 4303; x_wconf 89' lang='lat' dir='ltr'><strong>ipse</strong></span> <span class='ocrx_word' id='word_1_513' title='bbox 1045 4247 1372 4303; x_wconf 88' lang='lat' dir='ltr'><strong>numquam</strong></span> <span class='ocrx_word' id='word_1_514' title='bbox 1429 4231 1595 4296; x_wconf 81' lang='lat' dir='ltr'><strong>dixit,</strong></span> <span class='ocrx_word' id='word_1_515' title='bbox 1655 4247 1858 4287; x_wconf 84' lang='lat' dir='ltr'><strong>conse-</strong></span> 
     </span>
    </p>
   </div>
   <div class='ocr_carea' id='block_1_76' title="bbox 195 4319 1858 4387">
    <p class='ocr_par' dir='ltr' id='par_1_76' title="bbox 195 4319 1858 4387">
     <span class='ocr_line' id='line_1_76' title="bbox 195 4319 1858 4387; baseline 0.001 -13"><span class='ocrx_word' id='word_1_516' title='bbox 195 4325 435 4376; x_wconf 85' lang='lat' dir='ltr'><strong>cratum</strong></span> <span class='ocrx_word' id='word_1_517' title='bbox 495 4319 696 4387; x_wconf 86' lang='lat' dir='ltr'><strong>fuisse,</strong></span> <span class='ocrx_word' id='word_1_518' title='bbox 777 4320 1022 4376; x_wconf 83' lang='lat' dir='ltr'><strong>Romam</strong></span> <span class='ocrx_word' id='word_1_519' title='bbox 1079 4320 1239 4375; x_wconf 87' lang='lat' dir='ltr'><strong>venit</strong></span> <span class='ocrx_word' id='word_1_520' title='bbox 1293 4320 1576 4376; x_wconf 86' lang='lat' dir='ltr'><strong>adversus</strong></span> <span class='ocrx_word' id='word_1_521' title='bbox 1618 4320 1858 4376; x_wconf 86' lang='lat' dir='ltr'><strong>Richar-</strong></span> 
     </span>
    </p>
   </div>
   <div class='ocr_carea' id='block_1_77' title="bbox 193 4407 1856 4482">
    <p class='ocr_par' dir='ltr' id='par_1_77' title="bbox 193 4407 1856 4482">
     <span class='ocr_line' id='line_1_77' title="bbox 193 4407 1856 4482; baseline 0.001 -19"><span class='ocrx_word' id='word_1_522' title='bbox 193 4410 370 4475; x_wconf 90' lang='lat' dir='ltr'><strong>dum,</strong></span> <span class='ocrx_word' id='word_1_523' title='bbox 431 4407 481 4464; x_wconf 90' lang='lat' dir='ltr'><strong>si</strong></span> <span class='ocrx_word' id='word_1_524' title='bbox 542 4407 820 4464; x_wconf 85' lang='lat' dir='ltr'><strong>Roderico</strong></span> <span class='ocrx_word' id='word_1_525' title='bbox 878 4409 1156 4465; x_wconf 87' lang='lat' dir='ltr'><strong>Toletano</strong></span> <span class='ocrx_word' id='word_1_526' title='bbox 1215 4409 1544 4476; x_wconf 88' lang='lat' dir='ltr'><strong>credamus,</strong></span> <span class='ocrx_word' id='word_1_527' title='bbox 1606 4427 1856 4482; x_wconf 91' lang='lat' dir='ltr'><strong>conque-</strong></span> 
     </span>
    </p>
   </div>
   <div class='ocr_carea' id='block_1_78' title="bbox 193 4496 1855 4571">
    <p class='ocr_par' dir='ltr' id='par_1_78' title="bbox 193 4496 1855 4571">
     <span class='ocr_line' id='line_1_78' title="bbox 193 4496 1855 4571; baseline 0 -19"><span class='ocrx_word' id='word_1_528' title='bbox 193 4501 430 4563; x_wconf 87' lang='lat' dir='ltr'><strong>sturus,</strong></span> <span class='ocrx_word' id='word_1_529' title='bbox 480 4496 591 4564; x_wconf 89' lang='lat' dir='ltr'><strong>vel,</strong></span> <span class='ocrx_word' id='word_1_530' title='bbox 626 4500 690 4551; x_wconf 89' lang='lat' dir='ltr'><strong>ut</strong></span> <span class='ocrx_word' id='word_1_531' title='bbox 717 4496 849 4552; x_wconf 89' lang='lat' dir='ltr'><strong>aliis</strong></span> <span class='ocrx_word' id='word_1_532' title='bbox 894 4497 1104 4570; x_wconf 87' lang='lat' dir='ltr'><strong>placet,</strong></span> <span class='ocrx_word' id='word_1_533' title='bbox 1160 4499 1232 4553; x_wconf 86' lang='lat' dir='ltr'><strong>ad</strong></span> <span class='ocrx_word' id='word_1_534' title='bbox 1280 4497 1570 4554; x_wconf 88' lang='lat' dir='ltr'><strong>visitanda</strong></span> <span class='ocrx_word' id='word_1_535' title='bbox 1624 4503 1855 4571; x_wconf 88' lang='lat' dir='ltr'><strong>aposto-</strong></span> 
     </span>
    </p>
   </div>
   <div class='ocr_carea' id='block_1_79' title="bbox 192 4584 1853 4660">
    <p class='ocr_par' dir='ltr' id='par_1_79' title="bbox 192 4584 1853 4660">
     <span class='ocr_line' id='line_1_79' title="bbox 192 4584 1853 4660; baseline 0.001 -20"><span class='ocrx_word' id='word_1_536' title='bbox 192 4584 397 4642; x_wconf 89' lang='lat' dir='ltr'><strong>lorum</strong></span> <span class='ocrx_word' id='word_1_537' title='bbox 453 4584 678 4651; x_wconf 87' lang='lat' dir='ltr'><strong>limina,</strong></span> <span class='ocrx_word' id='word_1_538' title='bbox 711 4589 861 4642; x_wconf 90' lang='lat' dir='ltr'><strong>etut</strong></span> <span class='ocrx_word' id='word_1_539' title='bbox 909 4586 1192 4659; x_wconf 89' lang='lat' dir='ltr'><strong>obsequia</strong></span> <span class='ocrx_word' id='word_1_540' title='bbox 1239 4603 1346 4642; x_wconf 90' lang='lat' dir='ltr'><strong>sua</strong></span> <span class='ocrx_word' id='word_1_541' title='bbox 1376 4605 1520 4643; x_wconf 92' lang='lat' dir='ltr'><strong>novo</strong></span> <span class='ocrx_word' id='word_1_542' title='bbox 1574 4587 1853 4660; x_wconf 85' lang='lat' dir='ltr'><strong>pontifici,</strong></span> 
     </span>
    </p>
   </div>
   <div class='ocr_carea' id='block_1_80' title="bbox 1974 3427 3624 3501">
    <p class='ocr_par' dir='ltr' id='par_1_80' title="bbox 1974 3427 3624 3501">
     <span class='ocr_line' id='line_1_80' title="bbox 1974 3427 3624 3501; baseline 0.001 -19"><span class='ocrx_word' id='word_1_543' title='bbox 1974 3429 2251 3500; x_wconf 77' lang='lat' dir='ltr'><strong>episcOpus</strong></span> <span class='ocrx_word' id='word_1_544' title='bbox 2307 3427 2637 3483; x_wconf 71' lang='lat' dir='ltr'><strong>Arelatensis</strong></span> <span class='ocrx_word' id='word_1_545' title='bbox 2713 3427 3056 3500; x_wconf 90' lang='lat' dir='ltr'><strong>appellatur.</strong></span> <span class='ocrx_word' id='word_1_546' title='bbox 3119 3427 3198 3484; x_wconf 93' lang='lat' dir='ltr'><strong>De</strong></span> <span class='ocrx_word' id='word_1_547' title='bbox 3258 3445 3373 3501; x_wconf 90' lang='lat' dir='ltr'><strong>quo</strong></span> <span class='ocrx_word' id='word_1_548' title='bbox 3430 3442 3624 3484; x_wconf 87' lang='lat' dir='ltr'><strong>errore</strong></span> 
     </span>
    </p>
   </div>
   <div class='ocr_carea' id='block_1_81' title="bbox 1974 3515 3626 3590">
    <p class='ocr_par' dir='ltr' id='par_1_81' title="bbox 1974 3515 3626 3590">
     <span class='ocr_line' id='line_1_81' title="bbox 1974 3515 3626 3590; baseline 0.002 -19"><span class='ocrx_word' id='word_1_549' title='bbox 1974 3534 2108 3572; x_wconf 90' lang='lat' dir='ltr'><strong>eum</strong></span> <span class='ocrx_word' id='word_1_550' title='bbox 2143 3517 2235 3570; x_wconf 91' lang='lat' dir='ltr'><strong>hic</strong></span> <span class='ocrx_word' id='word_1_551' title='bbox 2269 3532 2453 3571; x_wconf 90' lang='lat' dir='ltr'><strong>canon</strong></span> <span class='ocrx_word' id='word_1_552' title='bbox 2487 3517 2559 3572; x_wconf 92' lang='lat' dir='ltr'><strong>ad</strong></span> <span class='ocrx_word' id='word_1_553' title='bbox 2585 3515 2882 3572; x_wconf 87' lang='lat' dir='ltr'><strong>Urbanum</strong></span> <span class='ocrx_word' id='word_1_554' title='bbox 2908 3517 3176 3573; x_wconf 83' lang='lat' dir='ltr'><strong>uestrum</strong></span> <span class='ocrx_word' id='word_1_555' title='bbox 3199 3520 3439 3590; x_wconf 89' lang='lat' dir='ltr'><strong>spectet,</strong></span> <span class='ocrx_word' id='word_1_556' title='bbox 3455 3518 3626 3590; x_wconf 81' lang='lat' dir='ltr'><strong>juvat</strong></span> 
     </span>
    </p>
   </div>
   <div class='ocr_carea' id='block_1_82' title="bbox 1974 3605 3627 3679">
    <p class='ocr_par' dir='ltr' id='par_1_82' title="bbox 1974 3605 3627 3679">
     <span class='ocr_line' id='line_1_82' title="bbox 1974 3605 3627 3679; baseline 0.002 -19"><span class='ocrx_word' id='word_1_557' title='bbox 1974 3605 2067 3660; x_wconf 91' lang='lat' dir='ltr'><strong>hic</strong></span> <span class='ocrx_word' id='word_1_558' title='bbox 2101 3605 2273 3678; x_wconf 88' lang='lat' dir='ltr'><strong>paulo</strong></span> <span class='ocrx_word' id='word_1_559' title='bbox 2305 3605 2634 3661; x_wconf 89' lang='lat' dir='ltr'><strong>accuratius</strong></span> <span class='ocrx_word' id='word_1_560' title='bbox 2664 3605 2980 3676; x_wconf 89' lang='lat' dir='ltr'><strong>inquirere.</strong></span> <span class='ocrx_word' id='word_1_561' title='bbox 3006 3606 3351 3664; x_wconf 88' lang='lat' dir='ltr'><strong>Franciscus</strong></span> <span class='ocrx_word' id='word_1_562' title='bbox 3371 3607 3627 3679; x_wconf 83' lang='lat' dir='ltr'><strong>Bosque-</strong></span> 
     </span>
    </p>
   </div>
   <div class='ocr_carea' id='block_1_83' title="bbox 1975 3694 3623 3768">
    <p class='ocr_par' dir='ltr' id='par_1_83' title="bbox 1975 3694 3623 3768">
     <span class='ocr_line' id='line_1_83' title="bbox 1975 3694 3623 3768; baseline 0.003 -21"><span class='ocrx_word' id='word_1_563' title='bbox 1975 3697 2068 3748; x_wconf 87' lang='lat' dir='ltr'><strong>tus</strong></span> <span class='ocrx_word' id='word_1_564' title='bbox 2091 3695 2330 3749; x_wconf 86' lang='lat' dir='ltr'><strong>meritos</strong></span> <span class='ocrx_word' id='word_1_565' title='bbox 2363 3694 2733 3766; x_wconf 88' lang='lat' dir='ltr'><strong>reprehendit</strong></span> <span class='ocrx_word' id='word_1_566' title='bbox 2763 3695 3022 3750; x_wconf 88' lang='lat' dir='ltr'><strong>Gratiani</strong></span> <span class='ocrx_word' id='word_1_567' title='bbox 3045 3696 3316 3763; x_wconf 88' lang='lat' dir='ltr'><strong>editores,</strong></span> <span class='ocrx_word' id='word_1_568' title='bbox 3351 3696 3501 3768; x_wconf 91' lang='lat' dir='ltr'><strong>quod</strong></span> <span class='ocrx_word' id='word_1_569' title='bbox 3518 3711 3623 3768; x_wconf 90' lang='lat' dir='ltr'><strong>pro</strong></span> 
     </span>
    </p>
   </div>
   <div class='ocr_carea' id='block_1_84' title="bbox 1972 3781 3620 3854">
    <p class='ocr_par' dir='ltr' id='par_1_84' title="bbox 1972 3781 3620 3854">
     <span class='ocr_line' id='line_1_84' title="bbox 1972 3781 3620 3854; baseline 0.001 -16"><span class='ocrx_word' id='word_1_570' title='bbox 1972 3783 2321 3852; x_wconf 78' lang='lat' dir='ltr'><strong>Arelatensis,</strong></span> <span class='ocrx_word' id='word_1_571' title='bbox 2382 3781 2694 3854; x_wconf 88' lang='lat' dir='ltr'><strong>legendum</strong></span> <span class='ocrx_word' id='word_1_572' title='bbox 2743 3799 2871 3840; x_wconf 87' lang='lat' dir='ltr'><strong>esse</strong></span> <span class='ocrx_word' id='word_1_573' title='bbox 2918 3784 3210 3839; x_wconf 74' lang='lat' dir='ltr'><strong>Electensz&#39;s</strong></span> <span class='ocrx_word' id='word_1_574' title='bbox 3263 3783 3620 3851; x_wconf 82' lang='lat' dir='ltr'><strong>censuerint,</strong></span> 
     </span>
    </p>
   </div>
   <div class='ocr_carea' id='block_1_85' title="bbox 1972 3870 3622 3943">
    <p class='ocr_par' dir='ltr' id='par_1_85' title="bbox 1972 3870 3622 3943">
     <span class='ocr_line' id='line_1_85' title="bbox 1972 3870 3622 3943; baseline 0.001 -17"><span class='ocrx_word' id='word_1_575' title='bbox 1972 3889 2129 3939; x_wconf 91' lang='lat' dir='ltr'><strong>cum,</strong></span> <span class='ocrx_word' id='word_1_576' title='bbox 2165 3871 2375 3943; x_wconf 89' lang='lat' dir='ltr'><strong>inquit,</strong></span> <span class='ocrx_word' id='word_1_577' title='bbox 2401 3877 2628 3928; x_wconf 90' lang='lat' dir='ltr'><strong>certum</strong></span> <span class='ocrx_word' id='word_1_578' title='bbox 2652 3873 2730 3928; x_wconf 91' lang='lat' dir='ltr'><strong>sit</strong></span> <span class='ocrx_word' id='word_1_579' title='bbox 2759 3871 3117 3928; x_wconf 87' lang='lat' dir='ltr'><strong>Electensem</strong></span> <span class='ocrx_word' id='word_1_580' title='bbox 3147 3870 3488 3942; x_wconf 74' lang='lat' dir='ltr'><strong>Ecclesium,</strong></span> <span class='ocrx_word' id='word_1_581' title='bbox 3510 3871 3622 3928; x_wconf 78' lang='lat' dir='ltr'><strong>etsi</strong></span> 
     </span>
    </p>
   </div>
   <div class='ocr_carea' id='block_1_86' title="bbox 1970 3961 3621 4034">
    <p class='ocr_par' dir='ltr' id='par_1_86' title="bbox 1970 3961 3621 4034">
     <span class='ocr_line' id='line_1_86' title="bbox 1970 3961 3621 4034; baseline 0.002 -18"><span class='ocrx_word' id='word_1_582' title='bbox 1970 3961 2332 4016; x_wconf 89' lang='lat' dir='ltr'><strong>Narbonensi</strong></span> <span class='ocrx_word' id='word_1_583' title='bbox 2384 3961 2691 4033; x_wconf 71' lang='lat' dir='ltr'><strong>provinciae</strong></span> <span class='ocrx_word' id='word_1_584' title='bbox 2741 3963 2813 4018; x_wconf 85' lang='lat' dir='ltr'><strong>ab</strong></span> <span class='ocrx_word' id='word_1_585' title='bbox 2861 3961 3027 4018; x_wconf 92' lang='lat' dir='ltr'><strong>initio</strong></span> <span class='ocrx_word' id='word_1_586' title='bbox 3086 3961 3432 4034; x_wconf 77' lang='lat' dir='ltr'><strong>subjectum,</strong></span> <span class='ocrx_word' id='word_1_587' title='bbox 3486 3965 3621 4020; x_wconf 84' lang='lat' dir='ltr'><strong>ante</strong></span> 
     </span>
    </p>
   </div>
   <div class='ocr_carea' id='block_1_87' title="bbox 1969 4049 3619 4125">
    <p class='ocr_par' dir='ltr' id='par_1_87' title="bbox 1969 4049 3619 4125">
     <span class='ocr_line' id='line_1_87' title="bbox 1969 4049 3619 4125; baseline 0.003 -20"><span class='ocrx_word' id='word_1_588' title='bbox 1969 4049 2213 4106; x_wconf 89' lang='lat' dir='ltr'><strong>Joannis</strong></span> <span class='ocrx_word' id='word_1_589' title='bbox 2243 4049 2390 4105; x_wconf 79' lang='lat' dir='ltr'><strong>XXII</strong></span> <span class='ocrx_word' id='word_1_590' title='bbox 2445 4053 2712 4123; x_wconf 88' lang='lat' dir='ltr'><strong>tempora</strong></span> <span class='ocrx_word' id='word_1_591' title='bbox 2767 4050 3084 4125; x_wconf 89' lang='lat' dir='ltr'><strong>episcopali</strong></span> <span class='ocrx_word' id='word_1_592' title='bbox 3133 4050 3301 4108; x_wconf 90' lang='lat' dir='ltr'><strong>titulo</strong></span> <span class='ocrx_word' id='word_1_593' title='bbox 3350 4055 3619 4110; x_wconf 82' lang='lat' dir='ltr'><strong>ornatam</strong></span> 
     </span>
    </p>
   </div>
   <div class='ocr_carea' id='block_1_88' title="bbox 1970 4138 3620 4198">
    <p class='ocr_par' dir='ltr' id='par_1_88' title="bbox 1970 4138 3620 4198">
     <span class='ocr_line' id='line_1_88' title="bbox 1970 4138 3620 4198; baseline 0.004 -6"><span class='ocrx_word' id='word_1_594' title='bbox 1970 4154 2085 4193; x_wconf 89' lang='lat' dir='ltr'><strong>non</strong></span> <span class='ocrx_word' id='word_1_595' title='bbox 2120 4138 2321 4194; x_wconf 85' lang='lat' dir='ltr'><strong>fuisse.</strong></span> <span class='ocrx_word' id='word_1_596' title='bbox 2353 4140 2425 4193; x_wconf 85' lang='lat' dir='ltr'><strong>At</strong></span> <span class='ocrx_word' id='word_1_597' title='bbox 2454 4139 2680 4196; x_wconf 68' lang='lat' dir='ltr'><strong>caeteris</strong></span> <span class='ocrx_word' id='word_1_598' title='bbox 2701 4139 2923 4196; x_wconf 86' lang='lat' dir='ltr'><strong>felicior</strong></span> <span class='ocrx_word' id='word_1_599' title='bbox 2951 4157 3067 4197; x_wconf 91' lang='lat' dir='ltr'><strong>non</strong></span> <span class='ocrx_word' id='word_1_600' title='bbox 3098 4139 3211 4195; x_wconf 83' lang='lat' dir='ltr'><strong>fuit</strong></span> <span class='ocrx_word' id='word_1_601' title='bbox 3236 4139 3324 4196; x_wconf 88' lang='lat' dir='ltr'><strong>vir</strong></span> <span class='ocrx_word' id='word_1_602' title='bbox 3350 4141 3620 4198; x_wconf 84' lang='lat' dir='ltr'><strong>eruditus</strong></span> 
     </span>
    </p>
   </div>
   <div class='ocr_carea' id='block_1_89' title="bbox 1968 4226 3617 4303">
    <p class='ocr_par' dir='ltr' id='par_1_89' title="bbox 1968 4226 3617 4303">
     <span class='ocr_line' id='line_1_89' title="bbox 1968 4226 3617 4303; baseline 0.004 -22"><span class='ocrx_word' id='word_1_603' title='bbox 1968 4226 2028 4281; x_wconf 91' lang='lat' dir='ltr'><strong>in</strong></span> <span class='ocrx_word' id='word_1_604' title='bbox 2057 4226 2294 4301; x_wconf 87' lang='lat' dir='ltr'><strong>vulgata</strong></span> <span class='ocrx_word' id='word_1_605' title='bbox 2341 4227 2586 4283; x_wconf 87' lang='lat' dir='ltr'><strong>lectione</strong></span> <span class='ocrx_word' id='word_1_606' title='bbox 2638 4231 3085 4300; x_wconf 84' lang='lat' dir='ltr'><strong>propugnanda,</strong></span> <span class='ocrx_word' id='word_1_607' title='bbox 3141 4245 3322 4303; x_wconf 88' lang='lat' dir='ltr'><strong>quam</strong></span> <span class='ocrx_word' id='word_1_608' title='bbox 3379 4231 3617 4288; x_wconf 83' lang='lat' dir='ltr'><strong>retineri</strong></span> 
     </span>
    </p>
   </div>
   <div class='ocr_carea' id='block_1_90' title="bbox 1969 4315 3622 4393">
    <p class='ocr_par' dir='ltr' id='par_1_90' title="bbox 1969 4315 3622 4393">
     <span class='ocr_line' id='line_1_90' title="bbox 1969 4315 3622 4393; baseline 0.003 -23"><span class='ocrx_word' id='word_1_609' title='bbox 1969 4315 2176 4372; x_wconf 89' lang='lat' dir='ltr'><strong>debere</strong></span> <span class='ocrx_word' id='word_1_610' title='bbox 2205 4317 2524 4386; x_wconf 90' lang='lat' dir='ltr'><strong>contendit,</strong></span> <span class='ocrx_word' id='word_1_611' title='bbox 2559 4319 2624 4373; x_wconf 91' lang='lat' dir='ltr'><strong>ut</strong></span> <span class='ocrx_word' id='word_1_612' title='bbox 2653 4317 2787 4373; x_wconf 91' lang='lat' dir='ltr'><strong>inde</strong></span> <span class='ocrx_word' id='word_1_613' title='bbox 2818 4319 3090 4390; x_wconf 88' lang='lat' dir='ltr'><strong>probaret</strong></span> <span class='ocrx_word' id='word_1_614' title='bbox 3117 4318 3480 4376; x_wconf 88' lang='lat' dir='ltr'><strong>Arelatenses</strong></span> <span class='ocrx_word' id='word_1_615' title='bbox 3500 4320 3622 4393; x_wconf 88' lang='lat' dir='ltr'><strong>epi-</strong></span> 
     </span>
    </p>
   </div>
   <div class='ocr_carea' id='block_1_91' title="bbox 1967 4405 3620 4482">
    <p class='ocr_par' dir='ltr' id='par_1_91' title="bbox 1967 4405 3620 4482">
     <span class='ocr_line' id='line_1_91' title="bbox 1967 4405 3620 4482; baseline 0.005 -22"><span class='ocrx_word' id='word_1_616' title='bbox 1967 4422 2174 4478; x_wconf 89' lang='lat' dir='ltr'><strong>scopos</strong></span> <span class='ocrx_word' id='word_1_617' title='bbox 2235 4405 2373 4462; x_wconf 89' lang='lat' dir='ltr'><strong>olim</strong></span> <span class='ocrx_word' id='word_1_618' title='bbox 2406 4407 2768 4463; x_wconf 86' lang='lat' dir='ltr'><strong>Narbonensi</strong></span> <span class='ocrx_word' id='word_1_619' title='bbox 2825 4407 3275 4480; x_wconf 89' lang='lat' dir='ltr'><strong>metropolitano</strong></span> <span class='ocrx_word' id='word_1_620' title='bbox 3321 4408 3620 4482; x_wconf 80' lang='lat' dir='ltr'><strong>subjectos</strong></span> 
     </span>
    </p>
   </div>
   <div class='ocr_carea' id='block_1_92' title="bbox 1967 4495 3618 4572">
    <p class='ocr_par' dir='ltr' id='par_1_92' title="bbox 1967 4495 3618 4572">
     <span class='ocr_line' id='line_1_92' title="bbox 1967 4495 3618 4572; baseline 0.005 -25"><span class='ocrx_word' id='word_1_621' title='bbox 1967 4495 2169 4551; x_wconf 87' lang='lat' dir='ltr'><strong>fuisse.</strong></span> <span class='ocrx_word' id='word_1_622' title='bbox 2202 4495 2431 4551; x_wconf 89' lang='lat' dir='ltr'><strong>Etenim</strong></span> <span class='ocrx_word' id='word_1_623' title='bbox 2461 4513 2564 4551; x_wconf 93' lang='lat' dir='ltr'><strong>nec</strong></span> <span class='ocrx_word' id='word_1_624' title='bbox 2592 4495 2946 4552; x_wconf 84' lang='lat' dir='ltr'><strong>Arelatensis</strong></span> <span class='ocrx_word' id='word_1_625' title='bbox 2975 4497 3233 4555; x_wconf 86' lang='lat' dir='ltr'><strong>Ecclesia</strong></span> <span class='ocrx_word' id='word_1_626' title='bbox 3251 4515 3512 4572; x_wconf 89' lang='lat' dir='ltr'><strong>unquam</strong></span> <span class='ocrx_word' id='word_1_627' title='bbox 3543 4498 3618 4556; x_wconf 85' lang='lat' dir='ltr'><strong>ad</strong></span> 
     </span>
    </p>
   </div>
   <div class='ocr_carea' id='block_1_93' title="bbox 1965 4582 3614 4661">
    <p class='ocr_par' dir='ltr' id='par_1_93' title="bbox 1965 4582 3614 4661">
     <span class='ocr_line' id='line_1_93' title="bbox 1965 4582 3614 4661; baseline 0.004 -23"><span class='ocrx_word' id='word_1_628' title='bbox 1965 4582 2320 4656; x_wconf 87' lang='lat' dir='ltr'><strong>provinciam</strong></span> <span class='ocrx_word' id='word_1_629' title='bbox 2352 4588 2452 4639; x_wconf 85' lang='lat' dir='ltr'><strong>aut</strong></span> <span class='ocrx_word' id='word_1_630' title='bbox 2481 4585 2798 4657; x_wconf 89' lang='lat' dir='ltr'><strong>primatum</strong></span> <span class='ocrx_word' id='word_1_631' title='bbox 2829 4584 3265 4644; x_wconf 84' lang='lat' dir='ltr'><strong>Narbonensem</strong></span> <span class='ocrx_word' id='word_1_632' title='bbox 3313 4586 3614 4661; x_wconf 85' lang='lat' dir='ltr'><strong>pertinuit,</strong></span> 
     </span>
    </p>
   </div>
   <div class='ocr_carea' id='block_1_94' title="bbox 189 4673 3614 4760">
    <p class='ocr_par' dir='ltr' id='par_1_94' title="bbox 189 4673 3614 4760">
     <span class='ocr_line' id='line_1_94' title="bbox 189 4673 3614 4760; baseline 0.001 -30"><span class='ocrx_word' id='word_1_633' title='bbox 189 4675 316 4731; x_wconf 89' lang='lat' dir='ltr'><strong>sive</strong></span> <span class='ocrx_word' id='word_1_634' title='bbox 377 4673 478 4730; x_wconf 88' lang='lat' dir='ltr'><strong>ille</strong></span> <span class='ocrx_word' id='word_1_635' title='bbox 535 4674 708 4730; x_wconf 88' lang='lat' dir='ltr'><strong>fuerit</strong></span> <span class='ocrx_word' id='word_1_636' title='bbox 754 4675 970 4742; x_wconf 89' lang='lat' dir='ltr'><strong>Victor,</strong></span> <span class='ocrx_word' id='word_1_637' title='bbox 1022 4680 1088 4730; x_wconf 88' lang='lat' dir='ltr'><strong>ut</strong></span> <span class='ocrx_word' id='word_1_638' title='bbox 1143 4677 1386 4747; x_wconf 91' lang='lat' dir='ltr'><strong>quidam</strong></span> <span class='ocrx_word' id='word_1_639' title='bbox 1445 4676 1671 4744; x_wconf 91' lang='lat' dir='ltr'><strong>dicunt,</strong></span> <span class='ocrx_word' id='word_1_640' title='bbox 1737 4677 1856 4732; x_wconf 90' lang='lat' dir='ltr'><strong>sive</strong></span> <span class='ocrx_word' id='word_1_641' title='bbox 1887 4693 1933 4760; x_wconf 72' lang='grc' dir='ltr'><strong>ι)</strong></span> <span class='ocrx_word' id='word_1_642' title='bbox 1963 4690 2068 4728; x_wconf 90' lang='lat' dir='ltr'><strong>nec</strong></span> <span class='ocrx_word' id='word_1_643' title='bbox 2101 4673 2251 4728; x_wconf 91' lang='lat' dir='ltr'><strong>inter</strong></span> <span class='ocrx_word' id='word_1_644' title='bbox 2280 4673 2649 4730; x_wconf 81' lang='lat' dir='ltr'><strong>Arelatenses</strong></span> <span class='ocrx_word' id='word_1_645' title='bbox 2679 4674 2983 4748; x_wconf 89' lang='lat' dir='ltr'><strong>episcopos</strong></span> <span class='ocrx_word' id='word_1_646' title='bbox 3010 4675 3286 4733; x_wconf 87' lang='lat' dir='ltr'><strong>Artaldus</strong></span> <span class='ocrx_word' id='word_1_647' title='bbox 3327 4677 3485 4735; x_wconf 91' lang='lat' dir='ltr'><strong>ullus</strong></span> <span class='ocrx_word' id='word_1_648' title='bbox 3513 4695 3614 4734; x_wconf 84' lang='lat' dir='ltr'><strong>us-</strong></span> 
     </span>
    </p>
   </div>
   <div class='ocr_carea' id='block_1_95' title="bbox 197 4763 1854 4838">
    <p class='ocr_par' dir='ltr' id='par_1_95' title="bbox 197 4763 1854 4838">
     <span class='ocr_line' id='line_1_95' title="bbox 197 4763 1854 4838; baseline 0.001 -18"><span class='ocrx_word' id='word_1_649' title='bbox 197 4780 518 4821; x_wconf 87' lang='lat' dir='ltr'><strong>successor</strong></span> <span class='ocrx_word' id='word_1_650' title='bbox 545 4764 674 4835; x_wconf 90' lang='lat' dir='ltr'><strong>ejus</strong></span> <span class='ocrx_word' id='word_1_651' title='bbox 733 4763 1024 4833; x_wconf 88' lang='lat' dir='ltr'><strong>Urbanus,</strong></span> <span class='ocrx_word' id='word_1_652' title='bbox 1059 4765 1216 4836; x_wconf 90' lang='lat' dir='ltr'><strong>quod</strong></span> <span class='ocrx_word' id='word_1_653' title='bbox 1249 4765 1438 4838; x_wconf 89' lang='lat' dir='ltr'><strong>magis</strong></span> <span class='ocrx_word' id='word_1_654' title='bbox 1469 4765 1698 4822; x_wconf 88' lang='lat' dir='ltr'><strong>videtur</strong></span> <span class='ocrx_word' id='word_1_655' title='bbox 1751 4784 1854 4822; x_wconf 87' lang='lat' dir='ltr'><strong>an-</strong></span> 
     </span>
    </p>
   </div>
   <div class='ocr_carea' id='block_1_96' title="bbox 190 4853 1856 4926">
    <p class='ocr_par' dir='ltr' id='par_1_96' title="bbox 190 4853 1856 4926">
     <span class='ocr_line' id='line_1_96' title="bbox 190 4853 1856 4926; baseline 0.001 -18"><span class='ocrx_word' id='word_1_656' title='bbox 190 4853 384 4926; x_wconf 87' lang='lat' dir='ltr'><strong>tiquis</strong></span> <span class='ocrx_word' id='word_1_657' title='bbox 445 4853 845 4910; x_wconf 84' lang='lat' dir='ltr'><strong>monumentis</strong></span> <span class='ocrx_word' id='word_1_658' title='bbox 917 4859 1396 4920; x_wconf 89' lang='lat' dir='ltr'><strong>consentaneum,</strong></span> <span class='ocrx_word' id='word_1_659' title='bbox 1454 4855 1736 4911; x_wconf 86' lang='lat' dir='ltr'><strong>deferret:</strong></span> <span class='ocrx_word' id='word_1_660' title='bbox 1790 4872 1856 4910; x_wconf 90' lang='lat' dir='ltr'><strong>eo</strong></span> 
     </span>
    </p>
   </div>
   <div class='ocr_carea' id='block_1_97' title="bbox 188 4942 1854 5016">
    <p class='ocr_par' dir='ltr' id='par_1_97' title="bbox 188 4942 1854 5016">
     <span class='ocr_line' id='line_1_97' title="bbox 188 4942 1854 5016; baseline 0.001 -18"><span class='ocrx_word' id='word_1_661' title='bbox 188 4942 376 4998; x_wconf 89' lang='lat' dir='ltr'><strong>etiam</strong></span> <span class='ocrx_word' id='word_1_662' title='bbox 407 4942 751 4998; x_wconf 85' lang='lat' dir='ltr'><strong>intendebat</strong></span> <span class='ocrx_word' id='word_1_663' title='bbox 781 4947 845 4998; x_wconf 92' lang='lat' dir='ltr'><strong>ut</strong></span> <span class='ocrx_word' id='word_1_664' title='bbox 880 4960 948 4998; x_wconf 89' lang='lat' dir='ltr'><strong>ea</strong></span> <span class='ocrx_word' id='word_1_665' title='bbox 1004 4943 1309 4999; x_wconf 90' lang='lat' dir='ltr'><strong>occasione</strong></span> <span class='ocrx_word' id='word_1_666' title='bbox 1341 4944 1718 5016; x_wconf 86' lang='lat' dir='ltr'><strong>antiquorum</strong></span> <span class='ocrx_word' id='word_1_667' title='bbox 1755 4944 1854 4999; x_wconf 85' lang='lat' dir='ltr'><strong>Ec-</strong></span> 
     </span>
    </p>
   </div>
   <div class='ocr_carea' id='block_1_98' title="bbox 188 5031 1853 5104">
    <p class='ocr_par' dir='ltr' id='par_1_98' title="bbox 188 5031 1853 5104">
     <span class='ocr_line' id='line_1_98' title="bbox 188 5031 1853 5104; baseline 0.001 -18"><span class='ocrx_word' id='word_1_668' title='bbox 188 5031 388 5086; x_wconf 78' lang='lat' dir='ltr'><strong>clesiae</strong></span> <span class='ocrx_word' id='word_1_669' title='bbox 419 5031 712 5087; x_wconf 63' lang='lat' dir='ltr'><strong>Toletanm</strong></span> <span class='ocrx_word' id='word_1_670' title='bbox 745 5031 1178 5104; x_wconf 85' lang='lat' dir='ltr'><strong>privilegiorum</strong></span> <span class='ocrx_word' id='word_1_671' title='bbox 1215 5032 1500 5088; x_wconf 89' lang='lat' dir='ltr'><strong>obtineret</strong></span> <span class='ocrx_word' id='word_1_672' title='bbox 1532 5032 1853 5088; x_wconf 87' lang='lat' dir='ltr'><strong>restitutio-</strong></span> 
     </span>
    </p>
   </div>
   <div class='ocr_carea' id='block_1_99' title="bbox 191 5120 1855 5194">
    <p class='ocr_par' dir='ltr' id='par_1_99' title="bbox 191 5120 1855 5194">
     <span class='ocr_line' id='line_1_99' title="bbox 191 5120 1855 5194; baseline 0.001 -20"><span class='ocrx_word' id='word_1_673' title='bbox 191 5137 330 5175; x_wconf 86' lang='lat' dir='ltr'><strong>nem</strong></span> <span class='ocrx_word' id='word_1_674' title='bbox 364 5139 377 5176; x_wconf 91' lang='lat'>:</span> <span class='ocrx_word' id='word_1_675' title='bbox 410 5121 563 5194; x_wconf 87' lang='lat' dir='ltr'><strong>quod</strong></span> <span class='ocrx_word' id='word_1_676' title='bbox 599 5120 790 5193; x_wconf 72' lang='lat' dir='ltr'><strong>coiligi</strong></span> <span class='ocrx_word' id='word_1_677' title='bbox 826 5126 1037 5194; x_wconf 86' lang='lat' dir='ltr'><strong>potest,</strong></span> <span class='ocrx_word' id='word_1_678' title='bbox 1102 5122 1217 5177; x_wconf 91' lang='lat' dir='ltr'><strong>imo</strong></span> <span class='ocrx_word' id='word_1_679' title='bbox 1251 5122 1462 5177; x_wconf 85' lang='lat' dir='ltr'><strong>diserte</strong></span> <span class='ocrx_word' id='word_1_680' title='bbox 1521 5121 1767 5178; x_wconf 85' lang='lat' dir='ltr'><strong>habetur</strong></span> <span class='ocrx_word' id='word_1_681' title='bbox 1798 5123 1855 5177; x_wconf 90' lang='lat' dir='ltr'><strong>in</strong></span> 
     </span>
    </p>
   </div>
   <div class='ocr_carea' id='block_1_100' title="bbox 197 5207 1856 5281">
    <p class='ocr_par' dir='ltr' id='par_1_100' title="bbox 197 5207 1856 5281">
     <span class='ocr_line' id='line_1_100' title="bbox 197 5207 1856 5281; baseline -0.001 -17"><span class='ocrx_word' id='word_1_682' title='bbox 197 5208 427 5264; x_wconf 85' lang='lat' dir='ltr'><strong>Urbani</strong></span> <span class='ocrx_word' id='word_1_683' title='bbox 486 5207 766 5281; x_wconf 88' lang='lat' dir='ltr'><strong>epistolis.</strong></span> <span class='ocrx_word' id='word_1_684' title='bbox 819 5210 981 5264; x_wconf 86' lang='lat' dir='ltr'><strong>Certe</strong></span> <span class='ocrx_word' id='word_1_685' title='bbox 1033 5209 1394 5264; x_wconf 86' lang='lat' dir='ltr'><strong>Bernardum</strong></span> <span class='ocrx_word' id='word_1_686' title='bbox 1453 5226 1587 5265; x_wconf 90' lang='lat' dir='ltr'><strong>cum</strong></span> <span class='ocrx_word' id='word_1_687' title='bbox 1648 5208 1856 5263; x_wconf 87' lang='lat' dir='ltr'><strong>litteris</strong></span> 
     </span>
    </p>
   </div>
   <div class='ocr_carea' id='block_1_101' title="bbox 191 5297 1852 5371">
    <p class='ocr_par' dir='ltr' id='par_1_101' title="bbox 191 5297 1852 5371">
     <span class='ocr_line' id='line_1_101' title="bbox 191 5297 1852 5371; baseline 0.001 -20"><span class='ocrx_word' id='word_1_688' title='bbox 191 5298 700 5354; x_wconf 86' lang='lat' dir='ltr'><strong>commendatitiis</strong></span> <span class='ocrx_word' id='word_1_689' title='bbox 729 5297 952 5354; x_wconf 86' lang='lat' dir='ltr'><strong>Alfonsi</strong></span> <span class='ocrx_word' id='word_1_690' title='bbox 976 5297 1128 5371; x_wconf 89' lang='lat' dir='ltr'><strong>regis</strong></span> <span class='ocrx_word' id='word_1_691' title='bbox 1157 5298 1487 5354; x_wconf 88' lang='lat' dir='ltr'><strong>venientem</strong></span> <span class='ocrx_word' id='word_1_692' title='bbox 1512 5298 1760 5370; x_wconf 90' lang='lat' dir='ltr'><strong>benigne</strong></span> <span class='ocrx_word' id='word_1_693' title='bbox 1782 5299 1852 5353; x_wconf 88' lang='lat' dir='ltr'><strong>ab</strong></span> 
     </span>
    </p>
   </div>
   <div class='ocr_carea' id='block_1_102' title="bbox 189 5387 1854 5460">
    <p class='ocr_par' dir='ltr' id='par_1_102' title="bbox 189 5387 1854 5460">
     <span class='ocr_line' id='line_1_102' title="bbox 189 5387 1854 5460; baseline 0 -17"><span class='ocrx_word' id='word_1_694' title='bbox 189 5387 433 5443; x_wconf 89' lang='lat' dir='ltr'><strong>Urbano</strong></span> <span class='ocrx_word' id='word_1_695' title='bbox 455 5392 761 5459; x_wconf 83' lang='lat' dir='ltr'><strong>exceptum</strong></span> <span class='ocrx_word' id='word_1_696' title='bbox 782 5388 966 5444; x_wconf 86' lang='lat' dir='ltr'><strong>fuisse</strong></span> <span class='ocrx_word' id='word_1_697' title='bbox 985 5391 1239 5444; x_wconf 87' lang='lat' dir='ltr'><strong>testatur</strong></span> <span class='ocrx_word' id='word_1_698' title='bbox 1270 5388 1395 5460; x_wconf 87' lang='lat' dir='ltr'><strong>ipse</strong></span> <span class='ocrx_word' id='word_1_699' title='bbox 1422 5387 1577 5442; x_wconf 88' lang='lat' dir='ltr'><strong>idem</strong></span> <span class='ocrx_word' id='word_1_700' title='bbox 1597 5387 1854 5459; x_wconf 83' lang='lat' dir='ltr'><strong>pontifex</strong></span> 
     </span>
    </p>
   </div>
   <div class='ocr_carea' id='block_1_103' title="bbox 187 5476 1851 5549">
    <p class='ocr_par' dir='ltr' id='par_1_103' title="bbox 187 5476 1851 5549">
     <span class='ocr_line' id='line_1_103' title="bbox 187 5476 1851 5549; baseline 0 -18"><span class='ocrx_word' id='word_1_701' title='bbox 187 5477 249 5532; x_wconf 91' lang='lat' dir='ltr'><strong>in</strong></span> <span class='ocrx_word' id='word_1_702' title='bbox 283 5476 542 5548; x_wconf 89' lang='lat' dir='ltr'><strong>epistola</strong></span> <span class='ocrx_word' id='word_1_703' title='bbox 571 5477 643 5532; x_wconf 87' lang='lat' dir='ltr'><strong>ad</strong></span> <span class='ocrx_word' id='word_1_704' title='bbox 694 5478 965 5533; x_wconf 90' lang='lat' dir='ltr'><strong>eumdem</strong></span> <span class='ocrx_word' id='word_1_705' title='bbox 1024 5493 1241 5549; x_wconf 87' lang='lat' dir='ltr'><strong>regem,</strong></span> <span class='ocrx_word' id='word_1_706' title='bbox 1304 5477 1402 5548; x_wconf 88' lang='lat' dir='ltr'><strong>qui</strong></span> <span class='ocrx_word' id='word_1_707' title='bbox 1463 5477 1521 5532; x_wconf 91' lang='lat' dir='ltr'><strong>in</strong></span> <span class='ocrx_word' id='word_1_708' title='bbox 1553 5477 1735 5533; x_wconf 87' lang='lat' dir='ltr'><strong>altera</strong></span> <span class='ocrx_word' id='word_1_709' title='bbox 1779 5477 1851 5533; x_wconf 90' lang='lat' dir='ltr'><strong>ad</strong></span> 
     </span>
    </p>
   </div>
   <div class='ocr_carea' id='block_1_104' title="bbox 183 5564 1851 5640">
    <p class='ocr_par' dir='ltr' id='par_1_104' title="bbox 183 5564 1851 5640">
     <span class='ocr_line' id='line_1_104' title="bbox 183 5564 1851 5640; baseline 0 -18"><span class='ocrx_word' id='word_1_710' title='bbox 183 5567 507 5640; x_wconf 86' lang='lat' dir='ltr'><strong>Hugonem</strong></span> <span class='ocrx_word' id='word_1_711' title='bbox 538 5564 1004 5632; x_wconf 88' lang='lat' dir='ltr'><strong>Cluuiacensem,</strong></span> <span class='ocrx_word' id='word_1_712' title='bbox 1039 5565 1119 5620; x_wconf 89' lang='lat' dir='ltr'><strong>ait</strong></span> <span class='ocrx_word' id='word_1_713' title='bbox 1152 5566 1513 5621; x_wconf 88' lang='lat' dir='ltr'><strong>Bernardum</strong></span> <span class='ocrx_word' id='word_1_714' title='bbox 1548 5584 1581 5622; x_wconf 88' lang='lat' dir='ltr'><strong>a</strong></span> <span class='ocrx_word' id='word_1_715' title='bbox 1613 5583 1675 5622; x_wconf 89' lang='lat' dir='ltr'><strong>se</strong></span> <span class='ocrx_word' id='word_1_716' title='bbox 1705 5582 1851 5622; x_wconf 86' lang='lat' dir='ltr'><strong>reve-</strong></span> 
     </span>
    </p>
   </div>
   <div class='ocr_carea' id='block_1_105' title="bbox 182 5654 1854 5728">
    <p class='ocr_par' dir='ltr' id='par_1_105' title="bbox 182 5654 1854 5728">
     <span class='ocr_line' id='line_1_105' title="bbox 182 5654 1854 5728; baseline -0.001 -15"><span class='ocrx_word' id='word_1_717' title='bbox 182 5665 383 5713; x_wconf 78' lang='lat' dir='ltr'><strong>renter</strong></span> <span class='ocrx_word' id='word_1_718' title='bbox 413 5655 597 5711; x_wconf 86' lang='lat' dir='ltr'><strong>fuisse</strong></span> <span class='ocrx_word' id='word_1_719' title='bbox 641 5663 944 5728; x_wconf 70' lang='lat' dir='ltr'><strong>exceptum,</strong></span> <span class='ocrx_word' id='word_1_720' title='bbox 976 5659 1104 5711; x_wconf 91' lang='lat' dir='ltr'><strong>tum</strong></span> <span class='ocrx_word' id='word_1_721' title='bbox 1131 5654 1204 5710; x_wconf 90' lang='lat' dir='ltr'><strong>ob</strong></span> <span class='ocrx_word' id='word_1_722' title='bbox 1237 5655 1365 5726; x_wconf 90' lang='lat' dir='ltr'><strong>ejus</strong></span> <span class='ocrx_word' id='word_1_723' title='bbox 1397 5655 1854 5712; x_wconf 88' lang='lat' dir='ltr'><strong>commendatio-</strong></span> 
     </span>
    </p>
   </div>
   <div class='ocr_carea' id='block_1_106' title="bbox 178 5743 1850 5819">
    <p class='ocr_par' dir='ltr' id='par_1_106' title="bbox 178 5743 1850 5819">
     <span class='ocr_line' id='line_1_106' title="bbox 178 5743 1850 5819; baseline -0.002 -10"><span class='ocrx_word' id='word_1_724' title='bbox 178 5763 347 5819; x_wconf 87' lang='lat' dir='ltr'><strong>nem,</strong></span> <span class='ocrx_word' id='word_1_725' title='bbox 389 5747 518 5803; x_wconf 87' lang='lat' dir='ltr'><strong>tum</strong></span> <span class='ocrx_word' id='word_1_726' title='bbox 549 5744 622 5802; x_wconf 91' lang='lat' dir='ltr'><strong>ob</strong></span> <span class='ocrx_word' id='word_1_727' title='bbox 651 5745 840 5818; x_wconf 86' lang='lat' dir='ltr'><strong>ipsius</strong></span> <span class='ocrx_word' id='word_1_728' title='bbox 891 5743 1195 5818; x_wconf 87' lang='lat' dir='ltr'><strong>Bernardi,</strong></span> <span class='ocrx_word' id='word_1_729' title='bbox 1229 5747 1286 5801; x_wconf 91' lang='lat' dir='ltr'><strong>et</strong></span> <span class='ocrx_word' id='word_1_730' title='bbox 1335 5743 1495 5805; x_wconf 86' lang='lat' dir='ltr'><strong>sedis</strong></span> <span class='ocrx_word' id='word_1_731' title='bbox 1543 5744 1850 5819; x_wconf 83' lang='lat' dir='ltr'><strong>Toletanae,</strong></span> 
     </span>
    </p>
   </div>
   <div class='ocr_carea' id='block_1_107' title="bbox 516 5872 974 5944">
    <p class='ocr_par' dir='ltr' id='par_1_107' title="bbox 516 5872 974 5944">
     <span class='ocr_line' id='line_1_107' title="bbox 516 5872 974 5944; baseline -0.004 -1"><span class='ocrx_word' id='word_1_732' title='bbox 516 5872 783 5944; x_wconf 48' lang='lat' dir='ltr'><strong>Persen.</strong></span> <span class='ocrx_word' id='word_1_733' title='bbox 827 5872 974 5944; x_wconf 82' lang='lat' dir='ltr'><strong>CLI.</strong></span> 
     </span>
    </p>
   </div>
   <div class='ocr_carea' id='block_1_108' title="bbox 1966 4761 3614 4839">
    <p class='ocr_par' dir='ltr' id='par_1_108' title="bbox 1966 4761 3614 4839">
     <span class='ocr_line' id='line_1_108' title="bbox 1966 4761 3614 4839; baseline 0.004 -22"><span class='ocrx_word' id='word_1_734' title='bbox 1966 4780 2141 4835; x_wconf 85' lang='lat' dir='ltr'><strong>quam</strong></span> <span class='ocrx_word' id='word_1_735' title='bbox 2175 4766 2552 4818; x_wconf 85' lang='lat' dir='ltr'><strong>memoratur.</strong></span> <span class='ocrx_word' id='word_1_736' title='bbox 2587 4761 2716 4819; x_wconf 89' lang='lat' dir='ltr'><strong>Alia</strong></span> <span class='ocrx_word' id='word_1_737' title='bbox 2734 4763 2932 4836; x_wconf 90' lang='lat' dir='ltr'><strong>itaque</strong></span> <span class='ocrx_word' id='word_1_738' title='bbox 2951 4763 3238 4821; x_wconf 70' lang='lat' dir='ltr'><strong>solvenda:</strong></span> <span class='ocrx_word' id='word_1_739' title='bbox 3257 4765 3438 4839; x_wconf 91' lang='lat' dir='ltr'><strong>hujus</strong></span> <span class='ocrx_word' id='word_1_740' title='bbox 3461 4766 3614 4823; x_wconf 79' lang='lat' dir='ltr'><strong>diffl-</strong></span> 
     </span>
    </p>
   </div>
   <div class='ocr_carea' id='block_1_109' title="bbox 1965 4851 3617 4924">
    <p class='ocr_par' dir='ltr' id='par_1_109' title="bbox 1965 4851 3617 4924">
     <span class='ocr_line' id='line_1_109' title="bbox 1965 4851 3617 4924; baseline 0.003 -18"><span class='ocrx_word' id='word_1_741' title='bbox 1965 4851 2199 4907; x_wconf 90' lang='lat' dir='ltr'><strong>eultatis</strong></span> <span class='ocrx_word' id='word_1_742' title='bbox 2230 4851 2323 4906; x_wconf 89' lang='lat' dir='ltr'><strong>via</strong></span> <span class='ocrx_word' id='word_1_743' title='bbox 2353 4851 2609 4907; x_wconf 89' lang='lat' dir='ltr'><strong>ineunda</strong></span> <span class='ocrx_word' id='word_1_744' title='bbox 2629 4856 2737 4922; x_wconf 88' lang='lat' dir='ltr'><strong>est,</strong></span> <span class='ocrx_word' id='word_1_745' title='bbox 2762 4868 2938 4924; x_wconf 90' lang='lat' dir='ltr'><strong>quam</strong></span> <span class='ocrx_word' id='word_1_746' title='bbox 2959 4852 3188 4910; x_wconf 88' lang='lat' dir='ltr'><strong>videtur</strong></span> <span class='ocrx_word' id='word_1_747' title='bbox 3206 4854 3499 4913; x_wconf 89' lang='lat' dir='ltr'><strong>invenisse</strong></span> <span class='ocrx_word' id='word_1_748' title='bbox 3526 4856 3617 4912; x_wconf 89' lang='lat' dir='ltr'><strong>vir</strong></span> 
     </span>
    </p>
   </div>
   <div class='ocr_carea' id='block_1_110' title="bbox 1965 4941 3614 5014">
    <p class='ocr_par' dir='ltr' id='par_1_110' title="bbox 1965 4941 3614 5014">
     <span class='ocr_line' id='line_1_110' title="bbox 1965 4941 3614 5014; baseline 0.005 -19"><span class='ocrx_word' id='word_1_749' title='bbox 1965 4942 2036 4996; x_wconf 90' lang='lat' dir='ltr'><strong>el.</strong></span> <span class='ocrx_word' id='word_1_750' title='bbox 2065 4941 2396 5014; x_wconf 88' lang='lat' dir='ltr'><strong>Stephanus</strong></span> <span class='ocrx_word' id='word_1_751' title='bbox 2430 4941 2698 4998; x_wconf 87' lang='lat' dir='ltr'><strong>Baluzius</strong></span> <span class='ocrx_word' id='word_1_752' title='bbox 2730 4942 2789 4998; x_wconf 92' lang='lat' dir='ltr'><strong>in</strong></span> <span class='ocrx_word' id='word_1_753' title='bbox 2830 4943 3048 4999; x_wconf 90' lang='lat' dir='ltr'><strong>additis</strong></span> <span class='ocrx_word' id='word_1_754' title='bbox 3105 4945 3176 5000; x_wconf 90' lang='lat' dir='ltr'><strong>ad</strong></span> <span class='ocrx_word' id='word_1_755' title='bbox 3209 4943 3426 5001; x_wconf 91' lang='lat' dir='ltr'><strong>librum</strong></span> <span class='ocrx_word' id='word_1_756' title='bbox 3467 4963 3502 5002; x_wconf 91' lang='lat' dir='ltr'><strong>v</strong></span> <span class='ocrx_word' id='word_1_757' title='bbox 3532 4946 3614 5003; x_wconf 88' lang='lat' dir='ltr'><strong>De</strong></span> 
     </span>
    </p>
   </div>
   <div class='ocr_carea' id='block_1_111' title="bbox 1965 5031 3614 5107">
    <p class='ocr_par' dir='ltr' id='par_1_111' title="bbox 1965 5031 3614 5107">
     <span class='ocr_line' id='line_1_111' title="bbox 1965 5031 3614 5107; baseline 0.005 -23"><span class='ocrx_word' id='word_1_758' title='bbox 1965 5031 2274 5087; x_wconf 89' lang='lat' dir='ltr'><strong>concordia</strong></span> <span class='ocrx_word' id='word_1_759' title='bbox 2304 5031 2610 5087; x_wconf 87' lang='lat' dir='ltr'><strong>sacerdotii</strong></span> <span class='ocrx_word' id='word_1_760' title='bbox 2644 5037 2700 5088; x_wconf 90' lang='lat' dir='ltr'><strong>et</strong></span> <span class='ocrx_word' id='word_1_761' title='bbox 2733 5033 2958 5106; x_wconf 88' lang='lat' dir='ltr'><strong>imperii</strong></span> <span class='ocrx_word' id='word_1_762' title='bbox 2991 5051 3117 5107; x_wconf 91' lang='lat' dir='ltr'><strong>cap.</strong></span> <span class='ocrx_word' id='word_1_763' title='bbox 3144 5035 3230 5105; x_wconf 80' lang='grc'><strong>41,</strong></span> <span class='ocrx_word' id='word_1_764' title='bbox 3283 5035 3382 5090; x_wconf 87' lang='lat' dir='ltr'><strong>ubi</strong></span> <span class='ocrx_word' id='word_1_765' title='bbox 3415 5041 3614 5092; x_wconf 81' lang='lat' dir='ltr'><strong>monet</strong></span> 
     </span>
    </p>
   </div>
   <div class='ocr_carea' id='block_1_112' title="bbox 1965 5120 3618 5191">
    <p class='ocr_par' dir='ltr' id='par_1_112' title="bbox 1965 5120 3618 5191">
     <span class='ocr_line' id='line_1_112' title="bbox 1965 5120 3618 5191; baseline 0.006 -17"><span class='ocrx_word' id='word_1_766' title='bbox 1965 5120 2276 5191; x_wconf 82' lang='lat' dir='ltr'><strong>legendum</strong></span> <span class='ocrx_word' id='word_1_767' title='bbox 2329 5139 2454 5177; x_wconf 87' lang='lat' dir='ltr'><strong>esse</strong></span> <span class='ocrx_word' id='word_1_768' title='bbox 2485 5121 2541 5175; x_wconf 92' lang='lat' dir='ltr'><strong>in</strong></span> <span class='ocrx_word' id='word_1_769' title='bbox 2592 5120 2702 5177; x_wconf 91' lang='lat' dir='ltr'><strong>hoc</strong></span> <span class='ocrx_word' id='word_1_770' title='bbox 2733 5140 2955 5180; x_wconf 88' lang='lat' dir='ltr'><strong>canone</strong></span> <span class='ocrx_word' id='word_1_771' title='bbox 3002 5123 3258 5181; x_wconf 78' lang='lat' dir='ltr'><strong>Artaldus</strong></span> <span class='ocrx_word' id='word_1_772' title='bbox 3314 5123 3618 5184; x_wconf 76' lang='lat' dir='ltr'><strong>Elenensis</strong></span> 
     </span>
    </p>
   </div>
   <div class='ocr_carea' id='block_1_113' title="bbox 1966 5209 3612 5288">
    <p class='ocr_par' dir='ltr' id='par_1_113' title="bbox 1966 5209 3612 5288">
     <span class='ocr_line' id='line_1_113' title="bbox 1966 5209 3612 5288; baseline 0.005 -26"><span class='ocrx_word' id='word_1_773' title='bbox 1966 5211 2266 5280; x_wconf 76' lang='lat' dir='ltr'><strong>episcopus,</strong></span> <span class='ocrx_word' id='word_1_774' title='bbox 2296 5209 2636 5266; x_wconf 87' lang='lat' dir='ltr'><strong>Helenensis</strong></span> <span class='ocrx_word' id='word_1_775' title='bbox 2668 5211 2883 5285; x_wconf 90' lang='lat' dir='ltr'><strong>quippe</strong></span> <span class='ocrx_word' id='word_1_776' title='bbox 2898 5212 3153 5271; x_wconf 89' lang='lat' dir='ltr'><strong>Ecclesia</strong></span> <span class='ocrx_word' id='word_1_777' title='bbox 3172 5217 3313 5270; x_wconf 90' lang='lat' dir='ltr'><strong>tunc</strong></span> <span class='ocrx_word' id='word_1_778' title='bbox 3328 5214 3612 5288; x_wconf 89' lang='lat' dir='ltr'><strong>temporis</strong></span> 
     </span>
    </p>
   </div>
   <div class='ocr_carea' id='block_1_114' title="bbox 1963 5299 3611 5376">
    <p class='ocr_par' dir='ltr' id='par_1_114' title="bbox 1963 5299 3611 5376">
     <span class='ocr_line' id='line_1_114' title="bbox 1963 5299 3611 5376; baseline 0.004 -22"><span class='ocrx_word' id='word_1_779' title='bbox 1963 5299 2226 5370; x_wconf 88' lang='lat' dir='ltr'><strong>subjecta</strong></span> <span class='ocrx_word' id='word_1_780' title='bbox 2248 5305 2371 5355; x_wconf 85' lang='lat' dir='ltr'><strong>erat</strong></span> <span class='ocrx_word' id='word_1_781' title='bbox 2393 5299 2694 5372; x_wconf 89' lang='lat' dir='ltr'><strong>metropoli</strong></span> <span class='ocrx_word' id='word_1_782' title='bbox 2717 5301 3098 5358; x_wconf 87' lang='lat' dir='ltr'><strong>Narbonensi.</strong></span> <span class='ocrx_word' id='word_1_783' title='bbox 3117 5305 3186 5359; x_wconf 90' lang='lat' dir='ltr'><strong>Et</strong></span> <span class='ocrx_word' id='word_1_784' title='bbox 3206 5304 3445 5376; x_wconf 92' lang='lat' dir='ltr'><strong>quidem</strong></span> <span class='ocrx_word' id='word_1_785' title='bbox 3470 5308 3611 5362; x_wconf 87' lang='lat' dir='ltr'><strong>tunc</strong></span> 
     </span>
    </p>
   </div>
   <div class='ocr_carea' id='block_1_115' title="bbox 1960 5388 3610 5462">
    <p class='ocr_par' dir='ltr' id='par_1_115' title="bbox 1960 5388 3610 5462">
     <span class='ocr_line' id='line_1_115' title="bbox 1960 5388 3610 5462; baseline 0.005 -20"><span class='ocrx_word' id='word_1_786' title='bbox 1960 5388 2188 5443; x_wconf 91' lang='lat' dir='ltr'><strong>vivebat</strong></span> <span class='ocrx_word' id='word_1_787' title='bbox 2215 5390 2512 5459; x_wconf 89' lang='lat' dir='ltr'><strong>Artaldus,</strong></span> <span class='ocrx_word' id='word_1_788' title='bbox 2546 5389 2644 5462; x_wconf 85' lang='lat' dir='ltr'><strong>qui</strong></span> <span class='ocrx_word' id='word_1_789' title='bbox 2676 5390 3018 5448; x_wconf 91' lang='lat' dir='ltr'><strong>Elenensem</strong></span> <span class='ocrx_word' id='word_1_790' title='bbox 3053 5394 3250 5449; x_wconf 90' lang='lat' dir='ltr'><strong>sedem</strong></span> <span class='ocrx_word' id='word_1_791' title='bbox 3281 5409 3346 5450; x_wconf 91' lang='lat' dir='ltr'><strong>eo</strong></span> <span class='ocrx_word' id='word_1_792' title='bbox 3396 5393 3610 5451; x_wconf 61' lang='lat' dir='ltr'><strong>seculo</strong></span> 
     </span>
    </p>
   </div>
   <div class='ocr_carea' id='block_1_116' title="bbox 1963 5477 3609 5548">
    <p class='ocr_par' dir='ltr' id='par_1_116' title="bbox 1963 5477 3609 5548">
     <span class='ocr_line' id='line_1_116' title="bbox 1963 5477 3609 5548; baseline 0.004 -16"><span class='ocrx_word' id='word_1_793' title='bbox 1963 5477 2263 5533; x_wconf 89' lang='lat' dir='ltr'><strong>desinente</strong></span> <span class='ocrx_word' id='word_1_794' title='bbox 2295 5479 2498 5548; x_wconf 85' lang='lat' dir='ltr'><strong>tenuit,</strong></span> <span class='ocrx_word' id='word_1_795' title='bbox 2528 5485 2592 5535; x_wconf 92' lang='lat' dir='ltr'><strong>ut</strong></span> <span class='ocrx_word' id='word_1_796' title='bbox 2621 5480 3002 5536; x_wconf 84' lang='lat' dir='ltr'><strong>confirmatur</strong></span> <span class='ocrx_word' id='word_1_797' title='bbox 3032 5499 3101 5537; x_wconf 87' lang='lat' dir='ltr'><strong>ex</strong></span> <span class='ocrx_word' id='word_1_798' title='bbox 3131 5482 3225 5540; x_wconf 90' lang='lat' dir='ltr'><strong>his</strong></span> <span class='ocrx_word' id='word_1_799' title='bbox 3249 5484 3443 5540; x_wconf 90' lang='lat' dir='ltr'><strong>verbis</strong></span> <span class='ocrx_word' id='word_1_800' title='bbox 3473 5483 3609 5540; x_wconf 91' lang='lat' dir='ltr'><strong>libri</strong></span> 
     </span>
    </p>
   </div>
   <div class='ocr_carea' id='block_1_117' title="bbox 1961 5565 3610 5643">
    <p class='ocr_par' dir='ltr' id='par_1_117' title="bbox 1961 5565 3610 5643">
     <span class='ocr_line' id='line_1_117' title="bbox 1961 5565 3610 5643; baseline 0.004 -22"><span class='ocrx_word' id='word_1_801' title='bbox 1961 5584 2017 5621; x_wconf 84' lang='lat' dir='ltr'><strong>IV</strong></span> <span class='ocrx_word' id='word_1_802' title='bbox 2049 5566 2252 5621; x_wconf 82' lang='lat' dir='ltr'><strong>Marcae</strong></span> <span class='ocrx_word' id='word_1_803' title='bbox 2286 5565 2633 5636; x_wconf 78' lang='lat' dir='ltr'><strong>Hispanicae,</strong></span> <span class='ocrx_word' id='word_1_804' title='bbox 2657 5568 2857 5625; x_wconf 82' lang='lat' dir='ltr'><strong>Artallz&#39;</strong></span> <span class='ocrx_word' id='word_1_805' title='bbox 2875 5570 3029 5624; x_wconf 84' lang='lat' dir='ltr'><strong>electi</strong></span> <span class='ocrx_word' id='word_1_806' title='bbox 3045 5572 3283 5643; x_wconf 77' lang='lat' dir='ltr'><strong>episcopi</strong></span> <span class='ocrx_word' id='word_1_807' title='bbox 3296 5573 3610 5628; x_wconf 56' lang='lat' dir='ltr'><strong>Helenen”:</strong></span> 
     </span>
    </p>
   </div>
   <div class='ocr_carea' id='block_1_118' title="bbox 1959 5655 3608 5734">
    <p class='ocr_par' dir='ltr' id='par_1_118' title="bbox 1959 5655 3608 5734">
     <span class='ocr_line' id='line_1_118' title="bbox 1959 5655 3608 5734; baseline 0.006 -24"><span class='ocrx_word' id='word_1_808' title='bbox 1959 5657 2167 5710; x_wconf 76' lang='lat' dir='ltr'><strong>mentio</strong></span> <span class='ocrx_word' id='word_1_809' title='bbox 2197 5656 2260 5726; x_wconf 78' lang='lat' dir='ltr'><strong>ﬁt</strong></span> <span class='ocrx_word' id='word_1_810' title='bbox 2287 5671 2343 5711; x_wconf 85' lang='lat' dir='ltr'><strong>v1</strong></span> <span class='ocrx_word' id='word_1_811' title='bbox 2373 5655 2506 5712; x_wconf 82' lang='lat' dir='ltr'><strong>Idus</strong></span> <span class='ocrx_word' id='word_1_812' title='bbox 2535 5658 2687 5725; x_wconf 76' lang='lat' dir='ltr'><strong>Maii,</strong></span> <span class='ocrx_word' id='word_1_813' title='bbox 2729 5676 2876 5714; x_wconf 84' lang='lat' dir='ltr'><strong>anno</strong></span> <span class='ocrx_word' id='word_1_814' title='bbox 2905 5660 2975 5714; x_wconf 84' lang='lat'><strong>27</strong></span> <span class='ocrx_word' id='word_1_815' title='bbox 3027 5666 3295 5731; x_wconf 80' lang='lat' dir='ltr'><strong>regnante</strong></span> <span class='ocrx_word' id='word_1_816' title='bbox 3348 5663 3608 5734; x_wconf 79' lang='lat' dir='ltr'><strong>Philippo</strong></span> 
     </span>
    </p>
   </div>
   <div class='ocr_carea' id='block_1_119' title="bbox 1959 5745 3608 5832">
    <p class='ocr_par' dir='ltr' id='par_1_119' title="bbox 1959 5745 3608 5832">
     <span class='ocr_line' id='line_1_119' title="bbox 1959 5745 3608 5832; baseline 0.008 -29"><span class='ocrx_word' id='word_1_817' title='bbox 1959 5760 2107 5822; x_wconf 85' lang='lat' dir='ltr'><strong>rege.</strong></span> <span class='ocrx_word' id='word_1_818' title='bbox 2140 5745 2248 5816; x_wconf 86' lang='lat' dir='ltr'><strong>Qui</strong></span> <span class='ocrx_word' id='word_1_819' title='bbox 2280 5745 2522 5826; x_wconf 87' lang='lat' dir='ltr'><strong>quidem</strong></span> <span class='ocrx_word' id='word_1_820' title='bbox 2580 5746 2834 5826; x_wconf 88' lang='lat' dir='ltr'><strong>Philippi</strong></span> <span class='ocrx_word' id='word_1_821' title='bbox 2863 5766 3056 5810; x_wconf 89' lang='lat' dir='ltr'><strong>annus</strong></span> <span class='ocrx_word' id='word_1_822' title='bbox 3104 5749 3155 5808; x_wconf 90' lang='lat' dir='ltr'><strong>si</strong></span> <span class='ocrx_word' id='word_1_823' title='bbox 3185 5767 3220 5809; x_wconf 89' lang='lat' dir='ltr'><strong>a</strong></span> <span class='ocrx_word' id='word_1_824' title='bbox 3264 5752 3449 5829; x_wconf 89' lang='lat' dir='ltr'><strong>patris</strong></span> <span class='ocrx_word' id='word_1_825' title='bbox 3478 5753 3608 5832; x_wconf 75' lang='lat' dir='ltr'><strong>ejus</strong></span> 
     </span>
    </p>
   </div>
  </div>
