3972 6380
496 472 576 531 4'1
1789 472 1861 536 Β.
1905 469 2203 537 ΠΒΒΑΝΙ
2246 470 2301 536 Π
2343 471 2601 536 ΡΑΡιΕ.

498 608 624 657 tum
656 601 896 658 viventis
926 604 1258 673 auctoritas,
1292 603 1393 678 qui
1431 604 1584 661 hanc
1630 604 1856 662 cladem
1901 606 2147 663 Henrico
2174 606 2230 674 Α
2260 606 2455 661 Sancti
2484 605 2735 662 Joannis
2763 604 2823 661 in
2842 604 3064 674 Vincis,
3084 605 3251 661 editis
3282 601 3609 660 mundum
3637 598 3917 674 regulam

498 690 721 747 illatam
753 691 845 746 bis
878 698 1315 761 commemorat,
1350 694 1467 749 sub.
1490 694 1665 750 finem
1706 711 1916 768 nempe
1964 695 2146 767 hujus

500 779 639 836 anni
669 784 727 836 et
758 782 1056 853 sequentis
1086 781 1273 853 initio,
1298 783 1454 856 quod
1485 800 1590 857 pro
1623 800 1784 841 more
1803 802 1910 841 suo
1933 801 1967 839 a
1987 784 2147 840 Chri-

502 869 575 924 sti
609 868 903 925 Natalium
941 870 1253 927 festivitate
1310 874 1534 945 repetit.
1595 873 1770 929 Porro
1818 873 2145 937 victoriam.

498 974 676 1031 quam
706 973 775 1014 ea
788 958 1093 1015 occasione
1117 960 1501 1018 Ekkehardus
1521 961 1781 1017 marchio
1810 962 1882 1017 de
1899 960 2146 1018 Henrico

495 1048 832 1121 reportavit,
881 1052 1106 1105 tantam
1160 1049 1345 1107 fuisse
1391 1054 1682 1106 asseverat
1721 1049 2050 1120 Bertoldus,
2083 1055 2149 1106 ut

494 1135 831 1208 imperator,
890 1136 1134 1210 perditis
1190 1137 1485 1211 regalibus
1540 1138 1895 1212 insignibus,
1942 1138 2036 1193 vix
2075 1139 2145 1194 de

495 1225 771 1281 manibus
828 1225 1266 1298 insequentium
1326 1231 1579 1299 ereptus,
1612 1244 1644 1283 e
1689 1224 2021 1299 Thuringia'
2041 1228 2143 1284 ubi

494 1311 791 1369 Gleicham
810 1331 1003 1370 arcem
1017 1314 1715 1390 obsidebat,Banbergam
1735 1332 1924 1389 usque
1947 1316 2144 1388 fugere

493 1405 732 1459 coactus
765 1402 958 1469 fuerit,
992 1403 1497 1477 ibiqueNatalium
1526 1404 1737 1461 Christi
1770 1404 2141 1461 festivitatem

493 1490 714 1563 absque
744 1490 863 1547 ull‘o
894 1496 1176 1565 apparatu
1209 1482 1484 1563 inglorius
1508 1494 1890 1550 solemnizare.

776 1580 882 1637 XL.
916 1581 1452 1654 Epistoladecrela'lis
1483 1582 1554 1637 ad
1572 1583 1856 1638 Pibonem.

530 1698 544 1721 ι
565 1668 732 1723 Circa
757 1667 900 1723 illud
929 1674 1161 1742 tempus
1180 1669 1453 1727 Urbanus
1483 1687 1517 1726 a
1546 1669 2141 1727 PiboneTullensium

491 1756 762 1829 episcopo
793 1758 1048 1813 devariis
1070 1757 1262 1813 causis
1282 1759 1673 1831 interrogatus
1704 1758 2050 1815 decretalem
2069 1759 2141 1814 ad

491 1860 624 1900 eum
655 1843 995 1917 epistolam,
1016 1862 1142 1901 cum
1169 1862 1434 1903 consensu
1462 1848 1747 1919 synodalis
1776 1846 2019 1911 concilii,
2054 1863 2139 1903 re-

476 1918 746 2005 r'scripsit,
790 1950 967 2005 quam
1020 1934 1227 2007 primis
1276 1918 1505 1991 Urbani
1544 1935 1922 2008 pontificatus
1972 1935 2144 1992 annis

486 2022 770 2095 scriptam
800 2021 983 2079 fuisse
1012 2040 1159 2080 exeo
1176 2023 1764 2098 colligimus,quodin
1797 2041 1865 2081 ea
1886 2024 2143 2097 pontifex

488 2111 676 2183 capite
704 2113 736 2166 4
767 2112 976 2168 innuat
1016 2130 1077 2169 se
1137 2112 1342 2169 Piboni
1392 2114 1764 2186 respondere,
1824 2118 2140 2186 antequam

484 2199 673 2256 ullum
704 2201 1016 2257 concilium
1030 2202 1296 2276 generale
1323 2202 1692 2259 celebrasset.
1707 2205 1779 2258 At
1802 2219 1955 2258 anno
1978 2203 2139 2272 1089‘,

484 2292 550 2345 ut
579 2289 753 2346 habet
800 2290 1127 2360 Bertoldus,
1185 2291 1455 2347 Urbanus
1506 2292 1817 2362 generalem
1869 2290 2142 2364 synodum

480 2377 588 2433 H5
617 2380 995 2451 episc0porum
1042 2380 1281 2451 collegit.
1315 2380 1482 2436 Forte
1513 2380 1676 2447 Pibo,
1707 2395 1841 2435 cum
1873 2383 2007 2452 post
2032 2378 2143 2435 iter

479 2465 1035 2541 Jerosolymitanum
1066 2468 1124 2523 in
1152 2468 1509 2525 monasterio
1539 2467 1735 2523 Sancti
1771 2467 2010 2541 Benigni
2040 2466 2138 2524 Di-

478 2554 649 2612 vione
697 2546 1055 2613 monachum
1105 2548 1420 2626 induisset,
1481 2558 1554 2613 ad
1613 2556 1920 2614 ecclesiam
1964 2573 2135 2613 suam

481 2646 669 2701 redire
692 2639 868 2719 paulo
894 2651 1097 2720 postea
1107 2648 1338 2720 jussus,
1371 2646 1478 2703 has
1511 2646 1744 2703 Urbano
1762 2646 2138 2704 difﬁcultates

480 2735 802 2806 praposuit.
840 2736 951 2790 lter
976 2735 1119 2790 illud
1154 2739 1495 2808 susceperat
1522 2750 1675 2791 anno
1725 2735 1863 2791 1083
1909 2739 1969 2791 et
1991 2735 2139 2791 Tul-

479 2821 604 2877 lum
627 2823 751 2892 jam
788 2839 1054 2880 reversus
1101 2827 1224 2879 erat
1262 2840 1413 2879 anno
1445 2823 1605 2893 l088,
1658 2823 1755 2879 ubi
1810 2825 1953 2880 obiit
1982 2841 2135 2880 anno

787 2998 897 3055 XL.
930 2999 1043 3056 bis.
1081 3001 1331 3057 Urbanus
1362 3001 1541 3058 Romae
1567 3005 1833 3059 moratur.

553 3088 776 3144 Primos
808 3088 987 3159 hujus
1017 3088 1155 3144 anni
1174 3089 1358 3161 (1089)
1379 3106 1630 3158 menses,
1660 3093 1844 3148 Romae
1873 3091 1932 3146 in
1953 3092 2135 3148 insula

481 3180 547 3233 ut
575 3178 750 3232 refert
778 3176 1106 3247 Bertoldus,
1138 3179 1440 3250 quaeinter
1485 3179 1616 3235 duos
1656 3184 1849 3252 pontes
1885 3182 1992 3237 sita
2032 3184 2131 3248 est,

479 3266 765 3339 transegit
791 3267 1083 3334 Urbanus,
1116 3270 1172 3323 et
1201 3268 1439 3340 quidem
1455 3268 1549 3326 his
1580 3268 1639 3324 in
1676 3268 1962 3341 angustiis
1982 3270 2132 3342 posi-

480 3359 599 3423 tus,
632 3373 781 3428 quas
814 3356 986 3428 paulo
1019 3357 1293 3429 superius
1310 3374 1376 3411 ex
1407 3358 1696 3413 Pandulfo
1716 3375 2133 3415 commemora-
2158 3343 2203 3411 C

476 3444 845 3516 vimus,nihil
877 3445 1138 3501 omnimo
1154 3445 1513 3501 subtrahens
1535 3446 1791 3515 utilium,
1814 3448 2134 3519 quominus

479 3534 639 3607 gregi
698 3534 813 3589 sibi
874 3528 1191 3591 commisso
1225 3536 1282 3590 in
1336 3535 1612 3591 omnibus
1652 3537 1991 3609 prodesset;
2049 3537 2133 3593 ita

479 3625 704 3696 majora
733 3625 965 3697 negotia
991 3628 1375 3697 pertractans,
1409 3628 1474 3679 ut
1503 3628 1701 3680 tamen
1733 3641 1801 3680 ea
1832 3642 1958 3698 qua:
1985 3627 2131 3681 tanti

478 3717 595 3770 non
618 3715 969 3770 videbantur
998 3731 1126 3771 esse
1183 3713 1468 3769 momenti
1521 3716 1789 3782 curaret;
1852 3731 1918 3770 ac
1947 3714 2031 3771 sic
2060 3715 2134 3772 iis

480 3820 607 3875 quas
638 3804 709 3858 ad
755 3803 1081 3858 universale
1133 3801 1405 3858 Ecclesiae
1455 3803 1713 3875 regimen
1765 3803 2135 3876 pertinebant

478 3891 842 3958 intentus,ut
866 3904 982 3945 non
1013 3890 1333 3964 negligeret
1364 3890 1719 3962 privatorum
1732 3893 1987 3965 negot-ia,
2006 3908 2132 3965 quis

480 3979 552 4035 ad
586 3994 720 4035 eum
747 3978 1166 4035 referebantur.
1181 3978 1311 4034 Haec
1328 3980 1730 4036 omniarerum
1750 3980 1824 4036 ab
1855 3997 1921 4036 eo
1942 3984 2132 4054 gesta-

480 4083 612 4124 rum
644 4066 821 4124 series
848 4083 981 4123 vera
1011 4083 1139 4124 esse
1152 4067 1576 4139 comprobabit.
1599 4069 1787 4141 Hujus
1807 4069 1944 4124 anni
1967 4069 2135 4125 initio

478 4156 850 4229 privilegium
882 4156 1020 4211 olim
1050 4156 1446 4212 exhibendum
1497 4158 1788 4214 concessit
1838 4156 2136 4214 canonicis

478 4244 847 4318 regdlaribus
878 4246 1060 4300 sancti
1094 4244 1336 4302 Joannis
1367 4246 1438 4301 de
1467 4245 1667 4302 Vineis
1699 4247 1854 4320 apud
1872 4247 2133 4304 Suessio-

478 4352 585 4392 nas
614 4339 679 4391 ut
707 4352 806 4391 eos
827 4336 938 4391 sub
996 4333 1328 4408 apostolicae
1369 4336 1527 4391 sedis
1580 4335 1765 4392 tutela
1809 4336 2030 4409 positos
2061 4337 2132 4392 ad

478 4424 784 4481 arctiorem
815 4416 1029 4498 regulae
1079 4440 1199 4480 suis
1255 4424 1505 4496 praxim,
1564 4440 1741 4498 quam
1793 4424 1969 4498 paulo
2000 4430 2134 4483 ante

478 4517 875 4586 susceperant,
909 4512 1098 4585 magis
1113 4530 1179 4568 ac
1193 4512 1380 4587 magis
1405 4514 1828 4570 observandam
1859 4514 2132 4571 adhorta-

478 4607 659 4660 retur:
694 4619 872 4681 quare
903 4619 1081 4674 super
1109 4601 1308 4658 omnia
1337 4603 1561 4671 statuit,
1586 4606 1650 4659 ut
1681 4605 1960 4660 canonice
2006 4620 2133 4661 con-

2254 682 2447 750 Sancti
2481 694 2814 767 Augustini,
2839 694 3195 749 conﬁrmatae
3227 692 3439 749 abonse
3466 689 3761 747 memoria
3780 688 3907 743 viro

2254 783 2486 839 Urbano
2514 783 2787 856 pontifice
2817 783 2865 840 Il
2894 800 3042 856 quas
3065 784 3346 839 debemus
3364 777 3776 841 inviolabiliter
3789 795 3907 834 ser-

2252 890 2402 927 vare.
2439 873 2679 928 Duabus
2709 878 2905 929 autem
2923 876 2981 928 et
3009 872 3401 945 quadraginta
3429 866 3907 926 lectionibueab«

2254 957 2579 1023 solvuntur,
2615 979 2644 1008 ››
2674 963 2783 1014 etc.
2804 958 2967 1014 Certe
2986 958 3289 1014 Urbanum
3304 955 3639 1030 pontiﬁcem
3662 952 3908 1027 speciali

2252 1045 2564 1103 dilectione
2613 1051 2989 1119 prosecutum
3016 1047 3203 1104 fuisse
3244 1045 3559 1102 canonicos
3605 1042 3910 1115 regulares

2252 1134 2436 1191 sancti
2468 1134 2915 1209 Augustini,qui
2929 1140 3068 1192 tunc
3098 1134 3543 1193 recensexcitati
3564 1133 3626 1189 in
3646 1131 3910 1195 Ecclesia

2253 1223 2556 1290 florebant,
2580 1225 2829 1296 probant
2855 1225 3018 1281 varia
3044 1226 3174 1298 ejus
3191 1223 3514 1297 diplomata
3543 1230 3677 1295 quas
3694 1237 3906 1294 super-

2251 1316 2411 1379 sunt,
2469 1315 2595 1369 suis
2624 1312 2768 1370 locis
2825 1314 3190 1386 proferenda.
3225 1314 3304 1372 Ex
3354 1312 3572 1385 quibus
3619 1310 3903 1371 Gerasius

2250 1402 2598 1474 praipositus
2627 1402 3208 1476 Beicherspergensis
3235 1401 3297 1459 in
3318 1400 3678 1475 expositione
3690 1398 3907 1472 psalmi

2250 1491 2319 1546 64
2349 1508 2449 1545 seu
2483 1489 2631 1546 libro
2661 1492 2741 1547 De
2766 1496 3040 1564 corrupto
3071 1496 3228 1549 statu
3277 1489 3547 1549 Eccelsim
3593 1489 3667 1549 ad
3705 1490 3903 1563 Euge—

2251 1580 2413 1637 nium
2447 1580 2523 1635 lll
2556 1592 2788 1652 papam,
2839 1585 3000 1637 torno
3038 1581 3088 1634 V
3148 1565 3657 1639 Miscellaneorum
3703 1577 3903 1644 Belus,

2249 1670 2402 1724 edito
2433 1669 2621 1724 locum
2658 1668 2946 1742 insignem
2981 1669 3219 1741 profert,
3241 1684 3417 1741 quem
3446 1682 3710 1729 seorsum
3733 1667 3909 1731 edere

2249 1757 2440 1812 visum
2474 1775 2587 1813 non
2620 1762 2879 1821 est,cum
2908 1758 3113 1815 iisdem
3134 1757 3372 1815 omnino
3400 1757 3596 1813 verbis
3615 1756 3910 1815 habeatur

2248 1845 2307 1901 in
2338 1845 2633 1918 plerisque
2678 1847 3096 1903 canonicorum
3150 1846 3510 1920 regularium
3562 1844 3905 1918 privilegiis.

2251 1934 2428 1990 Porro
2455 1934 2608 1991 aliud
2661 1936 2852 1991 Sancti
2901 1936 3150 1992 Joannis
3200 1934 3637 1993 Suessioneueie
3671 1933 3909 2005 privile-

2249 2023 2412 2096 gium
2445 2040 2511 2079 ex
2543 2022 2838 2079 Sirmondi
2874 2024 3129 2091 schedis,
3182 2024 3336 2096 quod
3379 2024 3557 2080 etiam
3604 2037 3681 2079 ex
3709 2022 3912 2083 codice

2249 2129 2360 2168 ms.
2397 2112 2607 2184 reginae
2638 2113 2881 2179 Sueciaa,
2901 2112 3484 2177 nuncOttoboniauo,
3516 2112 3711 2170 Romae
3731 2110 3914 2171 hebe-

2249 2217 2402 2265 mus,
2435 2201 2617 2257 edidit
2649 2202 2913 2258 Labbeus
2945 2206 3104 2259 tomo
3134 2198 3721 2269 XConciliorum,sed
3744 2200 3909 2271 quod

2246 2290 2460 2363 prioris
2489 2297 2823 2363 excerptum
2876 2290 3043 2347 iacile
3086 2291 3482 2357 crederemus.
3533 2289 3650 2347 nisi
3699 2293 3913 2362 prater

2247 2396 2434 2451 pauca
2464 2379 2601 2446 alia,
2632 2380 2921 2436 diversam
2954 2380 3196 2437 haberet
3223 2379 3556 2437 chronicam
3579 2382 3804 2439 notam.
3824 2380 3906 2437 Et

2246 2468 2483 2540 quidem
2517 2486 2633 2525 non
2666 2469 2905 2525 omnino
2940 2469 3199 2526 insolens
3214 2473 3323 2537 est,
3356 2473 3423 2527 ut
3452 2468 3604 2529 idem
3638 2466 3907 2540 pontifex

2246 2558 2477 2613 duobus
2509 2556 2951 2630 diplomatibus,
2966 2556 3194 2614 diverso
3212 2561 3473 2630 tempore
3492 2557 3666 2625 datis,
3692 2558 3908 2615 eadem

2244 2645 2426 2702 ferme
2451 2647 2591 2717 jura
2620 2646 2718 2701 uni
2751 2645 2877 2703 loco
2908 2646 3278 2713 concesserit;
3324 2662 3442 2718 quo
3498 2649 3695 2703 autem
3743 2661 3907 2705 anno

2245 2734 2449 2791 datum
2481 2735 2637 2791 istud
2664 2735 2854 2801 fuerit,
2888 2734 3337 2807 neconjiciendo
3354 2735 3592 2806 quidem
3614 2733 3909 2806 expiscari

2244 2824 2569 2898 potuimus,
2618 2825 2942 2897 praascrtim
2974 2840 3109 2881 cum
3167 2824 3229 2880 in
3262 2824 3390 2881 cod.
3425 2840 3537 2881 ms.
3589 2822 3909 2883 decretalis

2246 2913 2493 2969 formam
2524 2914 2807 2988 preferat.

2418 3002 2557 3058 XLI.
2595 3004 2964 3072 Privilegium
2999 3002 3052 3057 S.
3094 3004 3322 3059 Victoris
3354 3001 3732 3059 Massiliensis.

2311 3092 2395 3147 Ad
2429 3092 2607 3163 hujus
2638 3108 2870 3164 quoque
2898 3089 3040 3147 anni
3065 3090 3236 3147 initia
3265 3090 3653 3148 revocandum
3679 3091 3911 3163 est‘pri.

2239 3179 2517 3254 vilegium
2578 3181 2734 3253 quod
2794 3180 3065 3236 Urbanus
3122 3180 3478 3237 monasterio
3541 3178 3906 3237 Μειθείὶὰθωὶ

2241 3270 2435 3326 Sancti
2455 3269 2712 3327 Victoris
2729 3269 2921 3342 primo
2943 3268 3315 3341 pontificatus
3328 3267 3421 3324 sui
3450 3284 3603 3326 anno
3636 3268 3909 3345 indulsit,

2240 3376 2354 3415 non
2384 3359 2623 3431 quidem
2666 3358 2986 3414 indictione
3030 3375 3108 3426 ιιι,
3142 3362 3207 3414 ut
3254 3357 3493 3430 vulgata.
3547 3356 3913 3429 exemplaria

2239 3448 2573 3520 praeferunt,
2605 3447 2704 3503 sed
2737 3463 2840 3514 xu,
2860 3463 2987 3519 quae
3018 3446 3155 3503 huic
3172 3462 3324 3503 anno
3346 3445 3638 3503 convenit.
3666 3446 3735 3503 Et
3764 3448 3903 3518 qui-

2239 3535 2372 3591 dem
2402 3552 2554 3592 anno
2584 3536 2931 3609 praecedenti
2979 3536 3073 3591 die
3101 3552 3136 3591 x
3167 3534 3460 3593 Kalendas
3490 3534 3682 3591 Martii
3728 3534 3907 3605 (nam

2239 3624 2351 3681 hoc
2375 3641 2576 3681 mense
2597 3625 2801 3680 datum
2832 3623 3066 3697 dicitur)
3096 3625 3361 3681 nondum
3382 3622 3666 3681 "Urbanus
3694 3625 3908 3682 sedem

2240 3714 2623 3788 apostolicam
2656 3715 3092 3782 conscenderat,
3125 3718 3183 3769 ct
3212 3713 3355 3770 Rich
3368 3714 3553 3771 ardus
3583 3712 3769 3771 abbas
3821 3713 3916 3772 cui

2238 3803 2591 3876 inscriptum
2625 3808 2735 3871 est,
2777 3802 2971 3860 adhuc
3002 3803 3061 3858 in
3110 3802 3391 3875 Hispania
3433 3806 3577 3860 tunc
3614 3804 3915 3875 temporis

2242 3894 2604 3961 morabatur,
2620 3891 3043 3966 ubilegationis
3060 3891 3411 3965 apOBtOIiCtB,
3439 3907 3617 3964 quam
3639 3891 3912 3966 aGrego-

2242 3982 2328 4038 rio
2357 3981 2457 4037 VII
2488 3985 2811 4053 acceperat,
2846 3980 3055 4037 munia
3082 3980 3404 4048 exercebat,
3438 3980 3579 4038 licet
3605 3996 3641 4039 a
3666 3978 3910 4041 Victore

2243 4071 2500 4144 primum
2523 4069 2849 4138 defecisset,
2858 4075 3060 4143 postea
3080 4071 3329 4127 fortasse
3342 4069 3455 4142 ipsi
3473 4068 3916 4129 reconciliatus.

2244 4161 2319 4215 At
2347 4159 2455 4215 hoc
2485 4175 2639 4215 anno
2661 4156 3379 4231 Ricardus,illadignitate
3395 4156 3469 4214 ab
3488 4155 3918 4229 Urbano.un

2244 4248 2445 4305 minus
2477 4253 2665 4317 caute,
2697 4252 2763 4304 ut
2793 4248 2877 4305 ait
2905 4247 3247 4314 Rodericus,
3281 4244 3594 4319 legationis
3634 4245 3908 4305 ofﬁcium

2244 4338 2453 4406 obiret,
2484 4342 2540 4394 et
2569 4338 2715 4394 forte
2746 4337 2819 4394 ob
2841 4335 2988 4393 alias
3004 4336 3175 4393 nobis
3192 4335 3424 4409 ignotas
3440 4348 3651 4393 causas
3669 4339 3913 4402 exutus.

2241 4432 2298 4483 et
2323 4427 2393 4484 ad
2427 4426 2859 4483 monasterium
2873 4441 3049 4483 suum
3063 4434 3350 4491 reversus,
3383 4421 3499 4478 hoc
3528 4420 3913 4495 privilegium

2245 4533 2281 4573 a
2308 4517 2582 4590 pontiﬁce
2612 4514 2872 4572 obtinere
2895 4514 3107 4587 potuit.
3133 4513 3251 4570 Nec
3263 4510 3479 4570 mirum
3499 4510 3681 4571 videri
3705 4510 3911 4580 debet,

2239 4609 2381 4662 tunc
2417 4605 2502 4661 illi
2534 4605 2835 4662 Urbanum
2854 4601 3175 4677 gratiﬁcari
3200 4600 3477 4669 voluisse;
3497 4601 3911 4661 necessarium

476 4694 806 4761 stitutiones,
834 4694 1114 4764 perpetuis
1173 4693 1502 4764 temporibus
1549 4694 1610 4747 in
1639 4709 1841 4749 eorum
1891 4694 2133 4751 Ecclesia
2162 4713 2210 4780 Β
2241 4695 2456 4769 quippe
2484 4699 2608 4752 erat
2627 4691 3521 4780 tantumvirum,cujusanimus
3550 4689 3915 4780 obablatam

478 4782 833 4839 inviolabiter
849 4782 1281 4837 observarentur.
1304 4780 1419 4837 Has
1438 4781 1886 4839 constitutiones
1914 4782 2134 4841 vidisse
2162 4776 2198 4780 —
2243 4783 2355 4841 sibi
2386 4783 2739 4857 legationem
2754 4780 3087 4854 exasperari
3104 4779 3410 4852 potuisset,
3435 4776 3753 4837 conciliare
3766 4780 3911 4851 sibi,

479 4877 536 4927 et
565 4872 920 4945 approbasse
948 4870 1220 4926 Urbanus
1256 4870 1474 4926 dicitur
1503 4870 1561 4925 in
1610 4871 1789 4927 veteri
1838 4872 1967 4944 ejus
2017 4872 2125 4929 loci

480 4959 783 5026 Chronico,
808 4960 978 5031 cujus
1010 4963 1214 5014 auctor
1243 4958 1300 5014 id
1335 4961 1542 5031 probat
1570 4976 1638 5014 ex
1690 4976 1891 5015 earum
1934 4960 2124 5031 titulo,

481 5050 581 5123 qui
613 5050 673 5104 in
702 5049 1032 5105 authentico
1063 5065 1264 5104 earum
1309 5048 1647 5121 exemplari,
1681 5053 1737 5105 et
1781 5049 1925 5105 forte
1960 5056 2126 5107 auto—

481 5139 725 5212 grapho,
750 5142 1126 5211 suotempore
1147 5137 1628 5194 habebaturHrec
1654 5142 1791 5193 sunt
1806 5140 1934 5211 ejus
1955 5141 2131 5197 verba

482 5229 554 5284 de
584 5227 815 5283 Urbano
846 5227 1158 5299 loquentis:
1191 5228 1241 5282 Is
1266 5228 1485 5298 primus
1510 5229 1621 5299 [uit
1644 5245 1772 5300 erga
1807 5232 2131 5285 canonicam

480 5321 745 5384 nostram,
779 5317 862 5372 sic
890 5322 1115 5372 veteres
1147 5317 1562 5372 canonicorum
1597 5316 1952 5391 regularium
2002 5334 2130 5373 mo-

482 5406 740 5462 nasteria
814 5405 1103 5478 appellare
1181 5411 1621 5475 consueverant,
1700 5406 2134 5464 benedictionum

412 5482 423 5497 ’
482 5497 903 5567 apostolicarum
933 5498 983 5549 ct
1013 5495 1368 5564 largitionum
1393 5495 1737 5560 distributor,
1763 5496 1861 5567 qui
1878 5495 2134 5549 constitu»

485 5588 657 5642 tiones
700 5586 859 5641 nobis
899 5585 1153 5655 proprias
1213 5587 1266 5640 et
1302 5586 1674 5656 particulares
1739 5582 2058 5656 approbavit
2083 5589 2135 5639 el

484 5675 872 5739 corroboravit,
930 5672 1379 5744 quemadmodum
1435 5674 1627 5727 titulus
1684 5672 1799 5727 illis
1859 5670 2135 5744 praeﬁxas

484 5767 755 5831 connotat.
781 5784 807 5815 ‹‹
831 5760 1122 5837 Incipiunt
1136 5760 1428 5820 canonicis
1451 5759 1852 5821 institutiones
1868 5759 2135 5823 Ecclesia

2238 4878 2294 4930 et
2322 4872 2517 4946 reipsa
2533 4871 2883 4937 Richardus,
2912 4869 3065 4925 sicut
3083 4873 3137 4925 et
3150 4868 3317 4941 Hugo
3349 4867 3910 4941 Lugdunensis,qui

2236 4961 2415 5019 simul
2469 4979 2503 5016 a
2531 4959 2785 5016 Victoris
2844 4956 3177 5013 obedientia
3235 4959 3617 5023 recesserant,
3668 4954 3913 5019 Urbano

2236 5067 2471 5122 semper
2499 5053 2702 5121 postea
2734 5044 3132 5102 addictissimi
3166 5045 3347 5102 fuere.
3381 5043 3506 5101 Non
3536 5043 3738 5115 itaque
3760 5047 3917 5105 sub-

2238 5139 2588 5195 movendum
2621 5140 2709 5192 est
2727 5135 2798 5190 ab
2821 5135 2931 5189 hoc
2960 5150 3113 5189 anno
3133 5130 3667 5207 privilegiumillud
3693 5133 3911 5195 Massi-

2238 5228 2441 5292 lieuse,
2475 5226 2628 5296 quod
2662 5225 2735 5279 ad
2767 5224 2896 5279 cod.
2933 5240 3045 5281 ms.
3083 5223 3444 5283 Tolosanum
3475 5222 3655 5281 beata:
3703 5222 3909 5281 Maria

2239 5315 2527 5370 deaurata:
2554 5311 2829 5368 collatum
2846 5310 3007 5381 alias
3039 5313 3384 5387 proferetur.

2639 5401 2803 5458 XLII.
2838 5402 2914 5459 De
2940 5403 3100 5459 rebus
3133 5401 3490 5459 Germanicis.

2311 5491 2466 5547 Nihil
2499 5495 2693 5548 autem
2726 5492 2915 5566 magis
2964 5492 3126 5549 cordi
3157 5495 3283 5547 erat
3338 5489 3574 5546 Urbano
3620 5504 3805 5561 quam
3841 5495 3921 5548 uti

2240 5581 2565 5640 Germanias
2594 5582 2929 5639 subveniret
2963 5597 3141 5654 quam
3182 5580 3405 5636 sciebat
3435 5596 3470 5636 a
3498 5577 3919 5647 schismaticie,

2241 5673 2498 5730 multum
2521 5688 2587 5729 eo
2599 5676 2862 5744 tempore
2893 5668 3252 5727 conturbari.
3269 5669 3626 5743 Supererant
3651 5667 3909 5739 quidem

2238 5761 2433 5824 adhuc
2462 5777 2531 5820 ea
2560 5759 2623 5817 in
2652 5758 2885 5835 regione
2907 5756 3527 5836 prstcrliermsanum
3550 5755 3907 5834 Helenum,
