3972 6438
124 505 202 587 ςο
1528 497 1767 580 ..ν

131 640 222 720 qui
247 645 384 704 ante
406 636 635 719 aliquot
653 638 777 711 dies
798 636 997 701 sedem
1021 653 1192 711 suam
1214 628 1761 712 receperat,etalios
1872 638 2041 697 catur
2066 631 2127 694 in
2149 633 2252 695 illa
2270 635 2492 712 synodo
2512 632 2770 710 generali
2790 633 2895 692 115
2914 630 3324 724 episcoporum
3341 647 3524 724 quam

128 751 351 810 paucos,
374 734 617 792 omnino
642 736 901 808 quatuor
923 730 1195 789 catholici
1216 728 1494 804 episcopi,
1520 742 1775 800 quorum,

125 824 322 898 inquit,
342 823 671 888 Bertoldus,
690 824 753 879 in
776 823 1078 883 Teutonicis
1095 822 1351 894 partibus
1373 814 1772 890 con/ortamen-

124 918 171 973 ιο
189 915 387 987 reliqui
405 913 662 973 catholici
677 912 1047 969 schismaticis
1068 928 1103 967 a
1128 911 1406 983 principio
1430 908 1771 964 restiterunt.

126 1003 166 1060 li
193 1007 356 1071 erant
404 1001 696 1059 Adalbero
741 1001 1176 1071 Niceburgensis,
1207 998 1559 1055 Altmannus
1606 998 1773 1052 Pata-

128 1091 718 1161 vien-Iis,Adelbertus,
732 1092 1229 1156 Wormatiensis,et
1246 1087 1627 1145 Gebehardus
1645 1085 1781 1142 Con-

126 1183 453 1241 mutimis.
486 1181 543 1238 Is
571 1180 820 1241 ultimus
836 1180 1174 1249 abUrbano,
1199 1195 1337 1235 cum
1369 1176 1431 1233 in
1463 1175 1782 1232 Germania

128 1270 447 1346 apostolica
476 1271 636 1328 sedis
673 1269 1092 1344 apocrisiarius
1137 1274 1315 1335 esset,
1345 1268 1405 1324 in
1436 1266 1779 1340 episcopum

128 1364 513 1430 consecratus,
555 1360 734 1433 probe
770 1359 828 1417 ei
857 1362 1035 1416 notus
1065 1362 1189 1414 erat
1221 1375 1235 1412 :
1273 1371 1461 1430 quare
1504 1354 1781 1411 eumdem

135 1449 387 1524 pontifex
406 1449 598 1507 factus
614 1448 945 1522 apostolicis
963 1449 1122 1505 sedis
1142 1447 1406 1521 legatum
1438 1448 1499 1502 in
1515 1452 1641 1502 .tota
1661 1442 1781 1499 Ale-

128 1538 909 1611 manin,Bajoaria,Samonia,
931 1538 1236 1610 vicinisque
1264 1535 1593 1608 regionibus
1625 1548 1785 1588 crea-

121 1629 201 1686 vit
226 1627 438 1685 litteris
464 1644 536 1685 ea
563 1628 637 1685 de
679 1643 743 1684 re
785 1630 974 1686 Romae
1010 1627 1165 1685 datis
1192 1642 1292 1683 xxv
1321 1624 1591 1682 Kalendas
1632 1623 1783 1709 Mati,

124 1724 179 1777 et
206 1717 447 1791 quidem
477 1717 587 1773 hoc
616 1733 792 1781 anno,
815 1715 901 1773 uti
923 1716 1090 1772 docet
1112 1732 1219 1771 nos
1246 1713 1581 1781 Bertoldus,
1605 1716 1786 1767 tanta-

121 1824 238 1881 que
262 1805 388 1873 visa
412 1812 504 1863 est
531 1821 734 1862 earum
776 1805 1122 1872 auctoritas,
1152 1808 1219 1861 ut
1247 1803 1319 1861 ab
1352 1803 1527 1860 Ivon'e
1558 1804 1616 1858 et
1645 1801 1786 1859 Gra-

1881 729 1994 795 boc
2025 744 2177 785 anno
2205 731 2263 786 et
2292 726 2529 800 quidem
2559 726 2774 793 Roma,
2798 727 2864 781 ut
2895 721 3064 780 multi
3094 721 3318 791 volunt,
3341 720 3529 779 Urba-

1884 816 1998 879 nus
2040 819 2195 894 apud
2242 817 2576 885 Bertoldum
2609 816 2914 890 collegisse
2944 814 3178 885 dicitur,
3209 814 3271 873 in
3301 828 3421 886 qua
3467 815 3534 869 ut

1884 911 2037 968 idem
2067 913 2269 966 auctor
2289 908 2407 965 ait:
2433 908 2811 964 Ecclesiastica
2841 909 3045 962 statuta
3063 920 3290 963 suorum
3313 903 3534 975 prmde-

1882 1016 2157 1057 cessoram
2185 999 2481 1071 apostolica
2516 998 2841 1055 auctoritate
2872 996 3231 1065 conﬁrmavit.
3266 992 3414 1048 Illud
3446 995 3534 1049 ta-

1887 1104 2021 1149 men
2044 1088 2404 1146 incommodi
2433 1091 2523 1144 est
2548 1088 2605 1142 in
2638 1086 2750 1143 hac
2770 1084 3058 1143 sententia
3077 1083 3230 1156 quod
3264 1082 3534 1139 Urbanus

1886 1180 2280 1237 communicato
2309 1177 2549 1251 quidem
2593 1180 2836 1250 fratrum
2864 1177 3091 1232 consilio
3128 1172 3436 1246 epistolam
3461 1173 3534 1228 ad

1888 1268 2299 1327 Gebehardum
2330 1284 2393 1323 se
2421 1266 2732 1338 scripsisse
2760 1265 2933 1331 dicat,
2963 1266 3061 1321 sed
3086 1263 3258 1336 paulo
3289 1261 3538 1318 inferius

1887 1356 1948 1413 id
1970 1357 2030 1413 in
2051 1356 2255 1430 synodo
2278 1356 2524 1426 generali
2543 1355 2762 1412 factum
2791 1372 2907 1411 non
2930 1353 3111 1411 fuisse
3140 1356 3336 1426 aperte
3357 1352 3539 1408 fatea-

1889 1451 2006 1505 tur.
2022 1447 2094 1503 Ut
2114 1450 2179 1503 ut
2198 1445 2294 1512 sit,
2312 1449 2534 1502 certum
2558 1448 2647 1501 est
2667 1462 2734 1502 ea
2752 1445 2811 1500 in
2834 1445 3054 1517 synodo
3067 1444 3261 1499 Rome
3280 1446 3383 1499 aut
3402 1459 3542 1515 quo-

1891 1534 1981 1592 vis
2002 1534 2114 1591 alio
2134 1534 2195 1593 in
2216 1534 2341 1591 loco
2359 1534 2759 1605 habita,quam
2776 1532 3083 1589 Bertoldus
3098 1535 3537 1602 commemorat,

1892 1625 2049 1683 sicut
2097 1627 2155 1680 et
2183 1624 2454 1681 Urbanus
2484 1624 2542 1679 in
2569 1622 2816 1696 epistola
2844 1639 2952 1679 sua
2981 1621 3314 1680 faciendum
3345 1623 3540 1678 decer-

1896 1714 2005 1783 nit,
2037 1713 2240 1770 mitius
2268 1717 2465 1770 actum
2497 1712 2679 1770 fuisse
2707 1728 2843 1769 cum
2872 1712 2965 1777 iis,
2995 1712 3096 1785 qui
3126 1711 3362 1768 nonnisi
3384 1728 3543 1767 occa-

1896 1804 2061 1861 sione
2089 1806 2191 1859 aut
2222 1805 2404 1871 metu,
2427 1806 2527 1858 aut
2554 1802 2610 1857 vi
2642 1802 2715 1858 ad
2756 1801 3160 1859 schismaticos
3191 1802 3541 1869 defecerant,

127 1894 282 1963 tiano
309 1894 371 1951 in
397 1893 649 1951 decretis
699 1893 827 1950 suis
862 1892 1043 1948 veluti
1073 1890 1291 1965 regulae
1335 1888 1492 1962 juris
1544 1887 1786 1944 omnino
1898 1897 2215 1966 posteaque
2243 1893 2317 1948 ad
2348 1891 2666 1949 Ecclesiam
2709 1891 2942 1948 fuerant
2986 1890 3222 1947 reversi.
3246 1890 3406 1947 Unde
3432 1890 3545 1945 Ro-

126 1991 295 2043 certa
319 1987 381 2039 et
402 1984 739 2057 approbatis
790 1982 1019 2039 laudari
1070 1980 1418 2038 meruerint.
1457 1978 1791 2075 Decretalem
1820 2008 1870 2075 B
1899 1982 2079 2049 mani,
2104 1984 2169 2037 ut
2197 1981 2351 2037 idem
2394 1984 2598 2037 auctor
2643 1983 2861 2050 narrat,
2894 1980 2955 2036 in
2985 1984 3216 2037 tantum
3265 1980 3546 2036 adversus

124 2074 406 2147 epistolam
423 2071 681 2146 appellat
702 2071 1269 2139 BertoldusJitteras
1283 2068 1583 2143 synodates
1600 2065 1793 2128 cardi-
1821 2065 1866 2075 "
1903 2071 2249 2130 Guibertum
2278 2070 2693 2139 eﬂ‘erbuerunt,
2717 2072 2783 2125 ut
2807 2069 2972 2125 abiis
2999 2071 3236 2141 turpiter
3260 2071 3432 2141 fuerit
3458 2084 3552 2126 ea:-

127 2162 272 2221 datis
302 2161 610 2226 Baronius.
639 2162 797 2234 quod
843 2175 943 2217 eas
973 2178 1045 2218 ea:
1069 2160 1274 2232 synodo
1305 2157 1561 2232 scriptas
1592 2156 1795 2214 fuisse
1896 2162 2091 2234 pulsus
2126 2163 2184 2215 et
2225 2163 2462 2215 coactus
2498 2161 2815 2231 juramenlo
2865 2161 3202 2232 promittere,
3234 2160 3389 2231 quod
3439 2174 3552 2214 non

124 2250 537 2308 existimaverit
552 2254 617 2306 ut
631 2266 702 2306 ea:
721 2251 839 2322 ejus
871 2252 1203 2321 fragmento,
1228 2246 1446 2321 inquit,
1482 2254 1635 2320 patet
1653 2258 1795 2317 quod
1903 2251 2142 2322 amplius
2159 2250 2513 2322 apostolicam
2530 2249 2710 2305 sedem
2736 2250 2996 2305 invadere
3009 2253 3386 2321 praesumeret,
3407 2249 3477 2305 ad
3485 2265 3551 2305 eo

125 2341 193 2398 ab
217 2342 381 2397 leone
407 2339 689 2396 laudatur.
721 2340 834 2396 Sed
874 2339 933 2395 id
956 2339 1084 2409 jam
1131 2339 1375 2394 omnino
1424 2342 1650 2393 certum
1682 2337 1790 2410 est,

125 2446 192 2489 ex
218 2431 350 2502 ejus
374 2428 588 2502 ipsius,
624 2446 805 2501 quam
839 2429 1014 2485 modo
1054 2427 1344 2484 habemus
1377 2426 1688 2499 integram,
1711 2423 1792 2480 le-

134 2519 326 2576 ctione
357 2533 371 2572 :
403 2516 554 2577 hanc
579 2533 792 2591 nempe
822 2534 857 2573 a
883 2534 946 2574 se
976 2516 1263 2589 scriptam
1307 2514 1493 2572 fuisse
1535 2513 1795 2586 pontifex

130 2611 379 2664 testatur
405 2608 649 2678 fratrum
675 2621 919 2662 suorum
947 2606 1348 2662 communicato
1385 2604 1637 2673 consitio,
1667 2602 1791 2659 diu-

120 2712 238 2770 que
282 2696 882 2762 excommunicationis,
920 2695 989 2751 de
1029 2711 1145 2767 qua
1186 2693 1566 2766 potissimum
1618 2692 1679 2749 in
1726 2710 1797 2748 ea

134 2786 367 2860 agitur,
393 2786 691 2856 quastione
711 2787 1143 2856 tractatapatque
1173 2783 1317 2839 adeo
1344 2783 1405 2839 in
1437 2783 1798 2855 subsequen'

150 2874 308 2933 tibus
336 2872 596 2942 conciliis
626 2871 770 2929 nihil
818 2871 979 2929 aliud
1011 2889 1080 2928 ea
1107 2872 1177 2928 de
1213 2888 1294 2943 re,
1318 2886 1496 2944 quam
1545 2872 1699 2945 quod
1733 2872 1792 2927 in

132 2980 198 3019 ea
223 2962 474 3036 epistola
502 2961 925 3035 praescribitur,
947 2961 1247 3018 decretum
1277 2960 1404 3017 fuit.
1434 2960 1651 3016 Prwter
1679 2959 1796 3016 alia

131 3069 263 3109 vero
279 3053 433 3119 bene
454 3049 659 3119 multa,
676 3067 804 3124 quae
821 3049 1198 3124 potissimum
1223 3051 1283 3105 in
1300 3049 1395 3107 his
1412 3049 1623 3106 litteris
1646 3066 1793 3106 novo

132 3159 239 3199 suo
270 3140 464 3214 legato
494 3140 867 3209 commendat
895 3139 1189 3206 Urbanus,
1220 3138 1533 3212 praeclaras
1561 3138 1794 3210 regulas

133 3228 462 3303 praecl-ibit
490 3230 563 3285 de
596 3229 769 3295 modo
810 3227 1282 3301 recipiendorum
1323 3228 1793 3287 excommunica-

134 3323 324 3376 torum
359 3318 434 3374 ad
465 3316 890 3391 paenitentiam.
914 3317 1038 3382 Qua
1065 3317 1124 3372 in
1154 3331 1215 3373 re
1243 3316 1645 3379 acerbissimis
1667 3316 1786 3373 illis

134 3379 502 3481 teinporibus
532 3422 747 3479 magna
766 3379 994 3463 cautela
1023 3405 1360 3462 adhibenda
1383 3409 1529 3470 erat,
1559 3422 1631 3462 ne
1662 3405 1799 3462 faci-
1824 3379 1872 3448 ο

135 3497 299 3561 litate
314 3494 636 3569 recipiendi
653 3493 852 3568 lapsos
866 3494 1135 3553 Ecclesiae
1152 3494 1473 3567 disciplina
1495 3495 1802 3555 labefacta“

137 3590 318 3654 retur,
350 3590 456 3642 aut
501 3584 826 3641 econtrario
872 3584 1061 3642 nimia
1105 3585 1451 3649 austeritate
1494 3585 1799 3641 exacerba-

135 3680 341 3733 rentur
367 3672 552 3738 animi
576 3688 801 3742 eorum,
822 3673 924 3747 qui
947 3674 1205 3746 quadam
1227 3673 1407 3731 veluti
1432 3673 1800 3742 necessitate,

128 3767 232 3822 aut
260 3761 683 3833 certelevitate
726 3761 968 3837 ingenii,
1004 3762 1199 3835 potius
1230 3778 1414 3836 quam
1466 3761 1695 3819 malitia
1741 3762 1801 3818 in

127 3850 805 3921 “communicationem
834 3850 1243 3908 incurrerent:
1274 3851 1497 3931 quippe
1528 3867 1682 3921 cum,
1717 3850 1804 3908 uti

124 3943 409 4011 observat
438 3938 767 4008 Bertoldus,
793 3940 1079 3998 Guibertus
1106 3943 1339 4014 ejusque
1365 3941 1671 4014 comptices,
1704 3958 1806 4013 per

122 4032 212 4089 fas
241 4035 307 4088 et
336 4029 527 4099 nefas,
560 4045 714 4102 sape
759 4029 934 4087 etiam
969 4034 1208 4103 accepto
1255 4029 1463 4104 pretio,
1489 4034 1805 4087 sectatores

121 4138 265 4179 suos
296 4136 405 4192 per
434 4118 666 4175 diversa
695 4118 822 4176 loca
850 4119 1113 4176 ordinare
1136 4134 1249 4176 non
1275 4126 1565 4187 cessarent,
1593 4136 1803 4176 excom-

122 4209 535 4275 municationi:
555 4208 767 4265 statum
785 4208 1066 4264 imantum
1076 4209 1585 4280 propagabatur,ut
1605 4207 1803 4276 etiam,

121 4297 413 4364 Catholici
438 4297 536 4352 via:
571 4312 630 4352 se
675 4297 744 4353 ab
795 4312 988 4355 eorum
1037 4298 1289 4369 contagio
1332 4301 1549 4369 possent
1604 4297 1806 4354 illaesos

128 4386 432 4451 custodire.
452 4386 641 4453 Quare
656 4385 932 4457 providus
955 4384 1217 4459 pontifex
1236 4390 1295 4442 et
1320 4384 1455 4459 pius
1477 4384 1805 4459 complures

131 4472 783 4533 excommunicatorum
816 4474 1035 4546 gradus
1064 4474 1400 4548 distinguit,
1427 4479 1493 4530 ut
1520 4480 1577 4529 et
1605 4491 1805 4548 super-

124 4565 353 4622 borum
375 4580 445 4620 ac
459 4561 849 4639 pervicacium
871 4563 1183 4619 temeritati
1208 4563 1537 4635 resistatur,
1553 4567 1611 4620 et
1627 4564 1804 4621 simul

134 4657 526 4721 succurratur
555 4651 913 4725 simplicium
962 4670 1029 4708 ac
1073 4652 1442 4709 infirmorum
1495 4653 1804 4710 imbecilli-

136 4743 267 4801 tati.

207 4830 379 4899 Quod
409 4847 545 4889 vero
573 4829 635 4886 in
658 4846 728 4887 ea
755 4830 1003 4904 epistola
1033 4831 1303 4888 Urbanus
1341 4830 1597 4888 declarat
1626 4849 1709 4899 se,
1743 4832 1801 4887 in

135 4920 232 4977 his
260 4919 626 4992 paenitentia:
672 4921 956 4994 gradibus
993 4918 1388 4994 assignandis,
1412 4921 1671 4995 Gregorii
1700 4922 1803 4976 VII

135 5009 407 5083 vestigiis
452 5007 778 5078 inbossisse,
812 5010 1193 5067 conﬁrmatur
1239 5027 1309 5066 ex
1355 5010 1615 5082 epistolae
1645 5011 1798 5083 frag-

136 5103 365 5166 mento,
390 5099 547 5171 quod
595 5098 759 5172 Hugo
793 5097 1245 5156 Flaviniacensis
1283 5098 1343 5154 in
1375 5099 1661 5156 Chronico
1693 5116 1799 5155 suo

138 5187 343 5255 refert,
388 5186 448 5242 in
497 5203 615 5261 quo
660 5186 971 5262 Gregorius
1018 5187 1195 5244 morti
1244 5187 1546 5260 proximus
1587 5188 1804 5245 dicitur

80 5330 87 5335 .
141 5291 376 5344 omnes,
398 5276 656 5350 exceptis
685 5276 931 5334 Henrico
963 5281 1019 5334 et
1046 5277 1341 5343 Gniberto,
1375 5294 1441 5333 ac
1467 5279 1802 5350 principati-

143 5366 244 5420 bus
258 5368 513 5438 personis
541 5383 663 5439 quae
691 5367 923 5422 consilio
940 5375 1034 5423 aut
1052 5368 1270 5423 auxilio
1296 5367 1552 5440 feriebant
1583 5368 1807 5423 illorum

138 5456 412 5527 nequitiae
438 5458 490 5512 et
510 5457 793 5528 impietati
821 5456 1141 5515 absolvisse
1165 5460 1224 5512 et
1254 5457 1643 5513 benedixisse.

211 5543 354 5623 {am
382 5559 520 5602 vero
548 5545 601 5601 si
633 5550 929 5618 queratur
975 5563 1094 5620 qua
1120 5547 1180 5602 in
1212 5547 1432 5619 synodo
1480 5545 1671 5620 gravis
1702 5545 1802 5603 illa

139 5632 398 5704 quaestio
427 5634 502 5689 de
547 5633 1072 5692 excommunicatis
1103 5635 1324 5709 agitata
1355 5635 1546 5703 fuerit,
1580 5635 1650 5691 de
1694 5653 1811 5708 qua

137 5722 211 5779 ad
247 5722 671 5782 Gebehardum
700 5723 905 5783 scribit
934 5723 1225 5794 Urbanus,
1245 5741 1361 5781 non
1387 5725 1705 5783 admodum
1734 5726 1812 5782 fa~

139 5810 276 5874 citis
305 5811 421 5869 erit
447 5811 777 5886 responsio,
810 5812 926 5870 nisi
957 5813 1104 5871 forte
1148 5812 1207 5871 id
1258 5812 1477 5871 factum
1508 5814 1688 5872 fuisse
1717 5813 1811 5875 di-

1902 2343 1988 2410 ut,
2024 2341 2148 2411 jam
2176 2339 2588 2411 aliquantulum
2614 2338 2880 2395 diuturna
2904 2341 3063 2409 regni
3090 2338 3362 2395 discordia
3408 2342 3555 2395 inter

1904 2428 2207 2485 Catholicos
2228 2432 2281 2484 et
2305 2427 2675 2484 schismaticos
2701 2428 2908 2484 exinde
2937 2437 3201 2501 tepescere
3222 2431 3461 2501 coeperit,
3489 2433 3555 2486 ut

1900 2534 2013 2575 non
2033 2519 2155 2591 jam
2197 2518 2401 2573 bellum
2447 2517 2519 2572 ad
2562 2519 2815 2585 invicem,
2867 2518 2960 2573 sed
3002 2534 3195 2590 pacem
3237 2534 3555 2591 componere

1902 2609 2095 2663 sanius
2121 2606 2458 2680 judicarent.
2492 2608 2616 2663 Imo
2649 2624 2743 2663 res
2783 2622 2850 2663 eo
2900 2612 3262 2679 processerat
3290 2613 3358 2663 ut
3385 2608 3557 2665 collo-

1902 2696 2041 2768 quio
2070 2697 2222 2751 inter
2250 2696 2561 2752 Henricum
2595 2700 2652 2752 et
2681 2711 2781 2752 eos
2811 2696 2912 2768 qui
2940 2697 3012 2750 ab
3042 2696 3274 2752 Urbano
3320 2697 3556 2754 stabant

1903 2785 2124 2853 habito,
2152 2800 2287 2858 spes
2330 2784 2529 2858 aliqua
2568 2784 2871 2857 ell‘ulgeret
2895 2784 3057 2857 pacis
3102 2784 3161 2840 in
3211 2785 3467 2842 Ecclesia
3496 2789 3555 2843 et

1902 2874 2148 2948 imperio
2177 2875 2578 2932 restituendae:
2605 2874 2707 2930 Isti
2736 2875 2893 2930 enim
2923 2875 3167 2931 Henrico
3194 2874 3555 2947 polliceban-

1901 2969 2000 3020 tur
2029 2981 2092 3020 se
2122 2963 2173 3020 ei
2218 2964 2435 3020 auxilio
2465 2968 2516 3020 et
2544 2964 2774 3020 consitio
2803 2978 3100 3037 nusquam
3147 2978 3267 3020 non
3317 2964 3551 3020 adfutu-

1903 3069 2019 3122 ros,
2052 3052 2104 3110 si
2159 3053 2405 3111 dimisso
2455 3053 2732 3110 Gniberto
2786 3052 2962 3110 vellet
3016 3054 3086 3110 ad
3140 3054 3557 3110 ecclesiasticam

1862 3194 1867 3201 .
1901 3146 2338 3200 munionem
2355 3159 2457 3215 per
2468 3142 2799 3198 catholicum
2813 3146 3083 3214 pastorem
3101 3158 3360 3200 remeare.
3382 3144 3557 3212 Quam

1902 3233 2269 3290 conditimzem
2322 3249 2436 3289 non
2477 3232 2711 3288 multum
2770 3231 3055 3288 Henricus
3108 3233 3408 3306 respuebat.
3441 3232 3555 3289 Sed

1907 3321 2174 3379 restitere
2203 3338 2322 3377 suae
2372 3320 2561 3394 ipsius
2591 3320 2864 3377 factionis
2893 3320 3171 3394 episcopi,
3206 3323 3360 3395 quod
3396 3337 3556 3377 vere-

1910 3415 2111 3467 rentur
2167 3427 2240 3467 ne
2296 3426 2437 3483 pace
2484 3410 2810 3483 composita
2844 3427 2980 3467 cum
3011 3408 3284 3467 Gniberto
3332 3414 3391 3467 et
3444 3409 3559 3483 ipsi

1910 3502 2447 3557 exauctorarentur.
2476 3499 2665 3563 Quare
2684 3503 2740 3555 et
2757 3499 2813 3556 ei
2837 3500 3057 3571 penitus
3087 3501 3189 3556 hac
3216 3502 3330 3557 vice
3353 3500 3562 3556 dissua-

1908 3596 2100 3646 serunt
2123 3604 2196 3644 ne
2221 3597 2426 3645 sarich
2453 3589 2704 3644 Ecclesim
2735 3590 3201 3646 reconciliaretur.

2034 3694 2222 3751 XLIII.
2254 3695 2734 3776 Schismaticorum
2759 3696 2938 3778 furor.
2970 3694 3108 3750 Mors
3140 3697 3435 3751 Bonizonis

2605 3781 2861 3838 episcopi.

1983 3857 2083 3923 Ea,
2114 3855 2199 3911 uti
2229 3855 2483 3923 videtur,
2510 3852 2813 3911 occasione
2841 3853 2925 3910 ita
2954 3854 3133 3911 crevit
3159 3853 3563 3911 schismatioo-

1912 3962 2043 4001 rum
2077 3945 2134 4000 in
2158 3944 2485 4001 Catholicos
2510 3943 2733 4010 odium,
2756 3948 2822 3999 ut
2848 3943 3025 4000 etiam
3055 3944 3281 4016 aliquot
3308 3943 3563 4001 Catholi-

1913 4051 2115 4091 corum
2165 4033 2470 4106 episcopos
2515 4032 2852 4088 interimere
2897 4032 3024 4089 ausi
3074 4033 3309 4089 fuerint.
3357 4034 3565 4090 Horret

1912 4122 2148 4180 animus
2181 4121 2241 4177 in
2272 4122 2574 4178 referenda
2614 4121 2923 4179 Bonizonis
2971 4121 3293 4178 Sutriensis
3342 4120 3565 4180 crudeli

1914 4216 2122 4278 morte,
2140 4227 2315 4284 quem
2344 4214 2403 4267 et
2431 4227 2566 4267 cum
2607 4211 2845 4284 propria
2871 4211 3017 4267 urbe
3047 4212 3296 4282 ejectum
3319 4210 3564 4268 Placen-

1912 4299 2023 4359 tini
2055 4318 2159 4373 pro
2198 4300 2472 4373 episcopo
2515 4299 2894 4372 recepissent,
2928 4298 3312 4365 schismatici,
3338 4298 3566 4357 eﬁ‘ossis

1913 4389 2098 4446 oculis
2128 4390 2533 4461 truncatisque
2564 4406 2712 4461 pene
2730 4389 3006 4445 omnibus
3034 4388 3338 4457 membris,
3361 4389 3569 4446 imma-

1915 4478 2083 4547 niter,
2126 4478 2211 4534 uti
2262 4478 2439 4534 refert
2494 4478 2818 4547 Bertoldus,
2869 4478 3258 4542 trucidarunt,
3292 4478 3447 4550 quod
3498 4480 3566 4534 14

1910 4566 2054 4625 Julii
2103 4567 2425 4639 contigisse
2471 4566 2755 4622 discimus
2788 4585 2856 4622 ex
2884 4569 3012 4639 ejus
3056 4566 3353 4639 epitaphio
3408 4568 3563 4639 apud

1914 4654 2226 4729 Ughellnm
2254 4660 2410 4710 tomo
2443 4657 2493 4709 ll
2527 4655 2703 4711 [taliae
2735 4672 2911 4711 sacrae
2946 4673 2957 4710 :
2994 4653 3172 4711 simili
3206 4657 3319 4712 fere
3346 4654 3566 4728 suppli-

1832 4756 1881 4821 Β
1911 4745 1999 4801 cio
2031 4745 2271 4801 affectus
2323 4744 2432 4799 fuit
2461 4762 2495 4798 a
2522 4744 2916 4801 schismaticis
2947 4745 3274 4816 Liprandus
3324 4748 3565 4817 presby-

1911 4840 2000 4891 ter
2029 4832 2507 4898 Mediolanensis,
2532 4835 2625 4888 cui
2672 4849 2869 4888 nasum
2896 4841 2947 4889 et
2978 4849 3137 4888 aures
3185 4834 3245 4887 in.
3289 4836 3564 4892 contume-

1912 4925 2049 4987 liam
2080 4923 2483 4996 prisciderunt.
2509 4924 2683 4979 Porro
2705 4923 3012 4980 Bonizonis
3033 4922 3256 4995 aliquot
3282 4923 3567 4996 opuscula

1908 5017 2173 5070 recenset
2205 5013 2552 5069 Lambecius
2581 5017 2741 5068 torno
2781 5012 2831 5068 Il
2868 5011 3238 5070 Bibliothecas
3270 5014 3570 5088 Cresarem,

1911 5116 2120 5175 nempe
2148 5103 2469 5174 paradisum
2498 5101 2956 5171 Augustinianum
2980 5120 3049 5159 ex
3074 5103 3228 5159 beati
3252 5105 3565 5179 Augustini

1911 5192 2225 5248 sententiis
2254 5196 2312 5248 et
2337 5190 2527 5249 verbis
2557 5190 2796 5247 omnino
2831 5196 3187 5260 contextum,
3223 5211 3398 5266 quem
3429 5210 3562 5252 san-

1912 5284 2004 5336 cto
2033 5280 2246 5336 Joanni
2272 5280 2584 5338 Gualberto
2617 5282 3002 5355 nuncupavit;
3034 5281 3273 5339 Librum
3302 5285 3563 5342 decreta-

1914 5369 2055 5438 lem,
2073 5372 2129 5425 et
2159 5369 2463 5441 Epitomen
2488 5371 2747 5427 historiae
2768 5368 3111 5444 pontificum
3141 5373 3560 5443 Romanorum,

1915 5475 2093 5530 quam
2146 5458 2431 5515 Martinus
2488 5460 2738 5517 Polonus
2793 5461 3069 5517 laudavit.
3120 5463 3277 5518 Idem
3329 5465 3565 5537 scripsit

1916 5547 2134 5603 librum
2163 5549 2237 5604 De
2263 5552 2617 5605 sacramentis
2640 5550 2712 5606 ad
2745 5550 3067 5607 Galterium
3102 5552 3416 5609 Leonensis
3439 5572 3563 5609 mo-

1920 5637 2156 5693 nasterii
2191 5636 2482 5705 abbatem,
2506 5655 2679 5710 quem
2712 5640 2770 5694 in
2802 5639 2997 5696 codice
3028 5658 3136 5697 ms.
3166 5643 3564 5699 Ambrosiam:

1919 5725 2279 5784 bibliothecae
2324 5726 2543 5783 invenit
2589 5729 3100 5787 Mabilloniuszad
3130 5748 3254 5787 rem
3302 5737 3563 5789 nostram

1922 5815 2112 5887 magis
2141 5818 2364 5889 spectat
2391 5816 2521 5887 ejus
2558 5814 2725 5874 liber.
2759 5817 2840 5875 De
2888 5819 3069 5892 gestis
3102 5820 3319 5878 Urbani
3347 5821 3563 5877 ibidem
