3972 6388
493 454 572 524 81

1815 457 1888 524 Β.
1931 443 2143 526 URBA

2269 457 2327 526 n
2370 457 2618 524 sane.
3748 431 3759 454 ”
3785 408 3873 521 Ἐς

499 592 882 664 memoratus,
917 607 1092 666 quem
1119 586 1298 651 etiam
1327 591 1576 668 ipsemet
1603 593 1712 652 sub
1742 577 1920 651 ﬁnem
1950 593 2142 668 Epito-
2169 583 2226 664 λ
2254 574 2608 660 laudandus,
2632 590 2810 666 quod,
2843 589 2930 650 uti
2967 573 3324 649 Trithemius
3367 572 3563 662 refert,
3583 581 3732 650 inter
3765 575 3875 666 epi-

498 699 628 741 mes
663 683 885 751 laudat,
916 682 1012 739 his
1040 683 1234 740 verbis
1276 700 1312 739 a
1359 684 1664 740 Lambecio
1713 683 1862 741 libro
1909 703 1972 754 ιι,
2005 701 2055 740 c.
2086 685 2141 752 8,

497 771 698 830 relatis
725 789 738 830 :
774 773 981 830 Urbani
1009 788 1132 828 vero
1155 775 1429 845 pontiﬁcis
1457 777 1576 830 acta
1623 776 1674 829 et
1719 773 1786 830 de
1831 776 1949 847 ejus
1975 775 2144 830 victo-

497 863 592 918 ria
617 863 668 917 si
689 862 813 934 quis
839 863 979 917 scire
1020 862 1274 929 voluerit,
1307 863 1452 932 legat
1482 862 1685 917 librum
1731 879 1890 934 quem
1927 864 2148 935 scripsit

499 951 563 1007 in
591 952 885 1022 Hugonem,
909 949 1264 1006 cardinalem
1315 949 1536 1006 scilicet
1581 949 2020 1007 schismaticum
2051 967 2146 1006 co-

499 1042 819 1114 gnomento
865 1037 1099 1108 Album,
1132 1046 1186 1095 et
1211 1039 1290 1094 ibi
1319 1041 1556 1095 inveniet
1586 1039 1656 1095 ad
1695 1041 1919 1112 plenum
1946 1040 2145 1096 diluci-

501 1127 634 1185 data
661 1143 786 1200 quae
812 1129 1066 1185 voluerit.

570 1219 643 1274 At
671 1217 834 1274 istud
878 1233 1026 1290 opus
1072 1219 1176 1272 aut
1222 1215 1414 1289 periit,
1447 1221 1549 1274 aut
1586 1221 1738 1274 certe
1785 1217 2148 1291 incognitum

501 1306 718 1364 alicubi
747 1305 916 1374 latet;
950 1305 1103 1362 sicut
1151 1310 1210 1362 et
1254 1307 1503 1375 dialogus
1551 1307 1844 1363 Gualfredi
1893 1306 2150 1381 episcopi

503 1394 780 1454 Senensis
807 1395 874 1451 de
901 1399 1132 1466 utroque
1171 1393 1483 1466 apostolico,
1517 1395 1577 1450 in
1624 1413 1740 1468 quo
1769 1394 2151 1452 interlocuto-

501 1501 597 1541 res
627 1483 986 1558 producebat
1017 1483 1316 1539 Urbanum
1365 1487 1423 1540 et
1469 1484 1832 1550 Guibertum,
1865 1489 1931 1540 ut
1958 1485 2154 1541 videre

501 1575 592 1630 est
629 1571 784 1644 apud
815 1569 1124 1644 Ughellum
1155 1575 1312 1628 tomo
1360 1571 1437 1627 IlI
1480 1571 1659 1628 Italiae
1707 1590 1904 1629 sacrae.
1937 1573 2048 1630 Sed
2081 1573 2153 1629 ad

469 1717 474 1728 ,
501 1659 914 1718 schismaticos
946 1665 1326 1728 revertamur,
1343 1661 1445 1733 qui
1477 1678 1592 1716 non
1615 1661 1814 1718 minus
1842 1663 1900 1717 in
1923 1665 2156 1718 Germa-

503 1749 603 1806 nia
632 1765 810 1821 quam
841 1747 903 1803 in
933 1747 1098 1815 Italia
1128 1749 1462 1805 saeviebant.
1481 1748 1566 1804 Ibi
1591 1749 1746 1805 enim
1772 1751 1938 1821 Hugo
1961 1745 2154 1807 comes

505 1839 578 1896 de
597 1835 946 1911 Egensheim
968 1841 1244 1893 strenuus
1265 1837 1696 1894 Catholicorum
1717 1839 2006 1907 defensor,
2020 1856 2156 1896 cum

2253 683 2516 757 scopales
2543 699 2736 748 curas,
2765 681 3050 756 regularis
3095 681 3220 736 vitae
3253 681 3556 751 fervorem,
3580 697 3748 754 quem
3779 683 3876 738 sub

2250 770 2550 829 Wittelmo
2607 772 2816 827 abbate
2873 770 3192 842 Hirsaugisa
3250 758 3548 838 banserat,
3596 788 3878 844 nunquam

2251 859 2652 916 intermiserit.
2687 861 2740 916 Is
2779 860 3202 916 monasterium
3231 848 3644 932 Hirsaugiense
3691 846 3761 916 ab
3805 878 3882 917 eo-

2255 951 2388 1006 dem
2441 953 2642 1005 sancto
2687 949 2898 1006 abbate
2939 964 3138 1004 recens
3187 951 3564 1017 restructum,
3597 953 3653 1004 et
3693 948 3880 1006 cellam

2255 1039 2785 1095 Biehenbacensem
2843 1038 3191 1094 auctoritate
3249 1035 3465 1094 Urbani
3513 1039 3884 1107 consecravit;

2256 1128 2356 1184 sed
2389 1145 2499 1184 sua
2529 1127 2587 1182 in
2609 1127 2990 1184 defendendis
3015 1125 3281 1182 Ecclesiae
3303 1125 3500 1183 causis
3525 1114 3890 1202 magnanimi-

2255 1221 2349 1272 tas
2374 1221 2515 1272 tunc
2544 1216 2918 1289 potissimum
2947 1215 3178 1282 enituit,
3212 1215 3519 1272 occasione
3546 1216 3770 1273 Ottonis
3800 1235 3886 1274 cu-

2249 1305 2490 1377 jusdam
2523 1305 2581 1360 in
2623 1305 2968 1362 Alemannis
2996 1303 3250 1372 comitis,
3283 1319 3460 1376 quem
3489 1304 3562 1360 ob
3607 1304 3890 1377 publicum

2259 1411 2394 1450 cum
2428 1411 2606 1451 uxore
2652 1393 2925 1451 Ludovici
2970 1393 3202 1449 comitis
3231 1409 3410 1465 quam
3433 1391 3658 1450 vivente
3699 1394 3892 1451 marito

2261 1482 2372 1539 sibi
2403 1483 2794 1557 copulaverat,
2827 1481 3179 1540 adulterium
3228 1482 3751 1538 excommunicavit
3774 1500 3786 1538 :
3811 1502 3894 1541 sa-

2261 1573 2338 1628 tis
2367 1573 2588 1646 quippe
2617 1589 2735 1628 non
2765 1572 2877 1628 fuit
2907 1588 3054 1628 novo
3082 1570 3164 1627 illi
3188 1570 3458 1644 Baptistae
3485 1571 3813 1628 adulterum
3833 1573 3898 1629 vi-

2262 1665 2492 1718 ventem
2533 1662 2822 1735 arguisse,
2855 1659 2969 1717 nisi
3020 1677 3155 1716 eum
3203 1676 3436 1732 quoque
3488 1665 3621 1732 post
3665 1666 3896 1718 mortem

2264 1767 2442 1823 quam
2492 1750 2867 1822 imposnitens
2913 1749 3252 1823 pertulerat,
3302 1737 3724 1821 insequeretur.
3766 1751 3898 1808 Cum

2263 1839 2420 1895 enim
2453 1839 2648 1896 Ottoni
2672 1826 2942 1896 Ludovici
2993 1838 3230 1906 milites,
3265 1838 3367 1910 qui
3415 1841 3646 1894 tantum
3674 1825 3898 1896 'domini

503 1925 872 2001 Argentorati
901 1925 1614 2027 apudepiseopumﬂnihil
1651 1927 1927 1983 difﬁdens
1958 1945 2149 1984 mora-
2182 1961 2232 2027 Β
2267 1929 2359 1984 sui
2391 1928 2644 1984 dedecus
2666 1929 2815 1984 ferre
2836 1945 2951 1984 non
2974 1930 3263 1999 poterant,
3287 1931 3470 2026 caput
3486 1931 3898 2000 amputassent,

505 2019 688 2085 retur,
713 2015 785 2071 ab
813 2015 944 2087 ejus
991 2013 1280 2070 ministris
1310 2013 1498 2086 pridie
1528 2015 1722 2071 Nonas
1771 2015 2152 2088 Septembris,

504 2107 572 2160 ut
611 2107 813 2161 narrat
853 2102 1180 2172 Bertoldus,
1222 2101 1421 2160 dolose
1468 2102 1852 2176 interemptus
1901 2108 2009 2160 est.
2041 2105 2159 2160 Hoc

503 2193 631 2266 ipso
665 2191 844 2250 etiam
869 2209 1042 2260 anno,
1076 2195 1142 2248 ut
1171 2192 1326 2248 idem
1372 2195 1574 2248 auctor
1603 2193 1794 2262 refert,
1827 2193 2032 2250 Petrus
2062 2193 2158 2250 Al-

503 2281 780 2340 banensis
809 2281 1140 2355 episcopus,
1171 2285 1556 2354 cognomento
1599 2281 1842 2354 lgnitus,
1870 2281 1930 2338 in
1963 2299 2156 2355 perse-

389 2369 392 2374 ’
505 2371 757 2444 quendis
813 2369 1162 2429 Simoniacis
1217 2369 1730 2426 nominatissimus
1781 2370 1944 2440 obiit,
1987 2373 2157 2444 cujus

507 2458 854 2518 memoriam
881 2476 941 2516 v1
971 2459 1110 2516 Idus
1155 2457 1420 2514 Januarii
1467 2458 1704 2531 vulgata
1751 2460 2160 2534 Martyrologia

507 2547 824 2608 celebrant.
857 2549 1072 2605 Eodem
1103 2564 1257 2603 anno
1288 2547 1381 2603 die
1410 2565 1467 2602 IV
1493 2549 1687 2604 Nonas
1708 2548 1867 2618 Maii,
1891 2553 1956 2603 ut
1982 2548 2160 2606 habet

507 2638 674 2714 Hugo
699 2637 1154 2696 Flaviniacensis
1181 2637 1362 2694 abbas
1390 2635 1449 2692 in
1472 2637 1754 2694 Chronico
1780 2637 2158 2712 Virdunensi,

509 2731 671 2784 temo
701 2727 754 2784 ΙΙ
784 2726 1152 2783 Bibliotheca:
1189 2743 1348 2786 novae
1388 2726 1732 2796 Lahbeanas,
1760 2727 2156 2784 Theodericus

509 2815 898 2874 Virdunensis
940 2816 1185 2871 antistes
1213 2831 1557 2888 supremum
1589 2815 1733 2872 obiit
1759 2815 1936 2887 diem,
1967 2815 2157 2874 Eccle-

509 2905 612 2964 sise
643 2906 918 2962 Romanis
966 2903 1373 2960 reconciliatus
1403 2920 1437 2960 a
1465 2903 1720 2960 Gerardo
1766 2909 1936 2962 antea
1964 2906 2154 2962 archi-

507 2994 776 3067 diacono,
807 2999 949 3050 tunc
979 2992 1267 3050 monacho
1299 2993 1497 3048 Sancti
1523 2993 1741 3062 Vitoni,
1773 2993 1868 3049 cui
1897 2995 2153 3066 pontifex

503 3083 1039 3142 excommunicatos
1069 3080 1405 3140 absolvendi
1435 3085 1780 3154 potestatem
1803 3083 2147 3154 contulerat,

461 3176 566 3232 'ut
605 3172 780 3248 paulo
827 3172 1018 3230 fusius
1067 3175 1266 3228 narrat
1311 3171 1658 3228 Laurentius
1705 3173 1777 3228 de
1828 3173 2040 3228 Leodio
2089 3173 2147 3228 in

456 3304 466 3309 -
495 3262 751 3320 Historia
779 3263 1190 3336 episcoporum
1219 3259 1702 3328 Virdunensium,
1721 3264 1880 3318 tomo
1899 3261 1997 3318 XII
2017 3263 2144 3336 Spi-

487 3351 680 3425 cilegii
709 3350 1044 3408 Acheriani.

792 3439 988 3495 XLIV.
1019 3437 1298 3494 Mathildis
1333 3439 1625 3512 Welphoni
1665 3440 1844 3496 nubit.

559 3527 831 3584 Urbanus
877 3527 1116 3593 interea,
1149 3530 1214 3583 ut
1260 3545 1408 3584 novo
1456 3528 1662 3584 robore
1709 3528 2140 3586 Catholicorum

489 3619 684 3690 partes
709 3616 990 3689 ﬁrmaret,
1023 3615 1205 3672 voluit
1233 3615 1576 3673 Mathildem
1609 3617 1996 3686 comitissam,
2029 3619 2139 3674 Go-

488 3705 697 3763 defridi
728 3705 895 3764 ducis
926 3705 1208 3772 relictam,
1238 3705 1552 3779 Welphoni
1594 3705 1835 3762 alterius
1864 3707 2140 3781 Welpho-

487 3793 582 3850 nis
621 3795 788 3852 ducis
827 3795 1076 3852 Bavariie
1121 3795 1241 3851 filio
1286 3795 1499 3867 nuptui
1543 3796 1792 3864 tradere,
1837 3799 1991 3869 quod
2041 3815 2137 3855 re-

485 3883 618 3958 ipsa
644 3883 755 3940 hoc
784 3901 936 3940 anno
965 3883 1183 3940 factum
1215 3884 1397 3940 fuisse
1443 3884 1625 3940 tradit
1661 3885 1993 3956 Bertoldus,
2024 3905 2133 3944 non

483 3975 601 4029 tam
624 3988 726 4046 pro
763 3973 1184 4038 incontinentis,
1219 3988 1520 4044 nunquam
1561 3971 1715 4028 enim
1762 3973 2132 4032 matrimonio

483 4060 578 4120 usi
609 4060 866 4130 fuerunt,
889 4065 956 4116 ut
983 4060 1138 4116 idem
1177 4064 1379 4116 auctor
1406 4061 1617 4116 asserit
1658 4061 1832 4133 paulo
1863 4063 2130 4134 inferius,

2267 2033 2335 2073 ac
2364 2019 2493 2088 ejus
2523 2034 2737 2090 corpus
2769 2017 2829 2072 in
2872 2017 3128 2089 quodam
3157 2014 3511 2072 monasterio
3541 2017 3614 2073 ab
3660 2033 3724 2074 eo
3775 2035 3900 2074 con-

2268 2109 2490 2162 structo
2539 2107 2746 2162 fuisset
2794 2105 3121 2178 sepultum;
3158 2104 3302 2160 illud
3334 2103 3710 2163 Gehebardus
3756 2107 3900 2164 foras

2267 2195 2472 2266 projici
2506 2196 2710 2268 jussit,
2751 2199 2925 2268 atque
2975 2193 3144 2264 asini,
3168 2198 3234 2250 ut
3261 2210 3330 2250 ex
3373 2194 3682 2266 Scriptura:
3719 2197 3902 2252 verbis

2267 2285 2396 2355 (Jer.
2422 2302 2560 2353 xxn,
2595 2284 2706 2356 19),
2731 2285 2906 2340 refert
2933 2281 3263 2351 Bertoldus,
3287 2272 3590 2356 sepultura
3618 2283 3823 2342 donari
3855 2286 3901 2341 id

2267 2377 2357 2428 est
2384 2374 2608 2446 absque
2637 2371 2940 2446 sepultura
2967 2371 3181 2428 dimitti
3213 2390 3225 2427 :
3267 2373 3425 2444 quod
3469 2359 3668 2428 revera
3695 2362 3904 2431 factum

2267 2465 2374 2529 est,
2407 2465 2463 2517 et
2493 2463 2644 2518 bona
2672 2463 2800 2534 ejus
2821 2479 2856 2518 a
2876 2460 3164 2517 militibus
3197 2459 3424 2532 direpta
3444 2459 3628 2530 fuere,
3652 2465 3714 2518 ut
3733 2460 3794 2517 in
3824 2481 3904 2531 eo,

2267 2547 2348 2604 ait
2377 2548 2532 2606 idem
2561 2555 2784 2620 auctor,
2814 2549 3252 2606 maledictiones
3281 2547 3578 2621 Propheta:
3608 2548 3668 2605 in
3694 2550 3905 2608 Judam

2264 2637 2627 2695 traditorem.
2659 2641 2724 2695 Et
2760 2639 3035 2711 diripiant
3080 2639 3256 2695 alieni
3311 2639 3520 2694 labores
3573 2640 3688 2712 ejus
3735 2641 3904 2713 (Psal.

2265 2741 2422 2792 cvm,
2455 2728 2542 2800 11)
2578 2727 3056 2800 adimplerentur.

2535 2815 2725 2874 XLVI.
2755 2819 3032 2874 Fiscamni
3057 2805 3329 2889 exemptio
3357 2817 3631 2887 ﬁrmatur.

2332 2903 2500 2960 Haud
2532 2905 2742 2961 minori
2771 2907 2966 2962 animo
2995 2905 3151 2961 sedis
3182 2904 3508 2978 apostolicae
3541 2907 3906 2978 maiestatem

2257 2990 2570 3049 vindicavit
2617 2995 2674 3050 in
2724 2993 3150 3050 Northmannia
3195 2993 3320 3067 ipse
3366 2993 3657 3051 Urbanus.
3685 2995 3907 3071 Quippe

2257 3096 2392 3136 cum
2424 3082 2751 3140 Willelmus
2795 3083 3267 3156 archiepiscopus
3311 3082 3798 3156 Rothomagensis
3827 3089 3904 3142 ob

2255 3169 2556 3228 sublatum
2605 3171 2870 3229 Ecclesia
2915 3189 3033 3228 suae
3065 3189 3100 3228 a
3129 3172 3340 3228 comite
3369 3161 3620 3229 Roberto
3663 3173 3905 3230 Gisortii

2254 3259 2557 3332 oppidum,
2589 3266 2772 3318 totam
2822 3261 3309 3317 Northmanniam
3348 3259 3532 3317 sacris
3563 3261 3904 3320 interdixis-

2171 3329 2214 3396 C
2252 3353 2358 3416 set,
2384 3367 2450 3406 ac
2482 3347 2751 3407 monachi
2796 3350 3260 3416 Fiscamnenses,
3293 3351 3450 3422 quod
3479 3347 3588 3406 soli
3638 3349 3904 3408 Romano

2253 3438 2512 3511 pontifici
2540 3440 2786 3512 subjecti
2813 3429 3028 3504 essent,
3051 3437 3308 3495 ofﬁcium
3331 3437 3594 3494 divinum
3616 3437 3908 3496 intermit-

2249 3532 2371 3584 tere
2425 3528 2772 3598 noluissent,
2803 3529 2876 3584 ab
2931 3527 3366 3601 archiepiscopo
3413 3529 3905 3586 exeommunicati

2251 3621 2408 3672 sunt.
2435 3619 2543 3673 Sed
2577 3635 2636 3674 re
2663 3619 2736 3674 ad
2786 3605 3332 3682 Urbanum'delata,
3363 3613 3462 3672 ille
3511 3613 3902 3690 archiepisco-

2247 3722 2390 3777 pum
2423 3705 2613 3779 ipsuni
2657 3705 2819 3778 pallii
2865 3723 2977 3762 usu
3020 3705 3315 3762 interdixit
3350 3722 3364 3760 :
3397 3693 3571 3776 quem
3615 3721 3732 3761 non
3781 3698 3903 3766 nisi

2247 3799 2379 3866 post
2407 3795 2626 3850 multas
2655 3811 2875 3867 preces,
2907 3799 2966 3850 et
2995 3794 3314 3868 legationes
3344 3798 3466 3850 tam
3517 3793 3590 3848 ab
3639 3793 3768 3867 ipso
3802 3813 3904 3852 ar-

2245 3881 2633 3956 chiepiscopo,
2657 3901 2834 3956 quam
2857 3901 2892 3939 a
2910 3883 3121 3940 comite
3145 3883 3390 3940 Romam
3413 3881 3626 3939 missas
3647 3882 3698 3939 ei
3731 3887 3907 3941 resti-

2243 3971 2384 4040 tuit;
2407 3977 2464 4028 et
2493 3989 2567 4028 ne
2596 3973 2736 4045 quid
2777 3973 2837 4028 in
2880 3977 3178 4046 posterum
3207 3971 3400 4028 simile
3429 3972 3594 4028 fieret
3621 3972 3904 4032 Ecclesiae

2242 4061 2672 4118 Fiscamnensis
2696 4061 2997 4136 privilegia
3011 4079 3154 4117 novo
3168 4060 3482 4134 diplomate
3499 4061 3902 4121 confirmavit.

481 4166 649 4224 quam
671 4165 772 4222 pro
799 4151 1036 4207 Romani
1055 4150 1330 4222 pontiﬁcis
1358 4149 1686 4216 obedientia,
1711 4159 1772 4206 ut
1798 4168 1990 4224 neinpe
2013 4155 2128 4210 Μα-
2239 4149 2364 4205 Non
2396 4151 2632 4223 quidem
2662 4151 2830 4208 licuit
2850 4151 3068 4208 Urbani
3098 4143 3318 4206 litteras
3350 4149 3626 4218 invenire,
3651 4151 3755 4206 sed
3789 4169 3901 4208 su—

477 4239 679 4298 thildis
705 4240 926 4296 uirilius
949 4241 1155 4296 sanctae
1192 4239 1448 4296 Romanae
1481 4239 1732 4295 Ecclesiae
1765 4249 1954 4297 contra
1981 4244 2124 4300 schi-
2236 4243 2432 4311 perest
2458 4241 2584 4310 ejus
2639 4240 2721 4296 rei
2760 4240 2966 4296 notitia
2993 4241 3052 4295 in
3080 4240 3257 4296 veteri
3305 4239 3697 4296 instrumento
3748 4245 3903 4297 tunc

473 4329 728 4386 smaticos
757 4331 933 4400 posset
951 4327 1256 4384 subvenire.
1279 4325 1498 4384 Volunt
1526 4327 1792 4383 nonnulli
1824 4329 2121 4388 Urbanum
2233 4329 2533 4401 temporis,
2567 4329 2784 4402 scripta
2831 4347 2958 4402 quae
2989 4330 3046 4384 in
3081 4328 3418 4385 collectione
3467 4327 3637 4399 epist.
3673 4329 3896 4402 pontii.

473 4416 686 4473 harum
716 4417 1057 4489 nuptiarum
1088 4415 1391 4472 occasione
1442 4417 1624 4472 Senas
1655 4433 1844 4488 usque
1891 4418 1949 4474 in
2000 4423 2121 4478 Tu-
2231 4415 2456 4490 integra
2497 4417 2880 4474 exhibebitur.
2911 4421 2998 4474 An
3041 4434 3174 4474 vero
3197 4417 3275 4473 ,de
3323 4416 3431 4472 hac
3477 4415 3900 4477 interdictione

472 4505 656 4564 sciam
699 4522 1063 4579 properasse,
1100 4505 1198 4560 ubi
1228 4503 1568 4561 Mathildem
1615 4507 1954 4564 convenisse
1982 4510 2121 4566 dici-
2229 4506 2644 4581 intelligendus
2673 4507 2752 4564 sit
2779 4508 3101 4564 Eadmerus
3132 4507 3234 4562 lib.
3268 4524 3324 4562 IV
3353 4505 3562 4562 Novor.
3595 4522 3781 4578 quam
3816 4507 3902 4566 le-

467 4598 586 4664 tur,
619 4595 774 4668 quod
807 4595 1045 4667 quidem
1075 4593 1423 4650 Bertholdus
1449 4593 1704 4662 reticuit;
1739 4596 1840 4652 sed
1870 4601 2118 4656 testatur
2225 4601 2419 4653 vatem
2453 4597 2632 4654 fuisse
2661 4597 2990 4653 interventu
3023 4595 3209 4652 sancti
3239 4594 3500 4652 Anselmi
3531 4594 3762 4666 scribit,
3787 4597 3900 4656 alii

467 4683 902 4742 Catholicorum
949 4682 1150 4740 hostes
1197 4681 1344 4737 nihil
1398 4681 1687 4752 omisisse,
1735 4689 1801 4740 ut
1847 4685 2120 4761 Welpho-
2153 4698 2196 4763 ι)
2226 4685 2496 4743 viderint.

466 4790 600 4830 nem
631 4773 1003 4842 lacesserent,
1032 4787 1208 4844 quem
1239 4775 1435 4827 tamen
1476 4771 1693 4829 frustra
1719 4775 1975 4846 impetere
2003 4787 2117 4834 ten-

465 4870 716 4920 taverunt
742 4881 762 4918 :
795 4879 976 4936 quare
1014 4877 1172 4928 cum,
1203 4865 1268 4916 ut
1305 4861 1461 4917 idem
1492 4867 1694 4919 auctor
1721 4867 2112 4942 prosequitur,

465 4953 521 5008 ei
547 4953 800 5009 resistere
821 4968 935 5009 non
958 4958 1176 5023 possent
1203 4953 1418 5022 treugas
1437 4967 1602 5023 usque
1633 4953 1692 5007 in
1719 4954 1932 5011 Pascha
1959 4957 2026 5013 ab
2053 4975 2114 5016 eo

458 5056 561 5114 per
614 5042 984 5098 interventum
1039 5040 1283 5112 conjugis
1338 5041 1454 5112 ejus
1507 5041 1957 5112 imploraverunt.
1999 5047 2112 5104 Nec

463 5127 634 5203 plura
663 5128 854 5202 potuit
883 5128 1187 5186 Henricus.
1211 5128 1292 5184 De
1308 5128 1565 5200 prmdicto
1588 5133 1838 5204 conjugio
1867 5137 2113 5192 tristatus

460 5217 890 5292 expeditionem
931 5217 992 5274 in
1041 5218 1353 5274 Saxoniam
1400 5217 1642 5290 paravit,
1675 5237 1742 5275 ex
1773 5238 1890 5294 qua
1936 5224 2111 5295 paulo

456 5311 592 5380 post
618 5307 819 5365 fractis
857 5306 1080 5364 viribus
1127 5309 1245 5362 sine
1288 5307 1489 5364 honore
1542 5311 1751 5365 reverti
1803 5313 2111 5384 compulsus

456 5403 554 5453 est.

2309 4793 2524 4849 XLVII.
2558 4791 2841 4849 Monachos
2873 4765 3026 4919 Begci
3042 4791 3199 4919 ἰαί)υά
3227 4791 3574 4848 Pontisaram
3601 4791 3807 4848 urbem
3839 4851 3842 4854 ,

2970 4880 3038 4919 ue
3064 4880 3150 4919 ur.

2970 4880 3150 4920 uetur.

2293 4952 2496 5008 Eidem
2525 4951 2820 5008 Willelmo
2865 4951 3300 5025 archiepiscopo
3331 4937 3602 5008 Urbanus
3642 4951 3904 5025 scripsit

2223 5041 2376 5097 circa
2402 5040 2545 5096 illud
2569 5045 2802 5114 tempus
2828 5041 2887 5096 in
2915 5041 3164 5115 gratiam
3189 5040 3610 5098 monachorum
3634 5038 3906 5098 Beccen-

2223 5131 2400 5192 sium,
2427 5129 2526 5201 qui
2557 5130 2616 5185 in
2651 5129 2906 5186 Ecclesia
2931 5118 3302 5186 Sanctil’etri
3323 5127 3478 5201 apud
3507 5127 3898 5187 Pontisaram

2221 5219 2526 5291 degebant.
2552 5219 2670 5273 Hoc
2701 5219 3126 5276 Ponlisarensis
3155 5218 3352 5290 oppidi
3383 5215 3608 5288 accolis,
3643 5222 3903 5276 canoni-

2221 5309 2306 5364 cis
2336 5308 2532 5365 Sancti
2555 5307 2818 5366 Mellonis
2839 5309 3123 5382 adjuncti,
3147 5306 3458 5382 prohibere
3485 5305 3899 5382 conabantur,

2220 5415 2292 5454 ne
2321 5399 2490 5471 signa
2517 5398 2590 5454 ad
2622 5397 2880 5454 officium
2901 5399 3167 5456 divinum
3193 5396 3514 5471 pulsarent.
3539 5393 3708 5461 Quod
3746 5396 3934 5454 irrelc

802 5485 960 5542 XLV.
997 5485 1295 5542 Gebehardi
1323 5487 1567 5558 episcopi
1594 5487 1764 5543 zelus.
2219 5488 2473 5559 ligiosum
2491 5503 2603 5544 esse
2621 5504 2688 5544 ac
2702 5488 3068 5544 inhumanum
3092 5486 3433 5561 pronuntiat
3452 5483 3718 5557 pontifex
3733 5485 3903 5544 vult-

523 5574 766 5631 Interim
787 5574 1167 5632 Gebehardus
1189 5575 1535 5632 auctoritate
1555 5575 1862 5648 legationis
1881 5582 2109 5648 aposto-
2219 5593 2330 5650 que
2353 5581 2417 5632 ut
2437 5576 2712 5649 deinceps
2736 5578 2793 5633 id
2815 5578 2899 5635 eis
2921 5577 3172 5634 liberum
3193 5576 3304 5632 sit:
3331 5574 3535 5632 litterae
3557 5573 3711 5630 datae
3739 5582 3903 5632 sunt

456 5663 601 5732 lica,
635 5681 754 5736 qua
795 5663 962 5720 initio
1011 5665 1189 5738 hujus
1236 5665 1394 5733 anni,
1431 5669 1494 5719 ut
1541 5665 1819 5731 diximus,
1854 5667 2106 5724 donatus
2212 5669 2368 5722 trans
2401 5666 2632 5722 Tiberim
2663 5685 2724 5722 Ill
2753 5667 3023 5723 Kalendas
3061 5666 3310 5736 Augusti,
3343 5679 3490 5736 quas
3523 5661 3778 5736 proinde
3811 5667 3897 5722 ad

458 5753 666 5824 fuerat,
696 5753 959 5827 gnaviter
989 5753 1284 5823 utebatur;
1319 5771 1385 5811 eo
1415 5751 1590 5810 etiam
1639 5751 1806 5810 titulo
1854 5756 2104 5816 maxime
2214 5757 2370 5814 hunc
2403 5772 2626 5812 annum
2659 5757 3010 5814 revocandas
3041 5771 3169 5812 esse
3200 5753 3566 5826 conjicimus.
3615 5747 3619 5754 ’
