3972 6410
183 426 261 497 83
1521 427 1821 525 ’ν

1933 430 2005 515 i.
3503 424 3594 525 si

322 567 567 649 XLVIII,
598 566 965 641 Privilegtum
992 563 1049 626 S.
1078 564 1265 627 Pontiz
1296 532 1685 649 Temeriarum.
1722 556 1739 566 ’
1796 558 1801 565 ’
1943 567 2034 637 Iis,
2067 572 2175 628 etc.
2207 565 2372 629 Unde
2391 567 2593 629 mirari
2615 566 2776 649 subit
2803 569 3037 648 Petrum
3068 568 3399 648 Diaconum‘
3420 544 3489 649 in
3509 532 3598 624 -’

216 661 227 673 ’
251 642 430 718 Paulo
444 640 576 718 ante
593 656 736 717 illud
758 640 1078 734 tempus,id
1090 662 1180 716 est
1205 656 1351 732 ipsis
1367 640 1642 716 Kalendis
1661 655 1823 727 Julii,

178 750 411 825 insigne
426 749 798 824 privilegium
818 749 1110 805 'concessit
1130 749 1403 805 Urbanus
1426 749 1702 804 Frotardo
1724 748 1823 803 ab-

179 841 301 897 liati
320 839 520 898 Sancti
539 837 1155 897 Pontiiﬂ‘omeriarum
1178 838 1235 893 in
1259 836 1450 895 Gallia
1479 838 1825 893 Narbonem

180 932 376 1007 si,quo
403 929 599 986 locum
618 928 787 984 illum
818 928 1278 1000 acujuscunque
1309 924 1828 1000 episcOpijurisdi-

177 1020 367 1078 ctione
409 1017 629 1085 eximit,
680 1016 930 1089 aliisque
983 1014 1384 1088 compluribus
1429 1013 1827 1088 praerogativis

180 1110 462 1166 exornat:
513 1105 659 1163 illud
702 1105 985 1163 debemus
1035 1102 1319 1160 beneflcio
1372 1101 1688 1160 clarissimi
1716 1101 1826 1157 viri

179 1197 459 1271 Stephani
480 1194 903 1268 Baluzii,atque
932 1193 1142 1250 ultima
1161 1196 1268 1263 est,
1288 1192 1399 1248 nisi
1424 1191 1612 1263 fallor,
1644 1190 1825 1257 bulla,

177 1288 236 1346 in
286 1303 407 1360 qua
448 1286 707 1343 Joannes
751 1283 1167 1358 prasignatoris
1216 1281 1432 1337 domini
1465 1295 1628 1353 papa
1656 1278 1826 1335 titulo

179 1392 323 1433 usus
353 1379 463 1432 est.
920 1384 923 1389 '

177 1482 363 1540 XLIX.
401 1482 651 1540 Urbanus
673 1481 864 1537 scribit
920 1479 986 1535 de
1001 1477 1389 1607 brestauranda
1439 1477 1829 1533 Tarraconensi

928 1568 999 1606 ur
1031 1567 1078 1607 e.

928 1567 1078 1607 urbe.

242 1642 493 1715 Scripsit
512 1658 745 1715 quoque
776 1640 979 1697 eadem
997 1639 1090 1696 die
1112 1638 1373 1712 pontifex
1402 1637 1476 1693 ad
1511 1635 1824 1693 Catalaniaa

175 1749 441 1808 proceres
453 1747 602 1805 quos
615 1731 686 1787 ad
701 1729 1088 1803 reparandam
1105 1729 1601 1784 Tarraconensem
1617 1726 1825 1782 urbem

176 1823 539 1888 adhortatur,
570 1824 635 1876 ut
650 1819 986 1893 praesidium
1008 1818 1087 1874 sit
1116 1817 1355 1873 firmum
1387 1816 1666 1872 adversus
1687 1816 1823 1872 Sar-

1936 660 2042 716 bro
2063 659 2145 717 De
2159 660 2302 718 viris
2322 659 2652 717 illustribus
2672 642 3008 717 Gasinensis
3020 658 3357 737 monasterii
3380 642 3581 731 cap.3i

1936 748 2211 808 laudasse
2232 753 2478 808 Leonem
2510 751 2825 824 quemdam
2857 749 3228 828 cardinalem.
3248 748 3347 825 qui
3367 748 3588 820 scripsit

1935 855 2006 896 ea:
2026 843 2251 897 nomine
2291 841 2498 899 Urbani
2511 855 2675 913 papa?
2694 841 3046 913 quamplures
3079 838 3349 911 epistolas,
3383 845 3432 893 et
3459 839 3586 909 fecit

1939 930 2236 999 registrum
2276 932 2410 1003 ejus.
2447 932 2508 986 In
2550 947 2723 1002 quem
2776 929 2970 985 locum
2995 929 3361 999 Marus,post
3389 943 3585 998 repre-

1938 1018 2155 1076 hensos
2186 1016 2501 1076 BarOnium
2534 1024 2590 1076 et
2610 1017 3279 1094 PosseVinum,aliosque
3292 1020 3580 1083 auctores,

1937 1108 2037 1181 qui
2096 1108 2254 1165 hunc
2310 1110 2559 1166 Leonem
2612 1125 2742 1164 cum
2810 1108 3000 1164 Leone
3034 1106 3379 1174 Marsicano,
3404 1105 3580 1177 vulgo

1936 1197 2189 1254 Ostiensi
2215 1198 2392 1269 dicto,
2423 1197 2691 1254 Chronici
2716 1197 3052 1253 Casinensis
3087 1200 3341 1273 auctore,
3360 1196 3444 1273 de
3464 1210 3580 1273 quo

1933 1287 2139 1343 Petrus
2158 1286 2344 1361 capite
2366 1287 2711 1361 przecedenti
2743 1290 2960 1360 egerat,
2995 1270 3405 1361 confuderunt,
3439 1270 3579 1339 sub;

1928 1376 2129 1450 jungit
2148 1359 2397 1434 Leonem
2420 1377 2599 1433 istum
2632 1359 2965 1449 complures
2981 1374 3259 1451 epistolas
3290 1359 3579 1451 exarasse,

1934 1448 2004 1522 ex
2034 1448 2271 1540 quibus,
2306 1466 2518 1538 inquit,
2541 1464 2746 1540 viginti
2766 1448 2876 1521 sub
2907 1463 3125 1521 Urbani
3157 1448 3395 1519 nomine
3426 1448 3581 1534 apud

1935 1538 2170 1611 Binium
2200 1559 2360 1611 torno
2389 1556 2490 1611 VII
2512 1538 2901 1611 Conciliorum
2928 1552 3110 1627 editae
3143 1557 3307 1630 sunt._
3331 1553 3404 1630 At
3434 1538 3597 1607 nus-l

1935 1660 2112 1716 quam
2137 1645 2389 1717 reperire
2409 1644 2577 1699 licuit
2596 1643 2780 1717 ullam
2810 1626 2933 1720 sive
2950 1640 3168 1719 bullam
3210 1626 3328 1720 sive
3350 1626 3579 1720 Iepisto-l

1932 1733 2049 1789 lam
2099 1716 2335 1804 Urbani,
2385 1751 2512 1806 qua:
2562 1751 2596 1789 a
2642 1716 2829 1805 Leone
2859 1716 3089 1810 scripta.
3108 1716 3289 1810 fuisse
3329 1716 3579 1810 dicatur,

1934 1822 2058 1891 sed,
2078 1825 2143 1879 ut
2166 1822 2444 1890 diximus,
2475 1822 2785 1895 plerasque,
2807 1821 2926 1876 imo
2951 1802 3069 1875 fere
3082 1802 3289 1875 bmnes
3311 1802 3579 1895 aJoanne

177 1928 437 2004 iacenos,
466 1910 599 2004 etin
623 1892 692 1966 ea
708 1907 966 2004 cathedra
993 1906 1321 2004 episcopalis
1345 1903 1575 2004 restitui
1611 1905 1818 2003 possit.
1855 1937 1904 2004 Β
1934 1910 2162 1984 scripta,
2186 1912 2450 1982 fuerunt;
2475 1892 2630 1984 {mod
2649 1892 2866 1966 mirum
2883 1913 2971 1966 est
2990 1927 3024 1964 ἃ
3052 1896 3238 1974 Petro,
3271 1892 3580 1989 etiamhbi

176 2002 338 2059 Tunc
371 1997 698 2057 commissa
742 2000 866 2053 erat
888 1997 1015 2069 jam
1046 2013 1080 2052 a
1110 1994 1313 2051 multis
1353 1992 1524 2050 annis
1553 1993 1826 2066 episcopo
1855 1992 1903 2004 ·’
1934 2001 2005 2057 de
2035 2000 2134 2057 illo
2157 2002 2383 2058 Joanne
2406 2001 2518 2057 sub
2540 1999 2752 2057 Gelasii
2776 2000 2825 2056 II
2856 1997 3092 2054 nomine
3122 1996 3258 2070 egit,
3292 1995 3595 2052 omissum

169 2089 498 2149 Ausonensi
530 2105 671 2144 cura
698 2084 1150 2145 Tarraconensis
1198 2082 1485 2150 Ecclesiaz,
1534 2082 1819 2138 exstincta

172 2180 231 2237 in
275 2196 344 2237 ea
388 2176 691 2253 provincia
737 2173 1163 2248 metr0politica
1204 2172 1509 2246 dignitate,
1570 2188 1697 2245 quae
1749 2171 1821 2226 ad

173 2270 614 2327 Narbonensem
655 2263 1157 2338 archiepiscopum
1187 2262 1416 2318 decreto
1456 2259 1823 2332 comprovin-

174 2358 411 2415 cialium
443 2357 849 2431 episcoporum
882 2358 941 2410 et
972 2351 1320 2427 populorum
1354 2366 1644 2406 consensu
1659 2350 1824 2405 devo-

170 2448 298 2505 luta
329 2448 538 2505 fuerat.
594 2446 751 2502 Hanc
799 2459 933 2500 vero
980 2441 1413 2499 restitutionem
1444 2439 1820 2513 potissimum

171 2538 421 2612 urgebat
440 2534 825 2612 Berangerius
856 2531 1220 2589 Ausonensis
1233 2530 1821 2602 episcopus,sperans

171 2645 231 2685 se
248 2610 320 2684 eo
341 2631 511 2699 pacto
533 2625 605 2682 ad
629 2610 1059 2695 metropolitani
1094 2618 1442 2693 dignitatem
1460 2619 1615 2674 haud
1646 2618 1821 2675 dubie

168 2718 673 2791 perventurum,et
703 2712 941 2786 quidem
972 2711 1176 2767 eadem
1198 2725 1377 2764 causa
1406 2707 1528 2775 diu,
1548 2712 1614 2763 ut
1642 2711 1821 2763 testa-

164 2811 262 2863 tur
287 2806 419 2879 ipse
448 2803 727 2878 pontifex,
764 2802 957 2858 Romae
992 2801 1255 2855 moratus
1288 2801 1397 2864 est,
1434 2811 1570 2853 cum
1601 2796 1714 2852 huc
1745 2797 1819 2852 ad

166 2895 474 2952 invisenda
494 2887 1322 2966 apostolormlimina,suaque
1354 2885 1639 2958 obsequia
1674 2902 1818 2941 novo

168 2982 430 3059 pontifici
447 2980 763 3049 reddenda,
795 2979 976 3051 hujus
994 2975 1130 3033 anni
1153 2975 1346 3044 initio,
1378 2978 1479 3030 aut
1498 2975 1607 3030 sub
1641 2974 1817 3030 finem

168 3072 554 3147 praecedentis
566 3069 924 3127 accessisset.
950 3067 1107 3123 Data:
1122 3068 1261 3120 sunt
1274 3064 1358 3119 hae
1379 3062 1585 3119 litterae
1599 3064 1814 3133 Romae,

166 3161 447 3241 Kalendis
463 3158 607 3216 Julii
629 3158 738 3215 hoc
760 3152 1392 3213 anno.Tarraconensis
1410 3157 1607 3209 tamen
1630 3151 1819 3208 Eccle-

167 3240 252 3309 sia
283 3249 526 3308 nonnisi
545 3247 782 3305 biennio
813 3248 1033 3319 postea,
1069 3248 1133 3300 ut
1161 3242 1438 3312 ditemus,
1471 3240 1812 3315 dignitatem

170 3357 334 3397 suam
363 3334 748 3411 recuperavit.
1172 3400 1179 3407 η

454 3427 517 3484 L.
533 3429 768 3485 Joannes
777 3423 1040 3480 diaconus
1061 3422 1123 3494 ﬁt
1144 3421 1531 3476 cancellarius.

233 3516 639 3576 Porrolitterse
658 3530 806 3588 quas
843 3500 1225 3569 eaoccasione
1259 3509 1531 3566 Urbanus
1562 3508 1815 3581 scripsit,

169 3609 310 3665 data:
342 3607 627 3663 dicuntur
658 3619 758 3676 per
802 3617 1000 3657 manus
1040 3600 1268 3657 Joannis
1308 3604 1516 3654 sancta:
1556 3599 1819 3655 Romanae

163 3698 419 3755 Ecclesiae
437 3694 662 3752 diaconi
678 3690 981 3748 cardinalis
1010 3697 1062 3745 et
1079 3688 1421 3752 cancellarii,
1457 3702 1591 3742 cum
1624 3690 1814 3753 antea,

162 3791 224 3843 ut
251 3785 534 3852 diximus,
580 3784 835 3839 Joannes
876 3777 1294 3851 praesignatoris
1343 3776 1560 3831 domini
1610 3776 1818 3832 Urbani

160 3874 402 3934 titulum
434 3889 670 3946 semper
699 3868 1069 3927 adhibuisset
1115 3885 1128 3923 :
1161 3865 1316 3922 unde
1362 3863 1570 3936 conjici
1600 3867 1813 3936 potest,

158 3982 293 4022 eum
326 3948 469 4021 tunc
500 3962 762 4036 primum
796 3959 1069 4015 Romans:
1100 3952 1711 4011 Ecclesiaecancellarii
1733 3953 1817 4010 di-

156 4054 444 4129 gnitatem
475 4047 1003 4109 obtinuisse.Certe
1032 4043 1356 4101 Pandulfus
1389 4043 1448 4099 in
1481 4041 1613 4098 Vita
1645 4042 1814 4099 Gela-

158 4144 226 4201 sii
248 4144 297 4218 lI
320 4142 449 4216 (qui
467 4145 558 4198 est
576 4140 702 4213 ipse
728 4134 1435 4207 Joannes)observateum
1457 4132 1531 4188 ab
1556 4131 1812 4201 Urbano,

161 4233 256 4307 qui
278 4236 425 4288 tunc
446 4229 643 4286 Roma
682 4226 836 4282 inter
857 4225 1004 4281 duos
1028 4227 1233 4295 pontes
1275 4222 1335 4277 in
1374 4220 1612 4294 magnis
1635 4237 1817 4293 angu-

159 4322 288 4380 stiis
328 4318 689 4377 constitutus
736 4315 1098 4381 morabatur,
1153 4309 1575 4367 cancellarium
1634 4310 1820 4366 fuisse

160 4410 526 4476 institutum,
561 4406 917 4481 proindeque
954 4419 1071 4459 non
1105 4402 1164 4456 in
1196 4399 1500 4456 Casinensi
1526 4404 1819 4456 monaste-

164 4498 526 4573 rio,quando
561 4495 817 4571 primum
838 4494 896 4550 in
920 4490 1212 4567 pontiﬁcis
1231 4490 1575 4546 comitatum
1598 4506 1822 4545 assum-

164 4594 297 4663 ptus
328 4588 464 4656 fuit,
483 4590 587 4643 aut
603 4584 824 4657 reliquo
844 4587 1130 4656 tempore,
1163 4579 1318 4651 quod
1350 4578 1409 4634 in
1441 4577 1620 4635 variis
1649 4578 1818 4634 itinc-

1933 2089 2134 2147 fuisse.

2006 2180 2098 2259 LI.
2120 2180 2381 2237 Rainaldi
2409 2158 2804 2254 archiepiscopi
2824 2158 3109 2253 :Remensis
3129 2179 3233 2233 iter
3257 2177 3502 2231 Romam.

1951 2266 1971 2297 ’-
2002 2256 2164 2343 Circa
2193 2271 2453 2326 medium
2505 2266 2691 2340 hujus
2711 2256 3575 2346 anni:Rayn’aldusRemorum

1931 2342 2175 2430 antistes
2210 2360 2455 2415 Romam
2481 2358 2711 2415 advenit
2732 2359 2803 2414 ab
2825 2342 3058 2436 Urbano
3080 2342 3382 2434 invitatus,
3418 2342 3573 2427 quod

1928 2448 2039 2504 iter
2085 2442 2218 2505 ante
2256 2448 2392 2505 Maii
2440 2450 2615 2505 tinem
2665 2464 2799 2504 eum
2840 2446 3152 2518 inccnpisse
3184 2444 3479 2522 colligitur
3508 2462 3576 2501 ex

1928 2536 2088 2605 illius
2099 2538 2369 2594 chartain
2391 2539 2639 2613 gratiam
2663 2537 3083 2594 monachorum
3098 2535 3575 2607 Remigianorum

1928 2627 2065 2683 data
2106 2627 2215 2684 hoc
2255 2644 2406 2684 anno
2448 2629 2606 2694 1089,
2641 2626 2961 2682 indictione
2989 2642 3086 2690 χιι,
3120 2624 3372 2697 Philippi
3397 2624 3575 2679 Fran-

1928 2732 2129 2771 corum
2162 2717 2313 2790 regis
2358 2718 2447 2786 30,
2482 2716 2840 2790 proindeque
2869 2717 3001 2771 ante
3034 2712 3188 2769 diem
3225 2712 3570 2768 vicesimum

1925 2805 2163 2861 tertium
2214 2806 2367 2863 Maii.
2400 2807 2548 2862 Nam
2580 2806 2688 2861 hoc
2719 2805 2845 2878 ipso
2891 2804 2984 2859 die
3018 2801 3322 2874 Philippus
3347 2801 3570 2857 tricesi-

1926 2910 2090 2977 mum
2122 2896 2284 2969 regni
2307 2896 2396 2951 sui
2421 2911 2640 2951 annum
2664 2893 2924 2966 incmpit,
2959 2893 3333 2948 consecratus
3374 2890 3571 2968 Remis

1925 2987 2059 3039 ante
2088 2984 2177 3039 sui
2228 2985 2413 3057 patris
2446 2983 2693 3051 obitum,
2727 2983 2820 3039 die
2851 2998 3015 3039 sacro
3046 2981 3433 3049 Pentecostes,
3466 2997 3568 3036 an-

1924 3090 2000 3128 no
2022 3072 2179 3129 1059.
2214 3075 2279 3129 In
2301 3072 2403 3128 illa
2435 3078 2630 3130 autem
2668 3073 2888 3138 charta,
2922 3087 3098 3144 quam
3136 3067 3417 3125 Marlotus
3447 3068 3568 3125 edi-

1924 3159 2009 3217 dit
2036 3166 2195 3218 tomo
2242 3161 2285 3218 Il
2334 3161 2670 3234 Metropolis
2712 3142 3044 3227 Remensis,
3074 3158 3224 3214 libro
3255 3160 3450 3230 Ii,cap.'
3484 3158 3515 3213 4
3551 3142 3583 3214 τ’

1923 3249 2240 3307 Rainaldus
2254 3268 2379 3307 cum
2401 3268 2469 3307 ex
2483 3252 2749 3324 petitione
2767 3250 2979 3305 domini
2984 3264 3142 3320 papae
3171 3248 3377 3305 Urbani
3412 3263 3569 3319 apos-

1846 3308 1889 3377 α
1925 3341 2188 3396 stolarum
2235 3341 2433 3397 limina
2468 3342 2868 3411 Ecclesiamque
2888 3338 3189 3395 Romanam
3206 3338 3428 3413 visitare
3456 3339 3574 3406 agi-

1925 3429 2259 3502 grederetur,
2308 3434 2436 3486 ante
2484 3446 2679 3502 corpus
2738 3429 3042 3484 beatissimi
3086 3431 3139 3483 et
3191 3427 3577 3498 gloriosissimi

1920 3522 2146 3591 patroni
2177 3519 2267 3575 sui
2291 3521 2533 3589 Remegii
2551 3521 2797 3575 oratione
2827 3519 2991 3589 facta,
3025 3518 3091 3573 in
3118 3517 3416 3593 capitulum
3445 3531 3577 3588 per-

1927 3608 2075 3665 rexit
2116 3610 2181 3665 de
2230 3626 2335 3664 suo
2384 3610 2580 3664 itinere
2601 3609 2903 3673 locuturus,
2935 3602 3134 3677 ibique
3166 3605 3343 3660 altare
3367 3605 3433 3658 de
3460 3606 3576 3659 vico

1924 3699 2102 3753 sancti
2124 3699 2356 3766 Remigii
2378 3697 2572 3752 abbati
2603 3695 2849 3751 Henrico
2892 3694 3113 3764 totique
3161 3692 3573 3748 archiccenobii

1926 3785 2253 3860 Remigiani
2301 3783 2734 3858 congregationi
2786 3781 3097 3838 concessit.
3149 3785 3289 3859 Cum
3321 3796 3474 3848 vero,
3510 3784 3576 3835 ut

1928 3875 2233 3931 Bertoldus
2255 3875 2449 3943 refert,
2482 3873 2752 3930 Urbanus
2772 3872 2883 3927 hoc
2906 3888 3057 3926 anno
3078 3869 3304 3945 litteras
3323 3868 3574 3941 Philippi

1928 3966 2071 4037 regis
2098 3966 2432 4021 Francorum
2464 3963 2703 4018 debitam
2722 3960 3110 4033 subjectionem
3141 3959 3193 4014 ci
3208 3958 3573 4031 promittentis

1924 4055 2242 4125 susceperit,
2274 4050 2589 4108 verisimile
2610 4054 2698 4106 est
2712 4067 2810 4106 eas
2833 4067 2866 4106 a
2887 4050 3046 4123 Rayn
3057 4048 3187 4104 aldo
3210 4046 3392 4103 fuisse
3414 4045 3573 4103 dela-

1926 4147 2038 4199 tas.
2072 4142 2207 4198 Erat
2228 4141 2406 4212 enim,
2438 4145 2504 4195 ut
2546 4141 2670 4213 ipse
2691 4138 2950 4212 pontifex
2979 4138 3038 4193 in
3057 4137 3312 4210 quadam
3330 4135 3576 4209 epistola

1926 4235 2195 4300 testatur,
2230 4229 2497 4303 Philippo
2548 4228 3017 4302 acceptissimus.
3065 4227 3234 4283 Forte
3280 4225 3572 4298 reliquum

1928 4322 2108 4394 hujus
2126 4320 2260 4376 anni
2286 4320 2471 4392 exegit
2496 4321 2689 4375 Romae
2713 4335 2901 4385 :nam,
2929 4321 2992 4372 ut
3022 4314 3265 4371 inferius
3287 4313 3571 4382 dicemus,

1930 4409 2363 4483 amplissimum
2380 4406 2746 4483 privilegium
2769 4406 2841 4463 ab
2863 4405 3095 4462 Urbano
3118 4403 3418 4476 subhujus
3435 4403 3573 4459 anni

1930 4500 2107 4554 finem
2142 4497 2381 4569 accepit.

2323 4587 2439 4642 Lll.
2476 4589 2594 4641 Pax
2635 4602 2757 4641 cum
2791 4584 2993 4642 Graecis
3023 4585 3183 4639 inita.

160 4679 326 4737 ribus
346 4678 408 4735 in
427 4676 649 4750 quibus
670 4672 936 4747 pontifici
966 4669 1237 4738 adhaesit,
1259 4671 1529 4725 exactum
1552 4672 1659 4724 est.
1692 4667 1822 4724 Haec
1852 4681 1899 4747 D
1999 4674 2267 4747 Aliquam
2288 4674 2463 4731 etiam
2482 4674 2873 4731 interGrzecos
2890 4677 2945 4729 et
2957 4672 3195 4729 Latinos
3208 4669 3577 4728 concordiam

161 4774 300 4827 sunt
348 4764 624 4825 Pandulﬁ
666 4762 843 4820 verba
885 4764 1018 4834 post
1066 4764 1366 4815 enarratas
1436 4756 1820 4827 calamitates,

162 4874 310 4931 quas
329 4856 532 4913 Rome
555 4851 815 4927 pontifex
832 4850 942 4907 sub
966 4850 1143 4905 tinem
1174 4845 1312 4904 anni
1339 4845 1740 4919 praecedentis,
1765 4851 1823 4902 et

163 4946 345 5020 bujus
380 4944 550 5001 initio
590 4940 927 5017 pertulerat.
963 4941 1108 4995 Tunc
1132 4953 1281 5009 papa
1309 4936 1744 4992 litteratissimus
1773 4944 1826 4993 et

162 5036 432 5109 facundus
450 5036 687 5108 fratrem
705 5033 969 5088 Joannem
1007 5029 1190 5083 virum
1218 5027 1407 5098 utique
1432 5027 1733 5096 sapientem
1761 5043 1825 5082 ac

159 5125 457 5199 providum
483 5124 748 5190 sentiens,
772 5119 1065 5183 ordinavit,
1100 5115 1363 5180 admovit,
1396 5131 1664 5186 suumque
1691 5132 1821 5171 can-

166 5217 462 5272 cellarium
506 5230 580 5270 ea:
624 5213 827 5267 intima
867 5207 1257 5264 deliberatione
1283 5205 1615 5260 constituit:
1641 5213 1702 5260 ut
1724 5222 1825 5277 per

166 5305 535 5379 eloquentiam
576 5302 685 5359 sibi
732 5318 766 5356 a
802 5300 1030 5356 Domino
1061 5296 1341 5363 traditam,
1374 5295 1596 5365 antiqui
1625 5295 1824 5367 leporis

168 5394 524 5465 delegamus
543 5391 771 5465 stylum,
805 5390 868 5443 in
911 5384 1033 5443 sede
1052 5382 1349 5456 apostolica
1386 5382 1511 5453 jam
1542 5397 1680 5452 pene
1711 5398 1826 5438 om-

167 5492 293 5540 nem
350 5482 725 5557 deperditum,
772 5480 957 5533 sancto
1003 5475 1242 5531 dictante
1309 5471 1542 5543 Spiritu,
1593 5471 1826 5529 Joannes

167 5574 268 5632 Dei
311 5575 497 5647 gratia
540 5569 891 5643 reformaret,
945 5581 1007 5620 ac
1052 5561 1364 5619 Leoninum
1390 5574 1614 5614 cursum
1644 5560 1827 5617 lucida

165 5665 443 5721 velocitate
457 5661 762 5717 reduceret.
795 5656 866 5712 Et
900 5654 1139 5729 quidem
1173 5666 1383 5707 omnes
1400 5648 1580 5705 ferme
1610 5648 1826 5709 Urbani

164 5752 336 5811 bullae
358 5752 508 5810 date
536 5752 680 5808 sunt
715 5762 812 5820 per
860 5760 1057 5802 manus
1078 5740 1305 5799 Joannis
1329 5737 1551 5796 diaconi
1569 5740 1826 5800 cardina-

1932 4765 2134 4823 eodem
2154 4768 2415 4837 tempore
2438 4763 2642 4819 initam
2659 4762 2840 4819 fuisse
2853 4761 3042 4833 colligi
3065 4764 3256 4833 potest
3279 4776 3347 4816 ex
3360 4758 3576 4814 Bertol-

1931 4855 2130 4927 do,qui
2163 4854 2339 4911 rel'ert
2382 4853 2682 4909 Urbanum
2729 4869 2830 4924 per
2861 4849 3234 4922 suoslegatos
3257 4847 3578 4904 absolvisse

1932 4944 2343 5018 imperatorem
2364 4939 3074 5013 Constantinopolitanum
3089 4938 3161 4993 ab
3175 4937 3574 4993 excommuni-

1931 5034 2176 5091 cationc.
2203 5034 2255 5090 Is
2278 5037 2401 5089 erat
2422 5032 2657 5088 Alexius
2679 5035 3028 5097 Comncnus,
3067 5027 3165 5100 qui
3189 5045 3341 5084 anno
3363 5044 3576 5100 prince-

1933 5123 2112 5191 denti,
2148 5127 2212 5179 ut
2233 5140 2301 5179 ex
2330 5122 2614 5178 Gaufredo
2660 5120 2969 5176 Malaterra
2998 5118 3275 5185 vidimus,
3300 5117 3435 5190 §29,
3467 5116 3573 5172 Ur-

1932 5214 2150 5267 banum
2211 5208 2774 5282 Constantinopolim
2817 5208 3181 5276 invitaverat,
3234 5210 3298 5262 ut
3345 5207 3575 5262 concilio

1930 5305 2274 5372 congregato,
2308 5300 2606 5374 disputatio
2653 5299 2799 5355 inter
2827 5298 3038 5355 Graecos
3066 5301 3117 5351 et
3153 5297 3372 5351 Latinos
3402 5295 3573 5366 ﬁeret,

1931 5389 2117 5446 dicens
2159 5406 2213 5445 se
2257 5391 2488 5446 libenter
2531 5389 2854 5446 discussioni
2882 5387 3166 5443 catholica?
3205 5401 3573 5439 assensurum.

1937 5478 2099 5536 Unde
2118 5496 2248 5536 vero
2273 5478 2464 5536 simile
2484 5483 2591 5549 est,
2626 5478 2779 5552 quod
2803 5476 2912 5533 etsi
2944 5476 3001 5531 id
3036 5477 3108 5531 ob
3130 5478 3459 5547 temporum
3476 5472 3579 5527 dif-

1936 5568 2226 5625 ficultates
2248 5585 2351 5641 per
2370 5569 2629 5642 seipsum
2658 5572 2932 5641 praestare
2959 5583 3074 5621 non
3116 5563 3372 5637 potuerit
3398 5562 3578 5617 Urba-

1936 5676 2070 5726 nus,
2121 5676 2260 5715 suos
2313 5662 2512 5715 tamen
2544 5658 2766 5732 legatos
2795 5657 2853 5713 in
2883 5656 3161 5713 Grceciam
3198 5652 3444 5720 miserit,
3480 5650 3579 5722 qui

1937 5747 2090 5805 hanc
2112 5747 2580 5822 qualemcunque
2600 5764 2803 5822 pacem
2820 5746 3244 5804 interLatinam
3258 5746 3579 5797 etGrascam
