3972 6362
373 390 457 511 ἐι
1672 434 1745 503 B.
1789 412 2025 505 uasat

2169 434 2182 503 [
2222 434 2478 504 mea.
3700 413 3801 499 sa-

364 576 689 642 Ecclesiae:
719 574 1171 652 composuerint,
1204 576 1350 635 forte
1381 575 1614 648 utrique
1641 574 1800 649 genti
1830 590 2008 631 suum
2040 571 2097 642 Α
2125 574 2469 633 translatam
2510 569 2712 632 fuisse.
2756 573 2869 632 Hic
2906 550 3134 649 quippe
3176 575 3382 633 auctor
3411 552 3771 633 in'Historia‘

370 672 551 730 ritum
567 669 989 744 permittendo:
1010 684 1169 734 nam,
1188 668 1259 724 de
1291 665 1559 723 fermenti
1582 682 1692 722 usu
1717 665 1775 720 in
1797 663 2011 721 eucha-

371 759 541 820 ristia
554 758 928 833 potissimum
950 757 1251 830 agebatur,
1271 757 1453 813 donec
1465 754 1620 827 aliqu
1631 755 1688 810 id
1707 754 1933 811 ﬁrmius
1954 754 2015 809 in

375 848 622 908 concilio
661 846 916 922 generali
947 846 1376 903 decerneretur.

376 957 516 1014 ΗΠ.
564 957 640 1013 De
679 970 821 1027 pace,
859 954 1043 1027 agitur
1066 954 1234 1027 inter
1274 951 1491 1008 Roberti
1541 950 1830 1027 Guiseardi
1875 951 2017 1020 filios

767 1026 835 1082 ab
868 1025 1075 1083 Urbani
1110 1025 1285 1095 legato
1312 1024 1625 1094 composita.

450 1102 655 1174 Pacem
687 1122 864 1188 quam
895 1114 1165 1170 Urbanus
1183 1130 1285 1185 per
1305 1112 1562 1184 legatum
1580 1128 1754 1166 suum
1781 1127 2017 1183 compo-

377 1207 570 1266 suisse
589 1204 802 1261 dicitur
816 1203 925 1260 hoc
944 1220 1097 1259 anno
1114 1201 1265 1258 inter
1281 1201 1593 1274 Rogerium
1624 1204 1682 1256 et
1726 1202 2018 1256 Boamun-

375 1297 521 1354 dum
552 1293 784 1352 Roberti
816 1292 1121 1349 Guiscardi
1154 1290 1325 1358 ﬁlios,
1359 1290 1458 1363 qui
1482 1291 1554 1346 ob
1577 1294 1876 1361 paternam
1908 1289 2021 1343 ha:-

375 1384 685 1458 mditatem
732 1383 884 1438 inter
927 1398 989 1437 se
1036 1379 1418 1442 dissidebant,
1453 1383 1516 1433 ut
1562 1382 1761 1433 narrat
1793 1378 2017 1432 Roccus

376 1473 636 1546 Pyrrhus
653 1476 811 1529 tomo
860 1468 1158 1526 IllSiciliae
1191 1484 1366 1524 sacrae
1397 1467 1457 1523 in
1476 1466 1682 1523 notitia
1700 1483 1898 1538 v1quae
1930 1470 2021 1522 est

375 1565 449 1620 de
462 1560 717 1619 Ecclesia
733 1558 1072 1617 Mazarensi.
1106 1558 1160 1613 Is
1173 1560 1374 1613 auctor
1384 1574 1486 1629 pro
1495 1556 1601 1612 fert
1626 1556 2019 1627 fragmentum

372 1651 510 1710 libri
555 1649 837 1708 tricesimi
890 1646 1269 1703 historiarum
1317 1645 1524 1702 Leonis
1594 1642 1905 1700 Marsicani
1948 1645 2020 1699 de

372 1740 651 1815 Gregorio
674 1738 778 1795 VlI
806 1741 864 1795 et
880 1737 1113 1793 Urbano
1135 1735 1203 1802 II,
1238 1734 1297 1790 in
1322 1751 1438 1807 quo
1468 1733 1647 1804 hujus
1670 1732 1897 1788 dissidii
1929 1732 2019 1787 hi-

376 1830 559 1888 storia
569 1831 946 1886 memoratur.
979 1827 1052 1881 At
1070 1823 1213 1881 illud
1230 1824 1435 1880 Leonis
1453 1840 1602 1896 opus
1623 1822 1890 1895 ignotum
1908 1826 2018 1888 est,

2123 666 2475 723 inventionis
2496 665 2682 722 sancti
2701 666 2900 721 Sabini
2922 667 2995 722 de
3022 664 3158 722 Elia
3180 665 3609 739 archiepiscopi
3632 682 3793 722 con-'

2126 756 2447 812 secratione
2460 755 2753 827 agensait,
2778 754 2963 811 Eliam
2985 754 3046 811 in
3060 756 3371 812 Barensem
3391 752 3784 828 archiepisco-

2127 862 2267 919 pum
2287 847 2566 901 voluntate
2594 850 2644 901 et
2670 861 2933 901 consensu
2963 847 3186 915 Rogerii
3209 845 3363 901 ducis
3415 844 3782 918 proindeque

2126 936 2255 1006 ejus
2274 934 2381 989 loci
2405 932 2650 1002 domini,
2671 934 2853 991 fuisse
2869 934 3137 991 electum.
3172 936 3323 991 Tum
3338 935 3469 1005 subj
3479 933 3646 1008 ungit
3667 934 3779 990 Ur-

2126 1026 2345 1080 banum
2371 1024 2710 1096 papam,qui
2741 1040 2807 1080 eo
2832 1028 3092 1097 tempore
3122 1023 3413 1097 synodum
3444 1024 3598 1096 apud
3630 1022 3778 1079 Mel-

2127 1112 2327 1185 phiam
2348 1113 2743 1181 celebrabat,a
2773 1115 3133 1184 Boamundo,
3167 1114 3267 1186 qui
3290 1117 3502 1170 Barum
3520 1113 3653 1186 jam
3681 1128 3783 1169 suo

2125 1203 2339 1259 tenebat
2384 1203 2484 1259 sub
2531 1203 2793 1268 dominio,
2834 1202 3148 1259 invitatum
3176 1202 3236 1258 in
3267 1203 3535 1260 eamdem
3561 1202 3772 1258 urbem

2124 1291 2373 1356 venisse,
2408 1290 2507 1346 ubi
2525 1292 2708 1347 Eliam
2732 1292 3113 1348 consecravit.
3139 1294 3221 1348 Ex
3239 1308 3354 1365 quo
3373 1291 3498 1347 loco
3528 1292 3781 1348 manife-

2127 1384 2286 1437 stum
2317 1384 2406 1437 est
2424 1380 2656 1436 Barium
2680 1381 2854 1454 paulo
2875 1386 3010 1438 ante
3033 1382 3325 1454 synodum
3348 1380 3772 1455 Melphitanam

2129 1470 2200 1525 ad
2220 1469 2532 1542 Rogerium
2562 1468 2935 1542 pertinuisse,
2960 1472 3204 1543 quando
3226 1469 3465 1543 quidem
3497 1466 3630 1526 Elite
3661 1469 3784 1526 ele-

2128 1558 2243 1613 ctio
2253 1573 2387 1613 cum
2398 1558 2527 1628 ejus
2539 1574 2830 1614 consensu
2862 1559 3015 1615 facta
3027 1563 3143 1629 est;
3175 1564 3233 1615 et
3254 1559 3428 1631 paulo
3444 1562 3576 1631 post
3595 1562 3785 1615 trans-

2128 1646 2266 1704 iisse
2298 1648 2370 1703 ad
2400 1648 2829 1714 Boamundum,
2863 1665 3000 1704 cum
3025 1649 3153 1721 jam
3194 1649 3304 1705 sub
3336 1650 3515 1705 ﬁnem
3544 1648 3784 1705 concilii

2127 1752 2257 1791 eam
2285 1738 2385 1791 sub
2431 1753 2530 1792 suo
2557 1736 2814 1793 habuisse
2859 1738 3104 1794 dominio
3142 1737 3410 1806 dicatur;
3454 1738 3611 1810 quod
3644 1754 3785 1794 cum

2127 1842 2196 1882 ex
2224 1826 2384 1898 pacis
2421 1825 2578 1883 initas
2612 1827 2946 1885 conditione
2990 1827 3214 1883 factum
3250 1827 3435 1883 fuisse
3461 1827 3785 1883 Gaufridus

375 1919 514 1988 nisi,
545 1918 703 1991 quod
717 1916 954 1990 quidem
970 1931 1173 1971 verum
1194 1913 1484 1983 existimo,
1499 1913 1577 1969 sit
1595 1914 1832 1968 Historia
1857 1928 2014 1983 perc-
2130 1914 2448 1987 scripserit,
2473 1916 2942 1972 concludendum
2961 1920 3051 1972 est
3067 1932 3200 1972 eam
3226 1932 3451 1988 pacem,
3484 1932 3663 1988 quam
3685 1915 3789 1972 ille

378 2011 671 2082 grinorum
716 2022 894 2079 quam
938 2005 1141 2061 Petrus
1180 2003 1470 2059 Diaconus
1502 2002 1649 2057 libro
1681 2019 1743 2056 III
1776 2001 1855 2056 De
1887 2000 2024 2056 viris
2055 2000 2098 2009 ”
2137 2008 2338 2060 auctor
2354 2009 2767 2071 memorat,aut
2789 2003 2962 2077 paulo
2987 2008 3119 2061 ante
3138 2004 3452 2061 concilium
3474 2004 3789 2077 Melphita-

378 2097 713 2156 illustribus
743 2092 1083 2152 monasterii
1113 2091 1468 2157 Casinensis,
1504 2089 1689 2163 capite
1718 2091 1808 2158 38,
1834 2089 2025 2146 eidem

381 2186 557 2245 Leoni
579 2184 788 2243 tribuit
822 2200 836 2239 :
868 2184 929 2239 in
946 2200 1014 2238 ea
1036 2181 1252 2255 quippe
1282 2180 1477 2255 agitur
1499 2180 1569 2237 de
1590 2179 1693 2235 illa
1716 2196 1854 2252 pace
1874 2178 2028 2234 inter

384 2274 623 2335 Roberti
654 2273 808 2331 ﬁlios
848 2272 1011 2329 inita.
1058 2273 1127 2327 Et
1172 2269 1410 2343 quidem
1460 2269 1555 2325 isti
1596 2270 1883 2342 peregrini
1910 2285 2026 2324 non

382 2366 657 2423 videntur
691 2362 793 2420 alii
835 2378 964 2419 esse
993 2362 1065 2417 ab
1114 2360 1189 2416 iis
1218 2359 1317 2433 qui
1349 2363 1480 2431 post
1500 2358 1810 2415 concilium
1833 2358 2028 2413 Claro-

385 2456 732 2514 montanum
745 2452 804 2508 in
825 2451 1118 2508 Orientem
1137 2449 1375 2523 profecti
1398 2452 1536 2505 sunt
1555 2448 1626 2503 ad
1645 2464 1841 2503 sacras
1866 2462 2030 2518 expe-

384 2544 658 2611 ditiones,
693 2557 764 2597 ex
791 2542 1007 2614 quibus
1030 2539 1139 2595 fuit
1156 2538 1435 2595 Henricus
1460 2536 1780 2593 monachus
1804 2535 2030 2593 ordinis

381 2630 738 2693 Benedictini
759 2630 831 2686 ad
848 2629 996 2686 hanc
1018 2628 1170 2685 inter
1182 2628 1391 2684 fratres
1406 2625 1779 2684 concordiam
1800 2640 2033 2697 compo-

379 2722 636 2780 nendam
680 2720 753 2776 ab
802 2719 1033 2775 Urbano
1064 2716 1311 2789 legatus,
1344 2714 1445 2788 qui
1477 2715 1860 2787 postmodum
1897 2730 2031 2769 cum

381 2808 722 2870 Boamundo
751 2808 824 2864 ad
850 2807 1071 2863 bellum
1105 2822 1337 2861 sacrum
1371 2804 1686 2877 profectus,
1722 2804 1915 2860 factus
1946 2806 2036 2860 est

382 2900 613 2974 primus
642 2914 714 2954 ex
741 2894 965 2953 Latinis
1012 2893 1413 2950 Antiochenus
1463 2892 1721 2966 patriarc
1754 2892 2035 2964 ha;cujus

385 2990 449 3046 in
470 2988 584 3044 hac
599 2984 962 3059 expeditione
984 2987 1113 3040 acta
1146 2984 1258 3039 Leo
1270 2983 1370 3056 qui
1386 2982 1575 3038 fuerat
1588 2982 1717 3053 ejus
1737 2982 2033 3049 educator,

390 3076 700 3145 inlaudato
713 3074 1039 3147 fragmento
1051 3071 1427 3146 potissimum
1441 3076 1657 3127 narrat.
1690 3070 1784 3126 Sic
1815 3074 2034 3137 autem,

395 3169 529 3241 post
543 3164 731 3220 multa
749 3162 992 3219 deillius
1014 3160 1353 3235 parentibus
1376 3160 2036 3233 praemissa,sermonem

2135 2110 2300 2162 num,
2334 2097 2435 2149 aut
2464 2098 2618 2149 certe
2647 2109 2713 2149 eo
2743 2094 3014 2161 durante,
3049 2093 3415 2166 proindeque
3430 2110 3588 2150 anno
3621 2095 3784 2163 1089,

2136 2195 2312 2255 quem
2342 2174 2520 2238 etiam
2553 2182 2666 2238 Leo
2698 2182 2756 2238 in
2805 2182 3132 2256 fragmento
3171 2182 3410 2239 laudato
3442 2182 3788 2255 assignavit,

2135 2270 2319 2327 fuisse
2336 2271 2739 2343 compositam.
2763 2271 3036 2329 Nostram
3068 2272 3420 2329 sententiam
3433 2273 3790 2329 conﬁrmant

2136 2360 2333 2432 Lupus
2346 2361 2685 2433 Protospata
2696 2365 2753 2416 et
2769 2362 3057 2417 Robertus
3071 2361 3493 2429 Salernitanus,
3518 2365 3790 2431 auctores

2139 2448 2464 2516 domestici,
2497 2450 2597 2522 qui
2630 2449 2898 2505 scribunt
2937 2449 3155 2507 bellum
3205 2450 3517 2524 Rogerium
3547 2450 3700 2506 inter
3731 2453 3794 2505 et

2141 2538 2545 2594 Boamundum
2568 2539 2801 2599 Roberti
2826 2538 2977 2595 ﬁlios
2997 2540 3284 2596 exarsisse
3307 2557 3461 2595 anno
3492 2539 3651 2607 1088,
3679 2554 3793 2595 nec

2139 2631 2335 2683 tamen
2374 2627 2646 2683 assentiri
2696 2644 2938 2700 possum
2981 2628 3311 2702 Peregrinio
3361 2626 3686 2701 suspicanti
3726 2627 3792 2683 in

2142 2716 2624 2788 castigationibus
2655 2718 2727 2772 ad
2760 2717 2989 2789 Lupum
3020 2716 3227 2774 initam
3258 2718 3421 2773 illam
3454 2718 3635 2774 fuisse
3655 2734 3794 2774 con-

2143 2805 2400 2861 cordiam
2431 2805 2490 2861 in
2505 2806 2631 2883 ipso
2654 2804 2898 2862 concilio
2931 2806 3394 2878 Melphitano.Ea
3414 2806 3595 2877 enim,
3626 2810 3693 2861 ut
3721 2822 3797 2862 ex

2144 2894 2350 2951 Leonis
2374 2895 2700 2967 fragmento
2721 2898 2971 2963 constat,
3004 2895 3421 2952 interveniente
3436 2890 3654 2952 Urbani
3686 2896 3796 2950 ab-

2145 2982 2327 3039 sentis
2356 2984 2545 3057 legato
2567 2984 2719 3039 facta
2748 2989 2855 3052 est,
2890 3002 3004 3043 non
3028 2984 3270 3056 proinde
3291 2985 3347 3040 in
3371 2984 3617 3042 concilio
3647 2982 3796 3040 Mel-

2146 3070 2408 3144 phitano.
2431 3072 2524 3128 cui
2548 3071 2816 3129 Urbanus
2838 3073 2961 3146 ipse
2985 3090 3240 3146 praesens
3269 3075 3470 3130 aderat
3505 3077 3563 3131 et
3590 3073 3798 3146 praesi—

2146 3161 2337 3218 debat.
2374 3162 2498 3217 Non
2530 3161 2744 3218 idcirco
2768 3166 2969 3218 tamen
3001 3163 3245 3219 dixerim
3279 3179 3479 3235 pacem
3496 3162 3661 3218 illam
3686 3160 3795 3217 diu

395 3253 772 3328 prosequitur
820 3269 836 3309 :
886 3252 1152 3308 Henricus
1189 3252 1313 3323 jam
1356 3251 1662 3306 adolescens
1705 3265 1850 3305 anno
1900 3247 2040 3304 i089
2078 3317 2114 3328 ﬂ
2149 3254 2284 3306 ante
2302 3250 2839 3307 conciliuminitam
2856 3251 3218 3317 fuisse.Quin
3235 3249 3799 3325 potiusineoponti-

396 3317 798 3399 transmittitur
815 3359 851 3397 a
865 3358 1012 3414 papa
1046 3317 1260 3398 Urbano
1281 3342 1349 3405 II,
1382 3347 1442 3395 ut
1466 3356 1659 3411 pacem
1702 3341 1850 3394 ineat
1899 3340 2043 3393 inter
2072 3317 2115 3385 (αἶ
2152 3338 2277 3394 ﬁcis
2296 3343 2353 3394 et
2371 3339 2605 3395 Patrum
2625 3339 2968 3395 auctoritate
2987 3317 3388 3396 conﬁrmatam
3414 3317 3801 3395 fuisse-liben-

398 3433 692 3503 Reperiam
708 3435 762 3487 et
794 3430 1173 3487 Boamundum
1216 3432 1438 3502 fratres,
1472 3427 1844 3484 contendentes
1862 3427 1927 3483 de
1947 3444 2039 3482 re-

394 3538 500 3595 gno
549 3520 823 3579 Calabriae
861 3528 914 3577 et
954 3520 1170 3593 Apulia
1218 3524 1338 3592 post
1378 3518 1586 3574 obitum
1606 3519 1786 3589 patris
1817 3517 2039 3574 Roberti

389 3611 676 3668 Guiscardi
718 3626 741 3673 ,°
789 3628 823 3667 a
870 3612 1067 3683 quibus
1113 3611 1437 3666 constitutus
1493 3609 1701 3664 arbiter
1750 3615 1802 3663 et
1837 3607 2034 3679 judex,

380 3702 592 3775 aequali
617 3701 771 3758 lance
789 3716 1021 3773 regnum
1038 3698 1244 3756 divisit.
1269 3698 1398 3755 Inde
1435 3698 1515 3754 ad
1548 3699 1826 3755 Urbanum
1848 3696 2032 3765 rediit,

378 3796 440 3848 ut
460 3792 525 3847 de
547 3791 704 3863 felici
723 3791 992 3859 legatione
1022 3790 1293 3844 rationem
1321 3786 1584 3843 redderet.

450 3877 719 3935 Meminit
746 3877 923 3933 etiam
947 3875 1267 3932 Gaufridus
1298 3875 1608 3930 Malaterra
1633 3873 1781 3929 libro
1796 3890 1869 3938 ιν,
1903 3890 2028 3943 cap.

384 3965 731 4037 10,a.licujus
748 3960 1137 4021 dissensionis
1158 3979 1286 4035 qua:
1307 3963 1461 4018 inter
1482 3962 1794 4035 Rogerium
1816 3966 1873 4017 et
1888 3962 2030 4016 Boa-

386 4055 701 4119 mundum,
730 4056 862 4126 post
891 4052 1124 4109 Roberti
1156 4068 1362 4109 eorum
1406 4051 1589 4124 patris
1620 4051 1867 4119 obitum,
1903 4055 2033 4106 orta

382 4142 773 4203 adbiennium
789 4158 977 4214 usque
994 4141 1349 4213 perduravit.
1382 4141 1491 4197 Sed
1510 4140 1814 4197 cumidem
1832 4143 2033 4196 auctor

383 4233 570 4307 capite
601 4231 869 4305 sequenti
898 4231 1141 4287 innuero
1169 4230 1436 4287 videatur
1464 4230 1573 4286 hoc
1596 4227 1929 4298 dissidium,
1958 4228 2030 4284 de

385 4340 501 4397 quo
516 4320 943 4394 loquituranno
960 4319 1120 4387 4086,
1145 4318 1453 4391 utriusque
1481 4317 1762 4392 principis
1787 4317 2029 4374 ﬁdelium

383 4412 612 4470 consilio
640 4408 822 4466 fuisse
842 4408 1253 4480 compositum,
1290 4406 1534 4463 nonnuli
1567 4406 1811 4463 fortasse
1831 4405 2027 4462 existi-

385 4500 634 4558 mabunt
660 4497 1006 4556 Gaufridum
1037 4496 1109 4554 de
1138 4496 1209 4553 iis
1234 4513 1363 4569 quae
1393 4499 1526 4552 ante
1549 4494 1763 4551 Urbani
1796 4494 2026 4568 pontiﬁ-

383 4593 580 4646 catum
629 4586 1011 4661 contigerant.
1063 4586 1315 4642 Leonem
1365 4601 1498 4640 vero
1547 4585 1619 4640 de
1667 4583 1848 4640 altera
1877 4583 2030 4639 inter

2146 3429 2235 3481 ter
2257 3443 2669 3496 asseverarem,
2700 3427 2813 3484 nisi
2839 3428 2950 3483 Leo
2978 3445 3045 3484 ea
3093 3428 3164 3484 de
3186 3445 3248 3484 re
3280 3428 3337 3483 in
3367 3427 3603 3483 laudato
3633 3426 3797 3499 frag-

2145 3519 2342 3572 mento
2373 3515 2650 3572 siluisset.

2145 3622 2282 3678 LIV.
2337 3624 2650 3679 Concilium
2709 3622 3128 3695 Melphitanum.
3184 3626 3316 3695 Ejus
3362 3632 3614 3680 canenes.
3665 3625 3798 3681 Alia

2213 3698 2437 3751 statuta.
2472 3728 2541 3735 ——
2587 3697 2650 3751 In
2697 3696 2798 3751 hac
2825 3695 3028 3767 synodo
3054 3697 3314 3765 Bogerius
3341 3696 3628 3765 ﬁtsanctae
3645 3696 3796 3753 sedis

2215 3767 2457 3837 ligius,et
2480 3768 2653 3822 mitra
2681 3772 2842 3823 Petro
2888 3767 3078 3823 abbati
3106 3767 3288 3823 datur.

2213 3871 2359 3926 Illud
2392 3871 2703 3928 concilium
2727 3872 2962 3929 ineunte
2990 3877 3271 3929 autumno
3329 3874 3629 3946 prmsentis
3652 3875 3801 3930 anni

2142 3960 2411 4017 Urbanus
2443 3960 2756 4017 celebravit
2784 3962 2940 4034 apud
2970 3961 3286 4034 Melphiam
3308 3961 3534 4036 Apuliae
3556 3963 3791 4036 urbem,

2140 4048 2231 4104 cui
2264 4048 2519 4122 episcopi
2551 4051 2926 4122 septuaginta
2963 4067 3097 4106 cum
3137 4052 3442 4108 duodecim
3477 4051 3795 4111 abbatibus

2138 4137 2475 4194 interfuisse
2495 4138 2800 4208 dicuntur;
2827 4139 2941 4195 huc
2972 4140 3564 4207 convenientibus,uti
3581 4141 3796 4200 scribit

2141 4228 2342 4299 Lupus
2375 4228 2718 4301 Protospata
2748 4228 2807 4285 in
2840 4228 3146 4296 Chronico,
3191 4229 3469 4286 omnibus
3502 4230 3801 4305 episc0pis

2134 4316 2563 4389 Apuliensium,
2596 4316 2978 4373 Calabrorum
3009 4321 3067 4373 et
3097 4318 3452 4388 Brutiorum,
3473 4336 3606 4375 cum
3639 4322 3794 4378 duce

2137 4406 2382 4478 Rogerio
2423 4411 2480 4463 et
2522 4406 2811 4463 universis
2842 4406 3156 4464 comitibus
3184 4407 3404 4479 Apuliae
3430 4407 3797 4467 et-Calabrim

2136 4512 2203 4551 ac
2233 4495 2483 4552 aliarum
2514 4495 2968 4570 provinciarum.
3004 4497 3121 4553 Hoc
3152 4501 3335 4568 est,ut
3365 4498 3510 4554 forte
3541 4492 3798 4556 nonnul-

2138 4583 2211 4641 lis
2258 4585 2571 4654 videbitur,
2617 4584 2932 4642 concilium
2983 4587 3140 4658 quod
3188 4585 3495 4645 Bertoldus
3531 4588 3605 4644 ad
3636 4587 3801 4647 hunc

384 4680 593 4735 fratres
608 4674 982 4734 altercatione
998 4691 1173 4747 quam
1189 4673 1405 4729 Urbani
1426 4673 1654 4746 legatus
1678 4672 2026 4745 composuit,
2062 4690 2108 4756 D
2139 4691 2360 4731 annum
2381 4676 2696 4746 generalem
2722 4675 2993 4747 synodum
3034 4677 3137 4731 115
3166 4677 3542 4748 episcoporum
3588 4678 3792 4751 appel-

384 4767 714 4841 scripsisse.
747 4768 817 4823 At
848 4767 1166 4837 utrumque
1209 4766 1504 4819 auctorem
1527 4763 1596 4818 de
1618 4779 1733 4818 uno
1756 4762 2027 4817 eteodem

383 4855 557 4926 bello,
578 4856 735 4929 quod
753 4854 1245 4925 Urbanitempore
1260 4850 1412 4907 inter
1427 4868 1525 4907 eos
1550 4851 1841 4924 principes
1864 4866 2024 4906 exar-

386 4945 487 5012 sit,
537 4944 720 5001 fuisse
765 4943 1049 5009 locutum,
1100 4938 1269 4997 facile
1310 4941 1767 4996 demonstratur.
1802 4940 2025 4997 Etenim

386 5038 775 5109 praeterquam
792 5032 948 5105 quod
969 5046 1138 5087 nemo
1151 5029 1359 5085 dixerit
1374 5029 1525 5084 inter
1547 5029 1777 5085 Roberti
1802 5028 2027 5085 obitum

383 5122 486 5198 qui
516 5140 671 5180 anno
693 5118 1518 5192 4085,menseJulio,contigit,
1551 5122 1839 5174 etannum
1868 5120 2026 5187 1086,

383 5211 687 5270 biennium
716 5209 1138 5274 intercessisse,
1191 5207 1507 5264 Gaufridus
1537 5208 1660 5280 ipse
1682 5208 2027 5280 scrupulum

385 5318 621 5359 omnem
644 5299 1024 5365 removet,ubi
1041 5296 1326 5369 ait,bujus
1344 5296 1502 5370 pacis
1519 5297 1766 5371 gratiam
1790 5297 2027 5353 Barium

387 5391 727 5447 Boamundo
753 5388 1032 5445 cessisse:
1082 5390 1305 5443 certum
1337 5385 1555 5460 quippe
1585 5391 1674 5442 est
1703 5404 1772 5443 ex
1801 5387 2026 5444 Joanne

388 5480 798 5536 archidiacono
820 5476 1083 5545 Barensi,
1107 5476 1205 5549 qui
1226 5480 1365 5531 tunc
1381 5476 1661 5548 temporis
1677 5475 1735 5531 in
1760 5475 1876 5531 illis
1895 5492 2027 5547 par-

383 5568 542 5624 tibus
558 5566 1123 5635 vivebat,Barensem
1150 5565 1351 5620 urbem
1376 5563 1548 5637 paulo
1578 5568 1713 5621 ante
1736 5565 2023 5637 synodum

386 5656 826 5729 Melphitanam,
860 5654 1116 5711 cuiauuo
1142 5653 1279 5709 1089
1303 5654 1532 5725 praefuit
1554 5653 1882 5719 Urbanus,e
1914 5652 2023 5709 Ito-

384 5745 527 5819 gerii
560 5749 846 5820 potestate
897 5744 954 5800 in
1001 5742 1328 5799 Boamundi
1361 5742 1489 5814 ejus
1520 5742 1715 5799 fratris
1746 5741 2026 5801 ditionem

2137 4763 2304 4833 lat,in
2335 4780 2450 4836 qua
2470 4764 2740 4821 Urbanus
2775 4780 3019 4821 suorum
3046 4765 3539 4837 praedecessorum
3571 4769 3798 4824 statuta

2137 4853 2478 4909 auctoritate
2507 4852 2825 4925 apostolica
2857 4854 3245 4910 conﬁrmavit.
3286 4856 3633 4927 Quanquam
3664 4854 3792 4925 alii,

2140 4947 2197 4998 et
2216 4942 2477 5014 quidem,
2497 4946 2562 4997 ut
2587 4942 2888 4998 fatendum
2911 4947 3021 5009 est,
3053 4958 3170 4999 non
3188 4943 3410 5016 absque
3428 4942 3624 5015 aliquo
3652 4961 3790 5017 pro-

2139 5030 2318 5086 babili
2350 5028 2752 5099 fundamento,
2787 5032 3079 5105 synodum
3120 5048 3160 5089 a
3189 5031 3459 5089 Bertoldo
3488 5031 3797 5092 laudatam

2140 5120 2332 5175 Romae
2365 5119 2625 5175 habitam
2659 5119 2842 5177 fuisse
2889 5120 3112 5189 volunt,
3164 5125 3231 5177 ut
3260 5138 3464 5194 supra,
3495 5137 3658 5177 num.
3697 5123 3792 5193 43,

2139 5208 2646 5265 diximus.Conditi
2679 5214 2818 5265 sunt
2840 5210 2898 5266 in
2921 5210 3031 5267 hac
3062 5210 3423 5283 Melphitana
3442 5211 3661 5283 synodo
3691 5228 3793 5269 ca-

2138 5314 2319 5353 nones
2342 5296 2632 5354 sexdecim
2651 5297 2710 5355 in
2735 5299 2952 5371 quibus
2975 5299 3656 5372 praeclara,potissimum
3688 5301 3794 5355 ad-

2134 5401 2338 5442 versus
2355 5385 2676 5443 Simoniam
2698 5391 2755 5443 et
2773 5385 3256 5444 incontinentiam
3274 5387 3636 5456 clericorum,
3670 5392 3796 5445 sta-

2136 5478 2263 5530 tuta
2279 5475 2669 5532 continentur.
2702 5476 3043 5533 Decernitur
3064 5478 3241 5533 etiam
3260 5478 3429 5550 cujus
3444 5477 3630 5534 astatis
3655 5492 3791 5535 esse

2133 5565 2382 5621 debeant
2402 5565 2776 5636 promovendi
2814 5566 2886 5621 ad
2929 5567 3164 5622 ordines
3204 5582 3420 5633 sacros,
3457 5566 3629 5639 quive
3665 5566 3791 5623 sint

2133 5652 2291 5710 abiis
2308 5651 2625 5725 repellendi
2649 5671 2662 5722 ;
2684 5657 2809 5710 tum
2836 5654 3220 5727 prohibentur
3238 5653 3466 5711 clericis
3496 5659 3685 5711 vestes
3701 5654 3790 5712 in-

2142 5742 2359 5800 decorae
2374 5746 2430 5798 et
2446 5741 2772 5813 saeculares,
2806 5743 3207 5818 nonnullaque
3222 5736 3335 5800 alia
3348 5747 3690 5800 statuuntur
3718 5745 3793 5803 de
