3972 6388
186 448 263 514 57
1780 449 1998 521 “TA.

192 586 681 649 monasteriorum
706 586 878 648 bonis
898 607 911 649 :
929 586 1183 664 denique
1203 590 1520 648 monentur
1547 586 1826 666 episcopi,
1856 598 1914 668 Α
1940 589 2064 661 vit;
2104 590 2157 648 et
2208 592 2396 648 tamen
2449 585 2566 665 ejus
2592 584 2960 673 sacerdotalis
2989 587 3177 651 mitrae
3203 606 3384 665 usum,
3416 590 3587 653 etiam

190 685 306 739 uta
324 680 492 738 falsis
521 680 880 754 pmnitentiis
901 684 1190 739 caveatur.

255 774 542 827 Praeterea
557 768 816 828 Joannes
835 769 1117 827 diaconus
1133 768 1450 828 cardinalis
1467 774 1523 827 et
1555 769 1835 827 cancella-

192 859 311 916 rius
335 860 612 917 Romamn
628 859 918 930 Ecclesiae,
950 859 1010 916 in
1044 858 1294 933 epistola
1310 860 1382 916 ad
1411 860 1687 916 abbatem
1711 859 1833 915 Mo-

189 950 551 1015 lism‘ensem,
575 967 704 1024 quae
726 950 785 1006 in
808 951 1117 1007 Labbeana
1132 950 1384 1007 editione
1405 950 1587 1023 hujus
1603 950 1835 1006 concilii

190 1037 509 1096 canonibus
521 1039 1211 1117 subjungitur,nonnulla
1223 1040 1293 1105 de
1303 1057 1369 1097 eo
1382 1040 1625 1097 concilio
1638 1039 1836 1108 habet,

190 1147 313 1204 quae
331 1127 528 1202 prima
547 1129 736 1186 fronte
757 1129 815 1184 in
847 1128 1096 1202 vulgatis
1117 1128 1245 1201 ejus
1279 1129 1603 1186 canonibus
1634 1129 1836 1184 viden-

189 1224 285 1274 tur
303 1216 627 1275 desiderari
661 1221 761 1275 :ut
789 1219 1030 1285 scilicet,
1060 1235 1185 1291 quae
1226 1235 1396 1292 usque
1424 1218 1496 1274 ad
1535 1217 1680 1274 istud
1708 1233 1835 1274 con-

187 1311 382 1366 cilium
406 1325 508 1382 per
529 1310 808 1382 principes
854 1309 985 1365 data
1019 1312 1364 1367 monasteriis
1399 1313 1643 1382 fuerant,
1675 1307 1839 1378 ﬁrma

184 1404 237 1456 et
265 1388 483 1471 integra
510 1399 627 1456 illis
646 1408 1046 1471 permanerent,
1076 1407 1130 1455 et
1155 1400 1220 1455 de
1257 1404 1449 1456 caetero
1486 1401 1709 1455 abbatcs
1767 1400 1836 1453 ab

188 1484 503 1561 hujusmodi
521 1488 977 1560 acquisitionibus
1008 1487 1341 1544 abstinerent
1374 1506 1393 1544 :
1419 1504 1556 1560 quo,
1590 1487 1674 1543 uti
1706 1503 1837 1559 pro-

188 1574 478 1651 sequitur,
502 1580 985 1650 temperamento,
1013 1586 1068 1633 et
1122 1577 1342 1634 abbates
1372 1574 1439 1635 ab
1485 1578 1841 1634 ecclesiarum

187 1666 570 1725 invasionibus
622 1669 1024 1732 abstinuerunt,
1055 1672 1107 1723 et
1162 1668 1398 1739 episcopi
1447 1684 1562 1723 non
1614 1669 1838 1723 omnino

184 1758 429 1831 spoliare
454 1758 786 1815 monasteria
816 1757 1119 1813 voluerunt.
1149 1756 1259 1812 Sed
1292 1755 1385 1812 his
1436 1754 1630 1812 verbis
1688 1756 1837 1812 nihil

187 1846 349 1905 aliud
366 1844 628 1905 iudicare
643 1843 1120 1914 voluitJoannr's,
1140 1862 1319 1918 quam
1338 1862 1406 1901 ea
1437 1863 1564 1918 quae
1588 1845 1643 1901 in
1666 1863 1837 1901 cano-

185 1935 367 1993 nibus
382 1932 593 2036 quinto
614 1937 673 1992 et
694 1937 854 2034 sexto
875 1933 1105 2036 concilii
1128 1933 1449 2034 constituta
1480 1934 1707 2036 fuesant
1735 1933 1836 1992 ad-
1872 1967 1920 2036 Β

184 2036 396 2085 versus
417 2024 685 2092 abbates,
704 2023 806 2097 qui
823 2023 1200 2081 ecclesiarum
1224 2025 1376 2079 bona
1400 2023 1544 2095 ipsis
1565 2024 1701 2080 data
1715 2025 1842 2080 abs-

186 2131 305 2188 que
325 2113 740 2187 episcoporum
753 2129 1044 2169 consensu
1067 2112 1323 2185 recipere
1336 2130 1453 2168 non
1467 2114 1781 2170 verebantu
1792 2132 1837 2170 r.

184 2203 364 2261 Aliud
418 2202 559 2259 item
608 2203 787 2275 hujus
845 2201 1075 2258 concilii
1115 2200 1402 2257 statutum
1436 2202 1611 2258 refert
1640 2202 1841 2277 Lupus

185 2294 555 2366 Protospata,
580 2291 738 2365 quod
771 2291 831 2347 in
861 2288 1183 2347 canonibus
1203 2290 1456 2364 vulgatis
1479 2309 1595 2347 non
1626 2292 1842 2348 inveni-

185 2387 307 2453 tur,
338 2387 403 2440 ut
432 2376 655 2439 scilicet
697 2386 891 2438 sancta
919 2380 1096 2437 trevia
1122 2381 1452 2437 retineretur
1491 2381 1559 2437 ab
1589 2382 1843 2438 omnibus

185 2473 446 2546 subjectis
475 2491 496 2527 :
523 2471 741 2545 quibus
769 2469 961 2527 verbis
992 2470 1311 2544 signiﬁcari
1338 2471 1646 2527 contendit
1674 2471 1841 2528 Pere-

185 2563 425 2635 grinius
453 2561 825 2618 concordiam
845 2559 995 2615 inter
1015 2554 1329 2634 Rogerium
1344 2562 1409 2616 et
1430 2561 1841 2617 Boamundum

186 2652 403 2710 fratres
420 2651 648 2718 initam,
672 2650 745 2707 de
760 2666 876 2722 qua
888 2649 1159 2722 s’uperius
1181 2648 1436 2711 diximus
1458 2668 1470 2719 ;
1496 2650 1842 2724 cuiquidem

186 2739 498 2799 sententiae
517 2738 677 2797 haud
698 2738 1050 2811 refragabor,
1067 2737 1117 2794 si
1139 2736 1259 2794 haec
1289 2737 1427 2811 Lupi
1449 2736 1622 2795 verba
1648 2738 1719 2795 de
1738 2740 1842 2795 fce-

183 2830 345 2887 deris
357 2822 522 2886 illius
535 2832 708 2886 antea
719 2816 869 2901 pacti
884 2827 1322 2885 confirmatione
1335 2832 1391 2884 et
1404 2829 1843 2886 manutentione

186 2918 620 2992 intelligantur.

260 3009 329 3065 In
358 3008 569 3065 eadem
601 3008 825 3081 synodo
843 3006 958 3063 dum
988 3008 1267 3077 Rogerius,
1322 3010 1472 3062 teste
1516 3002 1842 3064 Romualdo

187 3097 634 3171 archiepiscopo
664 3095 1049 3163 Salernitano,
1075 3088 1241 3168 ligius
1277 3088 1495 3151 Urbani
1518 3098 1694 3169 factus
1713 3113 1842 3166 pro-

186 3189 345 3244 misit
382 3188 521 3259 jure
554 3185 820 3258 jurando,
861 3202 917 3242 se
962 3188 1312 3241 servaturum
1367 3183 1529 3255 ﬁdem
1588 3182 1844 3241 Romanm
1874 3224 1891 3240 .

1940 689 2168 753 rogante
2191 694 2358 753 papa,
2385 680 2720 753 contempsit.
2738 678 2943 738 Eidem
2956 685 3160 739 sancto
3172 680 3295 739 viro
3313 681 3597 759 Urbanus

1941 768 2250 844 imperavit
2264 776 2330 826 ut
2347 770 2573 826 modico
2594 769 2726 827 vino
2753 773 3033 841 uteretur,
3055 772 3209 845 quod
3229 773 3301 828 ob
3325 770 3589 831 debilita-

1941 865 2069 917 tum
2101 861 2339 917 omnino
2364 857 2732 917 stomachum
2753 878 2953 919 vocem
2980 879 3127 935 pene
3171 862 3488 933 amisisset,
3523 867 3603 920 ut

1945 953 2143 1006 narrat
2189 951 2345 1006 idem
2374 953 2595 1019 auctor,
2630 955 2690 1006 et
2719 954 2853 1023 post
2882 969 3015 1007 eum
3046 956 3211 1009 vetus
3242 956 3412 1026 poeta
3443 971 3588 1010 ano-

1944 1057 2159 1113 nymus
2199 1040 2354 1112 apud
2378 1038 2682 1113 Ughellum
2706 1044 2864 1097 tome
2893 1038 2991 1097 VII
3019 1041 3195 1107 Italiae
3226 1060 3403 1100 sacrae
3442 1042 3589 1100 rela-

1943 1133 2083 1187 tus:
2115 1130 2239 1186 haec
2265 1133 2391 1187 erat
2432 1130 2617 1186 nostri
2671 1129 2963 1203 pontificis
3017 1133 3297 1189 adversus
3355 1136 3589 1190 sanctos

1946 1221 2099 1277 viros
2119 1220 2186 1275 ch
2195 1220 2374 1276 aritas
2400 1224 2457 1277 et
2473 1216 2832 1294 sollicitudo,
2844 1222 3012 1278 Petru
3025 1238 3080 1277 m
3092 1239 3221 1279 vero
3236 1212 3597 1296 Melphitano

1947 1309 2190 1368 concilio
2220 1309 2552 1366 interfuisse
2585 1309 2871 1367 discimus
2900 1329 2969 1368 ex
3023 1311 3151 1383 ipso
3202 1307 3455 1384 Urbano,
3487 1311 3590 1387 qui

1945 1399 2004 1455 in
2027 1401 2255 1456 decreto
2279 1399 2337 1454 in
2358 1417 2538 1456 causa
2555 1400 2823 1481 Curensis
2862 1401 3200 1458 monasterii
3232 1419 3299 1458 eo
3328 1406 3590 1478 tempore

1945 1488 2063 1546 lato
2080 1492 2330 1567 testatur
2339 1488 2404 1545 Al
2413 1489 2612 1546 fanum
2636 1489 3072 1547 Salernitanum
3085 1489 3521 1568 archiepiscopu
3532 1513 3588 1552 m

1947 1584 2005 1635 et
2034 1578 2345 1635 Pertanum
2375 1577 2710 1652 episcopum
2746 1578 3025 1637 adversus
3064 1580 3302 1637 Petrum
3335 1572 3589 1656 conque—

1948 1671 2069 1725 stos
2098 1667 2281 1725 fuisse
2319 1668 2473 1741 quod
2498 1667 2723 1741 aliquot
2756 1669 3132 1738 monasteria,
3166 1687 3292 1742 quae
3324 1671 3396 1727 ad
3429 1672 3590 1745 ipsos

1948 1757 2338 1831 pertinebant,
2363 1757 2702 1815 invasisset:
2724 1774 2897 1830 quam
2918 1774 3154 1816 causam
3176 1754 3405 1816 concilii
3435 1764 3588 1817 tem-

1948 1863 2086 1920 pore
2108 1863 2240 1903 cum
2278 1847 2336 1901 in
2379 1863 2487 1903 sua
2511 1862 2763 1916 camera,
2789 1836 3200 1903 assistentibus
3226 1845 3337 1903 sibi
3368 1836 3592 1923 aliquot

1949 1935 2258 2009 episcopis,
2276 1935 2646 2009 expendisset
2665 1934 2945 2008 pontifex,
2968 1937 3295 1993 secundum
3312 1936 3593 1995 Carenses

1949 2025 2370 2098 pronuntiavit,
2404 2028 2469 2082 ut
2495 2025 2620 2096 ipse
2649 2028 2901 2081 testatur
2931 2025 2989 2081 in
3045 2023 3281 2082 laudato
3339 2026 3590 2097 decreto,

1949 2113 2103 2187 quod
2136 2131 2204 2171 ex
2234 2113 2464 2170 archivo
2500 2112 2743 2172 'Carensi
2786 2113 3144 2187 descriptum
3202 2108 3590 2173 exhibebitur.

2020 2204 2319 2277 Synodum
2351 2201 2771 2276 Melphitanam
2801 2220 2955 2261 anno
2988 2204 3145 2273 1089,
3174 2203 3598 2279 consignarunt

1947 2291 2332 2348 vetustissimi
2346 2292 2563 2365 quique
2576 2292 3085 2366 auctores,quibus
3099 2292 3596 2353 consensitbrevis

1950 2381 2210 2453 praefatio
2233 2382 2360 2451 eius
2383 2381 2710 2438 canonibus
2731 2378 2905 2438 etiam
2944 2382 3003 2438 in
3045 2383 3171 2439 cod.
3203 2384 3314 2440 ms.
3336 2384 3592 2457 przeﬁxa,

1951 2488 2055 2527 nec
2073 2470 2194 2527 ulla
2219 2475 2372 2528 esset
2402 2488 2470 2527 ea
2495 2472 2566 2528 de
2591 2488 2653 2527 re
2683 2471 3025 2542 difﬁcultas,
3060 2472 3175 2529 nisi
3207 2468 3494 2531 Baronius
3540 2464 3599 2531 et

1952 2560 2215 2633 plerique
2248 2560 2596 2617 recentiores
2625 2577 2755 2617 eam
2781 2562 2852 2616 ad
2884 2578 3106 2617 annum
3138 2558 3479 2635 sequentem
3514 2580 3597 2620 re-

1951 2666 2158 2705 vocare
2188 2650 2380 2706 conati
2417 2651 2704 2718 fuissent;
2741 2650 2965 2721 decepti
2999 2649 3200 2723 procul
3255 2651 3432 2707 dubio
3490 2656 3594 2707 au-

1952 2738 2216 2795 ctoritate
2247 2738 2559 2795 Romualdi
2590 2737 2961 2808 Salernitani,
2996 2736 3116 2811 qui,
3153 2744 3219 2796 ut
3259 2739 3405 2812 ipsis
3434 2740 3595 2809 vide-

1951 2832 2068 2892 tur,
2104 2827 2257 2883 hanc
2287 2829 2573 2901 synodum
2606 2828 2678 2883 ad
2729 2845 2949 2883 annum
2981 2829 3121 2883 1090
3150 2828 3370 2884 retulit.
3401 2816 3474 2884 At
3500 2847 3595 2886 ve-

1953 2934 2101 2985 reor,
2117 2916 2230 2973 nisi
2252 2915 2563 2974 sitlibrarii
2586 2919 2865 2983 erratum,
2890 2921 2956 2974 ut
2986 2918 3318 2990 suspicatur
3337 2908 3596 2993 Peregri-

1953 3005 2109 3070 nius,
2133 3023 2206 3063 ne
2242 3009 2508 3063 auctores
2534 3005 2615 3061 illi
2640 3002 2770 3062 falsi
2799 3002 3011 3062 fuerint
3044 3022 3112 3062 ex
3143 3006 3316 3062 modo
3349 3000 3595 3079 compu-

1952 3095 2114 3150 tandi
2148 3112 2321 3169 quem
2346 3094 2608 3168 plerique
2628 3096 2756 3167 ejus
2785 3094 3068 3168 temporis
3100 3098 3367 3151 auctores
3399 3096 3455 3150 in
3476 3092 3594 3152 illis

1954 3182 2248 3240 ulterioris
2278 3176 2463 3240 Italize
2484 3181 2821 3257 regionibus
2850 3181 3126 3240 adhibere
3175 3182 3443 3240 solebant
3470 3202 3483 3241 :
3513 3180 3594 3240 illi

192 3277 528 3333 Eeclesiseet
556 3274 733 3332 eidem
748 3290 908 3347 papae
926 3275 1149 3347 ejusque
1168 3272 1563 3330 successoribus
1587 3277 1847 3331 canonice
1888 3336 1917 3347 Δ
1956 3271 2113 3328 enim
2147 3290 2370 3328 annum
2398 3268 2678 3329 inchoant
2706 3289 2840 3329 cum
2900 3272 3215 3329 indictione
3273 3268 3600 3330 Romana'a

192 3364 581 3432 intrantibus;
601 3368 655 3421 et
682 3336 884 3436 accepit
900 3336 999 3435 per
1026 3336 1289 3420 vexillum
1321 3362 1389 3419 ab
1410 3378 1469 3418 eo
1498 3370 1703 3419 terram
1723 3379 1848 3418 cum
1876 3336 1919 3409 (ἶ
1958 3378 2159 3419 mense
2195 3362 2557 3436 Septembri;
2590 3360 2673 3418 ita
2720 3365 2785 3418 ut
2837 3360 3140 3436 vulgarem
3191 3358 3483 3419 calculum
3535 3363 3597 3419 in

193 3454 423 3510 ducatus
441 3450 1314 3511 honore.ConsentitPtolomeus
1330 3451 1605 3508 Lucensis
1624 3452 1681 3507 in
1699 3450 1846 3510 libro

194 3528 277 3599 De
294 3540 658 3619 genealogiis
678 3540 835 3597 edito
858 3557 892 3596 a
912 3539 1128 3609 Surita,
1152 3539 1252 3595 ubi
1275 3538 1481 3596 scribit
1501 3537 1611 3595 hoc
1656 3555 1847 3595 sacra-

196 3635 468 3691 mentum
485 3647 521 3685 a
542 3629 787 3704 Rogerio
807 3629 864 3685 in
884 3630 1105 3704 synodo
1145 3624 1503 3702 Melphitana
1523 3628 1848 3701 praestitum

191 3721 402 3788 fuisse,
424 3720 526 3795 qui
545 3735 605 3775 se
633 3719 832 3790 ligium
860 3721 1135 3776 hominem
1162 3718 1416 3777 Ecclesia
1462 3720 1735 3790 confessus
1773 3726 1852 3774 est

185 3827 287 3882 pro
311 3810 480 3865 terris
497 3807 736 3882 Apulia.
761 3803 917 3864 Idem
931 3812 1136 3865 auctor
1152 3804 1566 3864 multaibidem
1589 3806 1849 3879 congerit

186 3900 259 3957 de
282 3896 520 3972 Rogerii
538 3896 1012 3964 successoribus,
1056 3896 1156 3970 qui
1194 3893 1453 3969 praestito
1502 3895 1626 3968 pari
1660 3912 1848 3951 sacra-

192 3990 399 4046 mento
428 4003 493 4043 se
536 4002 666 4044 esse
723 3984 990 4042 Ecclesia:
1042 3984 1399 4041 feudatarios
1463 3989 1843 4057 agnoverunt,

181 4092 459 4151 quosque
479 4075 782 4150 pontifices
803 4070 995 4130 vexilli
1019 4073 1380 4146 porrectione
1400 4072 1607 4129 investi
1617 4089 1675 4128 re
1705 4089 1841 4128 con-

182 4170 521 4225 sueverant.
548 4164 851 4221 Urbanum
885 4166 941 4220 et
966 4162 1281 4237 Rogerium
1321 4160 1842 4235 conjunctissimos

181 4256 372 4313 fuisse
392 4257 574 4328 patet,
592 4254 748 4326 quod
772 4251 1269 4325 utriusquejussu
1309 4246 1656 4306 Guillelmus
1688 4252 1840 4322 Apu-

185 4344 394 4407 liensis
409 4359 505 4400 res
525 4342 1060 4399 Northmannorum
1080 4339 1353 4414 praeclare
1381 4338 1438 4395 in
1459 4339 1625 4395 Italia
1645 4343 1841 4413 gestas

183 4434 458 4492 versibus
486 4429 880 4504 descripserit,
915 4430 1000 4488 uti
1048 4426 1174 4503 ipse
1204 4428 1370 4486 initio
1412 4430 1505 4486 sui
1536 4429 1727 4502 operis
1762 4433 1840 4486 te-

187 4527 407 4581 statur.

254 4611 529 4685 Plerique
539 4609 716 4668 etiam
731 4608 1096 4667 contendunt
1120 4608 1175 4664 in
1195 4608 1305 4665 hac
1326 4607 1545 4678 synodo
1563 4607 1837 4683 contigis-

1961 3469 2249 3507 annorum
2279 3450 2681 3524 designatione
2709 3456 2961 3524 quatuor
2986 3449 3301 3517 mensibus
3334 3444 3597 3529 antever-

1955 3543 2103 3596 tant.
2127 3541 2223 3597 Sic
2249 3557 2576 3613 anonymus
2624 3538 2894 3596 Barensis
2925 3559 2960 3596 a
2991 3538 3321 3613 Peregrinio
3379 3540 3596 3611 editus,

1958 3627 2175 3701 aliique
2196 3628 2417 3702 passim
2452 3626 2687 3684 illarum
2718 3629 2974 3700 partium
3006 3629 3320 3701 scriptores
3375 3620 3595 3704 vulgati

1957 3734 2140 3773 annos
2163 3712 2477 3790 incipiunt;
2500 3717 2709 3790 quossi
2731 3714 2824 3773 hic
2848 3718 3114 3773 imitatus
3140 3712 3315 3773 fuerit
3328 3714 3600 3774 Romual-

1956 3806 2090 3873 dus,
2112 3808 2179 3861 ut
2195 3804 2428 3878 quidem
2450 3822 2585 3862 vero
2614 3802 2804 3862 simile
2824 3810 2932 3875 est,
2955 3802 3182 3861 dill'erre
3205 3798 3488 3875 dicendus
3511 3809 3600 3873 est

1956 3912 1991 3950 a
2010 3895 2234 3951 caeteris
2256 3895 2592 3951 auctoribus
2614 3895 2673 3951 in
2690 3886 3041 3969 assignanda
3058 3894 3238 3966 hujus
3249 3893 3453 3968 synodi
3468 3911 3599 3968 epo-

1956 3983 2084 4055 cha,
2114 3988 2311 4057 utpote
2358 4002 2484 4057 quae
2533 3988 2777 4041 exeunte
2809 4000 3008 4039 mense
3053 3979 3405 4056 Septembri,
3439 3981 3598 4040 indi-

1954 4073 2143 4130 ctione
2163 4071 2589 4155 xm,celebrata
2618 4073 2748 4129 fuit.
2766 4071 2979 4129 Verum
3013 4076 3160 4129 utut
3188 4072 3364 4129 fuerit
3384 4073 3454 4129 de
3485 4070 3596 4129 Ro-

1953 4162 2174 4219 mualdi
2205 4162 2497 4236 opinione,
2519 4166 2741 4220 certum
2776 4166 2865 4218 est
2921 4156 3072 4218 hanc
3122 4156 3410 4236 synodum
3442 4174 3597 4218 anno

1951 4252 2092 4308 4089
2144 4252 2405 4309 habitam
2464 4250 2667 4309 fuisse.
2699 4251 2860 4316 Quod
2918 4249 3134 4308 diserte
3189 4244 3409 4307 habent
3440 4268 3597 4333 cum

1952 4343 2112 4415 Lupo
2135 4342 2477 4415 Protospata
2493 4340 2591 4397 alii
2615 4342 2789 4397 etiam
2824 4345 3091 4411 auctores
3133 4339 3406 4414 aequales.
3438 4333 3596 4396 Nihil

1949 4430 2212 4504 apertius
2230 4426 2431 4487 haberi
2461 4448 2529 4487 ea
2557 4431 2628 4487 de
2659 4448 2720 4487 re
2751 4433 2960 4503 potest,
2995 4447 3172 4502 quam
3203 4422 3448 4486 Joannis
3478 4428 3597 4487 dia-

1950 4519 2077 4575 coni
2101 4524 2159 4575 et
2180 4517 2512 4575 cancellarii
2535 4518 2634 4591 qui
2670 4518 2807 4574 huic
2837 4516 3082 4574 concilio
3115 4516 3397 4587 interfuit,
3429 4520 3594 4576 testi-

1949 4608 2214 4665 monium
2245 4608 2304 4664 in
2336 4606 2582 4682 epistola
2610 4625 2785 4681 supra
2818 4607 3056 4664 laudata
3086 4609 3156 4664 ad
3192 4604 3598 4665 abbatemMo-

183 4720 267 4770 se,
287 4701 449 4778 quod
469 4701 542 4757 de
564 4700 730 4757 Petro
746 4700 955 4755 abbate
975 4698 1209 4754 Carensi
1261 4697 1482 4770 passim
1526 4697 1680 4770 apud
1712 4695 1838 4753 vul-
1871 4706 1916 4777 ι)
1949 4696 2388 4762 lismensem,in
2434 4710 2552 4769 qua
2588 4697 2672 4753 sic
2711 4692 2920 4752 habet:
2956 4694 3198 4753 Secundo
3239 4698 3592 4770 pontiﬁcatus

186 4797 358 4866 gates
404 4792 678 4848 auctores
707 4788 942 4863 legitur,
986 4784 1291 4844 Urbanum
1350 4782 1574 4844 scilicet
1598 4786 1672 4853 ei,
1705 4803 1837 4843 cum

185 4881 341 4939 inter
354 4879 504 4938 alios
519 4878 751 4937 concilii
763 4876 962 4935 Patres
979 4877 1137 4933 nudo
1150 4877 1337 4949 capite
1350 4877 1838 4943 sederet,mitram

185 4971 444 5039 misisse,
462 4985 581 5043 qua
601 4967 878 5041 deinceps
894 4970 1175 5023 uteretur.
1190 4967 1265 5021 Et
1286 4964 1524 5038 quidem
1560 4964 1697 5022 licet
1717 4982 1833 5021 non

189 5061 332 5118 adeo
360 5062 610 5125 constet,
624 5074 742 5131 qua
770 5048 828 5114 id
852 5056 1154 5114 occasione
1187 5058 1288 5111 aut
1316 5048 1442 5111 loco
1472 5055 1692 5111 factum
1710 5050 1835 5111 fue-

189 5150 280 5219 rit,
305 5164 404 5207 res
428 5152 626 5205 tamen
648 5146 781 5220 ipsa
798 5145 1028 5202 videtur
1071 5162 1200 5203 esse
1222 5148 1404 5215 certa,
1426 5148 1626 5216 utpote
1657 5143 1839 5201 relata

192 5234 261 5295 ab
284 5254 577 5312 anonymo
606 5235 817 5315 abbate
844 5227 1166 5303 Venusino,
1196 5232 1252 5289 in
1278 5233 1540 5305 ejusdem
1562 5233 1835 5290 beativiri

189 5326 338 5397 Vita,
368 5343 548 5401 quam
575 5323 754 5399 paulo
782 5326 915 5398 post
958 5323 1148 5396 ipsius
1200 5322 1423 5378 obitum
1465 5323 1832 5395 conscripsit.

190 5408 312 5474 Non
324 5416 626 5491 ingratum
662 5414 773 5471 erit
792 5414 921 5486 ejus
954 5413 1130 5470 verba
1161 5411 1276 5467 huc
1295 5412 1553 5485 proferre
1577 5429 1589 5467 :
1614 5414 1677 5467 In
1704 5429 1835 5486 syn-

188 5507 304 5573 odo,
335 5504 553 5578 inquit,
578 5504 631 5561 ei
648 5520 799 5561 more
817 5518 916 5560 suo
933 5498 1079 5559 nudo
1120 5502 1300 5575 capite
1320 5499 1604 5569 residenti,
1633 5509 1834 5558 saneta:

186 5596 460 5652 memoriae
482 5610 634 5667 papa
667 5592 915 5651 Urbanus
951 5584 1322 5666 pontiﬁcalem
1368 5591 1612 5663 infulam
1656 5593 1833 5660 misit,

187 5699 350 5756 quam
376 5686 566 5757 utique
594 5685 682 5739 vir
708 5684 948 5751 Domini,
971 5686 1022 5739 et
1047 5699 1148 5755 pro
1177 5683 1384 5739 summi
1393 5682 1668 5753 pontiﬁcis
1686 5699 1828 5738 reve-

192 5777 364 5831 rentia
418 5773 815 5832 venerabiliter
865 5774 1089 5846 recepit,
1132 5775 1183 5828 et
1239 5768 1585 5843 ofﬁciossime
1630 5772 1833 5830 saluta-

1948 4789 2040 4843 sui
2066 4803 2211 4844 anno
2257 4785 2512 4842 dominus
2570 4793 2754 4841 noster
2802 4786 3051 4842 Urbanus
3102 4802 3248 4857 papa
3295 4782 3595 4841 concilium

1948 4877 2095 4951 apud
2145 4877 2435 4950 Melphiam
2481 4874 2695 4946 Apulia
2753 4875 2944 4930 urbem
2998 4872 3309 4930 celebravit.
3344 4874 3412 4930 Et
3461 4878 3596 4948 post

1948 4984 2134 5041 pauca
2166 4983 2178 5022 :
2212 4968 2320 5022 Hoc
2345 4981 2476 5021 sane
2503 4964 2797 5020 concilium
2840 4962 3232 5036 Melphitanum
3264 4962 3597 5021 celebratum

1944 5065 2023 5114 est
2061 5073 2206 5113 anno
2243 5055 2544 5113 Dominij
2588 5055 2992 5111 Incarnationis
3036 5051 3219 5117 1089;
3241 5069 3363 5127 quae
3410 5058 3598 5111 autem

1944 5148 2254 5212 scribimus,
2277 5147 2574 5219 praesentes
2595 5159 2692 5199 nos
2712 5152 2763 5200 et
2790 5142 3009 5200 audisse
3037 5147 3088 5200 et
3103 5144 3302 5201 vidisse
3330 5144 3585 5201 noscatis.

1946 5236 2103 5292 Idem
2137 5234 2346 5308 probat
2365 5233 2622 5290 Joannes
2654 5231 3103 5289 archidiaconus
3134 5228 3431 5301 Barensis,
3465 5230 3588 5307 qui,

1946 5325 2027 5380 uti
2052 5322 2239 5379 caeteri
2261 5326 2545 5389 auctores,
2573 5320 2808 5377 disertis
2827 5321 3021 5377 verbis
3058 5319 3211 5378 locat
3230 5310 3362 5378 Elite
3393 5320 3591 5379 archi-

1944 5412 2199 5487 episcopi
2218 5410 2732 5479 consecrationem,
2749 5427 2876 5484 quie
2892 5410 3020 5485 ipso
3033 5409 3265 5468 Urbano
3277 5415 3423 5469 teste
3439 5428 3593 5468 anno

1946 5505 2104 5572 1889,
2125 5517 2327 5558 mense
2374 5498 2628 5569 Octobri,
2660 5498 2952 5556 celebrata
2998 5504 3106 5569 est,
3142 5500 3402 5573 proxime
3459 5505 3593 5575 post

1944 5591 2254 5650 concilium
2277 5588 2722 5662 Melphitanum.
2750 5590 2843 5645 Sic
2866 5588 3302 5664 enimloquitur
3322 5590 3380 5646 in
3398 5590 3592 5646 Histo-

1945 5682 2031 5739 ria
2080 5678 2430 5738 inventionis
2461 5680 2646 5736 sancti
2682 5679 2881 5737 Sabini
2932 5680 3088 5753 apud
3148 5680 3464 5736 Baronium
3516 5680 3590 5735 ad

1952 5788 2173 5830 annum
2196 5770 2358 5839 4091,
2382 5774 2439 5828 et
2467 5768 2776 5842 Ughellum
2806 5774 2964 5845 tome
2995 5768 3096 5826 VII
3152 5768 3328 5826 Italiae
3364 5784 3540 5826 sacris
3573 5787 3588 5827 :
