  <div class='ocr_page' id='page_1' title='image "/cluster/home/n/w/nwhite01/storage/ocr_20150623/151/umn.31951002477444s/053.png"; bbox 0 0 3972 6368; ppageno 0'>
   <div class='ocr_carea' id='block_1_1' title="bbox 331 419 3745 499">
    <p class='ocr_par' dir='ltr' id='par_1_1' title="bbox 331 419 3745 499">
     <span class='ocr_line' id='line_1_1' title="bbox 331 419 3745 499; baseline -0.003 0"><span class='ocrx_word' id='word_1_1' title='bbox 331 431 430 499; x_wconf 58' lang='lat'>.39</span> <span class='ocrx_word' id='word_1_2' title='bbox 1632 424 1706 492; x_wconf 87' lang='lat' dir='ltr'>B.</span> <span class='ocrx_word' id='word_1_3' title='bbox 1751 427 2054 492; x_wconf 82' lang='lat' dir='ltr'>URBANI</span> <span class='ocrx_word' id='word_1_4' title='bbox 2094 427 2148 490; x_wconf 89' lang='lat' dir='ltr'>II</span> <span class='ocrx_word' id='word_1_5' title='bbox 2189 425 2444 489; x_wconf 67' lang='lat' dir='ltr'>PAPIE.</span> <span class='ocrx_word' id='word_1_6' title='bbox 3656 419 3745 488; x_wconf 70' lang='grc'>40</span> 
     </span>
    </p>
   </div>
   <div class='ocr_carea' id='block_1_2' title="bbox 333 555 3743 644">
    <p class='ocr_par' dir='ltr' id='par_1_2' title="bbox 333 555 3743 644">
     <span class='ocr_line' id='line_1_2' title="bbox 333 555 3743 644; baseline -0.005 -13"><span class='ocrx_word' id='word_1_7' title='bbox 333 578 552 632; x_wconf 59' lang='lat' dir='ltr'>(emensi</span> <span class='ocrx_word' id='word_1_8' title='bbox 582 572 902 644; x_wconf 89' lang='lat' dir='ltr'>inscriptus</span> <span class='ocrx_word' id='word_1_9' title='bbox 941 570 1052 626; x_wconf 88' lang='lat' dir='ltr'>est.</span> <span class='ocrx_word' id='word_1_10' title='bbox 1086 565 1252 625; x_wconf 85' lang='lat' dir='ltr'>Hunc</span> <span class='ocrx_word' id='word_1_11' title='bbox 1295 566 1612 634; x_wconf 90' lang='lat' dir='ltr'>utrumque</span> <span class='ocrx_word' id='word_1_12' title='bbox 1671 575 1976 627; x_wconf 90' lang='lat' dir='ltr'>canonem,</span> <span class='ocrx_word' id='word_1_13' title='bbox 2008 559 2065 628; x_wconf 77' lang='grc' dir='ltr'><strong>Α</strong></span> <span class='ocrx_word' id='word_1_14' title='bbox 2095 558 2341 616; x_wconf 88' lang='lat' dir='ltr'>Pistorio</span> <span class='ocrx_word' id='word_1_15' title='bbox 2386 563 2528 616; x_wconf 89' lang='lat' dir='ltr'>tom.</span> <span class='ocrx_word' id='word_1_16' title='bbox 2571 558 2646 615; x_wconf 84' lang='lat' dir='ltr'>III</span> <span class='ocrx_word' id='word_1_17' title='bbox 2703 556 3342 632; x_wconf 59' lang='lat' dir='ltr'>Ilispanizeillustratae</span> <span class='ocrx_word' id='word_1_18' title='bbox 3394 555 3537 614; x_wconf 86' lang='lat' dir='ltr'>editi</span> <span class='ocrx_word' id='word_1_19' title='bbox 3564 557 3743 616; x_wconf 83' lang='lat' dir='ltr'><strong>habet</strong></span> 
     </span>
    </p>
   </div>
   <div class='ocr_carea' id='block_1_3' title="bbox 332 645 3743 722">
    <p class='ocr_par' dir='ltr' id='par_1_3' title="bbox 332 645 3743 722">
     <span class='ocr_line' id='line_1_3' title="bbox 332 645 3743 722; baseline -0.006 0"><span class='ocrx_word' id='word_1_20' title='bbox 332 665 442 722; x_wconf 89' lang='lat' dir='ltr'>etsi</span> <span class='ocrx_word' id='word_1_21' title='bbox 498 659 764 719; x_wconf 86' lang='lat' dir='ltr'>nonnulli</span> <span class='ocrx_word' id='word_1_22' title='bbox 816 658 1096 714; x_wconf 82' lang='lat' dir='ltr'>censeant</span> <span class='ocrx_word' id='word_1_23' title='bbox 1147 651 1470 708; x_wconf 81' lang='lat' dir='ltr'>Alexandro</span> <span class='ocrx_word' id='word_1_24' title='bbox 1520 651 1568 706; x_wconf 91' lang='lat' dir='ltr'>II</span> <span class='ocrx_word' id='word_1_25' title='bbox 1597 650 1979 706; x_wconf 86' lang='lat' dir='ltr'>tribuendum</span> <span class='ocrx_word' id='word_1_26' title='bbox 2095 647 2392 704; x_wconf 88' lang='lat' dir='ltr'>Urbanum</span> <span class='ocrx_word' id='word_1_27' title='bbox 2412 647 2649 704; x_wconf 84' lang='lat' dir='ltr'>Alfonso</span> <span class='ocrx_word' id='word_1_28' title='bbox 2673 647 2974 720; x_wconf 75' lang='lat' dir='ltr'>Aragouiae</span> <span class='ocrx_word' id='word_1_29' title='bbox 3014 645 3134 721; x_wconf 88' lang='lat' dir='ltr'>regi</span> <span class='ocrx_word' id='word_1_30' title='bbox 3165 647 3411 720; x_wconf 85' lang='lat' dir='ltr'>ejusque</span> <span class='ocrx_word' id='word_1_31' title='bbox 3439 662 3743 704; x_wconf 85' lang='lat' dir='ltr'>successo-</span> 
     </span>
    </p>
   </div>
   <div class='ocr_carea' id='block_1_4' title="bbox 331 734 3740 820">
    <p class='ocr_par' dir='ltr' id='par_1_4' title="bbox 331 734 3740 820">
     <span class='ocr_line' id='line_1_4' title="bbox 331 734 3740 820; baseline -0.005 -11"><span class='ocrx_word' id='word_1_32' title='bbox 331 768 480 820; x_wconf 91' lang='lat' dir='ltr'>esse,</span> <span class='ocrx_word' id='word_1_33' title='bbox 504 751 736 808; x_wconf 90' lang='lat' dir='ltr'>Urbano</span> <span class='ocrx_word' id='word_1_34' title='bbox 759 743 1093 818; x_wconf 89' lang='lat' dir='ltr'>abjudicare</span> <span class='ocrx_word' id='word_1_35' title='bbox 1125 743 1314 798; x_wconf 90' lang='lat' dir='ltr'>visum</span> <span class='ocrx_word' id='word_1_36' title='bbox 1344 759 1460 797; x_wconf 90' lang='lat' dir='ltr'>non</span> <span class='ocrx_word' id='word_1_37' title='bbox 1501 743 1608 818; x_wconf 83' lang='lat' dir='ltr'>est,</span> <span class='ocrx_word' id='word_1_38' title='bbox 1642 755 1774 794; x_wconf 90' lang='lat' dir='ltr'>cum</span> <span class='ocrx_word' id='word_1_39' title='bbox 1839 738 1984 794; x_wconf 88' lang='lat' dir='ltr'>forte</span> <span class='ocrx_word' id='word_1_40' title='bbox 2094 737 2258 792; x_wconf 90' lang='lat' dir='ltr'>ribus</span> <span class='ocrx_word' id='word_1_41' title='bbox 2277 741 2335 792; x_wconf 90' lang='lat' dir='ltr'>et</span> <span class='ocrx_word' id='word_1_42' title='bbox 2355 737 2516 810; x_wconf 84' lang='lat' dir='ltr'>regni</span> <span class='ocrx_word' id='word_1_43' title='bbox 2543 737 2880 810; x_wconf 83' lang='lat' dir='ltr'>proceribus</span> <span class='ocrx_word' id='word_1_44' title='bbox 2901 737 3282 805; x_wconf 88' lang='lat' dir='ltr'>condonasse,</span> <span class='ocrx_word' id='word_1_45' title='bbox 3311 740 3378 792; x_wconf 90' lang='lat' dir='ltr'>ut</span> <span class='ocrx_word' id='word_1_46' title='bbox 3405 734 3645 792; x_wconf 67' lang='lat' dir='ltr'>decimas</span> <span class='ocrx_word' id='word_1_47' title='bbox 3675 735 3740 798; x_wconf 85' lang='lat' dir='ltr'>in</span> 
     </span>
    </p>
   </div>
   <div class='ocr_carea' id='block_1_5' title="bbox 331 824 3741 899">
    <p class='ocr_par' dir='ltr' id='par_1_5' title="bbox 331 824 3741 899">
     <span class='ocr_line' id='line_1_5' title="bbox 331 824 3741 899; baseline -0.004 -2"><span class='ocrx_word' id='word_1_48' title='bbox 331 839 512 898; x_wconf 87' lang='lat' dir='ltr'>simili</span> <span class='ocrx_word' id='word_1_49' title='bbox 545 837 699 896; x_wconf 88' lang='lat' dir='ltr'>malo</span> <span class='ocrx_word' id='word_1_50' title='bbox 730 837 885 892; x_wconf 90' lang='lat' dir='ltr'>idem</span> <span class='ocrx_word' id='word_1_51' title='bbox 926 832 1166 890; x_wconf 87' lang='lat' dir='ltr'>omnino</span> <span class='ocrx_word' id='word_1_52' title='bbox 1214 829 1541 886; x_wconf 85' lang='lat' dir='ltr'>remedium</span> <span class='ocrx_word' id='word_1_53' title='bbox 1601 828 1672 884; x_wconf 90' lang='lat' dir='ltr'>ab</span> <span class='ocrx_word' id='word_1_54' title='bbox 1732 831 1982 898; x_wconf 86' lang='lat' dir='ltr'>utroque</span> <span class='ocrx_word' id='word_1_55' title='bbox 2091 826 2412 882; x_wconf 92' lang='lat' dir='ltr'>ditionibus</span> <span class='ocrx_word' id='word_1_56' title='bbox 2444 843 2592 899; x_wconf 90' lang='lat' dir='ltr'>quas</span> <span class='ocrx_word' id='word_1_57' title='bbox 2623 843 2656 882; x_wconf 92' lang='lat' dir='ltr'>a</span> <span class='ocrx_word' id='word_1_58' title='bbox 2685 824 2906 882; x_wconf 83' lang='lat' dir='ltr'>Mauris</span> <span class='ocrx_word' id='word_1_59' title='bbox 2938 829 3368 899; x_wconf 81' lang='lat' dir='ltr'>recuperarent,</span> <span class='ocrx_word' id='word_1_60' title='bbox 3392 825 3464 882; x_wconf 89' lang='lat' dir='ltr'>ab</span> <span class='ocrx_word' id='word_1_61' title='bbox 3524 824 3609 882; x_wconf 90' lang='lat' dir='ltr'>eis</span> <span class='ocrx_word' id='word_1_62' title='bbox 3647 842 3741 882; x_wconf 90' lang='lat' dir='ltr'>re-</span> 
     </span>
    </p>
   </div>
   <div class='ocr_carea' id='block_1_6' title="bbox 331 913 3740 1002">
    <p class='ocr_par' dir='ltr' id='par_1_6' title="bbox 331 913 3740 1002">
     <span class='ocr_line' id='line_1_6' title="bbox 331 913 3740 1002; baseline -0.005 -18"><span class='ocrx_word' id='word_1_63' title='bbox 331 928 605 1002; x_wconf 85' lang='lat' dir='ltr'>pontiﬁce</span> <span class='ocrx_word' id='word_1_64' title='bbox 636 923 969 982; x_wconf 87' lang='lat' dir='ltr'>adhibitum</span> <span class='ocrx_word' id='word_1_65' title='bbox 1025 920 1216 977; x_wconf 87' lang='lat' dir='ltr'>fuerit.</span> <span class='ocrx_word' id='word_1_66' title='bbox 1253 919 1453 991; x_wconf 89' lang='lat' dir='ltr'>Neque</span> <span class='ocrx_word' id='word_1_67' title='bbox 1507 916 1664 973; x_wconf 91' lang='lat' dir='ltr'>enim</span> <span class='ocrx_word' id='word_1_68' title='bbox 1721 914 1981 971; x_wconf 91' lang='lat' dir='ltr'>insolens</span> <span class='ocrx_word' id='word_1_69' title='bbox 2091 915 2442 986; x_wconf 90' lang='lat' dir='ltr'>ciperentur,</span> <span class='ocrx_word' id='word_1_70' title='bbox 2462 913 2718 986; x_wconf 82' lang='lat' dir='ltr'>exceptis</span> <span class='ocrx_word' id='word_1_71' title='bbox 2748 913 3155 987; x_wconf 89' lang='lat' dir='ltr'>episcoporum</span> <span class='ocrx_word' id='word_1_72' title='bbox 3185 913 3428 971; x_wconf 86' lang='lat' dir='ltr'>sedibus</span> <span class='ocrx_word' id='word_1_73' title='bbox 3458 917 3516 970; x_wconf 91' lang='lat' dir='ltr'>et</span> <span class='ocrx_word' id='word_1_74' title='bbox 3543 913 3740 988; x_wconf 85' lang='lat' dir='ltr'>digni-</span> 
     </span>
    </p>
   </div>
   <div class='ocr_carea' id='block_1_7' title="bbox 329 1003 2330 1074">
    <p class='ocr_par' dir='ltr' id='par_1_7' title="bbox 329 1003 2330 1074">
     <span class='ocr_line' id='line_1_7' title="bbox 329 1003 2330 1074; baseline -0.008 0"><span class='ocrx_word' id='word_1_75' title='bbox 329 1015 513 1074; x_wconf 90' lang='lat' dir='ltr'>videri</span> <span class='ocrx_word' id='word_1_76' title='bbox 534 1016 706 1071; x_wconf 85' lang='lat' dir='ltr'>debet</span> <span class='ocrx_word' id='word_1_77' title='bbox 734 1029 918 1069; x_wconf 86' lang='lat' dir='ltr'>unum</span> <span class='ocrx_word' id='word_1_78' title='bbox 950 1015 1007 1067; x_wconf 90' lang='lat' dir='ltr'>et</span> <span class='ocrx_word' id='word_1_79' title='bbox 1035 1009 1308 1066; x_wconf 90' lang='lat' dir='ltr'>eumdem</span> <span class='ocrx_word' id='word_1_80' title='bbox 1368 1021 1650 1063; x_wconf 85' lang='lat' dir='ltr'>canonem</span> <span class='ocrx_word' id='word_1_81' title='bbox 1685 1021 1720 1060; x_wconf 91' lang='lat' dir='ltr'>a</span> <span class='ocrx_word' id='word_1_82' title='bbox 1749 1004 1979 1060; x_wconf 89' lang='lat' dir='ltr'>duobus</span> <span class='ocrx_word' id='word_1_83' title='bbox 2087 1003 2330 1059; x_wconf 89' lang='lat' dir='ltr'>tatibus.</span> 
     </span>
    </p>
   </div>
   <div class='ocr_carea' id='block_1_8' title="bbox 332 1090 3738 1181">
    <p class='ocr_par' dir='ltr' id='par_1_8' title="bbox 332 1090 3738 1181">
     <span class='ocr_line' id='line_1_8' title="bbox 332 1090 3738 1181; baseline -0.004 -18"><span class='ocrx_word' id='word_1_84' title='bbox 332 1105 709 1181; x_wconf 84' lang='lat' dir='ltr'>pontiﬁcibus</span> <span class='ocrx_word' id='word_1_85' title='bbox 725 1099 1160 1175; x_wconf 88' lang='lat' dir='ltr'>promulgatum</span> <span class='ocrx_word' id='word_1_86' title='bbox 1189 1096 1542 1154; x_wconf 85' lang='lat' dir='ltr'>fuisse.Nam</span> <span class='ocrx_word' id='word_1_87' title='bbox 1561 1111 1747 1152; x_wconf 86' lang='lat' dir='ltr'>canon</span> <span class='ocrx_word' id='word_1_88' title='bbox 1755 1093 1980 1165; x_wconf 57' lang='lat' dir='ltr'>presby-</span> <span class='ocrx_word' id='word_1_89' title='bbox 2160 1096 2234 1147; x_wconf 85' lang='lat' dir='ltr'>At</span> <span class='ocrx_word' id='word_1_90' title='bbox 2254 1092 2491 1148; x_wconf 90' lang='lat' dir='ltr'>sedente</span> <span class='ocrx_word' id='word_1_91' title='bbox 2514 1091 2768 1159; x_wconf 87' lang='lat' dir='ltr'>Urbano,</span> <span class='ocrx_word' id='word_1_92' title='bbox 2794 1109 2908 1148; x_wconf 91' lang='lat' dir='ltr'>non</span> <span class='ocrx_word' id='word_1_93' title='bbox 2929 1091 3231 1163; x_wconf 82' lang='lat' dir='ltr'>Alfonsus,</span> <span class='ocrx_word' id='word_1_94' title='bbox 3261 1092 3365 1181; x_wconf 87' lang='lat' dir='ltr'>sed</span> <span class='ocrx_word' id='word_1_95' title='bbox 3395 1090 3645 1181; x_wconf 80' lang='lat' dir='ltr'>Saucius</span> <span class='ocrx_word' id='word_1_96' title='bbox 3677 1096 3738 1158; x_wconf 88' lang='lat' dir='ltr'>et</span> 
     </span>
    </p>
   </div>
   <div class='ocr_carea' id='block_1_9' title="bbox 332 1179 3732 1266">
    <p class='ocr_par' dir='ltr' id='par_1_9' title="bbox 332 1179 3732 1266">
     <span class='ocr_line' id='line_1_9' title="bbox 332 1179 3732 1266; baseline -0.004 -14"><span class='ocrx_word' id='word_1_97' title='bbox 332 1179 572 1253; x_wconf 67' lang='lat' dir='ltr'>terarum</span> <span class='ocrx_word' id='word_1_98' title='bbox 623 1193 787 1266; x_wconf 86' lang='lat' dir='ltr'>ﬁlios,</span> <span class='ocrx_word' id='word_1_99' title='bbox 843 1189 982 1246; x_wconf 90' lang='lat' dir='ltr'>dist.</span> <span class='ocrx_word' id='word_1_100' title='bbox 1041 1189 1132 1257; x_wconf 89' lang='grc'>56,</span> <span class='ocrx_word' id='word_1_101' title='bbox 1189 1203 1314 1259; x_wconf 89' lang='lat' dir='ltr'>cap.</span> <span class='ocrx_word' id='word_1_102' title='bbox 1348 1186 1402 1253; x_wconf 75' lang='lat' dir='ltr'><strong>I,</strong></span> <span class='ocrx_word' id='word_1_103' title='bbox 1435 1200 1650 1257; x_wconf 88' lang='lat' dir='ltr'>magna</span> <span class='ocrx_word' id='word_1_104' title='bbox 1703 1200 1771 1238; x_wconf 79' lang='lat' dir='ltr'>ex</span> <span class='ocrx_word' id='word_1_105' title='bbox 1817 1187 1978 1255; x_wconf 90' lang='lat' dir='ltr'>parte</span> <span class='ocrx_word' id='word_1_106' title='bbox 2088 1181 2290 1238; x_wconf 88' lang='lat' dir='ltr'>Petrus</span> <span class='ocrx_word' id='word_1_107' title='bbox 2320 1181 2706 1254; x_wconf 86' lang='lat' dir='ltr'>Arragouiam</span> <span class='ocrx_word' id='word_1_108' title='bbox 2728 1181 3108 1250; x_wconf 80' lang='lat' dir='ltr'>obtinebant;</span> <span class='ocrx_word' id='word_1_109' title='bbox 3143 1197 3323 1255; x_wconf 89' lang='lat' dir='ltr'>quare</span> <span class='ocrx_word' id='word_1_110' title='bbox 3353 1179 3434 1252; x_wconf 90' lang='lat' dir='ltr'>id,</span> <span class='ocrx_word' id='word_1_111' title='bbox 3458 1180 3518 1238; x_wconf 90' lang='lat' dir='ltr'>ni</span> <span class='ocrx_word' id='word_1_112' title='bbox 3541 1179 3732 1252; x_wconf 72' lang='lat' dir='ltr'>fallor,</span> 
     </span>
    </p>
   </div>
   <div class='ocr_carea' id='block_1_10' title="bbox 331 1269 3735 1357">
    <p class='ocr_par' dir='ltr' id='par_1_10' title="bbox 331 1269 3735 1357">
     <span class='ocr_line' id='line_1_10' title="bbox 331 1269 3735 1357; baseline -0.003 -16"><span class='ocrx_word' id='word_1_113' title='bbox 331 1283 613 1357; x_wconf 87' lang='lat' dir='ltr'>repetitur</span> <span class='ocrx_word' id='word_1_114' title='bbox 659 1299 708 1337; x_wconf 91' lang='lat' dir='ltr'>c.</span> <span class='ocrx_word' id='word_1_115' title='bbox 745 1281 833 1347; x_wconf 73' lang='grc'>41,</span> <span class='ocrx_word' id='word_1_116' title='bbox 864 1279 989 1338; x_wconf 89' lang='lat' dir='ltr'>Nisi</span> <span class='ocrx_word' id='word_1_117' title='bbox 1017 1282 1134 1344; x_wconf 79' lang='lat' dir='ltr'>aut,</span> <span class='ocrx_word' id='word_1_118' title='bbox 1169 1276 1268 1348; x_wconf 89' lang='lat' dir='ltr'>qui</span> <span class='ocrx_word' id='word_1_119' title='bbox 1327 1274 1566 1330; x_wconf 90' lang='lat' dir='ltr'>Urbano</span> <span class='ocrx_word' id='word_1_120' title='bbox 1619 1276 1868 1344; x_wconf 90' lang='lat' dir='ltr'>utroque</span> <span class='ocrx_word' id='word_1_121' title='bbox 1915 1271 1975 1326; x_wconf 90' lang='lat' dir='ltr'>in</span> <span class='ocrx_word' id='word_1_122' title='bbox 2087 1269 2536 1343; x_wconf 88' lang='lat' dir='ltr'>intelligendum</span> <span class='ocrx_word' id='word_1_123' title='bbox 2561 1271 2734 1326; x_wconf 89' lang='lat' dir='ltr'>estde</span> <span class='ocrx_word' id='word_1_124' title='bbox 2755 1271 2944 1341; x_wconf 90' lang='lat' dir='ltr'>Petro,</span> <span class='ocrx_word' id='word_1_125' title='bbox 2967 1271 3060 1326; x_wconf 94' lang='lat' dir='ltr'>cui</span> <span class='ocrx_word' id='word_1_126' title='bbox 3090 1270 3362 1328; x_wconf 91' lang='lat' dir='ltr'>Urbanus</span> <span class='ocrx_word' id='word_1_127' title='bbox 3377 1269 3531 1328; x_wconf 88' lang='lat' dir='ltr'>hanc</span> <span class='ocrx_word' id='word_1_128' title='bbox 3551 1269 3735 1338; x_wconf 74' lang='lat' dir='ltr'>facul-</span> 
     </span>
    </p>
   </div>
   <div class='ocr_carea' id='block_1_11' title="bbox 333 1359 3732 1445">
    <p class='ocr_par' dir='ltr' id='par_1_11' title="bbox 333 1359 3732 1445">
     <span class='ocr_line' id='line_1_11' title="bbox 333 1359 3732 1445; baseline -0.003 -17"><span class='ocrx_word' id='word_1_129' title='bbox 333 1374 456 1430; x_wconf 92' lang='lat' dir='ltr'>loco</span> <span class='ocrx_word' id='word_1_130' title='bbox 478 1372 830 1445; x_wconf 84' lang='lat' dir='ltr'>assignatur,</span> <span class='ocrx_word' id='word_1_131' title='bbox 851 1372 908 1424; x_wconf 91' lang='lat' dir='ltr'>et</span> <span class='ocrx_word' id='word_1_132' title='bbox 922 1366 1278 1438; x_wconf 88' lang='lat' dir='ltr'>reipsainter</span> <span class='ocrx_word' id='word_1_133' title='bbox 1297 1361 1637 1436; x_wconf 90' lang='lat' dir='ltr'>Melphitani</span> <span class='ocrx_word' id='word_1_134' title='bbox 1657 1365 1713 1417; x_wconf 91' lang='lat' dir='ltr'>et</span> <span class='ocrx_word' id='word_1_135' title='bbox 1727 1359 1974 1416; x_wconf 88' lang='lat' dir='ltr'>aliorum</span> <span class='ocrx_word' id='word_1_136' title='bbox 2083 1362 2262 1417; x_wconf 81' lang='lat' dir='ltr'>tatem</span> <span class='ocrx_word' id='word_1_137' title='bbox 2283 1359 2551 1416; x_wconf 88' lang='lat' dir='ltr'>indulsit.</span> <span class='ocrx_word' id='word_1_138' title='bbox 2574 1359 2691 1416; x_wconf 86' lang='lat' dir='ltr'>Etsi</span> <span class='ocrx_word' id='word_1_139' title='bbox 2723 1359 2781 1416; x_wconf 87' lang='lat' dir='ltr'>id</span> <span class='ocrx_word' id='word_1_140' title='bbox 2811 1361 2987 1416; x_wconf 89' lang='lat' dir='ltr'>etiam</span> <span class='ocrx_word' id='word_1_141' title='bbox 3021 1359 3262 1418; x_wconf 84' lang='lat' dir='ltr'>Alfonso</span> <span class='ocrx_word' id='word_1_142' title='bbox 3311 1359 3434 1434; x_wconf 88' lang='lat' dir='ltr'>regi</span> <span class='ocrx_word' id='word_1_143' title='bbox 3493 1377 3732 1418; x_wconf 83' lang='lat' dir='ltr'>conces-</span> 
     </span>
    </p>
   </div>
   <div class='ocr_carea' id='block_1_12' title="bbox 332 1447 3732 1518">
    <p class='ocr_par' dir='ltr' id='par_1_12' title="bbox 332 1447 3732 1518">
     <span class='ocr_line' id='line_1_12' title="bbox 332 1447 3732 1518; baseline -0.004 0"><span class='ocrx_word' id='word_1_144' title='bbox 332 1459 547 1518; x_wconf 92' lang='lat' dir='ltr'>Urbani</span> <span class='ocrx_word' id='word_1_145' title='bbox 581 1457 957 1516; x_wconf 91' lang='lat' dir='ltr'>conciliorum</span> <span class='ocrx_word' id='word_1_146' title='bbox 989 1456 1220 1512; x_wconf 88' lang='lat' dir='ltr'>decreta</span> <span class='ocrx_word' id='word_1_147' title='bbox 1249 1451 1499 1509; x_wconf 86' lang='lat' dir='ltr'>occurrit</span> <span class='ocrx_word' id='word_1_148' title='bbox 1531 1467 1545 1506; x_wconf 90' lang='lat'><strong>:</strong></span> <span class='ocrx_word' id='word_1_149' title='bbox 1579 1454 1634 1506; x_wconf 92' lang='lat' dir='ltr'>et</span> <span class='ocrx_word' id='word_1_150' title='bbox 1663 1453 1860 1506; x_wconf 90' lang='lat' dir='ltr'>tamen</span> <span class='ocrx_word' id='word_1_151' title='bbox 1913 1449 1974 1504; x_wconf 91' lang='lat' dir='ltr'>in</span> <span class='ocrx_word' id='word_1_152' title='bbox 2084 1465 2216 1504; x_wconf 89' lang='lat' dir='ltr'>sum</span> <span class='ocrx_word' id='word_1_153' title='bbox 2248 1447 2495 1518; x_wconf 90' lang='lat' dir='ltr'>dicatur,</span> <span class='ocrx_word' id='word_1_154' title='bbox 2529 1448 2586 1504; x_wconf 93' lang='lat' dir='ltr'>id</span> <span class='ocrx_word' id='word_1_155' title='bbox 2620 1449 2821 1506; x_wconf 89' lang='lat' dir='ltr'>referri</span> <span class='ocrx_word' id='word_1_156' title='bbox 2873 1449 3045 1506; x_wconf 89' lang='lat' dir='ltr'>debet</span> <span class='ocrx_word' id='word_1_157' title='bbox 3085 1449 3158 1506; x_wconf 93' lang='lat' dir='ltr'>ad</span> <span class='ocrx_word' id='word_1_158' title='bbox 3189 1447 3570 1508; x_wconf 81' lang='lat' dir='ltr'>Aldefonsum</span> <span class='ocrx_word' id='word_1_159' title='bbox 3627 1465 3732 1506; x_wconf 88' lang='lat' dir='ltr'>seu</span> 
     </span>
    </p>
   </div>
   <div class='ocr_carea' id='block_1_13' title="bbox 333 1534 3734 1616">
    <p class='ocr_par' dir='ltr' id='par_1_13' title="bbox 333 1534 3734 1616">
     <span class='ocr_line' id='line_1_13' title="bbox 333 1534 3734 1616; baseline -0.003 -10"><span class='ocrx_word' id='word_1_160' title='bbox 333 1534 576 1608; x_wconf 80' lang='lat' dir='ltr'>concilio</span> <span class='ocrx_word' id='word_1_161' title='bbox 607 1544 937 1604; x_wconf 89' lang='lat' dir='ltr'>Bclvacensi</span> <span class='ocrx_word' id='word_1_162' title='bbox 968 1561 1147 1616; x_wconf 85' lang='lat' dir='ltr'>supra</span> <span class='ocrx_word' id='word_1_163' title='bbox 1193 1544 1516 1598; x_wconf 88' lang='lat' dir='ltr'>memorato</span> <span class='ocrx_word' id='word_1_164' title='bbox 1574 1539 1790 1595; x_wconf 90' lang='lat' dir='ltr'>dicitur</span> <span class='ocrx_word' id='word_1_165' title='bbox 1844 1555 1975 1594; x_wconf 90' lang='lat' dir='ltr'>esse</span> <span class='ocrx_word' id='word_1_166' title='bbox 2080 1537 2390 1594; x_wconf 90' lang='lat' dir='ltr'>Alfonsum</span> <span class='ocrx_word' id='word_1_167' title='bbox 2423 1537 2686 1610; x_wconf 86' lang='lat' dir='ltr'>Legionis</span> <span class='ocrx_word' id='word_1_168' title='bbox 2735 1542 2792 1594; x_wconf 90' lang='lat' dir='ltr'>et</span> <span class='ocrx_word' id='word_1_169' title='bbox 2847 1538 3109 1595; x_wconf 75' lang='lat' dir='ltr'>Castaliae</span> <span class='ocrx_word' id='word_1_170' title='bbox 3163 1553 3361 1612; x_wconf 87' lang='lat' dir='ltr'>regem</span> <span class='ocrx_word' id='word_1_171' title='bbox 3408 1541 3548 1596; x_wconf 89' lang='lat' dir='ltr'>tunc</span> <span class='ocrx_word' id='word_1_172' title='bbox 3579 1537 3734 1596; x_wconf 81' lang='lat' dir='ltr'>inter</span> 
     </span>
    </p>
   </div>
   <div class='ocr_carea' id='block_1_14' title="bbox 331 1626 3731 1711">
    <p class='ocr_par' dir='ltr' id='par_1_14' title="bbox 331 1626 3731 1711">
     <span class='ocr_line' id='line_1_14' title="bbox 331 1626 3731 1711; baseline -0.003 -16"><span class='ocrx_word' id='word_1_173' title='bbox 331 1637 588 1711; x_wconf 85' lang='lat' dir='ltr'>Gregorii</span> <span class='ocrx_word' id='word_1_174' title='bbox 607 1637 678 1692; x_wconf 86' lang='lat' dir='ltr'><strong>VI</strong></span> <span class='ocrx_word' id='word_1_175' title='bbox 700 1639 758 1691; x_wconf 90' lang='lat' dir='ltr'>et</span> <span class='ocrx_word' id='word_1_176' title='bbox 792 1633 1008 1690; x_wconf 89' lang='lat' dir='ltr'>Urbani</span> <span class='ocrx_word' id='word_1_177' title='bbox 1049 1632 1118 1686; x_wconf 91' lang='lat' dir='ltr'>ll.</span> <span class='ocrx_word' id='word_1_178' title='bbox 1142 1631 1213 1686; x_wconf 87' lang='lat' dir='ltr'>Et</span> <span class='ocrx_word' id='word_1_179' title='bbox 1251 1629 1406 1702; x_wconf 91' lang='lat' dir='ltr'>apud</span> <span class='ocrx_word' id='word_1_180' title='bbox 1441 1628 1673 1684; x_wconf 90' lang='lat' dir='ltr'>Ivonem</span> <span class='ocrx_word' id='word_1_181' title='bbox 1699 1630 1864 1698; x_wconf 88' lang='lat' dir='ltr'>parte</span> <span class='ocrx_word' id='word_1_182' title='bbox 1893 1644 1970 1692; x_wconf 82' lang='lat' dir='ltr'>v1,</span> <span class='ocrx_word' id='word_1_183' title='bbox 2081 1643 2246 1700; x_wconf 88' lang='lat' dir='ltr'>reges</span> <span class='ocrx_word' id='word_1_184' title='bbox 2278 1626 2564 1700; x_wconf 87' lang='lat' dir='ltr'>Hispanos</span> <span class='ocrx_word' id='word_1_185' title='bbox 2593 1627 2974 1696; x_wconf 88' lang='lat' dir='ltr'>eminentem,</span> <span class='ocrx_word' id='word_1_186' title='bbox 3009 1626 3130 1700; x_wconf 90' lang='lat' dir='ltr'>qui,</span> <span class='ocrx_word' id='word_1_187' title='bbox 3165 1631 3394 1700; x_wconf 89' lang='lat' dir='ltr'>recepto</span> <span class='ocrx_word' id='word_1_188' title='bbox 3445 1631 3579 1684; x_wconf 89' lang='lat' dir='ltr'>ante</span> <span class='ocrx_word' id='word_1_189' title='bbox 3622 1627 3731 1684; x_wconf 86' lang='lat' dir='ltr'>ali-</span> 
     </span>
    </p>
   </div>
   <div class='ocr_carea' id='block_1_15' title="bbox 331 1713 3734 1797">
    <p class='ocr_par' dir='ltr' id='par_1_15' title="bbox 331 1713 3734 1797">
     <span class='ocr_line' id='line_1_15' title="bbox 331 1713 3734 1797; baseline -0.003 -13"><span class='ocrx_word' id='word_1_190' title='bbox 331 1746 379 1784; x_wconf 93' lang='lat' dir='ltr'>c.</span> <span class='ocrx_word' id='word_1_191' title='bbox 413 1728 536 1782; x_wconf 76' lang='grc'>410.</span> <span class='ocrx_word' id='word_1_192' title='bbox 561 1722 818 1797; x_wconf 84' lang='lat' dir='ltr'>Gregorii</span> <span class='ocrx_word' id='word_1_193' title='bbox 841 1721 937 1777; x_wconf 78' lang='lat' dir='ltr'><strong>VII</strong></span> <span class='ocrx_word' id='word_1_194' title='bbox 977 1724 1029 1776; x_wconf 89' lang='lat' dir='ltr'>et</span> <span class='ocrx_word' id='word_1_195' title='bbox 1090 1718 1307 1775; x_wconf 86' lang='lat' dir='ltr'>Urbani</span> <span class='ocrx_word' id='word_1_196' title='bbox 1360 1717 1430 1774; x_wconf 84' lang='lat' dir='ltr'><strong>II.</strong></span> <span class='ocrx_word' id='word_1_197' title='bbox 1463 1717 1671 1772; x_wconf 84' lang='lat' dir='ltr'>Visum</span> <span class='ocrx_word' id='word_1_198' title='bbox 1721 1719 1810 1772; x_wconf 91' lang='lat' dir='ltr'>est</span> <span class='ocrx_word' id='word_1_199' title='bbox 1866 1713 1971 1770; x_wconf 90' lang='lat' dir='ltr'>ali-</span> <span class='ocrx_word' id='word_1_200' title='bbox 2081 1720 2225 1787; x_wconf 90' lang='lat' dir='ltr'>quot</span> <span class='ocrx_word' id='word_1_201' title='bbox 2255 1733 2438 1771; x_wconf 91' lang='lat' dir='ltr'>annos</span> <span class='ocrx_word' id='word_1_202' title='bbox 2465 1732 2534 1771; x_wconf 82' lang='lat' dir='ltr'>ex</span> <span class='ocrx_word' id='word_1_203' title='bbox 2564 1715 2840 1773; x_wconf 87' lang='lat' dir='ltr'>Barbaris</span> <span class='ocrx_word' id='word_1_204' title='bbox 2885 1715 3104 1786; x_wconf 88' lang='lat' dir='ltr'>Toleto,</span> <span class='ocrx_word' id='word_1_205' title='bbox 3139 1717 3486 1788; x_wconf 66' lang='lat' dir='ltr'>impera-toris</span> <span class='ocrx_word' id='word_1_206' title='bbox 3539 1717 3734 1789; x_wconf 83' lang='lat' dir='ltr'>Hispa-</span> 
     </span>
    </p>
   </div>
   <div class='ocr_carea' id='block_1_16' title="bbox 333 1805 1972 1891">
    <p class='ocr_par' dir='ltr' id='par_1_16' title="bbox 333 1805 1972 1891">
     <span class='ocr_line' id='line_1_16' title="bbox 333 1805 1972 1891; baseline -0.009 -17"><span class='ocrx_word' id='word_1_207' title='bbox 333 1817 566 1891; x_wconf 89' lang='lat' dir='ltr'>quando</span> <span class='ocrx_word' id='word_1_208' title='bbox 595 1812 764 1878; x_wconf 88' lang='lat' dir='ltr'>mihi,</span> <span class='ocrx_word' id='word_1_209' title='bbox 786 1812 943 1866; x_wconf 88' lang='lat' dir='ltr'>idem</span> <span class='ocrx_word' id='word_1_210' title='bbox 968 1809 1100 1866; x_wconf 90' lang='lat' dir='ltr'>ferri</span> <span class='ocrx_word' id='word_1_211' title='bbox 1137 1824 1308 1880; x_wconf 90' lang='lat' dir='ltr'>posse</span> <span class='ocrx_word' id='word_1_212' title='bbox 1329 1805 1618 1879; x_wconf 89' lang='lat' dir='ltr'>judicium</span> <span class='ocrx_word' id='word_1_213' title='bbox 1652 1806 1722 1860; x_wconf 87' lang='lat' dir='ltr'>de</span> <span class='ocrx_word' id='word_1_214' title='bbox 1753 1821 1972 1860; x_wconf 88' lang='lat' dir='ltr'>canone</span> 
     </span>
    </p>
   </div>
   <div class='ocr_carea' id='block_1_17' title="bbox 331 1891 1970 1974">
    <p class='ocr_par' dir='ltr' id='par_1_17' title="bbox 331 1891 1970 1974">
     <span class='ocr_line' id='line_1_17' title="bbox 331 1891 1970 1974; baseline -0.009 -14"><span class='ocrx_word' id='word_1_215' title='bbox 331 1907 524 1962; x_wconf 81' lang='lat' dir='ltr'>clerico</span> <span class='ocrx_word' id='word_1_216' title='bbox 547 1903 784 1974; x_wconf 83' lang='lat' dir='ltr'>jaciente</span> <span class='ocrx_word' id='word_1_217' title='bbox 813 1900 950 1956; x_wconf 86' lang='lat' dir='ltr'>dist.</span> <span class='ocrx_word' id='word_1_218' title='bbox 973 1899 1063 1964; x_wconf 82' lang='lat'>50,</span> <span class='ocrx_word' id='word_1_219' title='bbox 1089 1914 1138 1952; x_wconf 89' lang='lat' dir='ltr'>c.</span> <span class='ocrx_word' id='word_1_220' title='bbox 1171 1897 1258 1962; x_wconf 88' lang='grc'>37,</span> <span class='ocrx_word' id='word_1_221' title='bbox 1284 1895 1436 1968; x_wconf 92' lang='lat' dir='ltr'>quod</span> <span class='ocrx_word' id='word_1_222' title='bbox 1470 1911 1539 1950; x_wconf 84' lang='lat' dir='ltr'>ex</span> <span class='ocrx_word' id='word_1_223' title='bbox 1570 1893 1784 1950; x_wconf 87' lang='lat' dir='ltr'>Urbani</span> <span class='ocrx_word' id='word_1_224' title='bbox 1843 1891 1970 1965; x_wconf 90' lang='lat' dir='ltr'>epi-</span> 
     </span>
    </p>
   </div>
   <div class='ocr_carea' id='block_1_18' title="bbox 333 1987 1970 2056">
    <p class='ocr_par' dir='ltr' id='par_1_18' title="bbox 333 1987 1970 2056">
     <span class='ocr_line' id='line_1_18' title="bbox 333 1987 1970 2056; baseline -0.009 -4"><span class='ocrx_word' id='word_1_225' title='bbox 333 1995 484 2052; x_wconf 90' lang='lat' dir='ltr'>stola</span> <span class='ocrx_word' id='word_1_226' title='bbox 503 1994 572 2048; x_wconf 82' lang='lat' dir='ltr'>ad</span> <span class='ocrx_word' id='word_1_227' title='bbox 605 1991 963 2047; x_wconf 83' lang='lat' dir='ltr'>Guernerium</span> <span class='ocrx_word' id='word_1_228' title='bbox 1002 1987 1422 2053; x_wconf 74' lang='lat' dir='ltr'>Narbonensem,</span> <span class='ocrx_word' id='word_1_229' title='bbox 1455 1987 1770 2056; x_wconf 87' lang='lat' dir='ltr'>antequam</span> <span class='ocrx_word' id='word_1_230' title='bbox 1829 1999 1970 2056; x_wconf 91' lang='lat' dir='ltr'>pon-</span> 
     </span>
    </p>
   </div>
   <div class='ocr_carea' id='block_1_19' title="bbox 331 2071 1972 2148">
    <p class='ocr_par' dir='ltr' id='par_1_19' title="bbox 331 2071 1972 2148">
     <span class='ocr_line' id='line_1_19' title="bbox 331 2071 1972 2148; baseline -0.01 -7"><span class='ocrx_word' id='word_1_231' title='bbox 331 2085 471 2142; x_wconf 82' lang='lat' dir='ltr'>tifex</span> <span class='ocrx_word' id='word_1_232' title='bbox 528 2083 707 2148; x_wconf 83' lang='lat' dir='ltr'>fieret,</span> <span class='ocrx_word' id='word_1_233' title='bbox 767 2077 1132 2142; x_wconf 88' lang='lat' dir='ltr'>defunctum,</span> <span class='ocrx_word' id='word_1_234' title='bbox 1165 2075 1473 2146; x_wconf 88' lang='lat' dir='ltr'>decerptus</span> <span class='ocrx_word' id='word_1_235' title='bbox 1530 2071 1838 2126; x_wconf 88' lang='lat' dir='ltr'>diceretur.</span> <span class='ocrx_word' id='word_1_236' title='bbox 1901 2072 1972 2125; x_wconf 85' lang='lat' dir='ltr'>At</span> 
     </span>
    </p>
   </div>
   <div class='ocr_carea' id='block_1_20' title="bbox 332 2159 1972 2248">
    <p class='ocr_par' dir='ltr' id='par_1_20' title="bbox 332 2159 1972 2248">
     <span class='ocr_line' id='line_1_20' title="bbox 332 2159 1972 2248; baseline -0.01 -17"><span class='ocrx_word' id='word_1_237' title='bbox 332 2171 707 2248; x_wconf 83' lang='lat' dir='ltr'>postmodum</span> <span class='ocrx_word' id='word_1_238' title='bbox 731 2186 763 2224; x_wconf 89' lang='lat' dir='ltr'>a</span> <span class='ocrx_word' id='word_1_239' title='bbox 787 2165 922 2222; x_wconf 86' lang='lat' dir='ltr'>viris</span> <span class='ocrx_word' id='word_1_240' title='bbox 955 2165 1142 2221; x_wconf 81' lang='lat' dir='ltr'>doctis</span> <span class='ocrx_word' id='word_1_241' title='bbox 1163 2162 1340 2218; x_wconf 89' lang='lat' dir='ltr'>didici</span> <span class='ocrx_word' id='word_1_242' title='bbox 1373 2160 1703 2216; x_wconf 87' lang='lat' dir='ltr'>erroremin</span> <span class='ocrx_word' id='word_1_243' title='bbox 1734 2159 1972 2215; x_wconf 86' lang='lat' dir='ltr'>titulum</span> 
     </span>
    </p>
   </div>
   <div class='ocr_carea' id='block_1_21' title="bbox 332 2249 1972 2334">
    <p class='ocr_par' dir='ltr' id='par_1_21' title="bbox 332 2249 1972 2334">
     <span class='ocr_line' id='line_1_21' title="bbox 332 2249 1972 2334; baseline -0.01 -16"><span class='ocrx_word' id='word_1_244' title='bbox 332 2249 1142 2334; x_wconf 12' lang='lat' dir='ltr'>irrepsisse,&#39;ilegendumque</span> <span class='ocrx_word' id='word_1_245' title='bbox 1201 2268 1330 2307; x_wconf 90' lang='lat' dir='ltr'>esse</span> <span class='ocrx_word' id='word_1_246' title='bbox 1375 2251 1670 2306; x_wconf 83' lang='lat' dir='ltr'>G-ucrnerio</span> <span class='ocrx_word' id='word_1_247' title='bbox 1701 2249 1972 2306; x_wconf 84' lang='lat' dir='ltr'>Merslmr-</span> 
     </span>
    </p>
   </div>
   <div class='ocr_carea' id='block_1_22' title="bbox 330 2339 1972 2423">
    <p class='ocr_par' dir='ltr' id='par_1_22' title="bbox 330 2339 1972 2423">
     <span class='ocr_line' id='line_1_22' title="bbox 330 2339 1972 2423; baseline -0.01 -15"><span class='ocrx_word' id='word_1_248' title='bbox 330 2353 504 2423; x_wconf 81' lang='lat' dir='ltr'>gensi,</span> <span class='ocrx_word' id='word_1_249' title='bbox 535 2347 630 2421; x_wconf 88' lang='lat' dir='ltr'>qui</span> <span class='ocrx_word' id='word_1_250' title='bbox 657 2347 848 2418; x_wconf 86' lang='lat' dir='ltr'>reipsa</span> <span class='ocrx_word' id='word_1_251' title='bbox 866 2342 1084 2399; x_wconf 89' lang='lat' dir='ltr'>Urbani</span> <span class='ocrx_word' id='word_1_252' title='bbox 1108 2346 1158 2396; x_wconf 89' lang='lat' dir='ltr'><strong>Il</strong></span> <span class='ocrx_word' id='word_1_253' title='bbox 1209 2345 1468 2412; x_wconf 90' lang='lat' dir='ltr'>tempore</span> <span class='ocrx_word' id='word_1_254' title='bbox 1497 2339 1709 2394; x_wconf 84' lang='lat' dir='ltr'>vixisse</span> <span class='ocrx_word' id='word_1_255' title='bbox 1755 2355 1972 2393; x_wconf 86' lang='lat' dir='ltr'>memo-</span> 
     </span>
    </p>
   </div>
   <div class='ocr_carea' id='block_1_23' title="bbox 333 2425 1972 2504">
    <p class='ocr_par' dir='ltr' id='par_1_23' title="bbox 333 2425 1972 2504">
     <span class='ocr_line' id='line_1_23' title="bbox 333 2425 1972 2504; baseline -0.009 -8"><span class='ocrx_word' id='word_1_256' title='bbox 333 2441 716 2504; x_wconf 87' lang='lat' dir='ltr'>ratur.Quare</span> <span class='ocrx_word' id='word_1_257' title='bbox 739 2433 906 2489; x_wconf 91' lang='lat' dir='ltr'>illum</span> <span class='ocrx_word' id='word_1_258' title='bbox 930 2446 1211 2487; x_wconf 89' lang='lat' dir='ltr'>canonem</span> <span class='ocrx_word' id='word_1_259' title='bbox 1235 2429 1344 2486; x_wconf 90' lang='lat' dir='ltr'>sub</span> <span class='ocrx_word' id='word_1_260' title='bbox 1376 2428 1600 2484; x_wconf 87' lang='lat' dir='ltr'>sincero</span> <span class='ocrx_word' id='word_1_261' title='bbox 1633 2428 1760 2498; x_wconf 89' lang='lat' dir='ltr'>ejus</span> <span class='ocrx_word' id='word_1_262' title='bbox 1803 2425 1972 2482; x_wconf 87' lang='lat' dir='ltr'>titulo</span> 
     </span>
    </p>
   </div>
   <div class='ocr_carea' id='block_1_24' title="bbox 331 2515 1972 2595">
    <p class='ocr_par' dir='ltr' id='par_1_24' title="bbox 331 2515 1972 2595">
     <span class='ocr_line' id='line_1_24' title="bbox 331 2515 1972 2595; baseline -0.009 -9"><span class='ocrx_word' id='word_1_263' title='bbox 331 2530 650 2586; x_wconf 78' lang='lat' dir='ltr'>referemus</span> <span class='ocrx_word' id='word_1_264' title='bbox 701 2523 760 2580; x_wconf 88' lang='lat' dir='ltr'>in</span> <span class='ocrx_word' id='word_1_265' title='bbox 818 2521 1159 2595; x_wconf 87' lang='lat' dir='ltr'>appendice.</span> <span class='ocrx_word' id='word_1_266' title='bbox 1187 2521 1308 2585; x_wconf 89' lang='lat' dir='ltr'>Quo</span> <span class='ocrx_word' id='word_1_267' title='bbox 1341 2523 1533 2573; x_wconf 90' lang='lat' dir='ltr'>autem</span> <span class='ocrx_word' id='word_1_268' title='bbox 1565 2533 1717 2571; x_wconf 90' lang='lat' dir='ltr'>anno</span> <span class='ocrx_word' id='word_1_269' title='bbox 1748 2515 1868 2571; x_wconf 82' lang='lat' dir='ltr'>haec</span> <span class='ocrx_word' id='word_1_270' title='bbox 1901 2516 1972 2571; x_wconf 86' lang='lat' dir='ltr'>ad</span> 
     </span>
    </p>
   </div>
   <div class='ocr_carea' id='block_1_25' title="bbox 331 2605 1970 2684">
    <p class='ocr_par' dir='ltr' id='par_1_25' title="bbox 331 2605 1970 2684">
     <span class='ocr_line' id='line_1_25' title="bbox 331 2605 1970 2684; baseline -0.01 -9"><span class='ocrx_word' id='word_1_271' title='bbox 331 2605 713 2676; x_wconf 82' lang='lat' dir='ltr'>Guernerium</span> <span class='ocrx_word' id='word_1_272' title='bbox 747 2611 993 2684; x_wconf 89' lang='lat' dir='ltr'>epistola</span> <span class='ocrx_word' id='word_1_273' title='bbox 1051 2607 1269 2680; x_wconf 88' lang='lat' dir='ltr'>scripta</span> <span class='ocrx_word' id='word_1_274' title='bbox 1328 2607 1518 2674; x_wconf 89' lang='lat' dir='ltr'>fuerit,</span> <span class='ocrx_word' id='word_1_275' title='bbox 1547 2605 1704 2660; x_wconf 88' lang='lat' dir='ltr'>haud</span> <span class='ocrx_word' id='word_1_276' title='bbox 1764 2605 1970 2678; x_wconf 87' lang='lat' dir='ltr'>liquet.</span> 
     </span>
    </p>
   </div>
   <div class='ocr_carea' id='block_1_26' title="bbox 333 2694 1972 2768">
    <p class='ocr_par' dir='ltr' id='par_1_26' title="bbox 333 2694 1972 2768">
     <span class='ocr_line' id='line_1_26' title="bbox 333 2694 1972 2768; baseline -0.009 -4"><span class='ocrx_word' id='word_1_277' title='bbox 333 2706 635 2764; x_wconf 87' lang='lat' dir='ltr'>Bucelinus</span> <span class='ocrx_word' id='word_1_278' title='bbox 669 2698 1342 2759; x_wconf 81' lang='lat' dir='ltr'>observatGucrnerium</span> <span class='ocrx_word' id='word_1_279' title='bbox 1396 2713 1498 2768; x_wconf 91' lang='lat' dir='ltr'>pro</span> <span class='ocrx_word' id='word_1_280' title='bbox 1548 2695 1825 2766; x_wconf 86' lang='lat' dir='ltr'>Gregorio</span> <span class='ocrx_word' id='word_1_281' title='bbox 1870 2694 1972 2749; x_wconf 77' lang='lat' dir='ltr'>\‘ll</span> 
     </span>
    </p>
   </div>
   <div class='ocr_carea' id='block_1_27' title="bbox 331 2782 1973 2862">
    <p class='ocr_par' dir='ltr' id='par_1_27' title="bbox 331 2782 1973 2862">
     <span class='ocr_line' id='line_1_27' title="bbox 331 2782 1973 2862; baseline -0.01 -8"><span class='ocrx_word' id='word_1_282' title='bbox 331 2797 582 2862; x_wconf 83' lang='lat' dir='ltr'>stetisse,</span> <span class='ocrx_word' id='word_1_283' title='bbox 607 2797 663 2847; x_wconf 72' lang='lat' dir='ltr'>ut</span> <span class='ocrx_word' id='word_1_284' title='bbox 679 2797 872 2846; x_wconf 86' lang='lat' dir='ltr'>tamen</span> <span class='ocrx_word' id='word_1_285' title='bbox 894 2788 1044 2842; x_wconf 89' lang='lat' dir='ltr'>inter</span> <span class='ocrx_word' id='word_1_286' title='bbox 1063 2786 1366 2858; x_wconf 88' lang='lat' dir='ltr'>episcopos</span> <span class='ocrx_word' id='word_1_287' title='bbox 1387 2783 1706 2839; x_wconf 90' lang='lat' dir='ltr'>catholicos</span> <span class='ocrx_word' id='word_1_288' title='bbox 1724 2782 1820 2856; x_wconf 89' lang='lat' dir='ltr'>qui</span> <span class='ocrx_word' id='word_1_289' title='bbox 1842 2799 1973 2837; x_wconf 89' lang='lat' dir='ltr'>con-</span> 
     </span>
    </p>
   </div>
   <div class='ocr_carea' id='block_1_28' title="bbox 331 2872 1968 2950">
    <p class='ocr_par' dir='ltr' id='par_1_28' title="bbox 331 2872 1968 2950">
     <span class='ocr_line' id='line_1_28' title="bbox 331 2872 1968 2950; baseline -0.01 -8"><span class='ocrx_word' id='word_1_290' title='bbox 331 2886 463 2943; x_wconf 91' lang='lat' dir='ltr'>cilio</span> <span class='ocrx_word' id='word_1_291' title='bbox 520 2875 1042 2950; x_wconf 82' lang='lat' dir='ltr'>Quintiliburgensi</span> <span class='ocrx_word' id='word_1_292' title='bbox 1075 2891 1228 2929; x_wconf 88' lang='lat' dir='ltr'>anno</span> <span class='ocrx_word' id='word_1_293' title='bbox 1278 2874 1415 2927; x_wconf 74' lang='lat'>1035</span> <span class='ocrx_word' id='word_1_294' title='bbox 1473 2872 1968 2944; x_wconf 87' lang='lat' dir='ltr'>subscripserunt,</span> 
     </span>
    </p>
   </div>
   <div class='ocr_carea' id='block_1_29' title="bbox 327 2959 1970 3048">
    <p class='ocr_par' dir='ltr' id='par_1_29' title="bbox 327 2959 1970 3048">
     <span class='ocr_line' id='line_1_29' title="bbox 327 2959 1970 3048; baseline -0.01 -17"><span class='ocrx_word' id='word_1_295' title='bbox 327 2973 544 3048; x_wconf 79' lang='lat' dir='ltr'>legitur</span> <span class='ocrx_word' id='word_1_296' title='bbox 590 2967 920 3026; x_wconf 85' lang='lat' dir='ltr'>Bernardus</span> <span class='ocrx_word' id='word_1_297' title='bbox 988 2960 1476 3034; x_wconf 87' lang='lat' dir='ltr'>Mersburgensis,</span> <span class='ocrx_word' id='word_1_298' title='bbox 1528 2977 1600 3016; x_wconf 91' lang='lat' dir='ltr'>an</span> <span class='ocrx_word' id='word_1_299' title='bbox 1654 2959 1821 3048; x_wconf 10' lang='lat' dir='ltr'>idem,</span> <span class='ocrx_word' id='word_1_300' title='bbox 1869 2959 1970 3033; x_wconf 80' lang='lat' dir='ltr'>qui</span> 
     </span>
    </p>
   </div>
   <div class='ocr_carea' id='block_1_30' title="bbox 328 3047 1970 3120">
    <p class='ocr_par' dir='ltr' id='par_1_30' title="bbox 328 3047 1970 3120">
     <span class='ocr_line' id='line_1_30' title="bbox 328 3047 1970 3120; baseline -0.009 -1"><span class='ocrx_word' id='word_1_301' title='bbox 328 3047 674 3120; x_wconf 13' lang='lat' dir='ltr'>Wiernarius</span> <span class='ocrx_word' id='word_1_302' title='bbox 730 3072 832 3111; x_wconf 88' lang='lat' dir='ltr'>seu</span> <span class='ocrx_word' id='word_1_303' title='bbox 888 3051 1240 3109; x_wconf 89' lang='lat' dir='ltr'>Guernerius</span> <span class='ocrx_word' id='word_1_304' title='bbox 1289 3049 1478 3105; x_wconf 80' lang='lat' dir='ltr'>dictus</span> <span class='ocrx_word' id='word_1_305' title='bbox 1529 3049 1625 3114; x_wconf 90' lang='lat' dir='ltr'>sit,</span> <span class='ocrx_word' id='word_1_306' title='bbox 1659 3047 1970 3106; x_wconf 87' lang='lat' dir='ltr'>Bucelinus</span> 
     </span>
    </p>
   </div>
   <div class='ocr_carea' id='block_1_31' title="bbox 331 3142 1390 3226">
    <p class='ocr_par' dir='ltr' id='par_1_31' title="bbox 331 3142 1390 3226">
     <span class='ocr_line' id='line_1_31' title="bbox 331 3142 1390 3226; baseline -0.014 -18"><span class='ocrx_word' id='word_1_307' title='bbox 331 3151 545 3226; x_wconf 88' lang='lat' dir='ltr'>quippe</span> <span class='ocrx_word' id='word_1_308' title='bbox 576 3145 935 3203; x_wconf 88' lang='lat' dir='ltr'>Bernardum</span> <span class='ocrx_word' id='word_1_309' title='bbox 962 3159 1077 3197; x_wconf 90' lang='lat' dir='ltr'>non</span> <span class='ocrx_word' id='word_1_310' title='bbox 1111 3142 1390 3196; x_wconf 89' lang='lat' dir='ltr'>recenset.</span> 
     </span>
    </p>
   </div>
   <div class='ocr_carea' id='block_1_32' title="bbox 631 3237 1652 3300">
    <p class='ocr_par' dir='ltr' id='par_1_32' title="bbox 631 3237 1652 3300">
     <span class='ocr_line' id='line_1_32' title="bbox 631 3237 1652 3300; baseline -0.012 0"><span class='ocrx_word' id='word_1_311' title='bbox 631 3241 816 3300; x_wconf 78' lang='lat' dir='ltr'><strong>XXXI.</strong></span> <span class='ocrx_word' id='word_1_312' title='bbox 850 3241 1085 3296; x_wconf 75' lang='lat' dir='ltr'>Ecclesia</span> <span class='ocrx_word' id='word_1_313' title='bbox 1114 3237 1396 3294; x_wconf 68' lang='lat' dir='ltr'>Cremona:</span> <span class='ocrx_word' id='word_1_314' title='bbox 1420 3237 1652 3292; x_wconf 70' lang='lat' dir='ltr'>dotatur.</span> 
     </span>
    </p>
   </div>
   <div class='ocr_carea' id='block_1_33' title="bbox 2083 1803 3731 1878">
    <p class='ocr_par' dir='ltr' id='par_1_33' title="bbox 2083 1803 3731 1878">
     <span class='ocr_line' id='line_1_33' title="bbox 2083 1803 3731 1878; baseline 0.004 -21"><span class='ocrx_word' id='word_1_315' title='bbox 2083 1805 2188 1858; x_wconf 75' lang='lat' dir='ltr'>nia:</span> <span class='ocrx_word' id='word_1_316' title='bbox 2211 1803 2444 1860; x_wconf 88' lang='lat' dir='ltr'>titulum</span> <span class='ocrx_word' id='word_1_317' title='bbox 2479 1805 2699 1877; x_wconf 84' lang='lat' dir='ltr'>accepit</span> <span class='ocrx_word' id='word_1_318' title='bbox 2723 1804 3062 1878; x_wconf 78' lang='lat' dir='ltr'>curavitque</span> <span class='ocrx_word' id='word_1_319' title='bbox 3111 1810 3174 1860; x_wconf 93' lang='lat' dir='ltr'>ut</span> <span class='ocrx_word' id='word_1_320' title='bbox 3219 1805 3272 1862; x_wconf 90' lang='lat' dir='ltr'>ei</span> <span class='ocrx_word' id='word_1_321' title='bbox 3309 1805 3441 1862; x_wconf 87' lang='lat' dir='ltr'>urbi</span> <span class='ocrx_word' id='word_1_322' title='bbox 3485 1803 3731 1875; x_wconf 68' lang='lat' dir='ltr'>Bernar-</span> 
     </span>
    </p>
   </div>
   <div class='ocr_carea' id='block_1_34' title="bbox 2081 1893 3726 1967">
    <p class='ocr_par' dir='ltr' id='par_1_34' title="bbox 2081 1893 3726 1967">
     <span class='ocr_line' id='line_1_34' title="bbox 2081 1893 3726 1967; baseline 0.002 -19"><span class='ocrx_word' id='word_1_323' title='bbox 2081 1893 2191 1948; x_wconf 87' lang='lat' dir='ltr'>dus</span> <span class='ocrx_word' id='word_1_324' title='bbox 2224 1893 2546 1966; x_wconf 73' lang='lat' dir='ltr'>monachus</span> <span class='ocrx_word' id='word_1_325' title='bbox 2574 1893 2993 1962; x_wconf 87' lang='lat' dir='ltr'>Cluniacensis,</span> <span class='ocrx_word' id='word_1_326' title='bbox 3027 1895 3129 1967; x_wconf 92' lang='lat' dir='ltr'>qui</span> <span class='ocrx_word' id='word_1_327' title='bbox 3186 1897 3313 1951; x_wconf 88' lang='lat' dir='ltr'>tum</span> <span class='ocrx_word' id='word_1_328' title='bbox 3369 1895 3726 1952; x_wconf 78' lang='lat' dir='ltr'>monasterio</span> 
     </span>
    </p>
   </div>
   <div class='ocr_carea' id='block_1_35' title="bbox 2083 1981 3730 2058">
    <p class='ocr_par' dir='ltr' id='par_1_35' title="bbox 2083 1981 3730 2058">
     <span class='ocr_line' id='line_1_35' title="bbox 2083 1981 3730 2058; baseline 0.002 -22"><span class='ocrx_word' id='word_1_329' title='bbox 2083 1982 2276 2037; x_wconf 90' lang='lat' dir='ltr'>Sancti</span> <span class='ocrx_word' id='word_1_330' title='bbox 2304 1981 2556 2038; x_wconf 86' lang='lat' dir='ltr'>Facundi</span> <span class='ocrx_word' id='word_1_331' title='bbox 2595 1987 2856 2055; x_wconf 72' lang='lat' dir='ltr'>praeerat,</span> <span class='ocrx_word' id='word_1_332' title='bbox 2881 1983 3359 2058; x_wconf 88' lang='lat' dir='ltr'>archiepiscopus</span> <span class='ocrx_word' id='word_1_333' title='bbox 3406 1983 3730 2056; x_wconf 63' lang='lat' dir='ltr'>praeﬁcere-</span> 
     </span>
    </p>
   </div>
   <div class='ocr_carea' id='block_1_36' title="bbox 2086 2071 3732 2145">
    <p class='ocr_par' dir='ltr' id='par_1_36' title="bbox 2086 2071 3732 2145">
     <span class='ocr_line' id='line_1_36' title="bbox 2086 2071 3732 2145; baseline 0.004 -19"><span class='ocrx_word' id='word_1_334' title='bbox 2086 2076 2196 2126; x_wconf 89' lang='lat' dir='ltr'>tur.</span> <span class='ocrx_word' id='word_1_335' title='bbox 2213 2073 2397 2143; x_wconf 79' lang='lat' dir='ltr'>Atque</span> <span class='ocrx_word' id='word_1_336' title='bbox 2431 2089 2499 2126; x_wconf 89' lang='lat' dir='ltr'>ea</span> <span class='ocrx_word' id='word_1_337' title='bbox 2517 2071 2626 2127; x_wconf 90' lang='lat' dir='ltr'>fuit</span> <span class='ocrx_word' id='word_1_338' title='bbox 2661 2072 2886 2128; x_wconf 88' lang='lat' dir='ltr'>occasio</span> <span class='ocrx_word' id='word_1_339' title='bbox 2911 2073 3228 2130; x_wconf 84' lang='lat' dir='ltr'>renovandi</span> <span class='ocrx_word' id='word_1_340' title='bbox 3249 2073 3430 2145; x_wconf 90' lang='lat' dir='ltr'>hujus</span> <span class='ocrx_word' id='word_1_341' title='bbox 3461 2071 3732 2132; x_wconf 64' lang='lat' dir='ltr'>Ecclesia</span> 
     </span>
    </p>
   </div>
   <div class='ocr_carea' id='block_1_37' title="bbox 2083 2161 3736 2233">
    <p class='ocr_par' dir='ltr' id='par_1_37' title="bbox 2083 2161 3736 2233">
     <span class='ocr_line' id='line_1_37' title="bbox 2083 2161 3736 2233; baseline 0.002 -19"><span class='ocrx_word' id='word_1_342' title='bbox 2083 2161 2311 2228; x_wconf 78' lang='lat' dir='ltr'>antiqui</span> <span class='ocrx_word' id='word_1_343' title='bbox 2341 2161 2689 2232; x_wconf 87' lang='lat' dir='ltr'>splendoris,</span> <span class='ocrx_word' id='word_1_344' title='bbox 2713 2179 2888 2233; x_wconf 90' lang='lat' dir='ltr'>quem</span> <span class='ocrx_word' id='word_1_345' title='bbox 2913 2161 3194 2218; x_wconf 85' lang='lat' dir='ltr'>diuturna</span> <span class='ocrx_word' id='word_1_346' title='bbox 3223 2161 3610 2220; x_wconf 88' lang='lat' dir='ltr'>Barbarorum</span> <span class='ocrx_word' id='word_1_347' title='bbox 3635 2163 3736 2218; x_wconf 90' lang='lat' dir='ltr'>do-</span> 
     </span>
    </p>
   </div>
   <div class='ocr_carea' id='block_1_38' title="bbox 2085 2249 2794 2307">
    <p class='ocr_par' dir='ltr' id='par_1_38' title="bbox 2085 2249 2794 2307">
     <span class='ocr_line' id='line_1_38' title="bbox 2085 2249 2794 2307; baseline 0.001 -3"><span class='ocrx_word' id='word_1_348' title='bbox 2085 2249 2328 2305; x_wconf 89' lang='lat' dir='ltr'>minatio</span> <span class='ocrx_word' id='word_1_349' title='bbox 2361 2249 2794 2307; x_wconf 88' lang='lat' dir='ltr'>obscuravcrat.</span> 
     </span>
    </p>
   </div>
   <div class='ocr_carea' id='block_1_39' title="bbox 2152 2338 3729 2414">
    <p class='ocr_par' dir='ltr' id='par_1_39' title="bbox 2152 2338 3729 2414">
     <span class='ocr_line' id='line_1_39' title="bbox 2152 2338 3729 2414; baseline 0.001 -20"><span class='ocrx_word' id='word_1_350' title='bbox 2152 2338 2356 2394; x_wconf 87' lang='lat' dir='ltr'>Iriensi</span> <span class='ocrx_word' id='word_1_351' title='bbox 2410 2338 2696 2408; x_wconf 73' lang='lat' dir='ltr'>Ecclesize,</span> <span class='ocrx_word' id='word_1_352' title='bbox 2723 2339 2817 2394; x_wconf 91' lang='lat' dir='ltr'>cui</span> <span class='ocrx_word' id='word_1_353' title='bbox 2874 2343 3014 2396; x_wconf 90' lang='lat' dir='ltr'>tunc</span> <span class='ocrx_word' id='word_1_354' title='bbox 3045 2341 3283 2397; x_wconf 87' lang='lat' dir='ltr'>suberat</span> <span class='ocrx_word' id='word_1_355' title='bbox 3311 2340 3453 2396; x_wconf 91' lang='lat' dir='ltr'>urbs</span> <span class='ocrx_word' id='word_1_356' title='bbox 3483 2341 3729 2414; x_wconf 87' lang='lat' dir='ltr'>Compo-</span> 
     </span>
    </p>
   </div>
   <div class='ocr_carea' id='block_1_40' title="bbox 2083 2427 3728 2502">
    <p class='ocr_par' dir='ltr' id='par_1_40' title="bbox 2083 2427 3728 2502">
     <span class='ocr_line' id='line_1_40' title="bbox 2083 2427 3728 2502; baseline -0.001 -19"><span class='ocrx_word' id='word_1_357' title='bbox 2083 2427 2410 2498; x_wconf 87' lang='lat' dir='ltr'>stella,jam</span> <span class='ocrx_word' id='word_1_358' title='bbox 2433 2428 2505 2483; x_wconf 92' lang='lat' dir='ltr'>ab</span> <span class='ocrx_word' id='word_1_359' title='bbox 2530 2427 2752 2500; x_wconf 87' lang='lat' dir='ltr'>aliquot</span> <span class='ocrx_word' id='word_1_360' title='bbox 2774 2429 2943 2484; x_wconf 88' lang='lat' dir='ltr'>annis</span> <span class='ocrx_word' id='word_1_361' title='bbox 2970 2430 3303 2502; x_wconf 63' lang='lat' dir='ltr'>praefecerat</span> <span class='ocrx_word' id='word_1_362' title='bbox 3331 2447 3428 2485; x_wconf 78' lang='lat' dir='ltr'>rex</span> <span class='ocrx_word' id='word_1_363' title='bbox 3480 2429 3728 2488; x_wconf 83' lang='lat' dir='ltr'>Saucius</span> 
     </span>
    </p>
   </div>
   <div class='ocr_carea' id='block_1_41' title="bbox 2082 2517 3731 2591">
    <p class='ocr_par' dir='ltr' id='par_1_41' title="bbox 2082 2517 3731 2591">
     <span class='ocr_line' id='line_1_41' title="bbox 2082 2517 3731 2591; baseline 0 -19"><span class='ocrx_word' id='word_1_364' title='bbox 2082 2517 2390 2582; x_wconf 88' lang='lat' dir='ltr'>Didacum,</span> <span class='ocrx_word' id='word_1_365' title='bbox 2425 2517 2612 2572; x_wconf 85' lang='lat' dir='ltr'>virum</span> <span class='ocrx_word' id='word_1_366' title='bbox 2673 2517 2830 2573; x_wconf 88' lang='lat' dir='ltr'>haud</span> <span class='ocrx_word' id='word_1_367' title='bbox 2888 2518 3226 2591; x_wconf 89' lang='lat' dir='ltr'>ignobilem,</span> <span class='ocrx_word' id='word_1_368' title='bbox 3262 2519 3363 2575; x_wconf 89' lang='lat' dir='ltr'>sed</span> <span class='ocrx_word' id='word_1_369' title='bbox 3397 2517 3518 2591; x_wconf 90' lang='lat' dir='ltr'>qui,</span> <span class='ocrx_word' id='word_1_370' title='bbox 3554 2523 3618 2574; x_wconf 89' lang='lat' dir='ltr'>ut</span> <span class='ocrx_word' id='word_1_371' title='bbox 3648 2517 3731 2579; x_wconf 85' lang='lat' dir='ltr'>ait</span> 
     </span>
    </p>
   </div>
   <div class='ocr_carea' id='block_1_42' title="bbox 2082 2604 3728 2680">
    <p class='ocr_par' dir='ltr' id='par_1_42' title="bbox 2082 2604 3728 2680">
     <span class='ocr_line' id='line_1_42' title="bbox 2082 2604 3728 2680; baseline 0.002 -20"><span class='ocrx_word' id='word_1_372' title='bbox 2082 2609 2284 2661; x_wconf 88' lang='lat' dir='ltr'>auctor</span> <span class='ocrx_word' id='word_1_373' title='bbox 2303 2604 2566 2661; x_wconf 74' lang='lat' dir='ltr'>Historiae</span> <span class='ocrx_word' id='word_1_374' title='bbox 2589 2606 3092 2680; x_wconf 82' lang='lat' dir='ltr'>Compostellauae,</span> <span class='ocrx_word' id='word_1_375' title='bbox 3119 2609 3262 2666; x_wconf 91' lang='lat' dir='ltr'>adeo</span> <span class='ocrx_word' id='word_1_376' title='bbox 3292 2607 3546 2666; x_wconf 81' lang='lat' dir='ltr'>externis</span> <span class='ocrx_word' id='word_1_377' title='bbox 3571 2608 3728 2664; x_wconf 89' lang='lat' dir='ltr'>curis</span> 
     </span>
    </p>
   </div>
   <div class='ocr_carea' id='block_1_43' title="bbox 2082 2693 3728 2766">
    <p class='ocr_par' dir='ltr' id='par_1_43' title="bbox 2082 2693 3728 2766">
     <span class='ocr_line' id='line_1_43' title="bbox 2082 2693 3728 2766; baseline 0.003 -19"><span class='ocrx_word' id='word_1_378' title='bbox 2082 2693 2406 2766; x_wconf 87' lang='lat' dir='ltr'>implicitus</span> <span class='ocrx_word' id='word_1_379' title='bbox 2428 2697 2568 2764; x_wconf 89' lang='lat' dir='ltr'>erat,</span> <span class='ocrx_word' id='word_1_380' title='bbox 2590 2697 2654 2749; x_wconf 93' lang='lat' dir='ltr'>ut</span> <span class='ocrx_word' id='word_1_381' title='bbox 2676 2693 2952 2750; x_wconf 89' lang='lat' dir='ltr'>interiora</span> <span class='ocrx_word' id='word_1_382' title='bbox 2975 2713 3089 2751; x_wconf 89' lang='lat' dir='ltr'>non</span> <span class='ocrx_word' id='word_1_383' title='bbox 3114 2696 3256 2752; x_wconf 87' lang='lat' dir='ltr'>satis</span> <span class='ocrx_word' id='word_1_384' title='bbox 3279 2700 3526 2752; x_wconf 85' lang='lat' dir='ltr'>curaret.</span> <span class='ocrx_word' id='word_1_385' title='bbox 3561 2695 3728 2752; x_wconf 86' lang='lat' dir='ltr'>Hunc</span> 
     </span>
    </p>
   </div>
   <div class='ocr_carea' id='block_1_44' title="bbox 2084 2782 3727 2854">
    <p class='ocr_par' dir='ltr' id='par_1_44' title="bbox 2084 2782 3727 2854">
     <span class='ocr_line' id='line_1_44' title="bbox 2084 2782 3727 2854; baseline 0.002 -18"><span class='ocrx_word' id='word_1_386' title='bbox 2084 2783 2276 2838; x_wconf 91' lang='lat' dir='ltr'>nescio</span> <span class='ocrx_word' id='word_1_387' title='bbox 2299 2799 2413 2854; x_wconf 90' lang='lat' dir='ltr'>quo</span> <span class='ocrx_word' id='word_1_388' title='bbox 2437 2800 2574 2838; x_wconf 87' lang='lat' dir='ltr'>casu</span> <span class='ocrx_word' id='word_1_389' title='bbox 2599 2789 2930 2839; x_wconf 88' lang='lat' dir='ltr'>commotus</span> <span class='ocrx_word' id='word_1_390' title='bbox 2950 2783 3229 2840; x_wconf 80' lang='lat' dir='ltr'>Alfonsus</span> <span class='ocrx_word' id='word_1_391' title='bbox 3251 2785 3306 2839; x_wconf 92' lang='lat' dir='ltr'>in</span> <span class='ocrx_word' id='word_1_392' title='bbox 3330 2782 3564 2839; x_wconf 90' lang='lat' dir='ltr'>vincula</span> <span class='ocrx_word' id='word_1_393' title='bbox 3593 2800 3727 2842; x_wconf 85' lang='lat' dir='ltr'>con-</span> 
     </span>
    </p>
   </div>
   <div class='ocr_carea' id='block_1_45' title="bbox 2080 2871 3722 2946">
    <p class='ocr_par' dir='ltr' id='par_1_45' title="bbox 2080 2871 3722 2946">
     <span class='ocr_line' id='line_1_45' title="bbox 2080 2871 3722 2946; baseline 0.004 -22"><span class='ocrx_word' id='word_1_394' title='bbox 2080 2872 2238 2943; x_wconf 74' lang='lat' dir='ltr'>iecit,</span> <span class='ocrx_word' id='word_1_395' title='bbox 2271 2872 2425 2926; x_wconf 91' lang='lat' dir='ltr'>unde</span> <span class='ocrx_word' id='word_1_396' title='bbox 2451 2889 2662 2945; x_wconf 86' lang='lat' dir='ltr'>magna</span> <span class='ocrx_word' id='word_1_397' title='bbox 2693 2873 3092 2940; x_wconf 87' lang='lat' dir='ltr'>tumultuatio,</span> <span class='ocrx_word' id='word_1_398' title='bbox 3125 2874 3309 2929; x_wconf 69' lang='lat' dir='ltr'>turbae</span> <span class='ocrx_word' id='word_1_399' title='bbox 3352 2873 3620 2946; x_wconf 89' lang='lat' dir='ltr'>ingentes</span> <span class='ocrx_word' id='word_1_400' title='bbox 3659 2871 3722 2930; x_wconf 89' lang='lat' dir='ltr'>in</span> 
     </span>
    </p>
   </div>
   <div class='ocr_carea' id='block_1_46' title="bbox 2080 2956 3721 3034">
    <p class='ocr_par' dir='ltr' id='par_1_46' title="bbox 2080 2956 3721 3034">
     <span class='ocr_line' id='line_1_46' title="bbox 2080 2956 3721 3034; baseline 0.001 -18"><span class='ocrx_word' id='word_1_401' title='bbox 2080 2961 2188 3016; x_wconf 89' lang='lat' dir='ltr'>hac</span> <span class='ocrx_word' id='word_1_402' title='bbox 2212 2959 2463 3016; x_wconf 86' lang='lat' dir='ltr'>Ecclesia</span> <span class='ocrx_word' id='word_1_403' title='bbox 2501 2961 2820 3016; x_wconf 73' lang='lat' dir='ltr'>concitatze.</span> <span class='ocrx_word' id='word_1_404' title='bbox 2846 2962 2989 3017; x_wconf 87' lang='lat' dir='ltr'>Cum</span> <span class='ocrx_word' id='word_1_405' title='bbox 3024 2963 3221 3034; x_wconf 86' lang='lat' dir='ltr'>itaque</span> <span class='ocrx_word' id='word_1_406' title='bbox 3252 2963 3450 3018; x_wconf 87' lang='lat' dir='ltr'>omnia</span> <span class='ocrx_word' id='word_1_407' title='bbox 3480 2956 3721 3034; x_wconf 84' lang='lat' dir='ltr'>pessum</span> 
     </span>
    </p>
   </div>
   <div class='ocr_carea' id='block_1_47' title="bbox 2079 3048 3718 3123">
    <p class='ocr_par' dir='ltr' id='par_1_47' title="bbox 2079 3048 3718 3123">
     <span class='ocr_line' id='line_1_47' title="bbox 2079 3048 3718 3123; baseline 0.001 -19"><span class='ocrx_word' id='word_1_408' title='bbox 2079 3049 2247 3118; x_wconf 86' lang='lat' dir='ltr'>irent,</span> <span class='ocrx_word' id='word_1_409' title='bbox 2298 3066 2402 3104; x_wconf 88' lang='lat' dir='ltr'>nec</span> <span class='ocrx_word' id='word_1_410' title='bbox 2449 3048 2835 3106; x_wconf 60' lang='lat' dir='ltr'>celeberrimis</span> <span class='ocrx_word' id='word_1_411' title='bbox 2893 3051 3182 3118; x_wconf 67' lang='lat' dir='ltr'>Ecclesiae,</span> <span class='ocrx_word' id='word_1_412' title='bbox 3216 3068 3342 3122; x_wconf 67' lang='lat' dir='ltr'>qua!</span> <span class='ocrx_word' id='word_1_413' title='bbox 3393 3052 3520 3123; x_wconf 85' lang='lat' dir='ltr'>jam</span> <span class='ocrx_word' id='word_1_414' title='bbox 3577 3055 3718 3106; x_wconf 88' lang='lat' dir='ltr'>tunc</span> 
     </span>
    </p>
   </div>
   <div class='ocr_carea' id='block_1_48' title="bbox 2077 3137 3721 3213">
    <p class='ocr_par' dir='ltr' id='par_1_48' title="bbox 2077 3137 3721 3213">
     <span class='ocr_line' id='line_1_48' title="bbox 2077 3137 3721 3213; baseline 0 -19"><span class='ocrx_word' id='word_1_415' title='bbox 2077 3139 2228 3194; x_wconf 87' lang='lat' dir='ltr'>beati</span> <span class='ocrx_word' id='word_1_416' title='bbox 2259 3137 2461 3196; x_wconf 85' lang='lat' dir='ltr'>Jacobi</span> <span class='ocrx_word' id='word_1_417' title='bbox 2495 3137 2876 3211; x_wconf 88' lang='lat' dir='ltr'>reliquiarum</span> <span class='ocrx_word' id='word_1_418' title='bbox 2927 3139 3296 3212; x_wconf 87' lang='lat' dir='ltr'>possessione</span> <span class='ocrx_word' id='word_1_419' title='bbox 3333 3138 3721 3213; x_wconf 74' lang='lat' dir='ltr'>gloriabatur,</span> 
     </span>
    </p>
   </div>
   <div class='ocr_carea' id='block_1_49' title="bbox 2077 3227 3723 3302">
    <p class='ocr_par' dir='ltr' id='par_1_49' title="bbox 2077 3227 3723 3302">
     <span class='ocr_line' id='line_1_49' title="bbox 2077 3227 3723 3302; baseline 0.001 -20"><span class='ocrx_word' id='word_1_420' title='bbox 2077 3227 2300 3283; x_wconf 86' lang='lat' dir='ltr'>cladem</span> <span class='ocrx_word' id='word_1_421' title='bbox 2331 3244 2496 3300; x_wconf 71' lang='lat' dir='ltr'>aequo</span> <span class='ocrx_word' id='word_1_422' title='bbox 2551 3228 2746 3284; x_wconf 88' lang='lat' dir='ltr'>animo</span> <span class='ocrx_word' id='word_1_423' title='bbox 2780 3229 2925 3284; x_wconf 87' lang='lat' dir='ltr'>ferre</span> <span class='ocrx_word' id='word_1_424' title='bbox 2982 3228 3240 3286; x_wconf 83' lang='lat' dir='ltr'>valerent</span> <span class='ocrx_word' id='word_1_425' title='bbox 3270 3229 3376 3284; x_wconf 90' lang='lat' dir='ltr'>viri</span> <span class='ocrx_word' id='word_1_426' title='bbox 3407 3229 3593 3302; x_wconf 90' lang='lat' dir='ltr'>probi,</span> <span class='ocrx_word' id='word_1_427' title='bbox 3625 3227 3723 3283; x_wconf 78' lang='lat' dir='ltr'>AI-</span> 
     </span>
    </p>
   </div>
   <div class='ocr_carea' id='block_1_50' title="bbox 401 3299 3723 3424">
    <p class='ocr_par' dir='ltr' id='par_1_50' title="bbox 401 3299 3723 3424">
     <span class='ocr_line' id='line_1_50' title="bbox 401 3299 3723 3424; baseline -0.004 -21"><span class='ocrx_word' id='word_1_428' title='bbox 401 3325 517 3403; x_wconf 78' lang='lat' dir='ltr'>lloe</span> <span class='ocrx_word' id='word_1_429' title='bbox 547 3345 674 3424; x_wconf 83' lang='lat' dir='ltr'>ipso</span> <span class='ocrx_word' id='word_1_430' title='bbox 700 3357 851 3397; x_wconf 89' lang='lat' dir='ltr'>anno</span> <span class='ocrx_word' id='word_1_431' title='bbox 872 3336 1174 3396; x_wconf 88' lang='lat' dir='ltr'>ecclesiam</span> <span class='ocrx_word' id='word_1_432' title='bbox 1197 3333 1558 3407; x_wconf 86' lang='lat' dir='ltr'>collegiatam</span> <span class='ocrx_word' id='word_1_433' title='bbox 1581 3334 1800 3388; x_wconf 77' lang='lat' dir='ltr'>Sanctae</span> <span class='ocrx_word' id='word_1_434' title='bbox 1825 3333 1966 3404; x_wconf 84' lang='lat' dir='ltr'>Aga-</span> <span class='ocrx_word' id='word_1_435' title='bbox 1998 3299 2044 3367; x_wconf 60' lang='grc' dir='ltr'><strong>δ</strong></span> <span class='ocrx_word' id='word_1_436' title='bbox 2082 3317 2286 3372; x_wconf 62' lang='grc' dir='ltr'>ῖοηδυε</span> <span class='ocrx_word' id='word_1_437' title='bbox 2309 3320 2374 3416; x_wconf 45' lang='lat' dir='ltr'>UP</span> <span class='ocrx_word' id='word_1_438' title='bbox 2404 3316 2606 3424; x_wconf 40' lang='lat' dir='ltr'>huic?</span> <span class='ocrx_word' id='word_1_439' title='bbox 2627 3334 2686 3416; x_wconf 66' lang='grc' dir='ltr'>ε»ξέ</span> <span class='ocrx_word' id='word_1_440' title='bbox 2710 3317 2988 3424; x_wconf 40' lang='lat' dir='ltr'>iniurium.</span> <span class='ocrx_word' id='word_1_441' title='bbox 3019 3318 3378 3424; x_wconf 57' lang='grc' dir='ltr'>εξωοξίΐθίυνν</span> <span class='ocrx_word' id='word_1_442' title='bbox 3402 3317 3583 3424; x_wconf 52' lang='lat' dir='ltr'>nullm</span> <span class='ocrx_word' id='word_1_443' title='bbox 3601 3317 3723 3424; x_wconf 62' lang='grc' dir='ltr'>θΡξ·</span> 
     </span>
    </p>
   </div>
   <div class='ocr_carea' id='block_1_51' title="bbox 328 3421 1972 3507">
    <p class='ocr_par' dir='ltr' id='par_1_51' title="bbox 328 3421 1972 3507">
     <span class='ocr_line' id='line_1_51' title="bbox 328 3421 1972 3507; baseline -0.011 -15"><span class='ocrx_word' id='word_1_444' title='bbox 328 3437 442 3492; x_wconf 56' lang='lat' dir='ltr'>that</span> <span class='ocrx_word' id='word_1_445' title='bbox 465 3421 619 3507; x_wconf 87' lang='lat' dir='ltr'>apud</span> <span class='ocrx_word' id='word_1_446' title='bbox 646 3432 1012 3492; x_wconf 85' lang='lat' dir='ltr'>Cremonam,</span> <span class='ocrx_word' id='word_1_447' title='bbox 1046 3442 1222 3498; x_wconf 88' lang='lat' dir='ltr'>quam</span> <span class='ocrx_word' id='word_1_448' title='bbox 1260 3422 1570 3495; x_wconf 82' lang='lat' dir='ltr'>Gregorius</span> <span class='ocrx_word' id='word_1_449' title='bbox 1602 3421 1701 3476; x_wconf 77' lang='lat' dir='ltr'>Vll</span> <span class='ocrx_word' id='word_1_450' title='bbox 1734 3421 1972 3492; x_wconf 89' lang='lat' dir='ltr'>amplia-</span> 
     </span>
    </p>
   </div>
   <div class='ocr_carea' id='block_1_52' title="bbox 329 3508 1970 3593">
    <p class='ocr_par' dir='ltr' id='par_1_52' title="bbox 329 3508 1970 3593">
     <span class='ocr_line' id='line_1_52' title="bbox 329 3508 1970 3593; baseline -0.009 -13"><span class='ocrx_word' id='word_1_451' title='bbox 329 3528 508 3593; x_wconf 85' lang='lat' dir='ltr'>verat,</span> <span class='ocrx_word' id='word_1_452' title='bbox 542 3521 813 3576; x_wconf 90' lang='lat' dir='ltr'>Urbanus</span> <span class='ocrx_word' id='word_1_453' title='bbox 871 3511 1429 3582; x_wconf 84' lang='lat' dir='ltr'>dotavit,attributis</span> <span class='ocrx_word' id='word_1_454' title='bbox 1486 3511 1536 3567; x_wconf 91' lang='lat' dir='ltr'>ei</span> <span class='ocrx_word' id='word_1_455' title='bbox 1595 3508 1970 3567; x_wconf 89' lang='lat' dir='ltr'>ecclesiarum</span> 
     </span>
    </p>
   </div>
   <div class='ocr_carea' id='block_1_53' title="bbox 330 3599 1970 3674">
    <p class='ocr_par' dir='ltr' id='par_1_53' title="bbox 330 3599 1970 3674">
     <span class='ocr_line' id='line_1_53' title="bbox 330 3599 1970 3674; baseline -0.01 -3"><span class='ocrx_word' id='word_1_456' title='bbox 330 3612 522 3670; x_wconf 86' lang='lat' dir='ltr'>Sancti</span> <span class='ocrx_word' id='word_1_457' title='bbox 552 3608 762 3665; x_wconf 89' lang='lat' dir='ltr'>Valerii</span> <span class='ocrx_word' id='word_1_458' title='bbox 793 3611 851 3662; x_wconf 86' lang='lat' dir='ltr'>et</span> <span class='ocrx_word' id='word_1_459' title='bbox 880 3603 1076 3662; x_wconf 87' lang='lat' dir='ltr'>Sancti</span> <span class='ocrx_word' id='word_1_460' title='bbox 1125 3599 1547 3674; x_wconf 89' lang='lat' dir='ltr'>Cbristophori,</span> <span class='ocrx_word' id='word_1_461' title='bbox 1583 3615 1760 3672; x_wconf 87' lang='lat' dir='ltr'>prope</span> <span class='ocrx_word' id='word_1_462' title='bbox 1813 3616 1970 3656; x_wconf 90' lang='lat' dir='ltr'>eam-</span> 
     </span>
    </p>
   </div>
   <div class='ocr_carea' id='block_1_54' title="bbox 332 3688 1972 3761">
    <p class='ocr_par' dir='ltr' id='par_1_54' title="bbox 332 3688 1972 3761">
     <span class='ocr_line' id='line_1_54' title="bbox 332 3688 1972 3761; baseline -0.01 0"><span class='ocrx_word' id='word_1_463' title='bbox 332 3705 466 3760; x_wconf 90' lang='lat' dir='ltr'>dem</span> <span class='ocrx_word' id='word_1_464' title='bbox 523 3701 729 3756; x_wconf 90' lang='lat' dir='ltr'>urbem</span> <span class='ocrx_word' id='word_1_465' title='bbox 788 3697 1058 3761; x_wconf 75' lang='lat' dir='ltr'>sitarum,</span> <span class='ocrx_word' id='word_1_466' title='bbox 1093 3691 1397 3758; x_wconf 89' lang='lat' dir='ltr'>reditibus,</span> <span class='ocrx_word' id='word_1_467' title='bbox 1433 3693 1497 3746; x_wconf 93' lang='lat' dir='ltr'>ut</span> <span class='ocrx_word' id='word_1_468' title='bbox 1525 3689 1700 3746; x_wconf 82' lang='lat' dir='ltr'>refert</span> <span class='ocrx_word' id='word_1_469' title='bbox 1755 3688 1972 3760; x_wconf 85' lang='lat' dir='ltr'>Joseph</span> 
     </span>
    </p>
   </div>
   <div class='ocr_carea' id='block_1_55' title="bbox 331 3778 1972 3849">
    <p class='ocr_par' dir='ltr' id='par_1_55' title="bbox 331 3778 1972 3849">
     <span class='ocr_line' id='line_1_55' title="bbox 331 3778 1972 3849; baseline -0.011 0"><span class='ocrx_word' id='word_1_470' title='bbox 331 3794 688 3849; x_wconf 89' lang='lat' dir='ltr'>Bresceanus</span> <span class='ocrx_word' id='word_1_471' title='bbox 716 3787 776 3842; x_wconf 92' lang='lat' dir='ltr'>in</span> <span class='ocrx_word' id='word_1_472' title='bbox 808 3783 1089 3841; x_wconf 88' lang='lat' dir='ltr'>Chronico</span> <span class='ocrx_word' id='word_1_473' title='bbox 1118 3778 1494 3837; x_wconf 86' lang='lat' dir='ltr'>Cremonensi</span> <span class='ocrx_word' id='word_1_474' title='bbox 1526 3794 1634 3833; x_wconf 89' lang='lat' dir='ltr'>ms.</span> <span class='ocrx_word' id='word_1_475' title='bbox 1670 3778 1821 3849; x_wconf 93' lang='lat' dir='ltr'>quod</span> <span class='ocrx_word' id='word_1_476' title='bbox 1859 3795 1972 3849; x_wconf 68' lang='lat' dir='ltr'>prae</span> 
     </span>
    </p>
   </div>
   <div class='ocr_carea' id='block_1_56' title="bbox 331 3866 1972 3939">
    <p class='ocr_par' dir='ltr' id='par_1_56' title="bbox 331 3866 1972 3939">
     <span class='ocr_line' id='line_1_56' title="bbox 331 3866 1972 3939; baseline -0.013 1"><span class='ocrx_word' id='word_1_477' title='bbox 331 3880 604 3939; x_wconf 88' lang='lat' dir='ltr'>manibus</span> <span class='ocrx_word' id='word_1_478' title='bbox 634 3876 942 3932; x_wconf 89' lang='lat' dir='ltr'>habemus.</span> <span class='ocrx_word' id='word_1_479' title='bbox 969 3869 1216 3927; x_wconf 90' lang='lat' dir='ltr'>Clericos</span> <span class='ocrx_word' id='word_1_480' title='bbox 1249 3867 1556 3924; x_wconf 72' lang='lat' dir='ltr'>smculares</span> <span class='ocrx_word' id='word_1_481' title='bbox 1587 3866 1768 3937; x_wconf 89' lang='lat' dir='ltr'>hujus</span> <span class='ocrx_word' id='word_1_482' title='bbox 1817 3866 1972 3922; x_wconf 89' lang='lat' dir='ltr'>basi-</span> 
     </span>
    </p>
   </div>
   <div class='ocr_carea' id='block_1_57' title="bbox 334 3955 1972 4038">
    <p class='ocr_par' dir='ltr' id='par_1_57' title="bbox 334 3955 1972 4038">
     <span class='ocr_line' id='line_1_57' title="bbox 334 3955 1972 4038; baseline -0.01 -12"><span class='ocrx_word' id='word_1_483' title='bbox 334 3971 455 4026; x_wconf 69' lang='lat' dir='ltr'>licae</span> <span class='ocrx_word' id='word_1_484' title='bbox 487 3969 544 4023; x_wconf 90' lang='lat' dir='ltr'>in</span> <span class='ocrx_word' id='word_1_485' title='bbox 578 3961 877 4038; x_wconf 86' lang='lat' dir='ltr'>regulares</span> <span class='ocrx_word' id='word_1_486' title='bbox 910 3958 1220 4015; x_wconf 89' lang='lat' dir='ltr'>canonicos</span> <span class='ocrx_word' id='word_1_487' title='bbox 1279 3959 1541 4011; x_wconf 87' lang='lat' dir='ltr'>mutasse</span> <span class='ocrx_word' id='word_1_488' title='bbox 1569 3955 1723 4010; x_wconf 89' lang='lat' dir='ltr'>circa</span> <span class='ocrx_word' id='word_1_489' title='bbox 1753 3971 1972 4010; x_wconf 86' lang='lat' dir='ltr'>annum</span> 
     </span>
    </p>
   </div>
   <div class='ocr_carea' id='block_1_58' title="bbox 340 4042 1974 4126">
    <p class='ocr_par' dir='ltr' id='par_1_58' title="bbox 340 4042 1974 4126">
     <span class='ocr_line' id='line_1_58' title="bbox 340 4042 1974 4126; baseline -0.012 -9"><span class='ocrx_word' id='word_1_490' title='bbox 340 4053 724 4126; x_wconf 73' lang='lat' dir='ltr'>1090,dieitur</span> <span class='ocrx_word' id='word_1_491' title='bbox 747 4051 904 4106; x_wconf 90' lang='lat' dir='ltr'>idem</span> <span class='ocrx_word' id='word_1_492' title='bbox 947 4047 1204 4122; x_wconf 81' lang='lat' dir='ltr'>pontifex</span> <span class='ocrx_word' id='word_1_493' title='bbox 1233 4045 1388 4118; x_wconf 89' lang='lat' dir='ltr'>apud</span> <span class='ocrx_word' id='word_1_494' title='bbox 1415 4042 1724 4109; x_wconf 86' lang='lat' dir='ltr'>Merulam,</span> <span class='ocrx_word' id='word_1_495' title='bbox 1757 4043 1857 4101; x_wconf 91' lang='lat' dir='ltr'>sed</span> <span class='ocrx_word' id='word_1_496' title='bbox 1890 4043 1974 4098; x_wconf 87' lang='lat' dir='ltr'>illi</span> 
     </span>
    </p>
   </div>
   <div class='ocr_carea' id='block_1_59' title="bbox 331 4126 1976 4224">
    <p class='ocr_par' dir='ltr' id='par_1_59' title="bbox 331 4126 1976 4224">
     <span class='ocr_line' id='line_1_59' title="bbox 331 4126 1976 4224; baseline -0.013 -19"><span class='ocrx_word' id='word_1_497' title='bbox 331 4127 624 4224; x_wconf 72' lang='lat' dir='ltr'>posteaad</span> <span class='ocrx_word' id='word_1_498' title='bbox 653 4126 995 4198; x_wconf 73' lang='lat' dir='ltr'>saecularem</span> <span class='ocrx_word' id='word_1_499' title='bbox 1033 4139 1250 4224; x_wconf 88' lang='lat' dir='ltr'>statum</span> <span class='ocrx_word' id='word_1_500' title='bbox 1283 4133 1523 4224; x_wconf 75' lang='lat' dir='ltr'>rediere.</span> <span class='ocrx_word' id='word_1_501' title='bbox 1557 4131 1727 4188; x_wconf 84' lang='lat' dir='ltr'>Aliud</span> <span class='ocrx_word' id='word_1_502' title='bbox 1751 4129 1976 4224; x_wconf 79' lang='lat' dir='ltr'>privile-</span> 
     </span>
    </p>
   </div>
   <div class='ocr_carea' id='block_1_60' title="bbox 333 4219 1974 4311">
    <p class='ocr_par' dir='ltr' id='par_1_60' title="bbox 333 4219 1974 4311">
     <span class='ocr_line' id='line_1_60' title="bbox 333 4219 1974 4311; baseline -0.013 -17"><span class='ocrx_word' id='word_1_503' title='bbox 333 4219 496 4311; x_wconf 79' lang='lat' dir='ltr'>gium</span> <span class='ocrx_word' id='word_1_504' title='bbox 518 4235 625 4290; x_wconf 90' lang='lat' dir='ltr'>hoc</span> <span class='ocrx_word' id='word_1_505' title='bbox 647 4231 821 4288; x_wconf 88' lang='lat' dir='ltr'>etiam</span> <span class='ocrx_word' id='word_1_506' title='bbox 845 4244 997 4284; x_wconf 90' lang='lat' dir='ltr'>anno</span> <span class='ocrx_word' id='word_1_507' title='bbox 1026 4223 1272 4280; x_wconf 89' lang='lat' dir='ltr'>indulsit</span> <span class='ocrx_word' id='word_1_508' title='bbox 1313 4223 1582 4311; x_wconf 85' lang='lat' dir='ltr'>Urbanus</span> <span class='ocrx_word' id='word_1_509' title='bbox 1617 4219 1974 4311; x_wconf 75' lang='lat' dir='ltr'>monasterio</span> 
     </span>
    </p>
   </div>
   <div class='ocr_carea' id='block_1_61' title="bbox 330 4306 1971 4383">
    <p class='ocr_par' dir='ltr' id='par_1_61' title="bbox 330 4306 1971 4383">
     <span class='ocr_line' id='line_1_61' title="bbox 330 4306 1971 4383; baseline -0.012 0"><span class='ocrx_word' id='word_1_510' title='bbox 330 4306 550 4382; x_wconf 68' lang='lat' dir='ltr'>Sanctae</span> <span class='ocrx_word' id='word_1_511' title='bbox 609 4317 809 4376; x_wconf 90' lang='lat' dir='ltr'>Crucis</span> <span class='ocrx_word' id='word_1_512' title='bbox 871 4313 1146 4383; x_wconf 87' lang='lat' dir='ltr'>Saxivivi,</span> <span class='ocrx_word' id='word_1_513' title='bbox 1179 4312 1239 4368; x_wconf 91' lang='lat' dir='ltr'>in</span> <span class='ocrx_word' id='word_1_514' title='bbox 1294 4309 1584 4368; x_wconf 90' lang='lat' dir='ltr'>territorio</span> <span class='ocrx_word' id='word_1_515' title='bbox 1615 4306 1971 4381; x_wconf 87' lang='lat' dir='ltr'>Fulginensi,</span> 
     </span>
    </p>
   </div>
   <div class='ocr_carea' id='block_1_62' title="bbox 333 4395 1975 4488">
    <p class='ocr_par' dir='ltr' id='par_1_62' title="bbox 333 4395 1975 4488">
     <span class='ocr_line' id='line_1_62' title="bbox 333 4395 1975 4488; baseline -0.012 -16"><span class='ocrx_word' id='word_1_516' title='bbox 333 4395 489 4488; x_wconf 83' lang='lat' dir='ltr'>quod</span> <span class='ocrx_word' id='word_1_517' title='bbox 509 4408 808 4468; x_wconf 86' lang='lat' dir='ltr'>Mainardo</span> <span class='ocrx_word' id='word_1_518' title='bbox 840 4407 968 4478; x_wconf 91' lang='lat' dir='ltr'>ejus</span> <span class='ocrx_word' id='word_1_519' title='bbox 993 4403 1216 4460; x_wconf 88' lang='lat' dir='ltr'>auctori</span> <span class='ocrx_word' id='word_1_520' title='bbox 1247 4405 1304 4458; x_wconf 89' lang='lat' dir='ltr'>et</span> <span class='ocrx_word' id='word_1_521' title='bbox 1335 4399 1524 4472; x_wconf 90' lang='lat' dir='ltr'>primo</span> <span class='ocrx_word' id='word_1_522' title='bbox 1544 4397 1975 4488; x_wconf 82' lang='lat' dir='ltr'>abbatiinscri-</span> 
     </span>
    </p>
   </div>
   <div class='ocr_carea' id='block_1_63' title="bbox 333 4485 1977 4578">
    <p class='ocr_par' dir='ltr' id='par_1_63' title="bbox 333 4485 1977 4578">
     <span class='ocr_line' id='line_1_63' title="bbox 333 4485 1977 4578; baseline -0.012 -17"><span class='ocrx_word' id='word_1_523' title='bbox 333 4485 499 4578; x_wconf 81' lang='lat' dir='ltr'>ptum</span> <span class='ocrx_word' id='word_1_524' title='bbox 531 4501 746 4557; x_wconf 91' lang='lat' dir='ltr'>dicitur</span> <span class='ocrx_word' id='word_1_525' title='bbox 775 4497 834 4551; x_wconf 91' lang='lat' dir='ltr'>in</span> <span class='ocrx_word' id='word_1_526' title='bbox 867 4495 1131 4566; x_wconf 89' lang='lat' dir='ltr'>ejusdem</span> <span class='ocrx_word' id='word_1_527' title='bbox 1158 4491 1268 4548; x_wconf 75' lang='lat' dir='ltr'>loci</span> <span class='ocrx_word' id='word_1_528' title='bbox 1329 4487 1610 4578; x_wconf 86' lang='lat' dir='ltr'>Chronico</span> <span class='ocrx_word' id='word_1_529' title='bbox 1659 4485 1977 4578; x_wconf 61' lang='lat' dir='ltr'>italico._At</span> 
     </span>
    </p>
   </div>
   <div class='ocr_carea' id='block_1_64' title="bbox 331 4574 1976 4668">
    <p class='ocr_par' dir='ltr' id='par_1_64' title="bbox 331 4574 1976 4668">
     <span class='ocr_line' id='line_1_64' title="bbox 331 4574 1976 4668; baseline -0.013 -16"><span class='ocrx_word' id='word_1_530' title='bbox 331 4574 463 4668; x_wconf 73' lang='lat' dir='ltr'>ejus</span> <span class='ocrx_word' id='word_1_531' title='bbox 491 4587 785 4660; x_wconf 80' lang='lat' dir='ltr'>exemplar</span> <span class='ocrx_word' id='word_1_532' title='bbox 813 4585 1024 4640; x_wconf 84' lang='lat' dir='ltr'>habere</span> <span class='ocrx_word' id='word_1_533' title='bbox 1055 4599 1170 4638; x_wconf 88' lang='lat' dir='ltr'>non</span> <span class='ocrx_word' id='word_1_534' title='bbox 1211 4579 1398 4646; x_wconf 86' lang='lat' dir='ltr'>licuit,</span> <span class='ocrx_word' id='word_1_535' title='bbox 1423 4577 1575 4633; x_wconf 89' lang='lat' dir='ltr'>sicut</span> <span class='ocrx_word' id='word_1_536' title='bbox 1605 4593 1706 4632; x_wconf 90' lang='lat' dir='ltr'>nec</span> <span class='ocrx_word' id='word_1_537' title='bbox 1737 4574 1976 4631; x_wconf 85' lang='lat' dir='ltr'>alterius</span> 
     </span>
    </p>
   </div>
   <div class='ocr_carea' id='block_1_65' title="bbox 2081 3404 3720 3478">
    <p class='ocr_par' dir='ltr' id='par_1_65' title="bbox 2081 3404 3720 3478">
     <span class='ocr_line' id='line_1_65' title="bbox 2081 3404 3720 3478; baseline 0.001 -18"><span class='ocrx_word' id='word_1_538' title='bbox 2081 3422 2321 3478; x_wconf 90' lang='lat' dir='ltr'>scopum</span> <span class='ocrx_word' id='word_1_539' title='bbox 2355 3404 2412 3460; x_wconf 90' lang='lat' dir='ltr'>in</span> <span class='ocrx_word' id='word_1_540' title='bbox 2476 3405 2668 3460; x_wconf 88' lang='lat' dir='ltr'>Didaci</span> <span class='ocrx_word' id='word_1_541' title='bbox 2723 3405 2916 3462; x_wconf 89' lang='lat' dir='ltr'>locum</span> <span class='ocrx_word' id='word_1_542' title='bbox 2975 3407 3273 3462; x_wconf 89' lang='lat' dir='ltr'>intrudere</span> <span class='ocrx_word' id='word_1_543' title='bbox 3330 3411 3576 3464; x_wconf 86' lang='lat' dir='ltr'>conatus</span> <span class='ocrx_word' id='word_1_544' title='bbox 3611 3411 3720 3464; x_wconf 90' lang='lat' dir='ltr'>est.</span> 
     </span>
    </p>
   </div>
   <div class='ocr_carea' id='block_1_66' title="bbox 2080 3493 3724 3568">
    <p class='ocr_par' dir='ltr' id='par_1_66' title="bbox 2080 3493 3724 3568">
     <span class='ocr_line' id='line_1_66' title="bbox 2080 3493 3724 3568; baseline 0.003 -19"><span class='ocrx_word' id='word_1_545' title='bbox 2080 3494 2480 3566; x_wconf 89' lang='lat' dir='ltr'>Opportunam</span> <span class='ocrx_word' id='word_1_546' title='bbox 2504 3493 2681 3566; x_wconf 90' lang='lat' dir='ltr'>hujus</span> <span class='ocrx_word' id='word_1_547' title='bbox 2712 3495 2941 3550; x_wconf 91' lang='lat' dir='ltr'>concilii</span> <span class='ocrx_word' id='word_1_548' title='bbox 2973 3495 3327 3568; x_wconf 85' lang='lat' dir='ltr'>exsequendi</span> <span class='ocrx_word' id='word_1_549' title='bbox 3354 3495 3724 3554; x_wconf 89' lang='lat' dir='ltr'>occasionem</span> 
     </span>
    </p>
   </div>
   <div class='ocr_carea' id='block_1_67' title="bbox 2081 3583 3725 3658">
    <p class='ocr_par' dir='ltr' id='par_1_67' title="bbox 2081 3583 3725 3658">
     <span class='ocr_line' id='line_1_67' title="bbox 2081 3583 3725 3658; baseline 0.001 -20"><span class='ocrx_word' id='word_1_550' title='bbox 2081 3585 2355 3639; x_wconf 81' lang='lat' dir='ltr'>offerebat</span> <span class='ocrx_word' id='word_1_551' title='bbox 2375 3583 2448 3650; x_wconf 90' lang='lat' dir='ltr'>ei,</span> <span class='ocrx_word' id='word_1_552' title='bbox 2471 3588 2534 3638; x_wconf 90' lang='lat' dir='ltr'>ut</span> <span class='ocrx_word' id='word_1_553' title='bbox 2555 3584 2790 3657; x_wconf 89' lang='lat' dir='ltr'>quidem</span> <span class='ocrx_word' id='word_1_554' title='bbox 2809 3584 2920 3658; x_wconf 91' lang='lat' dir='ltr'>ipsi</span> <span class='ocrx_word' id='word_1_555' title='bbox 2935 3585 3262 3653; x_wconf 90' lang='lat' dir='ltr'>videbatur,</span> <span class='ocrx_word' id='word_1_556' title='bbox 3285 3586 3546 3658; x_wconf 77' lang='lat' dir='ltr'>synodus</span> <span class='ocrx_word' id='word_1_557' title='bbox 3567 3585 3725 3658; x_wconf 89' lang='lat' dir='ltr'>apud</span> 
     </span>
    </p>
   </div>
   <div class='ocr_carea' id='block_1_68' title="bbox 2081 3673 3726 3745">
    <p class='ocr_par' dir='ltr' id='par_1_68' title="bbox 2081 3673 3726 3745">
     <span class='ocr_line' id='line_1_68' title="bbox 2081 3673 3726 3745; baseline 0.001 -17"><span class='ocrx_word' id='word_1_558' title='bbox 2081 3679 2339 3728; x_wconf 87' lang='lat' dir='ltr'>sanctam</span> <span class='ocrx_word' id='word_1_559' title='bbox 2376 3673 2619 3730; x_wconf 81' lang='lat' dir='ltr'>Mariam</span> <span class='ocrx_word' id='word_1_560' title='bbox 2651 3675 2720 3728; x_wconf 90' lang='lat' dir='ltr'>de</span> <span class='ocrx_word' id='word_1_561' title='bbox 2753 3673 3023 3741; x_wconf 89' lang='lat' dir='ltr'>Fusellis,</span> <span class='ocrx_word' id='word_1_562' title='bbox 3045 3691 3222 3745; x_wconf 90' lang='lat' dir='ltr'>quam</span> <span class='ocrx_word' id='word_1_563' title='bbox 3267 3679 3406 3728; x_wconf 88' lang='lat' dir='ltr'>tunc</span> <span class='ocrx_word' id='word_1_564' title='bbox 3438 3673 3726 3730; x_wconf 82' lang='lat' dir='ltr'>Ricardus</span> 
     </span>
    </p>
   </div>
   <div class='ocr_carea' id='block_1_69' title="bbox 2081 3760 3738 3834">
    <p class='ocr_par' dir='ltr' id='par_1_69' title="bbox 2081 3760 3738 3834">
     <span class='ocr_line' id='line_1_69' title="bbox 2081 3760 3738 3834; baseline 0 -16"><span class='ocrx_word' id='word_1_565' title='bbox 2081 3763 2277 3818; x_wconf 90' lang='lat' dir='ltr'>Sancti</span> <span class='ocrx_word' id='word_1_566' title='bbox 2307 3761 2558 3817; x_wconf 87' lang='lat' dir='ltr'>Victoris</span> <span class='ocrx_word' id='word_1_567' title='bbox 2590 3763 2792 3828; x_wconf 84' lang='lat' dir='ltr'>abbas,</span> <span class='ocrx_word' id='word_1_568' title='bbox 2820 3761 3049 3834; x_wconf 89' lang='lat' dir='ltr'>legatus</span> <span class='ocrx_word' id='word_1_569' title='bbox 3105 3761 3260 3817; x_wconf 91' lang='lat' dir='ltr'>sedis</span> <span class='ocrx_word' id='word_1_570' title='bbox 3309 3760 3632 3834; x_wconf 66' lang='lat' dir='ltr'>apostolicae</span> <span class='ocrx_word' id='word_1_571' title='bbox 3692 3779 3738 3818; x_wconf 88' lang='lat' dir='ltr'>a.</span> 
     </span>
    </p>
   </div>
   <div class='ocr_carea' id='block_1_70' title="bbox 2083 3850 3721 3926">
    <p class='ocr_par' dir='ltr' id='par_1_70' title="bbox 2083 3850 3721 3926">
     <span class='ocr_line' id='line_1_70' title="bbox 2083 3850 3721 3926; baseline 0.001 -18"><span class='ocrx_word' id='word_1_572' title='bbox 2083 3851 2357 3924; x_wconf 86' lang='lat' dir='ltr'>Gregorio</span> <span class='ocrx_word' id='word_1_573' title='bbox 2387 3851 2490 3906; x_wconf 87' lang='lat' dir='ltr'>VII</span> <span class='ocrx_word' id='word_1_574' title='bbox 2511 3850 2567 3906; x_wconf 90' lang='lat' dir='ltr'>in</span> <span class='ocrx_word' id='word_1_575' title='bbox 2593 3851 2886 3923; x_wconf 87' lang='lat' dir='ltr'>llispaniis</span> <span class='ocrx_word' id='word_1_576' title='bbox 2904 3851 3229 3920; x_wconf 87' lang='lat' dir='ltr'>institutus,</span> <span class='ocrx_word' id='word_1_577' title='bbox 3255 3859 3721 3926; x_wconf 87' lang='lat' dir='ltr'>congregaverat.</span> 
     </span>
    </p>
   </div>
   <div class='ocr_carea' id='block_1_71' title="bbox 2083 3937 3727 4014">
    <p class='ocr_par' dir='ltr' id='par_1_71' title="bbox 2083 3937 3727 4014">
     <span class='ocr_line' id='line_1_71' title="bbox 2083 3937 3727 4014; baseline 0.004 -20"><span class='ocrx_word' id='word_1_578' title='bbox 2083 3942 2270 4006; x_wconf 88' lang='lat' dir='ltr'>Quare</span> <span class='ocrx_word' id='word_1_579' title='bbox 2321 3937 2607 3995; x_wconf 90' lang='lat' dir='ltr'>immissis</span> <span class='ocrx_word' id='word_1_580' title='bbox 2663 3940 3170 4008; x_wconf 88' lang='lat' dir='ltr'>subornatoribus,</span> <span class='ocrx_word' id='word_1_581' title='bbox 3229 3958 3580 4014; x_wconf 88' lang='lat' dir='ltr'>persuasum</span> <span class='ocrx_word' id='word_1_582' title='bbox 3635 3945 3727 4000; x_wconf 86' lang='lat' dir='ltr'>est</span> 
     </span>
    </p>
   </div>
   <div class='ocr_carea' id='block_1_72' title="bbox 2083 4027 3723 4100">
    <p class='ocr_par' dir='ltr' id='par_1_72' title="bbox 2083 4027 3723 4100">
     <span class='ocr_line' id='line_1_72' title="bbox 2083 4027 3723 4100; baseline 0.001 -16"><span class='ocrx_word' id='word_1_583' title='bbox 2083 4027 2290 4084; x_wconf 87' lang='lat' dir='ltr'>callide</span> <span class='ocrx_word' id='word_1_584' title='bbox 2321 4028 2537 4084; x_wconf 90' lang='lat' dir='ltr'>Didaco</span> <span class='ocrx_word' id='word_1_585' title='bbox 2567 4032 2650 4097; x_wconf 89' lang='lat' dir='ltr'>ut,</span> <span class='ocrx_word' id='word_1_586' title='bbox 2684 4028 2732 4084; x_wconf 90' lang='lat' dir='ltr'>si</span> <span class='ocrx_word' id='word_1_587' title='bbox 2775 4028 2947 4085; x_wconf 89' lang='lat' dir='ltr'>vellet</span> <span class='ocrx_word' id='word_1_588' title='bbox 2999 4028 3220 4086; x_wconf 87' lang='lat' dir='ltr'>absolvi</span> <span class='ocrx_word' id='word_1_589' title='bbox 3253 4047 3288 4086; x_wconf 91' lang='lat' dir='ltr'>a</span> <span class='ocrx_word' id='word_1_590' title='bbox 3329 4030 3599 4100; x_wconf 88' lang='lat' dir='ltr'>vinculis,</span> <span class='ocrx_word' id='word_1_591' title='bbox 3659 4047 3723 4086; x_wconf 88' lang='lat' dir='ltr'>se</span> 
     </span>
    </p>
   </div>
   <div class='ocr_carea' id='block_1_73' title="bbox 2084 4115 3722 4194">
    <p class='ocr_par' dir='ltr' id='par_1_73' title="bbox 2084 4115 3722 4194">
     <span class='ocr_line' id='line_1_73' title="bbox 2084 4115 3722 4194; baseline 0.002 -22"><span class='ocrx_word' id='word_1_592' title='bbox 2084 4133 2247 4174; x_wconf 92' lang='lat' dir='ltr'>reum</span> <span class='ocrx_word' id='word_1_593' title='bbox 2297 4117 2358 4172; x_wconf 92' lang='lat' dir='ltr'>in</span> <span class='ocrx_word' id='word_1_594' title='bbox 2415 4115 2658 4174; x_wconf 90' lang='lat' dir='ltr'>concilio</span> <span class='ocrx_word' id='word_1_595' title='bbox 2714 4117 3012 4192; x_wconf 86' lang='lat' dir='ltr'>fateretur,</span> <span class='ocrx_word' id='word_1_596' title='bbox 3045 4122 3102 4176; x_wconf 92' lang='lat' dir='ltr'>et</span> <span class='ocrx_word' id='word_1_597' title='bbox 3130 4117 3462 4176; x_wconf 90' lang='lat' dir='ltr'>humilitate</span> <span class='ocrx_word' id='word_1_598' title='bbox 3522 4119 3722 4194; x_wconf 90' lang='lat' dir='ltr'>procul</span> 
     </span>
    </p>
   </div>
   <div class='ocr_carea' id='block_1_74' title="bbox 2083 4205 3784 4281">
    <p class='ocr_par' dir='ltr' id='par_1_74' title="bbox 2083 4205 3784 4281">
     <span class='ocr_line' id='line_1_74' title="bbox 2083 4205 3784 4281; baseline 0.004 -19"><span class='ocrx_word' id='word_1_599' title='bbox 2083 4206 2262 4262; x_wconf 92' lang='lat' dir='ltr'>dubio</span> <span class='ocrx_word' id='word_1_600' title='bbox 2285 4225 2382 4264; x_wconf 91' lang='lat' dir='ltr'>cor</span> <span class='ocrx_word' id='word_1_601' title='bbox 2394 4207 2546 4279; x_wconf 88' lang='lat' dir='ltr'>regis</span> <span class='ocrx_word' id='word_1_602' title='bbox 2569 4205 2964 4264; x_wconf 89' lang='lat' dir='ltr'>emoliendum</span> <span class='ocrx_word' id='word_1_603' title='bbox 2988 4208 3128 4273; x_wconf 88' lang='lat' dir='ltr'>fore,</span> <span class='ocrx_word' id='word_1_604' title='bbox 3153 4225 3258 4265; x_wconf 90' lang='lat' dir='ltr'>nec</span> <span class='ocrx_word' id='word_1_605' title='bbox 3270 4207 3446 4266; x_wconf 86' lang='lat' dir='ltr'>aliam</span> <span class='ocrx_word' id='word_1_606' title='bbox 3459 4209 3511 4266; x_wconf 91' lang='lat' dir='ltr'>ei</span> <span class='ocrx_word' id='word_1_607' title='bbox 3527 4225 3726 4281; x_wconf 80' lang='lat' dir='ltr'>super-</span> <span class='ocrx_word' id='word_1_608' title='bbox 3779 4248 3784 4252; x_wconf 88' lang='lat'><strong>-</strong></span> 
     </span>
    </p>
   </div>
   <div class='ocr_carea' id='block_1_75' title="bbox 2083 4295 3725 4367">
    <p class='ocr_par' dir='ltr' id='par_1_75' title="bbox 2083 4295 3725 4367">
     <span class='ocr_line' id='line_1_75' title="bbox 2083 4295 3725 4367; baseline 0.002 -16"><span class='ocrx_word' id='word_1_609' title='bbox 2083 4312 2211 4352; x_wconf 89' lang='lat' dir='ltr'>esse</span> <span class='ocrx_word' id='word_1_610' title='bbox 2232 4295 3463 4367; x_wconf 66' lang='lat' dir='ltr'>obtinendaelibertatisviam.Assensitille,</span> <span class='ocrx_word' id='word_1_611' title='bbox 3498 4297 3598 4354; x_wconf 91' lang='lat' dir='ltr'>sed</span> <span class='ocrx_word' id='word_1_612' title='bbox 3631 4312 3725 4354; x_wconf 91' lang='lat' dir='ltr'>res</span> 
     </span>
    </p>
   </div>
   <div class='ocr_carea' id='block_1_76' title="bbox 2084 4383 3724 4460">
    <p class='ocr_par' dir='ltr' id='par_1_76' title="bbox 2084 4383 3724 4460">
     <span class='ocr_line' id='line_1_76' title="bbox 2084 4383 3724 4460; baseline 0.001 -21"><span class='ocrx_word' id='word_1_613' title='bbox 2084 4383 2196 4440; x_wconf 91' lang='lat' dir='ltr'>alio</span> <span class='ocrx_word' id='word_1_614' title='bbox 2213 4385 2384 4440; x_wconf 88' lang='lat' dir='ltr'>vertit</span> <span class='ocrx_word' id='word_1_615' title='bbox 2405 4400 2580 4456; x_wconf 91' lang='lat' dir='ltr'>quam</span> <span class='ocrx_word' id='word_1_616' title='bbox 2607 4385 2731 4458; x_wconf 90' lang='lat' dir='ltr'>ipse</span> <span class='ocrx_word' id='word_1_617' title='bbox 2761 4390 3081 4458; x_wconf 88' lang='lat' dir='ltr'>putaverat.</span> <span class='ocrx_word' id='word_1_618' title='bbox 3102 4386 3324 4460; x_wconf 88' lang='lat' dir='ltr'>Quippe</span> <span class='ocrx_word' id='word_1_619' title='bbox 3353 4403 3488 4444; x_wconf 88' lang='lat' dir='ltr'>cum</span> <span class='ocrx_word' id='word_1_620' title='bbox 3522 4385 3724 4442; x_wconf 79' lang='lat' dir='ltr'>Alfen-</span> 
     </span>
    </p>
   </div>
   <div class='ocr_carea' id='block_1_77' title="bbox 2085 4471 3743 4548">
    <p class='ocr_par' dir='ltr' id='par_1_77' title="bbox 2085 4471 3743 4548">
     <span class='ocr_line' id='line_1_77' title="bbox 2085 4471 3743 4548; baseline 0.001 -20"><span class='ocrx_word' id='word_1_621' title='bbox 2085 4491 2187 4530; x_wconf 90' lang='lat' dir='ltr'>sus</span> <span class='ocrx_word' id='word_1_622' title='bbox 2210 4474 2264 4528; x_wconf 91' lang='lat' dir='ltr'>in</span> <span class='ocrx_word' id='word_1_623' title='bbox 2289 4471 2596 4529; x_wconf 85' lang='lat' dir='ltr'>concilium</span> <span class='ocrx_word' id='word_1_624' title='bbox 2617 4475 2889 4541; x_wconf 88' lang='lat' dir='ltr'>venisset,</span> <span class='ocrx_word' id='word_1_625' title='bbox 2914 4475 3341 4548; x_wconf 87' lang='lat' dir='ltr'>adductusque,</span> <span class='ocrx_word' id='word_1_626' title='bbox 3364 4491 3431 4531; x_wconf 91' lang='lat' dir='ltr'>eo</span> <span class='ocrx_word' id='word_1_627' title='bbox 3453 4475 3743 4546; x_wconf 82' lang='lat' dir='ltr'>jubente,-</span> 
     </span>
    </p>
   </div>
   <div class='ocr_carea' id='block_1_78' title="bbox 2085 4562 3744 4644">
    <p class='ocr_par' dir='ltr' id='par_1_78' title="bbox 2085 4562 3744 4644">
     <span class='ocr_line' id='line_1_78' title="bbox 2085 4562 3744 4644; baseline 0.002 -27"><span class='ocrx_word' id='word_1_628' title='bbox 2085 4563 2294 4644; x_wconf 76' lang='lat' dir='ltr'>fuisset</span> <span class='ocrx_word' id='word_1_629' title='bbox 2321 4562 2592 4630; x_wconf 68' lang='lat' dir='ltr'>Didacus,</span> <span class='ocrx_word' id='word_1_630' title='bbox 2628 4568 2804 4636; x_wconf 87' lang='lat' dir='ltr'>atque</span> <span class='ocrx_word' id='word_1_631' title='bbox 2836 4565 2918 4620; x_wconf 91' lang='lat' dir='ltr'>uti</span> <span class='ocrx_word' id='word_1_632' title='bbox 2951 4565 3192 4622; x_wconf 90' lang='lat' dir='ltr'>edoctus</span> <span class='ocrx_word' id='word_1_633' title='bbox 3239 4564 3447 4634; x_wconf 82' lang='lat' dir='ltr'>fuerat,</span> <span class='ocrx_word' id='word_1_634' title='bbox 3476 4564 3638 4639; x_wconf 86' lang='lat' dir='ltr'>virga</span> <span class='ocrx_word' id='word_1_635' title='bbox 3667 4568 3744 4626; x_wconf 51' lang='lat' dir='ltr'>et.</span> 
     </span>
    </p>
   </div>
   <div class='ocr_carea' id='block_1_79' title="bbox 333 4650 3727 4757">
    <p class='ocr_par' dir='ltr' id='par_1_79' title="bbox 333 4650 3727 4757">
     <span class='ocr_line' id='line_1_79' title="bbox 333 4650 3727 4757; baseline -0.01 -18"><span class='ocrx_word' id='word_1_636' title='bbox 333 4650 489 4757; x_wconf 49' lang='lat' dir='ltr'>q&#39;uod</span> <span class='ocrx_word' id='word_1_637' title='bbox 541 4650 826 4749; x_wconf 46' lang='lat' dir='ltr'>hoc-ipso</span> <span class='ocrx_word' id='word_1_638' title='bbox 884 4689 1036 4730; x_wconf 89' lang='lat' dir='ltr'>anno</span> <span class='ocrx_word' id='word_1_639' title='bbox 1095 4671 1298 4726; x_wconf 90' lang='lat' dir='ltr'>datum</span> <span class='ocrx_word' id='word_1_640' title='bbox 1352 4669 1534 4723; x_wconf 88' lang='lat' dir='ltr'>fertur</span> <span class='ocrx_word' id='word_1_641' title='bbox 1565 4670 1732 4721; x_wconf 88' lang='lat' dir='ltr'>Petro</span> <span class='ocrx_word' id='word_1_642' title='bbox 1779 4664 1974 4720; x_wconf 87' lang='lat' dir='ltr'>abbati</span> <span class='ocrx_word' id='word_1_643' title='bbox 2003 4667 2050 4732; x_wconf 76' lang='grc' dir='ltr'>Ι)</span> <span class='ocrx_word' id='word_1_644' title='bbox 2083 4650 2298 4757; x_wconf 42' lang='lat' dir='ltr'>angulo</span> <span class='ocrx_word' id='word_1_645' title='bbox 2323 4652 2379 4706; x_wconf 85' lang='lat' dir='ltr'>in</span> <span class='ocrx_word' id='word_1_646' title='bbox 2406 4651 2811 4751; x_wconf 76' lang='lat' dir='ltr'>manuslegati</span> <span class='ocrx_word' id='word_1_647' title='bbox 2853 4655 3236 4757; x_wconf 73' lang='lat' dir='ltr'>consignatis,</span> <span class='ocrx_word' id='word_1_648' title='bbox 3266 4652 3584 4757; x_wconf 71' lang='lat' dir='ltr'>episcopali</span> <span class='ocrx_word' id='word_1_649' title='bbox 3637 4651 3727 4718; x_wconf 57' lang='grc' dir='ltr'>ἀί.</span> 
     </span>
    </p>
   </div>
   <div class='ocr_carea' id='block_1_80' title="bbox 331 4755 1971 4839">
    <p class='ocr_par' dir='ltr' id='par_1_80' title="bbox 331 4755 1971 4839">
     <span class='ocr_line' id='line_1_80' title="bbox 331 4755 1971 4839; baseline -0.013 -9"><span class='ocrx_word' id='word_1_650' title='bbox 331 4755 657 4829; x_wconf 80' lang='lat' dir='ltr'>Carrofeusi</span> <span class='ocrx_word' id='word_1_651' title='bbox 709 4764 862 4839; x_wconf 91' lang='lat' dir='ltr'>apud</span> <span class='ocrx_word' id='word_1_652' title='bbox 923 4762 1186 4818; x_wconf 88' lang='lat' dir='ltr'>Pictones</span> <span class='ocrx_word' id='word_1_653' title='bbox 1245 4759 1303 4813; x_wconf 91' lang='lat' dir='ltr'>in</span> <span class='ocrx_word' id='word_1_654' title='bbox 1365 4755 1574 4823; x_wconf 87' lang='lat' dir='ltr'>Gallia,</span> <span class='ocrx_word' id='word_1_655' title='bbox 1632 4771 1971 4826; x_wconf 87' lang='lat' dir='ltr'>quanquam</span> 
     </span>
    </p>
   </div>
   <div class='ocr_carea' id='block_1_81' title="bbox 331 4843 1974 4927">
    <p class='ocr_par' dir='ltr' id='par_1_81' title="bbox 331 4843 1974 4927">
     <span class='ocr_line' id='line_1_81' title="bbox 331 4843 1974 4927; baseline -0.013 -8"><span class='ocrx_word' id='word_1_656' title='bbox 331 4859 581 4927; x_wconf 91' lang='lat' dir='ltr'>istud,si</span> <span class='ocrx_word' id='word_1_657' title='bbox 617 4873 727 4913; x_wconf 81' lang='lat' dir='ltr'>non</span> <span class='ocrx_word' id='word_1_658' title='bbox 765 4853 950 4919; x_wconf 88' lang='lat' dir='ltr'>fallor,</span> <span class='ocrx_word' id='word_1_659' title='bbox 975 4850 1131 4907; x_wconf 88' lang='lat' dir='ltr'>aliud</span> <span class='ocrx_word' id='word_1_660' title='bbox 1160 4866 1272 4904; x_wconf 90' lang='lat' dir='ltr'>non</span> <span class='ocrx_word' id='word_1_661' title='bbox 1300 4855 1390 4903; x_wconf 87' lang='lat' dir='ltr'>est</span> <span class='ocrx_word' id='word_1_662' title='bbox 1419 4846 1491 4899; x_wconf 90' lang='lat' dir='ltr'>ob</span> <span class='ocrx_word' id='word_1_663' title='bbox 1521 4861 1585 4899; x_wconf 93' lang='lat' dir='ltr'>eo</span> <span class='ocrx_word' id='word_1_664' title='bbox 1635 4843 1788 4916; x_wconf 89' lang='lat' dir='ltr'>quod</span> <span class='ocrx_word' id='word_1_665' title='bbox 1823 4859 1974 4898; x_wconf 90' lang='lat' dir='ltr'>anno</span> 
     </span>
    </p>
   </div>
   <div class='ocr_carea' id='block_1_82' title="bbox 336 4932 1972 5006">
    <p class='ocr_par' dir='ltr' id='par_1_82' title="bbox 336 4932 1972 5006">
     <span class='ocr_line' id='line_1_82' title="bbox 336 4932 1972 5006; baseline -0.013 0"><span class='ocrx_word' id='word_1_666' title='bbox 336 4950 473 5006; x_wconf 79' lang='grc'>1096</span> <span class='ocrx_word' id='word_1_667' title='bbox 523 4947 710 5003; x_wconf 89' lang='lat' dir='ltr'>eidem</span> <span class='ocrx_word' id='word_1_668' title='bbox 772 4939 1125 4998; x_wconf 85' lang='lat' dir='ltr'>monasterio</span> <span class='ocrx_word' id='word_1_669' title='bbox 1183 4953 1524 4992; x_wconf 86' lang='lat' dir='ltr'>concessum</span> <span class='ocrx_word' id='word_1_670' title='bbox 1557 4950 1662 4988; x_wconf 91' lang='lat' dir='ltr'>suo</span> <span class='ocrx_word' id='word_1_671' title='bbox 1713 4932 1836 4987; x_wconf 90' lang='lat' dir='ltr'>loco</span> <span class='ocrx_word' id='word_1_672' title='bbox 1887 4932 1972 4986; x_wconf 88' lang='lat' dir='ltr'>di-</span> 
     </span>
    </p>
   </div>
   <div class='ocr_carea' id='block_1_83' title="bbox 333 5055 555 5096">
    <p class='ocr_par' dir='ltr' id='par_1_83' title="bbox 333 5055 555 5096">
     <span class='ocr_line' id='line_1_83' title="bbox 333 5055 555 5096; baseline -0.018 0"><span class='ocrx_word' id='word_1_673' title='bbox 333 5055 555 5096; x_wconf 90' lang='lat' dir='ltr'>cemus.</span> 
     </span>
    </p>
   </div>
   <div class='ocr_carea' id='block_1_84' title="bbox 332 5120 1974 5198">
    <p class='ocr_par' dir='ltr' id='par_1_84' title="bbox 332 5120 1974 5198">
     <span class='ocr_line' id='line_1_84' title="bbox 332 5120 1974 5198; baseline -0.012 -5"><span class='ocrx_word' id='word_1_674' title='bbox 332 5135 558 5192; x_wconf 74' lang='lat' dir='ltr'><strong>XXXII.</strong></span> <span class='ocrx_word' id='word_1_675' title='bbox 600 5133 674 5188; x_wconf 83' lang='lat' dir='ltr'>De</span> <span class='ocrx_word' id='word_1_676' title='bbox 727 5131 883 5186; x_wconf 82' lang='lat' dir='ltr'>rebus</span> <span class='ocrx_word' id='word_1_677' title='bbox 968 5124 1314 5198; x_wconf 80' lang='lat' dir='ltr'>Hispanicis._</span> <span class='ocrx_word' id='word_1_678' title='bbox 1363 5123 1556 5198; x_wconf 66' lang='lat' dir='ltr'>Turba:</span> <span class='ocrx_word' id='word_1_679' title='bbox 1623 5121 1683 5174; x_wconf 85' lang='lat' dir='ltr'>in</span> <span class='ocrx_word' id='word_1_680' title='bbox 1704 5120 1974 5198; x_wconf 69' lang='lat' dir='ltr'>_Erclcsia</span> 
     </span>
    </p>
   </div>
   <div class='ocr_carea' id='block_1_85' title="bbox 401 5193 1974 5265">
    <p class='ocr_par' dir='ltr' id='par_1_85' title="bbox 401 5193 1974 5265">
     <span class='ocr_line' id='line_1_85' title="bbox 401 5193 1974 5265; baseline -0.011 -2"><span class='ocrx_word' id='word_1_681' title='bbox 401 5207 618 5265; x_wconf 84' lang='lat' dir='ltr'>lriensi.</span> <span class='ocrx_word' id='word_1_682' title='bbox 668 5201 902 5259; x_wconf 72' lang='lat' dir='ltr'>Consilii</span> <span class='ocrx_word' id='word_1_683' title='bbox 985 5193 1340 5252; x_wconf 77' lang='lat' dir='ltr'>Fussellensis</span> <span class='ocrx_word' id='word_1_684' title='bbox 1405 5197 1632 5264; x_wconf 73' lang='lat' dir='ltr'>tempus.</span> <span class='ocrx_word' id='word_1_685' title='bbox 1694 5193 1974 5247; x_wconf 80' lang='lat' dir='ltr'>Primatus</span> 
     </span>
    </p>
   </div>
   <div class='ocr_carea' id='block_1_86' title="bbox 402 5269 1283 5334">
    <p class='ocr_par' dir='ltr' id='par_1_86' title="bbox 402 5269 1283 5334">
     <span class='ocr_line' id='line_1_86' title="bbox 402 5269 1283 5334; baseline -0.017 0"><span class='ocrx_word' id='word_1_686' title='bbox 402 5279 656 5334; x_wconf 71' lang='lat' dir='ltr'>Ecclesia:</span> <span class='ocrx_word' id='word_1_687' title='bbox 687 5275 955 5330; x_wconf 72' lang='lat' dir='ltr'>Toletanaz</span> <span class='ocrx_word' id='word_1_688' title='bbox 982 5269 1283 5324; x_wconf 78' lang='lat' dir='ltr'>restitutus.</span> 
     </span>
    </p>
   </div>
   <div class='ocr_carea' id='block_1_87' title="bbox 403 5360 1970 5441">
    <p class='ocr_par' dir='ltr' id='par_1_87' title="bbox 403 5360 1970 5441">
     <span class='ocr_line' id='line_1_87' title="bbox 403 5360 1970 5441; baseline -0.01 -9"><span class='ocrx_word' id='word_1_689' title='bbox 403 5376 563 5441; x_wconf 89' lang='lat' dir='ltr'>Quod</span> <span class='ocrx_word' id='word_1_690' title='bbox 597 5374 666 5428; x_wconf 92' lang='lat' dir='ltr'>ad</span> <span class='ocrx_word' id='word_1_691' title='bbox 703 5388 793 5427; x_wconf 90' lang='lat' dir='ltr'>res</span> <span class='ocrx_word' id='word_1_692' title='bbox 843 5365 1188 5440; x_wconf 88' lang='lat' dir='ltr'>Hispanicas</span> <span class='ocrx_word' id='word_1_693' title='bbox 1245 5363 1470 5418; x_wconf 88' lang='lat' dir='ltr'>attinet.</span> <span class='ocrx_word' id='word_1_694' title='bbox 1505 5362 1842 5435; x_wconf 84' lang='lat' dir='ltr'>Augebatur</span> <span class='ocrx_word' id='word_1_695' title='bbox 1893 5360 1970 5416; x_wconf 90' lang='lat' dir='ltr'>ibi</span> 
     </span>
    </p>
   </div>
   <div class='ocr_carea' id='block_1_88' title="bbox 332 5449 1973 5538">
    <p class='ocr_par' dir='ltr' id='par_1_88' title="bbox 332 5449 1973 5538">
     <span class='ocr_line' id='line_1_88' title="bbox 332 5449 1973 5538; baseline -0.013 -15"><span class='ocrx_word' id='word_1_696' title='bbox 332 5465 592 5538; x_wconf 90' lang='lat' dir='ltr'>quotidie</span> <span class='ocrx_word' id='word_1_697' title='bbox 615 5459 777 5517; x_wconf 90' lang='lat' dir='ltr'>novis</span> <span class='ocrx_word' id='word_1_698' title='bbox 798 5455 1174 5513; x_wconf 90' lang='lat' dir='ltr'>incrementis</span> <span class='ocrx_word' id='word_1_699' title='bbox 1202 5451 1486 5508; x_wconf 85' lang='lat' dir='ltr'>catholica</span> <span class='ocrx_word' id='word_1_700' title='bbox 1515 5451 1657 5506; x_wconf 83' lang='lat' dir='ltr'>fides</span> <span class='ocrx_word' id='word_1_701' title='bbox 1686 5449 1973 5506; x_wconf 88' lang='lat' dir='ltr'>Christia—</span> 
     </span>
    </p>
   </div>
   <div class='ocr_carea' id='block_1_89' title="bbox 332 5539 1972 5624">
    <p class='ocr_par' dir='ltr' id='par_1_89' title="bbox 332 5539 1972 5624">
     <span class='ocr_line' id='line_1_89' title="bbox 332 5539 1972 5624; baseline -0.013 -12"><span class='ocrx_word' id='word_1_702' title='bbox 332 5571 542 5612; x_wconf 91' lang='lat' dir='ltr'>norum</span> <span class='ocrx_word' id='word_1_703' title='bbox 567 5548 897 5624; x_wconf 90' lang='lat' dir='ltr'>principum</span> <span class='ocrx_word' id='word_1_704' title='bbox 921 5543 1276 5613; x_wconf 78' lang='lat' dir='ltr'>fortitudine,</span> <span class='ocrx_word' id='word_1_705' title='bbox 1296 5541 1394 5614; x_wconf 88' lang='lat' dir='ltr'>qui</span> <span class='ocrx_word' id='word_1_706' title='bbox 1418 5540 1606 5614; x_wconf 90' lang='lat' dir='ltr'>pulsis</span> <span class='ocrx_word' id='word_1_707' title='bbox 1629 5539 1845 5595; x_wconf 88' lang='lat' dir='ltr'>Mauris</span> <span class='ocrx_word' id='word_1_708' title='bbox 1875 5555 1972 5592; x_wconf 87' lang='lat' dir='ltr'>ur-</span> 
     </span>
    </p>
   </div>
   <div class='ocr_carea' id='block_1_90' title="bbox 331 5629 1973 5716">
    <p class='ocr_par' dir='ltr' id='par_1_90' title="bbox 331 5629 1973 5716">
     <span class='ocr_line' id='line_1_90' title="bbox 331 5629 1973 5716; baseline -0.013 -15"><span class='ocrx_word' id='word_1_709' title='bbox 331 5647 434 5701; x_wconf 91' lang='lat' dir='ltr'>bes</span> <span class='ocrx_word' id='word_1_710' title='bbox 457 5639 784 5716; x_wconf 71' lang='lat' dir='ltr'>praaclaras,</span> <span class='ocrx_word' id='word_1_711' title='bbox 809 5640 865 5692; x_wconf 88' lang='lat' dir='ltr'>et</span> <span class='ocrx_word' id='word_1_712' title='bbox 899 5631 1222 5707; x_wconf 87' lang='lat' dir='ltr'>provincias</span> <span class='ocrx_word' id='word_1_713' title='bbox 1263 5630 1558 5686; x_wconf 89' lang='lat' dir='ltr'>interdum</span> <span class='ocrx_word' id='word_1_714' title='bbox 1593 5629 1854 5700; x_wconf 89' lang='lat' dir='ltr'>integras</span> <span class='ocrx_word' id='word_1_715' title='bbox 1887 5641 1973 5680; x_wconf 82' lang='lat' dir='ltr'>re-</span> 
     </span>
    </p>
   </div>
   <div class='ocr_carea' id='block_1_91' title="bbox 331 5717 1976 5810">
    <p class='ocr_par' dir='ltr' id='par_1_91' title="bbox 331 5717 1976 5810">
     <span class='ocr_line' id='line_1_91' title="bbox 331 5717 1976 5810; baseline -0.013 -15"><span class='ocrx_word' id='word_1_716' title='bbox 331 5729 936 5810; x_wconf 83' lang='lat' dir='ltr'>cuperabant.Auctor</span> <span class='ocrx_word' id='word_1_717' title='bbox 957 5721 1201 5784; x_wconf 87' lang='lat' dir='ltr'>Iudiculi</span> <span class='ocrx_word' id='word_1_718' title='bbox 1224 5737 1419 5781; x_wconf 88' lang='lat' dir='ltr'>rerum</span> <span class='ocrx_word' id='word_1_719' title='bbox 1452 5717 1910 5794; x_wconf 82' lang='lat' dir='ltr'>Aragonicarum</span> <span class='ocrx_word' id='word_1_720' title='bbox 1941 5731 1976 5773; x_wconf 90' lang='lat' dir='ltr'>a</span> 
     </span>
    </p>
   </div>
   <div class='ocr_carea' id='block_1_92' title="bbox 2080 4740 3728 4816">
    <p class='ocr_par' dir='ltr' id='par_1_92' title="bbox 2080 4740 3728 4816">
     <span class='ocr_line' id='line_1_92' title="bbox 2080 4740 3728 4816; baseline 0.001 -22"><span class='ocrx_word' id='word_1_721' title='bbox 2080 4740 2301 4813; x_wconf 87' lang='lat' dir='ltr'>gnitate</span> <span class='ocrx_word' id='word_1_722' title='bbox 2319 4757 2514 4796; x_wconf 88' lang='lat' dir='ltr'>coram</span> <span class='ocrx_word' id='word_1_723' title='bbox 2538 4742 2696 4797; x_wconf 87' lang='lat' dir='ltr'>omni</span> <span class='ocrx_word' id='word_1_724' title='bbox 2719 4743 2934 4816; x_wconf 89' lang='lat' dir='ltr'>p0pulo</span> <span class='ocrx_word' id='word_1_725' title='bbox 2957 4760 3018 4798; x_wconf 89' lang='lat' dir='ltr'>se</span> <span class='ocrx_word' id='word_1_726' title='bbox 3043 4743 3352 4816; x_wconf 88' lang='lat' dir='ltr'>indignum</span> <span class='ocrx_word' id='word_1_727' title='bbox 3371 4741 3728 4816; x_wconf 89' lang='lat' dir='ltr'>proclamas-</span> 
     </span>
    </p>
   </div>
   <div class='ocr_carea' id='block_1_93' title="bbox 2083 4829 3750 4910">
    <p class='ocr_par' dir='ltr' id='par_1_93' title="bbox 2083 4829 3750 4910">
     <span class='ocr_line' id='line_1_93' title="bbox 2083 4829 3750 4910; baseline 0 -25"><span class='ocrx_word' id='word_1_728' title='bbox 2083 4835 2193 4910; x_wconf 83' lang='lat' dir='ltr'>set,</span> <span class='ocrx_word' id='word_1_729' title='bbox 2249 4829 2448 4885; x_wconf 89' lang='lat' dir='ltr'>statim</span> <span class='ocrx_word' id='word_1_730' title='bbox 2499 4831 2899 4902; x_wconf 88' lang='lat' dir='ltr'>pronuntiavit</span> <span class='ocrx_word' id='word_1_731' title='bbox 2941 4831 3169 4906; x_wconf 88' lang='lat' dir='ltr'>legatus</span> <span class='ocrx_word' id='word_1_732' title='bbox 3219 4848 3354 4888; x_wconf 90' lang='lat' dir='ltr'>eum</span> <span class='ocrx_word' id='word_1_733' title='bbox 3409 4829 3750 4904; x_wconf 62' lang='lat' dir='ltr'>episcopali,</span> 
     </span>
    </p>
   </div>
   <div class='ocr_carea' id='block_1_94' title="bbox 2085 4917 3726 4994">
    <p class='ocr_par' dir='ltr' id='par_1_94' title="bbox 2085 4917 3726 4994">
     <span class='ocr_line' id='line_1_94' title="bbox 2085 4917 3726 4994; baseline 0.002 -22"><span class='ocrx_word' id='word_1_734' title='bbox 2085 4917 2366 4990; x_wconf 85' lang='lat' dir='ltr'>dignitate</span> <span class='ocrx_word' id='word_1_735' title='bbox 2392 4919 2699 4989; x_wconf 89' lang='lat' dir='ltr'>decidisse,</span> <span class='ocrx_word' id='word_1_736' title='bbox 2724 4919 3139 4994; x_wconf 86' lang='lat' dir='ltr'>licentiamque</span> <span class='ocrx_word' id='word_1_737' title='bbox 3169 4921 3332 4977; x_wconf 87' lang='lat' dir='ltr'>dedit</span> <span class='ocrx_word' id='word_1_738' title='bbox 3384 4920 3632 4977; x_wconf 86' lang='lat' dir='ltr'>alterum</span> <span class='ocrx_word' id='word_1_739' title='bbox 3665 4919 3726 4976; x_wconf 89' lang='lat' dir='ltr'>in</span> 
     </span>
    </p>
   </div>
   <div class='ocr_carea' id='block_1_95' title="bbox 2084 5007 3726 5080">
    <p class='ocr_par' dir='ltr' id='par_1_95' title="bbox 2084 5007 3726 5080">
     <span class='ocr_line' id='line_1_95' title="bbox 2084 5007 3726 5080; baseline 0 -18"><span class='ocrx_word' id='word_1_740' title='bbox 2084 5008 2211 5079; x_wconf 84' lang='lat' dir='ltr'>ejus</span> <span class='ocrx_word' id='word_1_741' title='bbox 2240 5007 2433 5063; x_wconf 90' lang='lat' dir='ltr'>locum</span> <span class='ocrx_word' id='word_1_742' title='bbox 2467 5007 2884 5065; x_wconf 89' lang='lat' dir='ltr'>substituendi.</span> <span class='ocrx_word' id='word_1_743' title='bbox 2911 5011 3028 5067; x_wconf 91' lang='lat' dir='ltr'>Nec</span> <span class='ocrx_word' id='word_1_744' title='bbox 3057 5028 3240 5080; x_wconf 78' lang='lat' dir='ltr'>mora,</span> <span class='ocrx_word' id='word_1_745' title='bbox 3265 5010 3469 5067; x_wconf 90' lang='lat' dir='ltr'>Petrus</span> <span class='ocrx_word' id='word_1_746' title='bbox 3515 5009 3726 5068; x_wconf 86' lang='lat' dir='ltr'>Candi-</span> 
     </span>
    </p>
   </div>
   <div class='ocr_carea' id='block_1_96' title="bbox 2084 5095 3728 5173">
    <p class='ocr_par' dir='ltr' id='par_1_96' title="bbox 2084 5095 3728 5173">
     <span class='ocr_line' id='line_1_96' title="bbox 2084 5095 3728 5173; baseline 0.001 -22"><span class='ocrx_word' id='word_1_747' title='bbox 2084 5095 2368 5151; x_wconf 89' lang='lat' dir='ltr'>diniensis</span> <span class='ocrx_word' id='word_1_748' title='bbox 2383 5097 2584 5166; x_wconf 87' lang='lat' dir='ltr'>abbas,</span> <span class='ocrx_word' id='word_1_749' title='bbox 2606 5097 2702 5170; x_wconf 91' lang='lat' dir='ltr'>qui</span> <span class='ocrx_word' id='word_1_750' title='bbox 2735 5098 2874 5154; x_wconf 89' lang='lat' dir='ltr'>data</span> <span class='ocrx_word' id='word_1_751' title='bbox 2905 5117 3080 5172; x_wconf 87' lang='lat' dir='ltr'>opera</span> <span class='ocrx_word' id='word_1_752' title='bbox 3101 5110 3312 5173; x_wconf 67' lang='lat' dir='ltr'>praesto</span> <span class='ocrx_word' id='word_1_753' title='bbox 3358 5103 3500 5168; x_wconf 91' lang='lat' dir='ltr'>erat,</span> <span class='ocrx_word' id='word_1_754' title='bbox 3531 5117 3566 5156; x_wconf 89' lang='lat' dir='ltr'>a</span> <span class='ocrx_word' id='word_1_755' title='bbox 3595 5113 3728 5170; x_wconf 84' lang='lat' dir='ltr'>rege</span> 
     </span>
    </p>
   </div>
   <div class='ocr_carea' id='block_1_97' title="bbox 2083 5185 3728 5262">
    <p class='ocr_par' dir='ltr' id='par_1_97' title="bbox 2083 5185 3728 5262">
     <span class='ocr_line' id='line_1_97' title="bbox 2083 5185 3728 5262; baseline 0.002 -23"><span class='ocrx_word' id='word_1_756' title='bbox 2083 5185 2426 5258; x_wconf 90' lang='lat' dir='ltr'>designatus</span> <span class='ocrx_word' id='word_1_757' title='bbox 2451 5185 2509 5240; x_wconf 92' lang='lat' dir='ltr'>in</span> <span class='ocrx_word' id='word_1_758' title='bbox 2533 5187 2896 5259; x_wconf 90' lang='lat' dir='ltr'>episcopum,</span> <span class='ocrx_word' id='word_1_759' title='bbox 2933 5187 3131 5244; x_wconf 87' lang='lat' dir='ltr'>statim</span> <span class='ocrx_word' id='word_1_760' title='bbox 3165 5193 3508 5262; x_wconf 83' lang='lat' dir='ltr'>assumptus</span> <span class='ocrx_word' id='word_1_761' title='bbox 3557 5192 3728 5260; x_wconf 90' lang='lat' dir='ltr'>atque</span> 
     </span>
    </p>
   </div>
   <div class='ocr_carea' id='block_1_98' title="bbox 2083 5275 3732 5334">
    <p class='ocr_par' dir='ltr' id='par_1_98' title="bbox 2083 5275 3732 5334">
     <span class='ocr_line' id='line_1_98' title="bbox 2083 5275 3732 5334; baseline 0.001 -4"><span class='ocrx_word' id='word_1_762' title='bbox 2083 5279 2456 5331; x_wconf 89' lang='lat' dir='ltr'>consecratus</span> <span class='ocrx_word' id='word_1_763' title='bbox 2485 5280 2591 5331; x_wconf 91' lang='lat' dir='ltr'>est.</span> <span class='ocrx_word' id='word_1_764' title='bbox 2617 5275 2670 5330; x_wconf 90' lang='lat' dir='ltr'><strong>Is</strong></span> <span class='ocrx_word' id='word_1_765' title='bbox 2700 5275 2936 5332; x_wconf 88' lang='lat' dir='ltr'>biennio</span> <span class='ocrx_word' id='word_1_766' title='bbox 2982 5277 3128 5332; x_wconf 82' lang='lat' dir='ltr'>rexit</span> <span class='ocrx_word' id='word_1_767' title='bbox 3169 5276 3486 5334; x_wconf 88' lang='lat' dir='ltr'>Ecclesiam</span> <span class='ocrx_word' id='word_1_768' title='bbox 3546 5277 3732 5332; x_wconf 87' lang='lat' dir='ltr'>lrien-</span> 
     </span>
    </p>
   </div>
   <div class='ocr_carea' id='block_1_99' title="bbox 2084 5363 3730 5438">
    <p class='ocr_par' dir='ltr' id='par_1_99' title="bbox 2084 5363 3730 5438">
     <span class='ocr_line' id='line_1_99' title="bbox 2084 5363 3730 5438; baseline 0.002 -19"><span class='ocrx_word' id='word_1_769' title='bbox 2084 5363 2317 5430; x_wconf 91' lang='lat' dir='ltr'>sem,ad</span> <span class='ocrx_word' id='word_1_770' title='bbox 2372 5381 2592 5419; x_wconf 90' lang='lat' dir='ltr'>annum</span> <span class='ocrx_word' id='word_1_771' title='bbox 2644 5363 2868 5420; x_wconf 91' lang='lat' dir='ltr'>scilicet</span> <span class='ocrx_word' id='word_1_772' title='bbox 2903 5365 3062 5432; x_wconf 82' lang='lat'>1091,</span> <span class='ocrx_word' id='word_1_773' title='bbox 3095 5383 3209 5438; x_wconf 93' lang='lat' dir='ltr'>quo</span> <span class='ocrx_word' id='word_1_774' title='bbox 3269 5366 3327 5420; x_wconf 91' lang='lat' dir='ltr'>in</span> <span class='ocrx_word' id='word_1_775' title='bbox 3384 5365 3730 5438; x_wconf 85' lang='lat' dir='ltr'>Legionensi</span> 
     </span>
    </p>
   </div>
   <div class='ocr_carea' id='block_1_100' title="bbox 2083 5451 3733 5527">
    <p class='ocr_par' dir='ltr' id='par_1_100' title="bbox 2083 5451 3733 5527">
     <span class='ocr_line' id='line_1_100' title="bbox 2083 5451 3733 5527; baseline 0.002 -19"><span class='ocrx_word' id='word_1_776' title='bbox 2083 5451 2328 5508; x_wconf 89' lang='lat' dir='ltr'>concilio</span> <span class='ocrx_word' id='word_1_777' title='bbox 2351 5469 2384 5507; x_wconf 90' lang='lat' dir='ltr'>a</span> <span class='ocrx_word' id='word_1_778' title='bbox 2407 5453 2679 5509; x_wconf 85' lang='lat' dir='ltr'>Rainerio</span> <span class='ocrx_word' id='word_1_779' title='bbox 2702 5453 3034 5526; x_wconf 58' lang='lat' dir='ltr'>apostolica</span> <span class='ocrx_word' id='word_1_780' title='bbox 3059 5455 3216 5510; x_wconf 91' lang='lat' dir='ltr'>sedis</span> <span class='ocrx_word' id='word_1_781' title='bbox 3238 5455 3428 5527; x_wconf 87' lang='lat' dir='ltr'>legato</span> <span class='ocrx_word' id='word_1_782' title='bbox 3461 5460 3733 5511; x_wconf 84' lang='lat' dir='ltr'>exaucto-</span> 
     </span>
    </p>
   </div>
   <div class='ocr_carea' id='block_1_101' title="bbox 2085 5541 3732 5613">
    <p class='ocr_par' dir='ltr' id='par_1_101' title="bbox 2085 5541 3732 5613">
     <span class='ocr_line' id='line_1_101' title="bbox 2085 5541 3732 5613; baseline 0.004 -19"><span class='ocrx_word' id='word_1_783' title='bbox 2085 5545 2246 5596; x_wconf 89' lang='lat' dir='ltr'>ratus</span> <span class='ocrx_word' id='word_1_784' title='bbox 2265 5541 2392 5610; x_wconf 90' lang='lat' dir='ltr'>fuit,</span> <span class='ocrx_word' id='word_1_785' title='bbox 2418 5542 2693 5613; x_wconf 88' lang='lat' dir='ltr'>cumjam</span> <span class='ocrx_word' id='word_1_786' title='bbox 2715 5541 3068 5610; x_wconf 80' lang='lat' dir='ltr'>Richardus,</span> <span class='ocrx_word' id='word_1_787' title='bbox 3101 5561 3161 5599; x_wconf 91' lang='lat' dir='ltr'>re</span> <span class='ocrx_word' id='word_1_788' title='bbox 3195 5545 3266 5600; x_wconf 87' lang='lat' dir='ltr'>ad</span> <span class='ocrx_word' id='word_1_789' title='bbox 3300 5544 3600 5600; x_wconf 89' lang='lat' dir='ltr'>Urbanum</span> <span class='ocrx_word' id='word_1_790' title='bbox 3631 5545 3732 5600; x_wconf 87' lang='lat' dir='ltr'>de-</span> 
     </span>
    </p>
   </div>
   <div class='ocr_carea' id='block_1_102' title="bbox 2083 5628 3733 5704">
    <p class='ocr_par' dir='ltr' id='par_1_102' title="bbox 2083 5628 3733 5704">
     <span class='ocr_line' id='line_1_102' title="bbox 2083 5628 3733 5704; baseline 0.004 -20"><span class='ocrx_word' id='word_1_791' title='bbox 2083 5628 2220 5699; x_wconf 85' lang='lat' dir='ltr'>lata,</span> <span class='ocrx_word' id='word_1_792' title='bbox 2274 5629 2596 5704; x_wconf 90' lang='lat' dir='ltr'>apostolica</span> <span class='ocrx_word' id='word_1_793' title='bbox 2649 5629 2940 5704; x_wconf 88' lang='lat' dir='ltr'>legatione</span> <span class='ocrx_word' id='word_1_794' title='bbox 2994 5631 3282 5704; x_wconf 89' lang='lat' dir='ltr'>spoliatus</span> <span class='ocrx_word' id='word_1_795' title='bbox 3340 5633 3569 5690; x_wconf 89' lang='lat' dir='ltr'>fuisset.</span> <span class='ocrx_word' id='word_1_796' title='bbox 3604 5634 3733 5690; x_wconf 66' lang='lat' dir='ltr'>Haec</span> 
     </span>
    </p>
   </div>
   <div class='ocr_carea' id='block_1_103' title="bbox 2084 5717 3762 5802">
    <p class='ocr_par' dir='ltr' id='par_1_103' title="bbox 2084 5717 3762 5802">
     <span class='ocr_line' id='line_1_103' title="bbox 2084 5717 3762 5802; baseline 0.001 -22"><span class='ocrx_word' id='word_1_797' title='bbox 2084 5719 2282 5782; x_wconf 84' lang='lat' dir='ltr'>omnia</span> <span class='ocrx_word' id='word_1_798' title='bbox 2311 5719 2594 5782; x_wconf 85' lang='lat' dir='ltr'>discimus</span> <span class='ocrx_word' id='word_1_799' title='bbox 2633 5736 2702 5780; x_wconf 84' lang='lat' dir='ltr'>ex</span> <span class='ocrx_word' id='word_1_800' title='bbox 2739 5717 2918 5782; x_wconf 84' lang='lat' dir='ltr'>veteri</span> <span class='ocrx_word' id='word_1_801' title='bbox 2945 5719 3206 5783; x_wconf 83' lang='lat' dir='ltr'>Historia</span> <span class='ocrx_word' id='word_1_802' title='bbox 3254 5721 3762 5802; x_wconf 64' lang='lat' dir='ltr'>Compostellana.</span> 
     </span>
    </p>
   </div>
  </div>
