3972 6418
190 435 286 521 ιι.

1789 428 2001 494 VITA.

192 534 460 622 Ecclesiae
491 581 620 639 quae
652 564 817 633 initio
848 563 1045 623 saeculi
1077 561 1429 633 duodecimi,
1475 564 1720 636 jubente
1751 563 1840 620 al-
1869 564 2133 649 Aquam
2182 564 2441 638 regebat,
2502 563 2904 621 reverentiam.
2965 564 3112 621 Hinc
3168 565 3367 622 statim
3413 524 3613 649 eidem;

190 660 312 711 tero
346 655 607 727 ‘Didaco,
679 655 870 729 primo
940 653 1339 728 Compostellce
1413 653 1846 726 archiepiscopo

189 743 409 817 scripta
440 747 530 801 est
559 761 594 800 a
614 743 861 801 Geraldo
893 744 1021 816 ejus
1053 742 1355 800 familiari.
1388 744 1470 799 Ex
1500 743 1608 799 hac
1656 743 1848 799 Histo-

189 833 275 889 ria
305 850 376 890 ea
406 851 534 907 quze
566 834 643 890 ad
670 828 796 889 rem
826 837 1089 889 nostram
1122 832 1418 907 pertinent
1444 832 1763 890 referemus
1787 832 1847 888 in

188 922 526 999 Appendice
554 927 826 996 excerpta
851 939 1003 999 anno
1030 923 1169 978 1703
1217 938 1284 978 ex
1315 922 1442 978 cod.
1476 938 1590 979 ms.
1633 921 1847 978 doctis-

192 1011 328 1068 simi
380 1012 634 1069 Ferrerze
667 1011 822 1085 apud
854 1011 1171 1068 Madritum
1203 1009 1555 1084 parochialis
1593 1009 1848 1067 ecclesias

189 1100 460 1168 rectoris,
512 1118 547 1157 a
574 1100 699 1167 viro
745 1100 818 1156 cl.
868 1100 1092 1171 Joanne
1119 1104 1195 1157 Le
1223 1099 1429 1168 Grand,
1463 1115 1599 1155 cum
1631 1103 1787 1155 esset
1815 1117 1849 1155 a

188 1189 429 1247 secretis
457 1182 860 1247 illustrissimo
886 1189 1081 1261 abbati
1111 1190 1349 1255 Estrzeo,
1383 1187 1482 1262 qui
1526 1193 1651 1244 tum
1683 1187 1846 1244 Chri-

187 1279 537 1346 stianissimi
572 1279 729 1352 regis
760 1277 1052 1353 legatione
1079 1279 1152 1334 ad
1192 1277 1532 1351 Philippum
1562 1275 1611 1331 V
1639 1276 1848 1350 Hispa-

188 1368 424 1424 niarum
456 1384 652 1441 regem
682 1367 741 1422 in
767 1383 836 1423 ea
863 1368 1007 1424 urbe
1037 1367 1408 1442 fungebatur.

256 1461 418 1513 Inter
447 1461 655 1513 caetera
681 1473 817 1514 vero
849 1472 977 1529 qua:
1007 1473 1075 1513 ex
1117 1455 1321 1513 eadem
1369 1455 1624 1512 Historia
1670 1454 1847 1512 disci-

187 1563 344 1617 mus,
377 1544 524 1613 illud
557 1562 698 1602 sane
727 1545 1134 1602 observatione
1158 1545 1405 1619 dignum
1429 1549 1518 1601 est
1537 1545 1691 1617 quod
1713 1545 1849 1601 inde

192 1634 359 1692 facile
391 1633 584 1709 colligi
618 1634 803 1708 possit
833 1651 949 1707 quo
980 1639 1240 1708 tempore
1272 1633 1627 1690 celebratum
1672 1633 1849 1691 fuerit

128 1762 135 1768 -
191 1722 508 1791 concilium
534 1714 924 1788 Fussellense,
957 1722 1132 1780 variis
1163 1722 1533 1796 temporibus
1554 1724 1850 1779 ad'aucto-

192 1813 359 1869 ribus
400 1813 679 1887 Hispanis
709 1813 1097 1887 assignatum.
1157 1812 1285 1869 Non
1316 1812 1473 1869 enim
1504 1812 1576 1868 ab
1627 1828 1847 1868 annum

196 1903 627 2019 1l35krevoqari
658 1904 848 2019 debft,
870 1907 933 2019 ut
955 1901 1630 2019 putarit.Sandovplli.us,
1653 1905 1755 1958 aut
1774 1902 1847 1958 ad
1874 1938 1923 2019 Β

186 1991 488 2057 Paschalis
522 1992 571 2047 II
599 1991 1028 2067 pontiﬁcatum,
1058 1995 1127 2048 ut
1143 1992 1337 2047 visum
1370 1994 1459 2047 est
1488 1991 1597 2065 piae
1620 2007 1839 2048 memo-

188 2080 284 2137 riae
315 2080 602 2147 cardinali
632 2081 833 2154 Aguiri
866 2080 1087 2138 ordinis
1130 2080 1489 2137 Benedictini
1519 2079 1839 2154 splendori,

1957 654 2280 727 primatum
2310 654 2369 710 in
2401 658 2639 710 caeteras
2668 652 3084 733 Hispaniarum
3112 652 3399 712 Ecclesiae
3424 654 3605 712 Urba-

1959 760 2073 800 nus
2105 743 2372 813 contulit,
2410 744 2548 801 data
2577 742 2740 800 bulla
2783 743 3060 817 Anagnia
3107 744 3310 802 Idibus
3340 744 3606 803 Octobris

1956 831 2137 904 hujus
2158 831 2316 900 anni,
2351 833 2411 888 in
2444 850 2561 906 qua
2579 831 2743 906 pallii
2775 832 3168 906 privilegium,
3200 836 3257 891 et
3278 832 3604 909 primatum

1956 921 2017 976 in
2047 921 2347 994 Hispaniis
2378 938 2440 978 se
2469 922 2519 978 ei
2551 922 2814 978 conferre
2844 921 3120 992 declarat,
3155 922 3231 979 ad
3267 922 3327 978 id
3349 923 3613 996 precibus

1956 1010 2216 1083 [Ide/misi
2264 1013 2409 1081 regis
2483 998 2785 1078 excitatus,
2863 1012 2935 1068 ob
2994 1011 3264 1085 antiquas
3331 1011 3605 1071 Ecclesia

1958 1099 2247 1156 Toletanis
2277 1100 2709 1173 praerogativae.
2742 1103 2867 1168 Qua
2896 1101 2967 1157 de
2987 1117 3049 1157 re
3078 1118 3195 1159 non
3214 1117 3411 1177 regem
3426 1102 3605 1179 modo

1957 1192 2059 1244 aut
2087 1188 2389 1265 Hugonem
2420 1184 2710 1259 abbatem,
2743 1191 2845 1247 sed
2868 1190 3044 1247 etiam
3069 1190 3373 1249 universos
3391 1191 3602 1265 Hispa-

1957 1278 2191 1334 niarum
2213 1279 2682 1353 archiepiscopos
2712 1280 2987 1337 certiores
3018 1280 3171 1337 fecit.
3205 1279 3451 1357 Litteras
3468 1296 3606 1338 vero

1958 1384 2107 1440 quas
2136 1367 2317 1438 hujus
2346 1366 2429 1423 rei
2458 1383 2638 1425 causa
2695 1367 2930 1440 scripsit
2973 1367 3254 1442 pontifex,
3282 1368 3393 1426 etsi
3448 1367 3607 1426 notis

1957 1454 2388 1529 chronologicis
2433 1460 2686 1525 careant,
2737 1457 2809 1513 ad
2857 1457 3016 1514 hunc
3065 1472 3287 1535 annum
3316 1457 3607 1531 pertinere

1957 1562 2129 1602 nemo
2158 1562 2273 1601 non
2327 1545 2504 1601 videt.
2562 1545 2938 1602 Praemissum
2987 1545 3277 1604 Toletanse
3335 1546 3605 1604 Ecclesia!

1958 1632 2324 1708 privilegium
2354 1633 2413 1689 in
2444 1635 2776 1707 Appendice
2806 1634 3001 1691 locum
3051 1635 3311 1703 habebit,
3367 1635 3520 1692 sicut
3547 1638 3608 1694 et

1957 1722 2216 1796 Gregorii
2246 1723 2316 1779 IX
2344 1724 2415 1779 de
2443 1723 2647 1780 eadem
2678 1738 2738 1780 re
2769 1723 3117 1798 rescriptum
3147 1725 3220 1781 ad
3252 1723 3604 1781 Rodericum

1955 1813 2299 1869 Tcletanum
2332 1812 2862 1887 archiepiscopum,
2897 1814 2995 1887 qui
3030 1812 3468 1888 privilegiorum
3495 1813 3602 1870 Ec-

1957 1900 2143 1957 clesize
2174 1918 2294 1958 suae
2323 1901 2680 1974 exemplaria
2711 1918 2820 1959 sua
2849 1901 3191 1960 authentica
3218 1902 3291 1959 ab
3313 1919 3380 1960 eo
3409 1900 3604 1976 ponti-

1952 1989 2060 2046 ﬁce
2118 1988 2535 2062 postulaverat.
2598 1992 2762 2063 Ipsas
2814 1994 3012 2065 autem
3067 1989 3293 2048 litteras
3348 1990 3607 2065 edendas

1950 2078 2343 2151 relinquimus
2358 2078 2651 2136 laborioso
2673 2079 3017 2152 eruditoque
3037 2079 3469 2153 pontificiarum
3490 2077 3609 2157 epil-

189 2171 330 2244 quid
353 2169 501 2227 illud
531 2186 667 2235 cum
698 2168 1000 2226 Palentino
1030 2169 1086 2226 in
1112 2187 1249 2243 quo,
1278 2173 1344 2225 ut
1372 2168 1588 2242 legitur
1615 2169 1676 2225 in
1707 2169 1842 2225 Vita
1955 2167 2237 2224 stolarum
2271 2166 2587 2240 collectori,
2632 2184 2706 2225 ne
2736 2167 2981 2241 repetita
3010 2168 3227 2242 saepius
3264 2168 3607 2226 earumdem

186 2259 341 2316 beati
374 2258 627 2328 Geraldi,
660 2259 969 2317 recitatum
1001 2258 1112 2315 fuit
1144 2259 1554 2329 Braccarensis
1573 2257 1840 2315 Ecclesiae
1949 2273 2149 2313 rerum
2181 2257 2437 2315 editione
2458 2256 2730 2314 litteratis
2754 2256 3037 2315 librorum
3058 2258 3424 2332 emptoribus
3444 2256 3608 2316 oneri

184 2348 583 2422 privilegium,
614 2349 911 2406 confudit:
932 2349 1032 2405 sed
1057 2365 1211 2405 anno
1234 2349 1373 2404 1088
1394 2348 1716 2414 desinente,
1741 2350 1844 2403 aut
1915 2409 1919 2412 ,
1952 2347 2163 2403 simus.

184 2437 488 2511 sequentis
515 2437 680 2494 initio
712 2437 1071 2505 celebratum
1103 2427 1287 2505 fuisse
1317 2437 1430 2493 dici
1463 2436 1651 2493 debet.
1691 2436 1840 2493 Nam
1948 2435 2197 2492 XXXIII.
2249 2434 2504 2492 Artaldus
2534 2436 2851 2494 Helenenszk
2881 2437 2950 2493 ab
2979 2437 3192 2511 Urbano
3232 2438 3600 2495 consecratur.

185 2528 389 2593 Petrus
416 2526 619 2595 abbas,
653 2526 753 2599 qui
785 2526 914 2599 ejus
938 2525 1168 2595 concilii
1198 2529 1480 2600 tempore,
1512 2530 1615 2582 aut
1633 2525 1840 2583 saltem
2021 2524 2276 2582 Emersit
2295 2525 2450 2581 circa
2475 2523 2626 2581 illud
2654 2529 2890 2601 tempus
2918 2525 3519 2607 graviscontroversia
3538 2525 3600 2581 in

184 2617 383 2673 statim
415 2621 593 2689 atque
624 2616 860 2683 ﬁnitum
892 2616 1022 2685 fuit,
1086 2616 1365 2672 Iriensem
1396 2615 1714 2671 Ecclesium
1745 2632 1840 2671 oc-
1949 2614 2249 2688 provincia
2268 2614 2631 2671 Narbonensi
2659 2615 2813 2672 inter
2834 2615 3139 2689 Artaldum
3169 2616 3420 2672 electum
3439 2614 3601 2672 Hele-

184 2704 439 2778 cupavit,
473 2709 609 2778 post
642 2705 790 2762 duos
830 2704 1136 2777 regiminis
1191 2721 1378 2761 annos
1434 2708 1843 2761 exauctoratus
1951 2720 2194 2760 nensem
2226 2702 2565 2776 episcopum
2596 2708 2654 2760 et
2681 2703 3036 2761 Dalmatium
3057 2705 3186 2777 ejus
3206 2702 3600 2783 metropolita-

189 2794 247 2849 fu
262 2795 307 2850 it
330 2812 365 2850 a
398 2794 645 2861 Renerio
674 2793 865 2866 legato
898 2794 1054 2851 sedis
1105 2793 1455 2867 apostolicae,
1490 2794 1546 2849 in
1599 2791 1844 2851 concilio
1954 2810 2119 2860 num,
2153 2793 2253 2865 qui
2285 2809 2420 2849 eum
2445 2795 2518 2849 ob
2535 2792 2804 2850 Bimoniae
2824 2793 3220 2868 suspicionem
3257 2808 3600 2852 consecraue

190 2883 560 2956 Legionensi,
587 2884 743 2957 quod
769 2900 837 2939 ex
866 2883 1132 2939 omnium
1186 2900 1474 2939 consensu
1522 2900 1676 2939 anno
1706 2882 1836 2939 4091

191 2970 529 3045 consignari
559 2972 1062 3043 debet.,Ejusdem
1093 2970 1302 3029 veteris
1336 2972 1702 3029 monumenti
1740 2988 1848 3045 ope

205 3059 457 3116 multum
506 3058 881 3117 illustrantur
927 3058 1150 3134 aliquot
1195 3059 1413 3117 Urbani
1458 3060 1735 3133 epistolae,
1788 3061 1850 3117 in

205 3149 424 3223 quibus
450 3148 711 3223 pontifex
754 3149 1128 3206 vehementer
1155 3149 1534 3223 conqueritur
1561 3151 1714 3223 apud
1756 3150 1853 3206 Al-

204 3240 438 3296 fcnsum
470 3254 689 3311 regem,
720 3236 791 3295 de
822 3239 1155 3311 captivitate
1184 3241 1424 3311 episcopi
1449 3242 1630 3295 sancti
1644 3240 1852 3308 Jacobi,

1955 2882 2258 2939 renuebat.
2285 2880 2562 2938 Artaldus
2591 2881 2744 2939 hanc
2777 2882 3074 2956 repulsam
3121 2898 3335 2957 passus
3359 2881 3607 2961 Romam

1959 2972 2120 3040 adiit,
2182 2971 2380 3044 ibique
2429 2972 2687 3044 prmstito
2745 2976 3109 3029 sacramento
3164 2969 3479 3046 purgatus,
3532 2970 3609 3028 ab

1960 3060 2193 3117 Urbano
2215 3060 2343 3132 ipso
2356 3065 2730 3117 consecratus
2759 3064 2867 3118 est.
2890 3062 2953 3117 Id
2979 3059 3192 3132 fusius,
3214 3060 3301 3117 uti
3323 3060 3610 3133 conjicere

1961 3148 2117 3217 licet,
2147 3148 2504 3221 descriptum
2538 3153 2663 3205 erat
2688 3149 2750 3206 in
2779 3149 2999 3208 Urbani
3030 3149 3245 3222 Gestis,
3281 3166 3352 3207 ex
3393 3148 3611 3224 quibus

1964 3254 2244 3295 canonem
2266 3238 2541 3295 Artaldus
2572 3238 2632 3295 in
2664 3256 2842 3296 suum
2873 3239 3171 3296 decretum
3189 3238 3501 3296 Gratianus
3527 3237 3614 3295 in-

201 3344 268 3383 ac
299 3327 369 3384 de
395 3328 658 3400 ejusdem
693 3326 1001 3402 illegitima
1030 3329 1519 3397 exauctoratione,
1552 3346 1587 3384 a
1615 3328 1849 3385 Richar-
1879 3312 1922 3380 C
1959 3327 2112 3384 vexit
2132 3329 2185 3393 8,
2219 3342 2274 3399 q.
2305 3327 2364 3398 3,
2396 3345 2445 3382 c.
2477 3330 2536 3397 2,
2568 3328 2667 3383 ubi
2698 3326 2796 3385 ille
2841 3327 3144 3395 mendose,
3192 3328 3279 3384 uti
3321 3327 3609 3398 dicemus,

199 3416 275 3474 do
306 3421 511 3473 contra
540 3415 776 3490 regulas
807 3421 1109 3474 attentala.
1144 3418 1289 3474 Hinc
1338 3416 1514 3473 etiam
1565 3417 1853 3475 discimus
1961 3418 2239 3489 episcOpus
2292 3417 2624 3473 Arelatensis
2700 3417 3045 3491 appellatur.
3106 3417 3187 3474 De
3245 3434 3361 3491 quo
3418 3430 3613 3474 errore

195 3522 306 3565 cur
332 3505 625 3572 Urbanus,
661 3505 856 3562 ablata
887 3506 1178 3573 Richardo
1200 3507 1512 3580 legatione,
1532 3506 1690 3564 vices
1713 3524 1853 3564 suas
1961 3522 2094 3561 cum
2129 3505 2224 3559 hic
2255 3521 2440 3560 canon
2473 3506 2546 3561 ad
2572 3505 2870 3579 Urbanum
2895 3504 3164 3563 nostrum
3186 3509 3426 3580 spectet,
3442 3506 3614 3579 juvat

192 3595 256 3650 in
288 3594 583 3675 Hispania
604 3595 899 3652 Bernardo
926 3594 1204 3653 Toletano
1235 3596 1486 3652 antistiti
1537 3597 1853 3653 commise-
1960 3595 2055 3650 hic
2086 3594 2260 3667 paulo
2291 3595 2621 3650 accuratius
2651 3594 2967 3666 inquirere.
2992 3596 3339 3653 Franciscus
3358 3596 3615 3669 Bosque-

190 3685 290 3741 rit.
324 3688 539 3745 Caetera
570 3685 695 3747 suis
725 3683 869 3741 locis
899 3689 1279 3757 exponentur.

260 3774 408 3830 Cum
437 3773 637 3846 itaque
668 3773 760 3829 his
780 3772 970 3839 turbis
991 3773 1256 3830 Ecclesiae
1281 3773 1533 3830 Gallicis:
1564 3774 1851 3848 agitaren-

186 3867 314 3932 tur,
370 3863 704 3919 Bernardus
761 3863 881 3934 iam
932 3867 1308 3920 consecratus
1379 3862 1563 3920 Toleti
1623 3863 1848 3937 episco-

189 3969 327 4027 pus,
357 3956 427 4008 ut
472 3950 734 4025 plerique
788 3951 1144 4021 existimant,
1201 3953 1354 4025 quod
1412 3952 1649 4025 quidem
1699 3953 1848 4009 veri-

188 4039 453 4107 similius
479 4044 586 4109 est,
621 4043 723 4097 aut
769 4044 922 4107 certe
951 4039 1322 4109 solummodo
1355 4041 1426 4097 ad
1465 4041 1618 4098 hanc
1647 4042 1847 4099 sedem

186 4129 560 4202 designatus,
625 4129 699 4197 si,
755 4133 823 4186 ut
877 4129 975 4186 alii
1034 4129 1257 4194 volunt,
1312 4147 1515 4186 verum
1577 4131 1655 4186 sit
1710 4148 1845 4187 eum

188 4220 264 4275 ab
326 4217 583 4287 Urbano,
637 4220 794 4291 quod
852 4220 979 4292 ipse
1032 4236 1358 4291 numquam
1416 4220 1582 4287 dixit,
1641 4236 1844 4277 conse-

188 4312 423 4365 cratum
480 4307 684 4375 fuisse,
763 4309 1009 4364 Romam
1065 4309 1226 4365 venit
1280 4309 1563 4367 adversus
1604 4309 1845 4365 Richar-

186 4398 356 4465 dum,
418 4395 468 4453 si
528 4396 808 4453 Roderico
864 4397 1143 4455 Toletano
1201 4398 1531 4465 credamus,
1592 4415 1843 4472 conque-

187 4489 417 4553 sturus,
466 4485 578 4554 vel,
611 4489 677 4540 ut
705 4484 837 4541 aliis
879 4485 1092 4559 placet,
1147 4488 1219 4542 ad
1266 4486 1557 4543 visitanda
1611 4491 1843 4562 aposto-

186 4572 384 4630 lorum
439 4572 665 4641 limina,
697 4578 756 4631 et
781 4578 849 4631 ut
888 4572 1179 4649 ‘obsequia
1225 4591 1333 4632 sua
1362 4593 1507 4632 novo
1560 4576 1840 4650 pontifici,

1962 3686 2056 3738 tus
2077 3682 2317 3739 meritos
2349 3682 2720 3755 reprehendit
2750 3683 3009 3739 Gratiani
3031 3684 3303 3752 editores,
3337 3685 3489 3757 quod
3504 3700 3611 3758 pro

1957 3771 2308 3841 Arelatensis,
2368 3769 2681 3844 legendum
2729 3788 2858 3829 esse
2904 3772 3197 3829 Electensis
3251 3772 3608 3841 censuerint,

1958 3877 2116 3929 cum,
2150 3859 2362 3933 inquit,
2387 3865 2615 3917 certum
2638 3861 2716 3917 sit
2744 3860 3104 3918 Electensem
3134 3859 3477 3932 Ecclesiam,
3497 3859 3609 3919 etsi

1956 3950 2320 4006 Narbonensi
2371 3949 2678 4023 provincia:
2726 3951 2800 4008 ab
2848 3950 3014 4007 initio
3072 3951 3420 4024 subjectam,
3473 3954 3609 4010 ante

1956 4038 2200 4096 Joannis
2229 4039 2378 4095 XXII
2431 4041 2699 4112 tempora
2752 4039 3071 4114 episcopali
3119 4039 3289 4098 titulo
3337 4044 3607 4100 ornatam

1956 4143 2072 4183 non
2105 4127 2308 4184 fuisse.
2340 4130 2412 4184 At
2441 4128 2667 4186 caeteris
2688 4128 2910 4186 felicior
2937 4146 3053 4186 non
3084 4129 3198 4185 fuit
3222 4128 3313 4185 vir
3337 4129 3607 4188 eruditus

1954 4215 2015 4271 in
2044 4216 2282 4291 vulgata
2327 4217 2573 4295 lectione
2624 4219 3072 4291 propugnanda,
3127 4234 3309 4293 quam
3365 4219 3604 4278 retineri

1954 4304 2163 4361 debere
2192 4307 2511 4375 contendit,
2545 4308 2611 4362 ut
2638 4306 2774 4363 inde
2803 4308 3077 4380 probaret
3103 4307 3468 4366 Arelatenses
3486 4309 3610 4382 epi-

1954 4410 2161 4468 scopcs
2221 4394 2359 4451 olim
2391 4396 2756 4453 Narbonensi
2812 4396 3262 4470 metropolitano
3307 4398 3606 4472 subjectos

1953 4483 2155 4540 fuisse.
2188 4484 2417 4540 Etenim
2447 4502 2551 4541 nec
2578 4485 2933 4543 Arelatensis
2961 4485 3219 4544 Ecclesia
3236 4503 3500 4562 unquam
3529 4487 3605 4547 ad

1951 4571 2307 4645 provinciam
2338 4577 2439 4629 aut
2467 4574 2785 4646 primatum
2815 4574 3252 4634 Narbonensem
3299 4576 3602 4657 pertinuit,

183 4664 307 4721 sive
362 4660 465 4719 ille
521 4663 696 4720 fuerit
740 4663 957 4732 Victor,
1008 4669 1075 4720 ut
1129 4665 1373 4736 quidam
1432 4664 1658 4733 dicunt,
1722 4666 1842 4721 sive
1872 4683 1920 4749 ῃ
1949 4678 2055 4717 nec
2085 4661 2238 4718 inter
2266 4661 2636 4720 Arelatenses
2665 4664 2970 4739 episcopos
2996 4665 3272 4723 Artaldus
3314 4666 3472 4725 ullus
3500 4668 3601 4725 us-

191 4768 505 4815 successor
531 4752 661 4825 ejus
719 4750 1011 4823 Urbanus,
1045 4754 1202 4826 quod
1234 4754 1425 4827 magis
1454 4753 1685 4811 videtur
1737 4772 1841 4811 an-

185 4841 373 4915 tiquis
432 4842 832 4899 monumentis
903 4845 1383 4910 consentaneum,
1440 4843 1723 4900 deferret:
1776 4861 1843 4900 eo

183 4930 365 4987 etiam
394 4930 738 4987 intendebat
766 4934 833 4986 ut
866 4948 935 4987 ea
990 4931 1296 4988 occasione
1326 4933 1706 5005 antiquorum
1740 4933 1841 4988 Ec-

184 5019 375 5083 clesiae
406 5019 699 5076 Toletanis
730 5019 1165 5094 privilegiorum
1200 5020 1488 5077 obtineret
1518 5021 1839 5078 restitutio-

187 5126 321 5165 nem
350 5128 364 5165 :
396 5110 549 5184 quod
585 5108 777 5183 coiligi
811 5114 1024 5183 potest,
1087 5110 1204 5166 imo
1236 5110 1450 5167 diserte
1506 5110 1754 5167 habetur
1782 5112 1842 5166 in

192 5197 413 5253 Urbani
471 5196 752 5271 epistolis.
805 5198 968 5253 Certe
1018 5197 1381 5253 Bernardum
1439 5215 1574 5255 cum
1632 5196 1842 5253 litteris

188 5286 686 5343 commendatitiis
714 5285 938 5343 Alfonsi
961 5286 1115 5360 regis
1143 5286 1474 5343 venientem
1498 5287 1747 5359 benigne
1768 5288 1838 5342 ab

185 5373 419 5432 Urbano
441 5379 747 5449 exceptum
767 5375 952 5433 fuisse
970 5379 1226 5432 testatur
1256 5376 1381 5449 ipse
1409 5376 1564 5432 idem
1583 5376 1841 5447 pontifex

184 5464 245 5520 in
277 5464 527 5538 epistola
556 5465 629 5521 ad
679 5465 951 5522 eumdem
1010 5481 1228 5538 regem,
1290 5467 1390 5537 qui
1449 5466 1508 5521 in
1539 5466 1722 5522 altera
1765 5466 1837 5523 ad

182 5552 492 5627 Hugonem
523 5552 990 5622 Cluniacensem,
1024 5553 1106 5610 ait
1137 5555 1500 5611 Bernardum
1533 5572 1568 5611 a
1599 5571 1662 5611 se
1690 5571 1838 5611 reve-

178 5651 368 5700 renter
394 5644 582 5701 fuisse
626 5651 931 5717 exceptum,
962 5648 1090 5700 tum
1116 5643 1190 5700 ob
1222 5643 1352 5716 ejus
1382 5643 1841 5701 commendatio-

176 5749 337 5806 nem,
369 5738 503 5793 tum
534 5732 608 5791 ob
637 5732 827 5807 ipsius
876 5731 1181 5808 Bernardi,
1214 5736 1273 5791 et
1321 5732 1481 5794 sedis
1529 5732 1837 5809 Toletanaa,

500 5860 769 5934 Panos.
812 5860 960 5933 GLI.

1952 4768 2129 4824 quam
2160 4755 2539 4807 memoratur.
2572 4751 2702 4809 Alia
2720 4753 2917 4825 itaque
2936 4753 3224 4811 solvendis
3243 4755 3423 4829 hujus
3445 4755 3601 4814 difﬁ-

1951 4840 2186 4896 cultatis
2215 4839 2309 4895 via
2338 4839 2596 4896 ineunda
2615 4845 2724 4910 est,
2747 4856 2924 4913 quam
2944 4841 3175 4900 videtur
3192 4843 3485 4902 invenisse
3512 4845 3604 4902 vir

1951 4930 2023 4985 cl.
2051 4929 2382 5003 Stephanus
2415 4928 2685 4987 Baluzius
2716 4930 2776 4987 in
2816 4931 3034 4988 additis
3090 4933 3162 5008 ad
3195 4932 3412 4991 librum
3452 4951 3489 4992 v
3517 4935 3600 4994 De

1950 5019 2261 5076 concordia
2290 5018 2597 5075 sacerdotii
2629 5025 2687 5076 et
2716 5020 2944 5094 imperii
2977 5039 3103 5096 cap.
3130 5023 3217 5094 41,
3268 5024 3368 5079 ubi
3400 5030 3601 5083 monet

1952 5109 2263 5182 legendum
2314 5126 2440 5166 esse
2470 5108 2527 5163 in
2577 5108 2688 5165 hoc
2719 5127 2942 5169 canone
2988 5111 3244 5170 Artaldus
3298 5112 3604 5173 Elenensis

1952 5200 2253 5270 episcopus,
2281 5197 2622 5255 Helenensis
2653 5198 2870 5273 quippe
2884 5200 3139 5259 Ecclesia
3157 5205 3298 5259 tunc
3312 5202 3597 5276 temporis

1949 5288 2213 5359 subjecta
2234 5293 2358 5344 erat
2377 5288 2681 5361 metropoli
2701 5288 3086 5348 Narbonensi.
3102 5293 3172 5348 Et
3191 5292 3430 5366 quidem
3455 5296 3597 5351 tunc

1945 5377 2175 5433 vivebat
2200 5377 2498 5448 Artaldus,
2531 5378 2632 5451 qui
2662 5378 3005 5437 Elenensem
3039 5382 3236 5439 sedem
3266 5397 3332 5439 eo
3381 5382 3596 5440 seculo

1948 5465 2249 5523 desinente
2278 5468 2484 5537 tenuit,
2514 5472 2578 5524 ut
2606 5469 2988 5525 confirmatur
3018 5486 3086 5526 ex
3116 5471 3211 5529 his
3235 5472 3429 5530 verbis
3459 5472 3595 5530 libri

1946 5572 2004 5610 IV
2035 5554 2239 5610 Marcae
2271 5554 2619 5626 Hispanicae,
2642 5557 2844 5614 Artalli
2861 5558 3016 5614 electi
3031 5560 3270 5632 episcopi
3282 5561 3596 5618 Helenam:

1945 5646 2154 5700 mentio
2182 5645 2245 5715 ﬁl
2272 5660 2329 5700 v1
2359 5644 2492 5701 Idus
2520 5647 2673 5714 Maii,
2714 5664 2862 5704 anno
2889 5649 2961 5705 2'7
3012 5655 3281 5721 regnante
3333 5651 3594 5725 Philippo

1945 5749 2094 5812 rege.
2125 5734 2234 5806 Qui
2265 5733 2505 5817 quidem
2565 5735 2821 5815 Philippi
2849 5755 3041 5799 annus
3089 5738 3141 5798 si
3170 5756 3206 5799 a
3249 5742 3435 5818 patris
3463 5742 3595 5823 ejus
