3972 6442
483 499 564 556 47
1777 499 1849 563 Β.
1893 495 2191 564 ΗΒΒΑΜ

2233 497 2290 562 Π
2331 497 2589 563 ΡΑΡᾸΕ.
3800 487 3888 556 ιι

486 633 614 684 tum
645 627 884 684 viventis
913 630 1247 700 auctoritas,
1280 619 1381 706 qui
1419 630 1573 688 hanc
1597 630 1844 713 cladem
1889 620 2135 690 Henrico
2161 633 2218 701 Α
2248 632 2443 714 Sancti
2471 620 2722 689 Joannis
2751 631 2811 687 in
2829 629 3050 700 Vincis,
3071 629 3238 688 editas
3269 627 3596 686 secundum
3625 623 3887 700 regulam

487 717 710 774 illatam
742 717 834 774 bis
865 724 1304 788 commemorat,
1338 721 1455 776 sub.
1479 710 1654 776 ﬁnem
1693 737 1904 795 nempe
1952 722 2134 794 hujus

489 805 628 862 anni
658 810 716 862 et
745 807 1044 880 sequentis
1075 807 1261 880 initio,
1286 809 1442 884 quod
1473 827 1579 884 pro
1611 827 1772 868 more
1791 828 1898 868 suo
1921 827 1955 866 a
1975 811 2136 867 Chri-

490 895 563 951 sti
597 895 890 952 Natalium
930 896 1241 954 festivitate
1298 900 1523 972 repetit.
1583 899 1758 956 Porro
1806 899 2132 963 victoriam.

485 1000 664 1057 quam
694 999 764 1040 ea
777 985 1082 1042 occasione
1105 986 1490 1044 Ekkehardus
1509 987 1770 1044 marchio
1799 989 1870 1044 de
1887 987 2134 1044 Henrico

482 1074 822 1147 reportavit,
870 1077 1095 1131 tantam
1149 1075 1334 1133 fuisse
1379 1081 1670 1133 asseverat
1709 1075 2038 1147 Bertol-dus,
2070 1081 2136 1133 ut

481 1161 820 1235 imperator,
879 1163 1122 1236 perditis
1178 1163 1473 1238 regalibus
1528 1164 1882 1239 insignibus,
1929 1164 2023 1220 vix
2062 1165 2133 1220 de

482 1251 760 1308 manibus
817 1252 1254 1324 insequentium
1314 1257 1568 1325 ereptus,
1601 1271 1632 1310 e
1677 1249 2010 1326 Thuringia'
2029 1254 2130 1310 ubi

482 1337 780 1396 Gleicham
799 1357 992 1397 arcem
1006 1340 1702 1416 obsidebat,Banbergam
1723 1359 1911 1414 usque
1932 1343 2132 1414 fugere

481 1432 720 1486 coactus
753 1429 946 1496 fuerit,
979 1429 1177 1502 ibique
1189 1429 1484 1486 Natalium
1512 1429 1725 1486 Christi
1755 1429 2127 1487 festivitatem

479 1517 701 1589 absque
732 1517 850 1573 ullo
881 1521 1162 1590 apparatu
1195 1518 1470 1588 inglorius
1494 1519 1876 1575 solemnia-are.

762 1604 868 1662 X‘L.
901 1605 1439 1680 Epistoladecreta‘lis
1469 1607 1540 1662 ad
1561 1607 1843 1663 Pibonem.

514 1723 530 1747 ς
551 1693 717 1750 Circa
741 1691 887 1750 illud
913 1698 1148 1768 tempus
1166 1695 1440 1753 Urbanus
1469 1713 1505 1752 a
1532 1688 2128 1753 Pibo'neTullensium

477 1782 567 1855 epi
577 1799 749 1856 scopo
779 1783 1035 1840 devariis
1057 1783 1250 1840 causis
1269 1785 1660 1858 interrogatus
1683 1783 2036 1840 'decretalem
2055 1785 2128 1840 ad

478 1883 612 1927 eun”:
643 1870 984 1944 epistolam,
1003 1888 1130 1928 cum
1157 1888 1422 1930 consensu
1449 1873 1735 1946 synodali:
1763 1871 2006 1938 concilii,
2041 1889 2126 1928 re-

463 1942 735 2050 r'scripsit‘,
778 1975 956 2068 quam
1006 1961 1216 2034 primis
1263 1942 1497 2018 Urbani
1531 1961 1908 2035 pontiﬁcatus
1959 1961 2132 2018 annis
2155 2001 2207 2068 Β

475 2047 758 2122 scriptam
787 2047 971 2107 fuisse
1001 2066 1147 2107 ex-eo
1164 2049 1752 2124 col-ligimus,quodin
1784 2067 1852 2107 ea
1872 2050 2130 2124 pontifex

475 2137 663 2210 capite
691 2140 724 2193 4
755 2139 964 2196 innuat
1003 2156 1065 2196 se
1125 2139 1330 2196 Piboni
1379 2139 1752 2213 respondere,
1811 2145 2127 2212 antequam

472 2225 662 2284 ullum
691 2227 1004 2284 concilium
1017 2228 1285 2302 generale
1310 2228 1766 2286 celebrasset.At
1789 2243 1941 2285 anno
1965 2229 2126 2298 1089,

471 2319 539 2372 ut
567 2316 742 2373 habet
769 2309 1116 2387 'Bertoldus,
1173 2307 1442 2374 Urbanus
1493 2318 1803 2390 generalem
1856 2315 2130 2391 synodum

467 2403 576 2460 H5
604 2407 984 2478 episcoporum
1030 2406 1269 2478 collegit.
1303 2407 1469 2462 Forte
1499 2402 1662 2474 Pibo,
1693 2419 1827 2462 cum
1860 2409 1994 2478 post
2019 2404 2130 2462 iter

466 2491 1024 2566 Jerosolymitanum
1054 2495 1114 2550 in
1140 2495 1496 2551 monasterio
1525 2494 1721 2551 Sancti
1757 2487 1998 2568 Benigni
2027 2493 2125 2550 Di-

465 2580 638 2638 vione
683 2571 1042 2639 monachum
1093 2573 1406 2653 induisset,
1467 2585 1540 2640 ad
1599 2583 1907 2640 ecclesiam
1951 2599 2122 2640 suam

467 2671 656 2726 redire
679 2664 854 2744 paulo
879 2676 1085 2745 postea
1093 2673 1324 2745 jussus,
1357 2672 1464 2729 bas
1498 2672 1730 2730 Urbano
1748 2666 2124 2730 dii’ﬂcultates

467 2760 790 2832 proposuit.
826 2751 938 2816 lter
961 2760 1106 2816 illud
1140 2765 1481 2834 susceperat
1508 2777 1661 2818 anno
1711 2753 1850 2817 {083
1895 2765 1956 2818 et
1977 2761 2126 2817 Tul-

466 2847 592 2904 lum
615 2849 740 2920 jam
775 2865 1040 2932 reversus
1087 2853 1211 2906 erat
1247 2865 1400 2906 anno
1429 2849 1592 2919 l088,
1645 2849 1742 2906 ubi
1796 2850 1940 2906 obiit
1969 2866 2122 2906 anno

521 3045 534 3051 *
773 3016 882 3082 XL.
916 3027 1028 3083 bis.
1067 3028 1317 3084 Urbanus
1349 3028 1528 3084 Romae
1553 3030 1820 3084 moratur.

540 3115 763 3172 Primos
794 3115 973 3188 hujus
1002 3115 1141 3172 anni
1161 3115 1344 3188 (1089)
1365 3133 1616 3184 menses,
1646 3117 1830 3174 Romae
1859 3117 1919 3172 in
1939 3117 2122 3174 insula

469 3206 534 3260 ut
562 3205 736 3260 refert
763 3204 1092 3273 Bertoldus,
1124 3205 1426 3277 quaeinter
1471 3205 1603 3260 duos
1643 3209 1836 3278 pontes
1872 3207 1980 3263 sita
2019 3215 2118 3274 est,

465 3293 750 3367 transegit
775 3294 1070 3361 Urbanus,
1101 3298 1158 3350 et
1187 3293 1426 3366 quidem
1442 3293 1536 3352 his
1567 3293 1626 3349 in
1662 3293 1950 3367 angustiis
1969 3295 2120 3368 posi-

466 3385 584 3451 tus,
617 3399 766 3456 quas
799 3383 972 3456 paulo
1005 3382 1280 3454 superius
1297 3399 1364 3436 ex
1393 3382 1682 3439 Pandulfo
1703 3400 2120 3441 commemora-
2145 3368 2190 3436 Ο

461 3470 830 3544 vimus,nihil
862 3471 1125 3527 omnimo
1141 3469 1500 3527 subtrahens
1521 3470 1778 3541 utilium,
1800 3473 2120 3546 quominus

464 3561 625 3634 gregi
683 3560 800 3616 sibi
859 3553 1178 3616 commisso
1211 3559 1270 3614 in
1323 3560 1599 3616 omnibus
1638 3563 1978 3635 prodesset;
2036 3563 2120 3620 ita

464 3651 692 3722 majora
719 3649 953 3722 negotia
978 3651 1362 3722 pertractans,
1396 3653 1461 3704 ut
1489 3654 1687 3706 tamen
1719 3667 1788 3707 ea
1818 3668 1945 3724 quae
1971 3652 2118 3708 tanti

464 3743 582 3796 non
604 3739 956 3796 videbantur
985 3754 1114 3795 esse
1169 3738 1454 3794 momenti
1506 3743 1775 3808 curaret;
1839 3756 1906 3796 ac
1934 3739 2018 3797 sic
2046 3741 2120 3799 iis

465 3845 594 3900 quas
624 3828 697 3884 ad
741 3827 1068 3884 universale
1119 3827 1392 3884 Ecclesiae
1441 3829 1700 3901 regimen
1751 3829 2122 3902 pertinebant

465 3917 748 3984 intentus,
762 3918 830 3970 ut
851 3929 969 3971 non
1000 3915 1319 3990 negligeret
1351 3915 1705 3988 privatorum
1719 3919 1974 3991 negot-ia,
1993 3933 2120 3991 qua)

467 4004 540 4061 ad
573 4019 706 4060 eum
733 4003 1152 4061 referebantur.
1167 4004 1298 4060 Haec
1315 4005 1512 4061 omnia
1522 4021 1717 4062 rerum
1736 4005 1812 4061 ab
1842 4022 1908 4062 eo
1929 4009 2120 4079 gesta-

466 4097 598 4151 rum
629 4093 808 4150 series
834 4109 969 4149 vera
997 4109 1125 4150 esse
1138 4089 1562 4166 comprobabit.
1586 4093 1774 4166 Hujus
1795 4095 1931 4150 anni
1954 4093 2122 4150 initio

464 4182 836 4256 privilegium
868 4181 1008 4237 olim
1036 4182 1434 4238 exhibendum
1477 4183 1776 4240 concessit
1824 4182 2122 4240 canonicis

463 4270 834 4344 regdlaribus
865 4271 1048 4326 sancti
1080 4271 1323 4328 Joannis
1353 4272 1424 4328 de
1452 4271 1654 4329 Vincis
1685 4273 1840 4346 apud
1857 4273 2120 4330 Suessio-

464 4377 572 4418 nas
600 4365 665 4417 'ut
693 4378 792 4418 eos
813 4362 924 4417 sub
982 4359 1314 4435 apostolicae
1356 4362 1514 4418 sedis
1567 4361 1752 4418 tutela
1795 4362 2016 4435 positos
2048 4363 2119 4418 ad

464 4450 771 4507 arctiorem
801 4441 1016 4524 regulae
1065 4465 1186 4506 suae
1241 4450 1492 4523 praxim,
1550 4465 1728 4524 quam
1777 4450 1955 4524 paulo
1984 4455 2120 4509 ante

465 4544 862 4612 susceperant,
895 4539 1084 4612 magis
1099 4555 1166 4594 ac
1179 4537 1368 4613 magis
1392 4539 1815 4596 observandam
1845 4539 2118 4597 adhorta-

464 4632 645 4685 retur:
680 4645 859 4706 quare
890 4645 1067 4700 super
1095 4627 1294 4684 omnia
1323 4629 1548 4698 statuit,
1572 4632 1636 4685 ut
1667 4631 1947 4686 canonica:
1992 4646 2119 4686 con-

461 4719 793 4786 stitutiones,
819 4719 1100 4790 perpetuis
1159 4718 1488 4791 temporibus
1535 4720 1597 4775 in
1625 4736 1828 4776 eorum
1878 4720 2119 4776 Ecclesia
2148 4739 2196 4806 Β

465 4808 819 4864 inviolabiter
835 4808 1267 4864 observarentur.
1289 4807 1406 4864 Has
1425 4807 1872 4865 constitutiones
1901 4807 2122 4866 vidisse

466 4901 523 4953 et
551 4897 906 4972 approbasse
935 4896 1206 4952 Urbanus
1242 4895 1460 4952 dicitur
1489 4897 1547 4952 in
1597 4897 1776 4954 veteri
1825 4898 1954 4970 ejus
2003 4897 2112 4954 loci

466 4985 770 5052 Chronico,
794 4987 965 5057 cujus
997 4989 1201 5040 auctor
1229 4985 1286 5040 id
1321 4987 1528 5058 probat
1557 5001 1625 5041 ex
1677 5002 1877 5042 earum
1919 4986 2112 5056 titulo,

468 5075 570 5148 qui
600 5075 658 5130 in
689 5075 1020 5131 authentico
1048 5091 1252 5130 earum
1295 5074 1632 5147 exemplari,
1667 5079 1724 5130 et
1767 5075 1911 5132 forte
1946 5081 2114 5132 auto-

468 5164 711 5238 grapho,
736 5181 841 5220 suo
853 5168 1114 5237 tempore
1133 5163 1614 5220 habebaturliaec
1640 5167 1778 5220 sunt
1793 5165 1921 5237 ejus
1940 5165 2117 5222 verba

469 5254 540 5309 de
570 5253 801 5309 Urbano
831 5252 1144 5325 loquentis:
1177 5254 1228 5308 Is
1253 5255 1471 5324 primus
1497 5255 1609 5324 fuit
1631 5271 1760 5326 erga
1793 5258 2119 5310 canonicam

465 5347 732 5411 nostram,
766 5342 849 5398 sic
875 5347 1102 5398 veteres
1133 5343 1550 5398 canonicorum
1583 5341 1938 5417 regularium
1987 5359 2116 5400 mo-

469 5431 727 5488 nasteria
800 5431 1090 5504 appellare
1167 5436 1608 5502 consueverant,
1685 5431 2121 5489 benedictionum

398 5506 409 5524 ’
469 5521 890 5592 apostolicarum
919 5523 970 5576 ct
999 5521 1355 5590 largitionum
1380 5520 1724 5586 distributor,
1749 5521 1847 5594 qui
1863 5521 2122 5578 constitu-

471 5613 644 5668 tiones
687 5611 845 5666 nobis
884 5611 1140 5682 proprias
1199 5613 1254 5666 et
1288 5611 1660 5682 particulares
1725 5609 2046 5682 approbavit
2071 5617 2122 5667 et

471 5700 858 5766 corroboravit,
916 5697 1366 5771 quemadmodum
1421 5699 1614 5754 titulus
1671 5699 1786 5754 illis
1846 5697 2123 5772 pra/latus

471 5791 744 5857 connotat.
768 5811 796 5842 ‹‹
818 5787 1110 5863 Incipiunt
1123 5785 1414 5847 canonicos
1436 5785 1838 5848 institutiones
1854 5787 2122 5849 Ecclesia

2242 713 2435 777 Sancti
2469 719 2802 794 Augustini,
2826 720 3182 776 conﬁrmata
3213 717 3425 776 ahenae
3452 715 3744 774 memoria
3761 713 3882 770 viro

2241 810 2474 866 Urbano
2501 809 2774 882 pontifice
2803 809 2852 866 II
2881 825 3029 882 quas
3051 809 3333 866 debemus
3349 803 3757 870 inviolabiliter
3770 821 3883 860 seu

2239 916 2390 954 vare.
2425 899 2666 954 Duabus
2695 903 2892 954 autem
2909 902 2968 954 et
2996 897 3388 971 quadraginta
3416 893 3763 952 lectionibus
3777 892 3882 949 ab-

2241 983 2566 1050 solvuntur,
2601 1005 2630 1035 »
2661 989 2770 1040 etc.
2790 983 2955 1040 Certe
2974 983 3276 1040 Urbanum
3291 981 3626 1056 pontiﬁcem
3649 978 3884 1054 speciali

2240 1071 2550 1129 dilectione
2599 1077 2975 1145 prosecutum
3003 1073 3190 1130 fuisse
3231 1070 3548 1128 canonicos
3592 1067 3886 1141 rogaturae

2239 1160 2423 1217 sancti
2455 1159 2902 1234 Augustini,qui
2915 1165 3055 1218 tunc
3084 1177 3288 1220 recens
3299 1160 3532 1221 excitati
3551 1158 3612 1215 ira
3633 1157 3887 1222 Ecclesia

2239 1249 2544 1317 florebant,
2566 1250 2816 1322 probant
2841 1250 3006 1307 varia
3031 1251 3161 1324 ejus
3177 1249 3502 1323 diplomata
3531 1265 3666 1322 quas
3681 1263 3884 1320 super-

2237 1341 2398 1404 sunt,
2455 1341 2582 1396 suis
2611 1337 2755 1396 locis
2812 1340 3177 1412 proferenda.
3211 1341 3290 1399 Ex
3341 1338 3560 1411 quibus
3607 1336 3881 1397 Gerasius

2236 1427 2584 1500 praepositus
2614 1427 3195 1502 Reicherspergensis
3223 1427 3284 1484 in
3305 1427 3665 1501 expositione
3677 1425 3885 1498 psalmi

2236 1517 2306 1572 64
2335 1533 2436 1572 seu
2469 1515 2617 1572 libro
2647 1517 2728 1574 De
2752 1521 3026 1590 corrupto
3059 1521 3215 1574 statu
3263 1515 3534 1576 Eusebiae
3580 1515 3654 1576 ad
3692 1515 3882 1588 Euge~

2237 1605 2400 1664 nium
2433 1605 2510 1661 Ill
2541 1618 2776 1678 papam,
2825 1611 2988 1663 temo
3025 1607 3074 1660 V
3135 1591 3645 1665 Miscellaneoru’m
3689 1603 3882 1670 Belus,

2235 1696 2389 1751 edito
2421 1694 2608 1751 locum
2644 1693 2943 1768 insignem.
2967 1695 3206 1768 profert,
3227 1711 3405 1768 quem
3433 1707 3696 1756 seorsum
3719 1693 3888 1755 edere

2235 1783 2426 1839 visum
2461 1801 2574 1839 non
2606 1788 2866 1848 est,cum
2894 1783 3101 1842 iisdem
3121 1783 3359 1842 omnino
3388 1783 3584 1839 verbis
3601 1781 3890 1842 habeatur

2235 1871 2294 1927 in
2325 1871 2620 1944 plerisque
2665 1873 3084 1930 canonicorum
3136 1871 3498 1946 regularium
3549 1870 3886 1944 privilegiis.

2237 1961 2414 2016 Porro
2441 1960 2596 2018 aliud
2647 1962 2839 2018 Sancti
2888 1961 3137 2018 Joannis
3187 1959 3625 2020 Suessionensis
3657 1959 3890 2032 privile—

2235 2049 2399 2122 gium
2432 2065 2498 2105 ex
2529 2048 2825 2106 Sirmondi
2861 2049 3116 2118 schedis,
3168 2049 3324 2123 quod
3365 2049 3544 2108 etiam
3591 2063 3668 2107 ex
3695 2047 3893 2114 codice

2235 2155 2346 2195 ms.
2383 2139 2593 2210 reginae
2625 2138 2868 2206 Sueciaa,
2887 2156 3046 2195 nunc
3059 2137 3472 2203 Ottoboniano,
3502 2138 3697 2196 Romae
3717 2136 3896 2197 habe-

2235 2243 2390 2292 mus,
2421 2227 2604 2284 edidit
2634 2227 2900 2284 Labbeus
2931 2231 3092 2288 tome
3119 2225 3892 2298 XCcncilierumﬁed-vquod

2232 2317 2446 2390 prioris
2475 2322 2810 2390 excerptum
2861 2315 3030 2374 facile
3073 2318 3470 2384 crederemus.
3520 2314 3637 2374 nisi
3685 2319 3896 2388 prater

2233 2422 2420 2477 pauca
2451 2405 2588 2472 alia,
2618 2405 2907 2462 diversam
2940 2405 3183 2463 haberet
3209 2405 3543 2464 chroninam
3565 2409 3787 2466 notam.
3815 2405 3891 2464 Et

2233 2493 2470 2566 quidem
2504 2503 2620 2551 non
2651 2495 2891 2552 omnino
2926 2495 3186 2553 insolens
3201 2498 3311 2564 est,
3342 2498 3410 2554 ut
3437 2493 3592 2556 idem
3625 2493 3891 2566 pontifex

2233 2583 2464 2640 duobus
2495 2581 2938 2656 diplomatibus,
2953 2582 3181 2641 diverso
3198 2587 3465 2656 tempore.
3479 2583 3653 2651 datis,
3677 2583 3893 2642 eadem

2231 2671 2413 2728 ferme
2438 2673 2578 2743 jura
2607 2672 2706 2728 uni
2737 2671 2864 2729 loco
2894 2672 3264 2739 concesserit;
3311 2689 3429 2744 quo
3485 2675 3682 2730 autem
3728 2687 3894 2730 anno

2231 2760 2436 2817 datum
2466 2761 2624 2817 istud
2649 2761 2842 2827 fuerit,
2875 2760 3324 2834 neconjlciendo
3341 2761 3580 2834 quidem
3601 2758 3896 2833 expiscari

2231 2850 2555 2924 potuimus,
2605 2850 2930 2923 praesrtim
2961 2866 3097 2907 cum
3153 2850 3216 2907 in
3248 2850 3376 2908 cod.
3411 2866 3524 2908 ms.
3576 2847 3896 2910 decretalis

2233 2939 2481 2996 formam
2511 2939 2795 3014 praeferat.

2405 3027 2544 3084 XLI.
2581 3029 2952 3099 Privilcgium
2985 3028 3039 3084 S.
3080 3029 3309 3086 Victoris
3341 3027 3718 3086 Massiliensis.

2299 3117 2383 3173 Ad
2415 3117 2594 3190 hujus
2625 3133 2858 3190 quoque
2884 3115 3028 3174 anni
3051 3117 3223 3174 initia
3251 3117 3641 3175 revocandum
3665 3117 3900 3190 est-pri-

2226 3205 2504 3280 vilegium
2565 3207 2720 3280 quod
2781 3205 3052 3264 Urbanus
3108 3205 3466 3263 monasterio
3527 3203 3897 3265 Massilitani

2228 3295 2424 3359 Sancti
2442 3295 2698 3352 Victoris
2715 3295 2910 3368 primo
2929 3294 3302 3368 pontiﬁcatus
3315 3293 3410 3350 sui
3436 3311 3590 3353 anno
3623 3293 3900 3370 indulsit,

2227 3401 2342 3440 non
2371 3384 2610 3457 quidem
2652 3383 2972 3440 indictione
3017 3401 3095 3452 ιι,
3128 3387 3194 3439 ut
3240 3381 3480 3455 vulgata
3533 3382 3904 3456 exemplaria

2226 3473 2560 3546 printer-unt,
2591 3473 2692 3530 sed
2723 3489 2826 3541 xu,
2845 3488 2974 3545 quae
3005 3471 3142 3528 huic
3159 3485 3311 3528 anno
3332 3472 3625 3528 convenit.
3652 3473 3724 3530 Et
3749 3474 3894 3544 qui-

2226 3561 2360 3618 dem
2389 3578 2540 3618 anno
2571 3561 2919 3635 precedenti
2967 3561 3060 3617 die
3087 3577 3123 3616 x
3153 3559 3446 3620 Kalendas
3476 3559 3668 3617 Martii
3714 3560 3899 3632 (nam

2227 3649 2338 3707 hoc
2361 3667 2564 3707 mense
2583 3651 2788 3707 datum
2819 3649 3052 3722 dicitur.)
3083 3651 3348 3708 nondum
3368 3648 3654 3709 Urbanus
3679 3651 3902 3711 sedem

2227 3740 2610 3815 apostolicam
2643 3741 3078 3809 conscenderat,
3111 3745 3168 3796 ct
3197 3739 3540 3798 Richardus
3569 3739 3755 3800 abbas
3802 3741 3912 3800 cui

2225 3829 2578 3902 inscriptum
2611 3833 2722 3898 est,
2763 3829 2957 3888 adhuc
2988 3829 3048 3885 in
3097 3829 3378 3903 HiSpania
3419 3833 3564 3886 tunc
3600 3829 3916 3901 temporis-

2227 3919 2590 3987 morabatur,
2606 3917 3030 3993 ubilegationis
3047 3917 3398 3992 apostolicis,
3425 3933 3603 3990 quam
3625 3917 3910 3992 aGrego-

2229 4007 2316 4064 rio
2343 4007 2444 4062 VII
2475 4011 2797 4080 acceperat,
2832 4006 3042 4064 munia
3069 4007 3392 4074 exercebat,
3425 4005 3564 4065 licet
3591 4023 3628 4065 a
3651 4004 3906 4066 Victore

2229 4097 2486 4170 primum
2509 4095 3047 4170 defecisset,postea
3067 4095 3442 4168 fortasseipsi
3460 4093 3916 4156 reconciliatus.

2231 4187 2304 4242 At
2333 4185 2442 4242 hoc
2473 4201 2626 4242 anno
2647 4182 3064 4254 Ricardus,illa
3075 4181 3366 4257 dignitate
3381 4182 3456 4240 ab
3474 4181 3920 4255 Urbano.an

2229 4274 2432 4332 minus
2463 4279 2652 4344 caute,
2683 4278 2750 4331 ut
2779 4275 2864 4331 ait
2892 4273 3234 4340 Boderious,
3268 4269 3581 4346 legationis
3620 4271 3906 4334 ofﬁcium

2229 4364 2440 4434 obiret,
2470 4369 2528 4420 et
2557 4364 2702 4420 forte
2733 4363 2806 4420 ob
2827 4361 2975 4419 alias
2991 4361 3162 4420 nobis
3179 4361 3410 4436 ignotas
3427 4375 3638 4419 causas
3655 4363 3917 4430 exutus,

2227 4458 2286 4510 et
2309 4453 2380 4510 ad
2413 4452 2846 4510 monasterium
2859 4464 3036 4508 suum
3048 4458 3336 4516 reversus,
3370 4447 3488 4504 hoc
3513 4446 3918 4521 privilegium

2231 4560 2268 4600 a
2294 4542 2570 4616 pontifice
2599 4539 2859 4598 obtinere
2881 4539 3094 4614 potuit.
3119 4538 3238 4596 Nec
3249 4537 3466 4598 mirum
3486 4536 3668 4598 videri
3691 4536 3918 4608 debet,

2225 4635 2368 4688 tunc
2403 4631 2488 4686 illi
2521 4631 2823 4688 Urbanum
2840 4627 3164 4704 gratiﬁcari
3186 4625 3464 4696 voluisse;
3483 4625 3920 4688 necessarium.

2228 4721 2444 4796 quippe
2471 4724 2596 4778 erat
2615 4723 2847 4776 tantum
2859 4719 3074 4786 virum,
3088 4717 3260 4790 cujus
3271 4717 3508 4776 animus
3537 4716 3612 4777 ob
3631 4715 3926 4778 ablatam

2230 4809 2344 4868 sibi
2372 4809 2727 4882 legationem
2741 4806 3074 4880 exasperari
3090 4805 3397 4878 potuisset,
3421 4802 3742 4864 conciliare
3754 4804 3920 4879 sibi,

2225 4903 2282 4956 et
2309 4898 2504 4972 reipsa
2519 4896 2870 4965 Richardus,
2897 4895 3052 4952 sicut
3069 4899 3124 4952 et
3136 4893 3306 4968 Hugo
3335 4893 3922 4968 Lugdunensis,qui

2223 4985 2401 5044 simul
2456 5003 2490 5042 a
2517 4985 2772 5042 Victoris
2831 4983 3167 5042 obedientia
3221 4985 3604 5051 recesserant,
3654 4980 3926 5044 Urbano

2223 5092 2458 5148 semper
2485 5079 2688 5146 postea
2720 5072 3118 5132 addictissimi
3151 5074 3334 5133 fuere.
3367 5073 3492 5130 Non
3521 5071 3726 5144 itaque
3749 5073 3934 5130 sub—

2225 5165 2576 5221 movendum
2607 5168 2696 5220 est
2714 5163 2785 5219 ab
2808 5162 2918 5219 hoc
2946 5180 3100 5219 anno
3120 5158 3654 5236 privilegiumillud
3679 5159 3925 5224 Massi-

2225 5254 2427 5321 liense,
2461 5253 2614 5326 quod
2649 5253 2721 5308 ad
2753 5253 2883 5309 cod.
2919 5269 3032 5310 ms.
3071 5253 3430 5313 Tolosanum
3461 5251 3642 5308 beatis
3691 5248 3926 5310 Mariae

2226 5342 2514 5399 deauratae
2540 5339 2994 5412 collatumalias
3025 5342 3371 5416 proferetur.

2625 5430 2791 5486 XLII.
2824 5431 2902 5488 De
2927 5431 3088 5488 rebus
3121 5429 3477 5486 Germanicis.

2297 5519 2453 5577 Nihil
2486 5523 2681 5576 autem
2713 5521 2903 5595 magis
2952 5518 3113 5576 cordi
3143 5521 3270 5574 erat
3325 5515 3562 5574 Urbano
3608 5531 3802 5588 quam
3838 5525 3932 5578 ut

2227 5609 2552 5668 Germaniae
2582 5609 2917 5667 subveniret
2951 5623 3128 5680 quam
3169 5606 3393 5662 sciebat
3422 5623 3457 5662 a
3485 5604 3951 5679 schismabim's

2227 5701 2485 5758 multum
2508 5703 2849 5770 eotempore
2880 5695 3240 5754 conturbari.
3255 5695 3614 5770 Super-erant
3639 5695 3930 5768 quidem

2224 5787 2422 5851 adhuc
2449 5803 2519 5847 ea
2547 5787 2610 5845 in
2639 5783 2872 5862 regione
2895 5783 3515 5863 praterliormanuam
3537 5782 3932 5863 Helenum,
