3972 6400
94 459 178 542 ἐρ
1509 451 1728 533 ..ἲ

103 595 199 675 qui
225 598 366 661 ante
389 592 617 673 aliquot
634 592 760 665 dies
779 591 980 656 sedem
1003 608 1174 654 suam
1195 583 1742 667 receperat,etalios
1853 592 2022 661 catur
2048 584 2109 649 in
2130 587 2233 649 illa
2252 588 2473 666 synodo
2492 585 2751 664 generali
2772 587 2876 646 115
2895 584 3307 678 episcoporum
3322 601 3506 678 quam

102 705 331 765 paucos,
355 689 599 747 omnino
624 690 882 763 quatuor
905 684 1177 744 catholici
1197 682 1476 758 episcopi,
1501 696 1756 754 quorum,

100 778 303 853 inquit,
323 778 652 843 Bertoldus,
672 779 734 834 in
758 778 1059 835 Teutonicis
1078 776 1332 848 partibus
1355 766 1754 845 con/ortamen-

100 873 147 926 ω
166 858 369 941 reliqui
387 868 644 925 catholici
658 867 1028 923 schismaticis
1051 883 1085 921 a
1110 865 1388 938 principio
1412 862 1753 929 restiterunt.

102 958 143 1015 li
172 961 337 1025 erant
386 956 679 1013 Adalboro
723 956 1158 1026 Niceburgensis,
1189 952 1541 1009 Altmannus
1587 952 1754 1007 Pata-

104 1050 321 1117 viensis,
333 1046 700 1112 Adelbortus,
713 1046 1211 1111 Wormatiensis,et
1228 1041 1609 1100 Gebebardus
1626 1039 1763 1096 Con-

104 1137 435 1195 stantiensis.
468 1135 526 1193 Is
553 1134 803 1193 ultimus
818 1134 1156 1204 abUrbano,
1181 1149 1319 1189 cum
1351 1130 1412 1187 in
1444 1128 1764 1186 Germania

106 1225 430 1301 apostolica
458 1225 618 1293 sedis
655 1223 1073 1298 apocrisiarius
1119 1227 1296 1289 esset,
1326 1222 1386 1277 in
1418 1220 1762 1294 episcopum

106 1318 496 1384 consecratus,
537 1315 715 1387 probe
752 1313 810 1372 ei
839 1317 1015 1370 notus
1046 1316 1170 1369 erat
1203 1330 1217 1367 :
1255 1326 1443 1384 quare
1486 1308 1763 1365 eumdem

113 1404 369 1479 pontifex
387 1404 581 1462 factus
598 1402 927 1477 apostolicae
945 1402 1104 1460 sedis
1123 1401 1388 1476 legatum
1419 1402 1623 1456 intota
1643 1396 1763 1452 Ale-

106 1494 608 1565 mania,Bajoaria,
625 1493 890 1560 Samonia,
914 1493 1218 1564 vicinisque
1246 1489 1575 1563 regionibus
1607 1502 1767 1542 crea-

99 1584 181 1643 vit
206 1582 420 1640 litteris
446 1599 517 1639 ea
545 1583 618 1639 de
661 1598 725 1638 re
766 1584 955 1640 Roma
992 1581 1146 1638 datis
1174 1596 1274 1637 xiv
1303 1578 1573 1636 Kalendas
1614 1577 1765 1662 Maii,

102 1678 160 1730 et
185 1672 428 1746 quidem
459 1671 569 1727 hoc
598 1688 773 1736 anno,
797 1670 882 1727 uti
904 1671 1072 1726 docet
1094 1686 1200 1726 nos
1228 1666 1563 1735 Bertoldus,
1587 1669 1768 1722 tanta-

100 1779 219 1836 que
242 1760 369 1819 visa
395 1767 487 1818 est
513 1775 716 1817 earum
758 1759 1104 1826 auctoritas,
1133 1762 1200 1815 ut
1228 1757 1301 1815 ab
1334 1757 1509 1814 Ivon‘e
1540 1759 1598 1812 et
1627 1755 1768 1812 Gra-

1863 683 1975 751 hoc
2006 698 2158 739 anno
2186 685 2244 739 et
2273 679 2510 754 quidem
2541 679 2756 747 Remis,
2779 681 2845 735 ut
2875 675 3046 735 multi
3074 675 3299 744 volunt,
3322 674 3510 732 Urba-

1865 770 1979 832 nus‘
2021 773 2176 848 apud
2224 771 2558 837 Bertoldum
2590 770 2895 844 collegisse
2924 768 3158 839 dicitur,
3190 767 3252 824 in
3282 782 3402 840 qua
3449 768 3515 822 ut

1866 865 2018 922 idem
2048 867 2250 920 auctor
2270 862 2353 919 ait
2375 879 2388 917 :
2413 862 2792 919 Ecclesiastica
2822 862 3026 916 statuta
3044 874 3271 917 suorum
3294 856 3515 929 praede-

1863 970 2139 1011 cessorum
2167 953 2462 1025 apostolica
2497 952 2822 1008 auctoritate
2853 949 3213 1019 conﬁrmavit.
3247 946 3395 1002 Illud
3427 949 3515 1003 ta-

1869 1060 2003 1102 men
2026 1042 2385 1099 incommodi
2414 1045 2505 1098 est
2530 1041 2586 1095 in
2619 1040 2731 1097 hac
2751 1037 3039 1096 sententia
3059 1037 3211 1110 quod
3246 1036 3515 1092 Urbanus

1867 1135 2261 1192 communicato
2291 1131 2530 1204 quidem
2574 1134 2817 1203 fratrum
2845 1130 3073 1185 consilio
3110 1126 3418 1200 epistolam
3443 1127 3516 1181 ad

1869 1222 2280 1280 Gebehardum
2311 1237 2374 1276 se
2403 1219 2712 1292 scripsisse
2741 1219 2914 1285 dicat,
2945 1219 3042 1275 sed
3067 1217 3240 1290 paulo
3271 1215 3519 1272 inferius

1869 1310 1930 1367 id
1951 1311 2010 1367 in
2032 1309 2236 1383 synodo
2260 1310 2505 1380 generali
2524 1309 2743 1366 factum
2773 1325 2889 1365 non
2911 1306 3092 1365 fuisse
3122 1309 3318 1379 aperte
3338 1305 3520 1362 fatea-

1871 1405 1988 1457 tur.
2003 1400 2076 1457 Ut
2095 1403 2161 1456 ut
2179 1398 2276 1466 sit,
2294 1403 2517 1455 certum
2539 1402 2629 1455 est
2648 1398 2794 1455 eain
2816 1399 3036 1471 synodo
3049 1398 3243 1453 Romae
3261 1399 3364 1452 aut
3384 1412 3523 1468 quo-

1873 1488 1963 1546 vis
1983 1488 2095 1544 alio
2116 1487 2176 1547 in
2197 1488 2322 1545 loco
2340 1487 2742 1559 habita,quam
2758 1485 3065 1543 Bertoldus
3079 1489 3519 1555 commemorat,

1874 1578 2030 1636 sicut
2079 1581 2137 1634 et
2165 1577 2436 1635 Urbanus
2466 1577 2524 1633 in
2548 1575 2798 1650 epistola
2826 1593 2935 1633 sua
2963 1574 3297 1633 faciendum
3326 1576 3522 1631 decer-

1877 1668 1987 1736 nit,
2019 1666 2222 1724 mitius
2250 1670 2446 1724 actum
2478 1665 2661 1723 fuisse
2689 1682 2825 1723 cum
2854 1665 2948 1731 iis,
2976 1665 3078 1738 qui
3108 1664 3343 1722 nonnisi
3366 1681 3525 1720 occa-

1878 1757 2042 1815 sione
2072 1761 2173 1813 aut
2204 1760 2386 1824 metu,
2409 1759 2508 1811 aut
2535 1755 2592 1810 vi
2624 1756 2697 1812 ad
2737 1755 3143 1813 schismaticos
3173 1755 3524 1822 defecerant,

106 1850 263 1915 tiano
290 1848 351 1905 in
379 1847 632 1905 decretis
681 1847 808 1905 suis
844 1846 1024 1903 veluti
1054 1845 1273 1920 regulae
1317 1842 1474 1916 juris
1527 1841 1768 1898 omnino
1880 1851 2197 1920 posteaque
2225 1846 2298 1902 ad
2329 1846 2648 1902 Ecclesiam
2690 1845 2924 1902 fuerant
2967 1844 3203 1901 reversi.
3228 1844 3388 1901 Unde
3414 1843 3526 1898 Ro-

104 1943 275 1996 certa
300 1942 362 1994 et
386 1938 721 2011 approbatis
771 1936 1001 1993 laudari
1051 1934 1400 1992 meruerint.
1438 1932 1773 2029 Πϐενειαῐςξη
1802 1962 1852 2029 Β
1881 1936 2061 2004 mani,
2086 1938 2151 1991 ut
2178 1935 2332 1991 idem
2376 1938 2580 1991 auctor
2625 1937 2843 2004 narrat,
2876 1934 2937 1989 in
2966 1938 3199 1990 tantum
3247 1933 3528 1989 adversus

104 2028 388 2101 epistolam
405 2025 664 2100 appellat
685 2025 1251 2093 Bertoldus,litteras
1264 2023 1565 2097 synodales
1582 2020 1775 2082 car-di-
1802 2020 1847 2029 ”
1885 2025 2231 2085 Guibertum
2261 2024 2675 2092 eﬂ‘erbuerunt,
2699 2026 2765 2078 ut
2789 2022 2953 2079 abiis
2981 2025 3217 2095 turpiter
3242 2024 3413 2094 fuerit
3440 2038 3534 2079 ea:-

106 2116 253 2174 dalis
283 2115 592 2180 Baronius,
621 2116 779 2189 quod
824 2130 925 2171 eas
956 2132 1027 2172 ea:
1051 2115 1256 2186 synodo
1286 2111 1543 2186 scriptas
1574 2110 1777 2168 fuisse
1878 2115 2073 2187 pulsus
2108 2117 2166 2169 et
2206 2117 2444 2169 coactus
2481 2114 2796 2185 juramento
2847 2114 3184 2186 promittere,
3216 2112 3371 2185 quod
3421 2128 3534 2168 non

103 2204 518 2263 existimaverit
536 2209 599 2260 ut
614 2220 684 2261 ex
704 2205 820 2276 ejus
853 2206 1185 2276 fragmento,
1210 2200 1428 2275 inquit,
1463 2208 1617 2274 patet
1635 2213 1777 2271 quod
1884 2204 2123 2277 amplius
2141 2204 2495 2275 apostolicam
2513 2202 2691 2259 sedem
2718 2204 2978 2259 invadere
2991 2207 3368 2275 praesumeret,
3389 2203 3532 2259 adeo

104 2295 362 2352 abluens
389 2294 671 2362 laudatur.
703 2295 816 2351 Sed
856 2293 915 2349 id
938 2293 1066 2363 jam
1113 2293 1357 2349 omnino
1406 2295 1633 2347 certum
1664 2291 1772 2364 est,

103 2401 172 2442 ex
198 2385 331 2457 ejus
356 2382 571 2457 ipsius,
606 2400 787 2456 quam
822 2383 996 2439 modo
1036 2381 1326 2445 habemus
1359 2379 1670 2454 integram,
1693 2377 1774 2434 le-

114 2473 307 2530 ctione
339 2488 353 2526 :
384 2471 536 2531 hanc
562 2487 774 2545 nempe
804 2488 839 2527 a
866 2488 929 2528 se
959 2470 1245 2543 scriptam
1289 2468 1474 2527 fuisse
1516 2467 1777 2541 pontifex

109 2564 361 2618 testatur
388 2562 630 2633 fratrum
656 2575 901 2617 suorum
930 2561 1329 2617 communicato
1367 2558 1619 2627 consilio,
1649 2556 1773 2613 diu-

100 2666 219 2724 que
264 2650 865 2717 excommunicationis,
902 2649 972 2706 de
1011 2665 1127 2721 qua
1170 2647 1548 2721 potissimum
1599 2647 1660 2703 in
1708 2664 1779 2703 ea

115 2740 349 2814 agitur,
375 2740 672 2811 quaestione
693 2746 922 2795 tractata
949 2742 1125 2811 atque
1155 2738 1300 2793 adeo
1326 2737 1387 2792 in
1419 2737 1780 2809 subsequen'

130 2828 289 2887 tibus
318 2826 578 2897 conciliis
607 2826 752 2883 nihil
801 2826 961 2884 aliud
993 2843 1062 2882 ea
1089 2827 1159 2883 de
1196 2842 1276 2896 re,
1300 2840 1478 2899 quam
1527 2826 1682 2899 quod
1716 2826 1774 2881 in

112 2933 180 2973 ea
206 2916 457 2990 epistola
484 2915 907 2989 praescribitur,
928 2916 1228 2971 decretum
1259 2914 1386 2971 fuit.
1416 2915 1633 2970 Praeter
1662 2913 1777 2971 alia

111 3023 246 3063 vero
262 3007 416 3073 bene
436 3004 642 3074 multa,
658 3022 787 3079 quas
804 3003 1181 3078 potissimum
1204 3005 1264 3060 in
1282 3004 1377 3060 bis
1394 3003 1604 3060 litteris
1628 3020 1775 3060 novo

112 3113 223 3154 suo
254 3095 446 3169 legato
477 3094 849 3161 commendat
878 3093 1514 3166 Urbanus,presclaras
1543 3092 1776 3165 regulas

114 3183 444 3257 praescribit
471 3184 545 3239 de
579 3183 752 3250 modo
794 3181 1264 3256 recipiendorum
1305 3181 1775 3239 excommunica-

115 3280 309 3331 torum
343 3272 417 3328 ad
447 3270 873 3345 penitentiam.
896 3272 1021 3337 Qua
1048 3271 1106 3327 in
1136 3285 1198 3328 re
1225 3270 1625 3329 acerbissimis
1651 3270 1768 3327 illis

116 3333 485 3435 temporibus
516 3376 730 3433 magna
748 3333 976 3417 cautela
1005 3359 1343 3417 adhibenda
1365 3364 1511 3424 erat,
1541 3376 1613 3416 ne
1643 3359 1780 3416 faci-
1806 3333 1854 3401 θ

118 3450 284 3515 litate
298 3448 618 3523 recipiendi
636 3448 835 3523 lapsos
848 3448 1117 3506 Ecclesiae
1134 3448 1455 3521 disciplina
1477 3448 1785 3507 labefacta'

120 3544 303 3608 natur,
334 3544 440 3596 aut
484 3539 809 3595 econtrario
856 3538 1043 3595 nimia
1087 3539 1433 3603 austeritate
1477 3540 1781 3595 exacerba-

118 3635 325 3687 rentur
351 3627 536 3693 enimi
558 3642 783 3696 eorum,
805 3627 906 3701 qui
929 3628 1187 3701 quadam
1211 3626 1389 3685 veluti
1414 3627 1782 3696 necessitate,

112 3721 217 3777 aut
245 3721 405 3785 certe
424 3716 666 3787 levitate
708 3715 951 3791 ingenii,
987 3716 1181 3789 potius
1213 3733 1397 3790 quam
1446 3715 1677 3773 malitia
1723 3716 1783 3773 in

112 3805 787 3877 excommunicationem
817 3804 1225 3867 incurrerent:
1257 3805 1480 3878 quippe
1510 3821 1664 3875 cum,
1699 3804 1786 3862 uti

109 3898 392 3965 observat
421 3893 751 3963 Bertoldus,
775 3894 1061 3952 Guibertus
1089 3897 1321 3968 ejusque
1347 3895 1653 3967 complices,
1686 3911 1788 3967 per

106 3986 196 4043 fas
226 3989 292 4042 et
321 3983 509 4053 nefas,
543 3999 696 4056 saepe
742 3983 917 4040 etiam
951 3988 1191 4057 accepto
1237 3983 1445 4057 pretio,
1471 3988 1787 4041 sectatores

104 4091 250 4133 suos
280 4089 389 4146 per
418 4072 649 4129 diversa
679 4072 805 4130 loca
832 4073 1096 4130 ordinare
1119 4088 1232 4130 non
1257 4080 1548 4140 cessarent,
1575 4090 1785 4130 excom-

110 4162 518 4230 municationis
538 4162 749 4219 malum
768 4162 1049 4219 intentum
1058 4163 1567 4234 propagabalur,ut
1587 4161 1785 4230 etiam,

106 4252 397 4312 Catholici
422 4251 520 4306 vix
555 4266 614 4306 se
658 4251 727 4307 ab
778 4266 971 4308 eorum
1020 4251 1271 4322 contagio
1314 4254 1532 4323 possent
1586 4251 1789 4307 illaesos

112 4340 414 4405 custodire.
436 4340 625 4407 Quare
640 4339 916 4411 providus
938 4339 1200 4413 pontifex
1220 4344 1277 4396 ot
1304 4338 1437 4411 pius
1459 4338 1788 4412 complures

116 4426 766 4487 excommunicatorum
799 4428 1018 4501 gradus
1046 4428 1383 4502 distinguit,
1410 4432 1475 4484 ut
1502 4433 1559 4483 et
1587 4445 1788 4501 super-

110 4520 335 4589 borum
359 4533 428 4574 ac
442 4516 831 4595 pervicacium
854 4517 1167 4573 temeritati
1191 4516 1519 4589 resistatur,
1537 4522 1594 4574 et
1609 4518 1786 4575 simul

120 4610 510 4679 succurratur
539 4605 897 4679 simplicium
945 4624 1012 4662 ac
1056 4606 1425 4663 inﬁrmorum
1477 4607 1787 4664 imbecilli-

122 4698 249 4756 tati.

1884 2297 1970 2364 ut,
2006 2295 2130 2365 jam
2158 2293 2570 2364 aliquantulum
2596 2291 2862 2348 diuturna
2886 2294 3045 2363 regni
3071 2291 3343 2349 discordia
3390 2294 3537 2349 inter

1887 2381 2188 2439 Catholicos
2209 2386 2261 2438 et
2286 2381 2657 2438 schismaticos
2683 2382 2890 2438 exinde
2919 2390 3182 2455 tepescere
3205 2383 3443 2455 coeperit,
3472 2385 3536 2439 ut

1882 2488 1995 2529 non
2014 2474 2137 2544 jam
2179 2472 2382 2527 bellum
2429 2471 2501 2527 ad
2543 2472 2797 2538 invicem,
2849 2472 2941 2527 sed
2984 2488 3177 2543 pacem
3219 2487 3537 2545 componere

1884 2563 2076 2618 sanius
2103 2560 2440 2633 judicarent.
2474 2562 2597 2617 Imo
2630 2577 2724 2617 res
2765 2576 2832 2617 eo
2882 2566 3244 2633 processerat
3272 2566 3339 2617 ut
3367 2561 3539 2618 collo-

1883 2650 2023 2722 quio
2053 2651 2204 2705 inter
2232 2650 2542 2706 Henricum
2578 2654 2635 2705 et
2663 2665 2763 2706 eos
2793 2649 2894 2721 qui
2921 2650 2993 2705 ab
3024 2649 3256 2706 Urbano
3302 2651 3539 2707 stabant

1885 2739 2106 2807 habito,
2134 2754 2270 2812 spes
2312 2738 2510 2812 aliqua
2550 2738 2853 2812 eil'ulgeret
2877 2738 3038 2811 pacis
3084 2739 3142 2794 in
3195 2738 3449 2796 Ecclesia
3478 2742 3537 2796 et

1884 2828 2129 2902 imperio
2160 2829 2559 2886 restituendae:
2587 2828 2689 2884 isti
2718 2829 2875 2884 enim
2906 2828 3149 2885 Henrico
3176 2827 3538 2901 polliceban-

1883 2923 1982 2974 tur
2011 2935 2073 2974 se
2104 2917 2155 2974 ei
2201 2919 2417 2975 auxilio
2447 2922 2498 2974 et
2526 2918 2756 2974 consitio
2785 2932 3081 2990 nusquam
3129 2932 3248 2974 non
3299 2918 3534 2974 adiutu-

1884 3023 2001 3076 ros,
2034 3006 2085 3064 si
2141 3007 2386 3065 dimisso
2437 3007 2715 3064 Guiberto
2768 3006 2945 3063 vellet
2998 3008 3068 3063 ad
3122 3008 3539 3064 ecclesiasticam

1844 3146 1851 3155 .
1883 3099 2321 3154 comunionem
2336 3113 2438 3169 per
2449 3096 2781 3152 catholicum
2794 3100 3065 3168 pastorem
3083 3112 3342 3153 remeare.
3364 3098 3539 3166 Quam

1883 3187 2251 3244 conditionem
2305 3202 2419 3243 non
2459 3186 2693 3242 multum
2753 3185 3036 3242 Henricus
3090 3187 3390 3259 respuebat.
3423 3186 3537 3243 Sed

1889 3275 2156 3332 restitere
2185 3292 2303 3331 sua
2355 3274 2544 3348 ipsius
2574 3274 2846 3331 factionis
2875 3274 3154 3348 episcopi,
3187 3276 3342 3348 quod
3378 3291 3539 3331 vere-

1893 3368 2093 3421 rentur
2149 3381 2222 3421 ne
2278 3380 2419 3437 pace
2466 3363 2792 3437 composita
2826 3380 2961 3421 cum
2993 3362 3266 3421 Guiberto
3314 3368 3372 3421 et
3427 3362 3541 3436 ipsi

1892 3456 2428 3511 exauctorarentur.
2458 3453 2647 3517 Quare
2666 3457 2723 3509 et
2740 3453 2795 3509 ci
2819 3454 3040 3526 penitus
3068 3454 3171 3510 hac
3198 3455 3313 3510 vice
3335 3454 3545 3510 dissua-

1891 3550 2082 3600 serunt
2105 3557 2178 3598 ne
2203 3550 2408 3599 sancta
2435 3542 2686 3598 Ecclesia
2717 3544 3183 3599 reconciliaretur.

2017 3649 2204 3705 XLIII.
2237 3649 2717 3731 Schismaticorum
2741 3650 2920 3732 furor.
2953 3646 3090 3703 Mors
3122 3650 3418 3704 Bonizonis

2587 3735 2843 3791 episcopi.

1965 3811 2065 3877 Ea,
2096 3809 2182 3865 uti
2211 3808 2466 3877 videtur,
2493 3807 2795 3865 occasione
2823 3807 2908 3865 ita
2936 3808 3115 3864 crevit
3142 3807 3545 3865 schismatico-

1895 3917 2025 3955 rum
2059 3899 2117 3954 in
2141 3898 2466 3955 Catholicos
2492 3898 2715 3964 odium,
2738 3901 2805 3953 ut
2831 3897 3006 3954 etiam
3037 3898 3263 3970 aliquot
3290 3897 3545 3954 Catholi-

1895 4005 2097 4045 corum
2147 3987 2452 4060 episcopos
2498 3986 2835 4042 interimere
2879 3986 3006 4043 ausi
3056 3986 3292 4043 fuerint.
3339 3987 3547 4044 Horret

1894 4076 2131 4134 an-imus
2163 4074 2223 4131 in
2254 4077 2556 4132 referenda
2596 4074 2906 4132 Bonizonis
2954 4076 3275 4132 Sutriensis
3325 4075 3548 4132 crudeli

1896 4170 2104 4232 morte,
2122 4182 2299 4238 quem
2328 4168 2386 4220 et
2414 4181 2549 4221 cum
2589 4164 2827 4238 propria
2854 4165 2999 4221 urbe
3029 4165 3278 4236 ejectum
3302 4164 3546 4221 Placen-

1894 4253 2007 4311 tini
2037 4271 2141 4327 pro
2181 4253 2454 4327 episcopo
2498 4253 2877 4325 recepissent,
2911 4252 3294 4319 schismatici,
3320 4253 3547 4311 effossis

1895 4343 2081 4399 oculis
2112 4343 2515 4414 truncatisque
2546 4359 2694 4415 pene
2713 4343 2988 4399 omnibus
3017 4343 3320 4410 membris,
3344 4342 3551 4399 imma-

1897 4432 2065 4500 niter,
2108 4431 2193 4487 uti
2244 4432 2421 4488 refert
2478 4431 2801 4501 Bertoldus,
2852 4432 3241 4496 trucidarunt,
3274 4432 3429 4504 quod
3481 4433 3548 4487 14

1893 4519 2036 4579 Julii
2085 4520 2407 4592 contigisse
2454 4519 2738 4575 discimus
2771 4538 2839 4576 ex
2867 4522 2995 4593 ejus
3039 4520 3335 4593 epitaphio
3390 4521 3545 4593 apud

1896 4608 2209 4682 Ughellum
2236 4614 2393 4664 torno
2426 4610 2475 4662 ll
2509 4608 2685 4664 [taliae
2717 4625 2894 4665 sacris
2929 4626 2941 4663 :
2976 4608 3155 4664 simili
3188 4610 3302 4666 fere
3329 4608 3548 4682 suppli-

1816 4710 1864 4775 Ι)
1892 4698 1982 4755 cio
2013 4698 2254 4755 affectus
2306 4696 2414 4751 fuit
2444 4715 2478 4751 a
2506 4697 2899 4754 schismaticis
2929 4698 3257 4769 Liprandus
3307 4701 3547 4770 presby-

192 4785 362 4853 Quod
390 4800 529 4842 vero
556 4783 619 4840 in
642 4800 711 4841 ea
738 4784 986 4858 epistola
1016 4784 1285 4843 Urbanus
1324 4784 1579 4841 declarat
1609 4802 1692 4852 se,
1725 4786 1782 4841 in
1895 4794 1982 4844 ter
2012 4786 2490 4851 Mediolanensis,
2515 4789 2608 4841 cui
2655 4803 2852 4842 nasum
2879 4794 2930 4841 et
2961 4803 3121 4841 aures
3168 4787 3227 4840 in
3272 4789 3546 4845 contume-

122 4875 216 4932 bis
244 4873 610 4947 paenitentiae
655 4875 939 4948 gradibus
976 4872 1372 4948 assignandis,
1394 4874 1654 4948 Gregorii
1683 4875 1786 4929 VII

122 4962 391 5037 vestigiis
437 4961 762 5033 inhmsisse,
795 4964 1176 5020 confirmatur
1222 4981 1292 5019 ex
1338 4963 1598 5035 epistolae
1627 4964 1781 5036 frag-

124 5058 349 5121 mento,
372 5052 532 5124 quod
580 5051 742 5125 Hogo
776 5051 1228 5109 Flaviniacensis
1266 5052 1326 5107 in
1358 5052 1644 5110 Chronico
1676 5069 1782 5109 suo

126 5141 327 5210 refert,
370 5140 431 5196 in
482 5157 600 5213 quo
644 5139 954 5215 Gregorius
1001 5140 1178 5198 morti
1228 5141 1529 5214 proximus
1570 5141 1787 5198 dicitur

70 5285 79 5290 -
128 5245 359 5298 omnes,
381 5230 639 5303 exceptis
668 5230 914 5287 Henrico
945 5235 1002 5288 et
1028 5231 1324 5295 Guiberto,
1357 5248 1424 5286 ac
1450 5233 1785 5304 principali-

132 5320 230 5374 bus
243 5321 647 5392 personisquaa
674 5321 907 5376 consilio
924 5328 1017 5376 aut
1035 5322 1253 5376 auxilio
1278 5321 1535 5393 favebant
1565 5322 1789 5377 illorum

128 5410 395 5480 nequitiae
422 5412 474 5465 et
502 5410 777 5482 impietati
803 5410 1125 5468 absolvisse
1148 5414 1207 5466 et
1236 5410 1626 5467 benedixisse.

198 5498 338 5576 {om
366 5513 507 5554 vero
535 5497 587 5554 si
618 5505 912 5571 quaeratur
958 5517 1077 5573 qua
1104 5500 1163 5555 in
1195 5500 1416 5573 synodo
1463 5499 1654 5574 gravis
1683 5498 1786 5556 illa

128 5586 381 5658 quaestio
412 5587 488 5643 de
532 5587 1056 5646 excommunicatis
1087 5588 1308 5662 agitata
1338 5588 1530 5656 fuerit,
1563 5589 1634 5645 de
1677 5607 1794 5662 qua

126 5676 200 5733 ad
234 5676 654 5735 Gebehardum
684 5677 888 5736 scribit
917 5678 1208 5747 Urbanus,
1228 5694 1343 5735 non
1370 5679 1688 5736 admodum
1718 5680 1795 5735 fa-

128 5763 263 5822 cilis
291 5764 406 5823 erit
434 5765 761 5839 responsio,
794 5766 908 5825 nisi
940 5766 1087 5824 forte
1132 5766 1191 5823 id
1241 5766 1460 5825 factum
1490 5767 1672 5825 fuisse
1701 5766 1794 5827 di-

1896 4878 2032 4939 liam
2063 4877 2466 4950 prmciderunt.
2492 4877 2666 4932 Porro
2688 4875 2995 4933 Bonizonis
3016 4876 3238 4948 aliquot
3265 4876 3550 4950 opuscula

1892 4971 2157 5023 recenset
2188 4966 2535 5023 Lambecius
2564 4970 2724 5021 tomo
2764 4965 2813 5021 Il
2852 4964 3221 5023 Bibliothecas
3253 4967 3552 5040 Caesareae,

1894 5069 2104 5128 nempe
2131 5056 2452 5129 paradisum
2481 5055 2939 5124 Augustinianum
2963 5073 3033 5112 ex
3057 5056 3211 5112 beati
3235 5058 3548 5132 Augustini

1894 5145 2209 5201 sententiis
2238 5149 2295 5201 et
2321 5144 2510 5201 verbis
2541 5144 2779 5200 omnino
2814 5149 3170 5214 contextum,
3206 5163 3380 5218 quem
3412 5165 3545 5205 san-

1896 5237 1987 5290 cto
2017 5233 2229 5289 Joanni
2256 5234 2567 5291 Gualberto
2600 5235 2984 5308 nuncupavit;
3017 5234 3256 5292 Librum
3285 5238 3546 5294 decreta-

1896 5322 2113 5392 lem,et
2142 5323 2445 5394 Epitomen
2471 5324 2730 5380 historia;
2751 5320 3094 5396 pontificum
3125 5327 3542 5397 Romanorum,

1899 5429 2076 5483 quam
2129 5412 2415 5468 Martinus
2470 5412 2722 5469 Polonus
2776 5413 3051 5470 laudavit.
3103 5416 3260 5471 Idem
3312 5417 3549 5489 scripsit

1900 5500 2118 5557 librum
2145 5502 2220 5557 De
2247 5504 2600 5558 sacramentis
2624 5504 2695 5558 ad
2728 5503 3050 5559 Galterium
3086 5505 3399 5561 Leonensis
3422 5523 3545 5562 mo-

1902 5590 2139 5646 nasterii
2174 5589 2465 5658 abbatem,
2490 5608 2663 5663 quem
2695 5592 2754 5647 in
2786 5592 2980 5649 codice
3011 5611 3120 5649 ms.
3150 5595 3547 5651 Ambrosianus

1903 5679 2262 5736 bibliothecae
2307 5679 2526 5736 invenit
2572 5681 3083 5739 Mabilloniuszad
3114 5702 3237 5741 rem
3285 5689 3546 5741 nostram

1905 5768 2095 5841 magis
2124 5771 2347 5842 spectat
2374 5768 2504 5840 ejus
2541 5768 2709 5827 liber.
2742 5770 2824 5827 De
2872 5772 3053 5845 gestis
3085 5772 3301 5830 Urbani
3330 5773 3546 5829 ibidem
