3972 6390
479 452 558 522 si
1799 453 1872 520 Β.
1915 433 2133 522 nam

2354 452 2602 519 eam.
3743 427 3750 436 ’
3785 404 3890 516 ’³εέ2

483 589 867 660 memoratus,
901 603 1076 663 quem
1104 583 1282 647 etiam
1311 587 1560 664 ipsemet
1588 589 1697 648 sub
1726 573 1904 647 finem
1934 586 2127 664 Epito-
2153 579 2211 660 λ
2238 569 2592 656 laudandus,
2617 587 2794 662 quod,
2827 585 2913 645 uti
2951 569 3308 644 Tritbemius
3351 567 3548 658 refert,
3567 581 3724 645 inter
3762 585 3892 662 epi-

484 697 614 738 mes
649 679 869 747 laudat,
900 679 996 735 his
1025 679 1218 736 verbis
1260 696 1295 735 a
1343 679 1648 736 Lambecio
1699 679 1846 736 libro
1893 698 1956 749 ιι,
1989 697 2040 736 c.
2070 681 2125 749 8,

482 769 683 827 relatis
709 786 722 826 :
758 769 964 826 Urbani
993 784 1116 824 vero
1139 770 1413 841 pontiﬁcis
1441 771 1560 824 acta
1608 773 1658 825 et
1703 769 1770 826 de
1815 773 1933 843 ejus
1960 771 2129 826 victo-

2237 677 2500 752 scopales
2527 695 2720 745 curas,
2748 677 3034 750 regularis
3079 677 3204 732 vitae
3237 677 3540 760 fervorem,
3564 693 3742 750 quem
3775 680 3890 734 sub

2234 766 2534 825 Wittelmo
2590 768 2798 823 abbate
2857 765 3176 839 Hirsaugiaa
3233 764 3532 834 hauserat,
3579 784 3892 849 nunquam

482 860 576 916 ria
601 860 653 914 si
675 859 797 930 quis
821 858 964 913 scire
1004 858 1258 926 voluerit,
1291 859 1436 927 legat
1466 858 1670 913 librum
1715 875 1874 930 quem
1911 860 2132 930 scripsit
2235 855 2636 913 intcrmiserit.
2671 857 2724 911 ls
2763 855 3185 912 monasterium
3215 854 3630 927 Hirsaugiense
3677 856 3754 912 ab
3805 874 3897 912 eo-

483 948 548 1004 in
575 948 870 1018 Hugonem,
893 945 1250 1002 cardinalem
1299 945 1521 1002 scilicet
1565 945 2004 1003 schismaticum
2035 963 2130 1002 co-

483 1039 803 1110 gnomento
847 1034 1084 1104 Album,
1117 1042 1169 1091 et
1194 1035 1274 1090 ibi
1303 1036 1540 1091 inveniet
1571 1035 1640 1090 ad
1678 1036 1904 1106 plenum
1930 1035 2130 1092 diluci—

484 1124 618 1182 data
647 1139 770 1198 qua
797 1125 1051 1182 voluerit.

2238 946 2372 1001 dem
2425 949 2626 1001 sancto
2671 944 2882 1000 abbate
2921 960 3122 1000 recens
3171 947 3548 1013 restructum,
3581 949 3638 1000 et
3681 945 3894 1002 cellam

2238 1027 2768 1090 Richenbacensem
2827 1033 3174 1090 auctoritate
3233 1031 3449 1089 Urbani
3497 1035 3896 1103 consecravit;

2239 1123 2341 1180 sed
2373 1139 2482 1180 sua
2512 1123 2570 1178 in
2593 1122 2973 1179 defendendis
2997 1120 3264 1178 Ecclesia
3287 1121 3484 1179 causis
3509 1110 3903 1198 magnanimi-

554 1215 628 1270 At
656 1213 818 1270 istud
862 1229 1010 1286 opus
1057 1215 1160 1268 aut
1205 1211 1398 1285 periit,
1431 1216 1534 1269 aut
1570 1217 1722 1270 certe
1769 1213 2133 1287 incognitum
2239 1215 2332 1268 tas
2357 1216 2498 1268 tunc
2528 1212 2902 1285 potissimum
2933 1209 3161 1278 enituit,
3195 1211 3503 1268 occasione
3530 1212 3761 1268 Ottonis
3794 1230 3897 1269 cu-

485 1302 702 1360 alicubi
732 1301 898 1371 latet;
934 1302 1087 1358 sicut
1134 1305 1193 1358 et
1239 1302 1487 1372 dialogus
1535 1302 1828 1359 Gualfredi
1877 1301 2134 1376 episcoPi
2233 1301 2474 1372 jusdam
2505 1301 2564 1355 in
2605 1300 2952 1357 Alemannia
2979 1299 3232 1366 comitis,
3266 1315 3444 1372 quem
3473 1299 3559 1380 ob,
3591 1301 3900 1372 publicum

487 1391 764 1450 Senensis
791 1391 858 1448 de
884 1395 1114 1462 utroque
1155 1389 1466 1462 apostolico,
1503 1391 1560 1446 in
1607 1407 1723 1463 quo
1753 1390 2134 1448 interlocuto-

486 1497 581 1538 res
610 1480 968 1554 producebat
999 1479 1300 1535 Urbanum
1350 1483 1407 1536 et
1453 1479 1816 1545 Guibertum,
1849 1484 1914 1535 ut
1942 1481 2137 1536 videre

485 1572 576 1626 est
611 1568 767 1641 apud
800 1565 1108 1641 Ughellum
1138 1571 1296 1624 tomo
1344 1567 1421 1623 IlI
1465 1567 1643 1624 Italiae
1691 1585 1887 1624 sacrae.
1921 1569 2032 1625 Sed
2063 1569 2137 1624 ad

453 1714 458 1726 ,
485 1656 898 1714 schismaticos
929 1661 1310 1723 revertamur,
1327 1657 1430 1728 qui
1461 1673 1576 1712 non
1600 1657 1798 1714 minus
1826 1658 1884 1712 in
1905 1659 2140 1714 Germa-

487 1745 586 1802 nia
615 1761 794 1817 quam
825 1744 888 1800 in
917 1744 1084 1811 Italia
1112 1744 1446 1800 saeviebant.
1466 1744 1549 1800 Ibi
1575 1743 1730 1800 enim
1757 1745 1922 1816 Hugo
1943 1740 2137 1803 comes

489 1835 562 1891 de
580 1831 932 1908 Egensheim
953 1837 1228 1889 strenuus
1249 1832 1678 1889 Catholicorum
1699 1834 1988 1903 defensor,
2003 1851 2138 1890 cum

2243 1405 2378 1445 cum
2411 1407 2588 1446 uxore
2635 1389 2908 1446 Ludovici
2953 1388 3186 1445 comitis
3215 1405 3394 1461 quam
3417 1387 3642 1445 vivente
3686 1390 3903 1447 marito

2244 1477 2354 1534 sibi
2386 1479 2778 1552 00pulaverat,
2810 1477 3163 1535 adulterium
3211 1477 3741 1535 excommunicaVit
3765 1497 3778 1534 :
3803 1497 3903 1536 sa-

2243 1568 2321 1624 tis
2350 1568 2571 1642 quippe
2601 1585 2718 1624 non
2750 1567 2860 1623 fuit
2890 1583 3037 1624 novo
3065 1566 3148 1623 illi
3171 1566 3442 1640 Baptistae
3468 1567 3805 1624 adulterum
3829 1569 3908 1625 vi-

2245 1660 2474 1714 ventem
2515 1658 2804 1730 arguisse,
2839 1655 2952 1712 nisi
3003 1672 3138 1712 eum
3187 1671 3420 1728 quoque
3471 1661 3606 1728 post
3650 1662 3905 1714 mortem

2247 1762 2425 1818 quam
2475 1746 2850 1818 imposnitens
2895 1745 3236 1818 pertulerat,
3285 1732 3712 1816 insequeretur.
3755 1747 3908 1803 Cum

2247 1835 2403 1891 enim
2435 1835 2632 1891 Ottoni
2657 1835 2925 1892 Ludovici
2975 1834 3212 1902 milites,
3249 1834 3351 1906 qui
3398 1823 3630 1890 tantum
3659 1820 3906 1892 ldomini

487 1921 858 1997 Argentorati
887 1920 1597 2023 apudepiseopumvnihil
1635 1923 1910 1978 difﬁdens
1941 1940 2132 1980 mora-
2166 1957 2214 2023 B
2251 1924 2342 1980 sui
2374 1925 2627 1980 dedecus
2649 1923 2798 1980 ferre
2819 1941 2934 1979 non
2957 1926 3246 1996 poterant,
3270 1926 3448 1994 caput
3469 1927 3905 1995 amputassent,

490 2015 673 2082 retur,
697 2011 770 2068 ab
799 2011 930 2083 ejus
977 2009 1266 2066 ministris
1295 2009 1482 2082 pridie
1511 2010 1705 2066 Nonas
1754 2011 2136 2084 Septembris,

489 2103 557 2157 ut
597 2103 798 2157 narrat
839 2099 1164 2168 Bertoldus,
1206 2097 1404 2155 dolose
1450 2097 1836 2171 interemptus
1883 2104 1992 2155 est.
2025 2101 2142 2156 Hoc

489 2189 617 2262 ipso
651 2187 830 2246 etiam
855 2205 1028 2257 anno,
1061 2191 1127 2243 ut
1155 2187 1310 2244 idem
1355 2191 1556 2244 auctor
1586 2189 1776 2257 refert,
1811 2189 2015 2245 Petrus
2045 2189 2141 2246 Al-

488 2277 764 2335 banensis
795 2277 1124 2350 episcopus,
1155 2281 1538 2348 cognomento
1582 2276 1824 2350 lgnitus,
1854 2277 1914 2334 in
1946 2295 2139 2351 perse-

374 2365 380 2371 ’
491 2366 742 2441 quendis
799 2365 1144 2424 Simoniacis
1199 2365 1713 2422 nominatissimus
1764 2365 1927 2435 obiit,
1971 2369 2140 2439 cujus

491 2455 838 2516 memoriam
867 2473 926 2512 v1
956 2455 1094 2511 Idus
1138 2453 1402 2510 Januarii
1449 2454 1686 2527 vulgata
1733 2455 2142 2529 Martyrologia

492 2544 808 2604 celebrent.
842 2545 1054 2600 Eodem
1086 2559 1239 2599 anno
1271 2543 1363 2599 die
1393 2561 1449 2599 Iv
1475 2544 1670 2600 Nonas
1690 2544 1850 2614 Maii,
1875 2549 1940 2599 ut.
1965 2543 2143 2602 habet

491 2634 658 2710 Hugo
685 2632 1136 2692 Flaviniacensis
1163 2633 1344 2690 abbas
1372 2632 1432 2688 in
1454 2633 1737 2690 Chronico
1763 2633 2140 2707 Virdunensi,

493 2725 654 2780 temo
684 2723 736 2779 Il
767 2721 1134 2779 Bibliotheca:
1171 2739 1331 2782 novas
1370 2722 1714 2792 Labbeanae,
1743 2721 2139 2780 Thcodoricus

493 2811 880 2869 Virdunensis
921 2812 1167 2868 antistes
1195 2827 1540 2884 supremum
1572 2811 1716 2867 obiit
1742 2810 1918 2882 diem,
1951 2811 2140 2869 Eccle-

493 2901 594 2960 siae
625 2902 899 2958 Romanis
947 2899 1355 2957 reconciliatus
1385 2915 1420 2955 a
1447 2899 1702 2956 G‘erardo
1749 2904 1920 2956 antea
1947 2901 2136 2958 archi-

2250 2030 2318 2069 ac
2347 2014 2476 2084 ejus
2507 2029 2720 2085 corpus
2751 2012 2812 2068 in
2855 2013 3111 2084 quodam
3140 2011 3494 2068 monasterio
3524 2013 3596 2069 ab
3644 2029 3710 2070 eo
3762 2031 3906 2070 con-

2251 2105 2474 2158 structo
2522 2101 2729 2158 fuisset
2777 2100 3104 2174 sepultum;
3141 2099 3284 2156 illud
3317 2099 3702 2180 Gehebardus
3743 2089 3906 2160 foras

2251 2189 2454 2262 projici
2489 2191 2694 2262 jussit,
2733 2195 2908 2262 atque
2957 2189 3127 2260 asini,
3150 2193 3217 2244 ut
3243 2205 3313 2246 ex
3355 2190 3667 2263 Scriptura
3705 2193 3906 2249 verbis

2250 2280 2379 2350 (Jer.
2405 2297 2542 2348 xxn,
2579 2279 2689 2351 19),
2713 2280 2889 2336 refert
2917 2277 3246 2347 Bertoldus,
3269 2268 3574 2352 sepultura
3601 2279 3810 2346 donari
3846 2282 3905 2338 id

2249 2372 2340 2424 est
2367 2369 2590 2441 absque
2620 2367 2923 2441 sepultura
2951 2367 3164 2423 dimitti
3197 2386 3208 2422 :
3251 2369 3408 2440 quod
3453 2355 3651 2425 revera
3679 2359 3906 2427 factum

2250 2460 2357 2524 est,
2390 2461 2446 2512 et
2475 2458 2626 2514 bona
2655 2459 2704 2528 ei
2717 2475 2783 2513 us
2804 2475 2839 2513 a
2859 2455 3147 2513 militibus
3179 2455 3408 2528 direpta
3427 2455 3610 2526 fuere,
3635 2461 3700 2514 ut
3718 2457 3779 2514 in
3810 2477 3905 2528 eo,

2249 2543 2331 2599 ait
2359 2544 2515 2601 idem
2543 2551 2766 2615 auctor,
2797 2545 3235 2602 maledictiones
3265 2543 3562 2617 PrOpheta:
3591 2545 3652 2601 in
3678 2547 3904 2605 Judam

2248 2633 2610 2691 traditorem.
2641 2637 2707 2691 Et
2743 2635 3018 2706 diripiant
3063 2635 3238 2690 alieni
3294 2634 3502 2690 labores
3557 2636 3672 2708 ejus
3720 2637 3902 2709 (Psal.

2247 2736 2404 2788 cvm,
2438 2723 2525 2795 11)
2561 2723 3038 2796 adimplerentur.

2518 2812 2708 2870 XLVI.
2738 2815 3015 2870 Fiscamni
3039 2801 3312 2885 exemptio
3341 2813 3614 2883 ﬁrmatur.

2315 2899 2483 2956 Haud
2515 2901 2725 2956 minori
2754 2903 2949 2958 animo
2978 2901 3134 2958 sedis
3165 2899 3491 2974 apostolicae
3523 2901 3900 2974 majestatem

491 2989 758 3064 diacono,
788 2995 930 3047 tunc
961 2987 1249 3046 monacho
1281 2989 1480 3044 Sancti
1506 2988 1724 3057 Vitoni,
1755 2989 1852 3044 cui
1881 2990 2136 3062 pontifex
2239 2986 2553 3044 vindicavit
2600 2991 2658 3045 in
2707 2989 3132 3046 Northmannia
3178 2989 3302 3062 ipse
3349 2989 3640 3049 Urbanus.
3669 2991 3901 3068 Quippe

487 3079 1021 3138 excommunicatos
1052 3075 1387 3135 absolvendi
1418 3081 1762 3149 potestatem
1787 3079 2130 3149 contulerat,
2240 3091 2375 3132 cum
2406 3077 2735 3136 Willelmus
2777 3079 3250 3152 archiepiscopus
3293 3077 3780 3152 Rothomagensis
3810 3085 3896 3140 ob

444 3173 547 3228 'ut
587 3169 762 3244 paulo
809 3168 1000 3225 fusius
1049 3171 1248 3222 narrat
1294 3165 1640 3222 Laurentius
1689 3167 1760 3222 de
1811 3168 2022 3223 Leodio
2072 3169 2130 3224 in
2239 3165 2538 3222 sublatum
2587 3167 2852 3224 Ecclesia}
2897 3185 3016 3224 suae
3047 3185 3082 3223 a
3111 3167 3322 3224 comite
3353 3157 3602 3225 Roberto
3646 3169 3895 3228 Gisortii

438 3300 448 3305 -
477 3257 733 3317 Historia
761 3258 1174 3331 episcoporum
1201 3255 1684 3323 Virdunensium,
1704 3259 1864 3312 torno
1882 3256 1980 3312 ΧΠ
2001 3258 2127 3330 Spi-
2165 3324 2197 3331 ﬂ
2237 3255 2540 3328 oppidum,
2572 3261 2754 3314 totam
2805 3256 3292 3313 Northmanniam
3331 3255 3515 3314 sacris
3545 3246 3894 3317 interdixis-

469 3347 662 3421 cilegii
691 3324 1026 3403 Acheriani.
2153 3324 2198 3391 α
2235 3348 2342 3412 set,
2367 3361 2433 3401 ac
2465 3343 2733 3402 monachi
2779 3345 3243 3411 Fiscamnenses,
3276 3346 3432 3418 quod
3462 3343 3572 3402 soli
3622 3345 3892 3405 Romano

774 3433 970 3490 XLIV.
1002 3433 1282 3490 Mathildis
1315 3435 1608 3506 Welphoni
1649 3435 1827 3491 nubit.
2236 3433 2495 3506 pontiﬁci
2523 3435 2769 3508 subjecti
2795 3438 3010 3500 essent,
3034 3433 3291 3489 ofﬁcium
3315 3433 3578 3490 divinum
3600 3433 3896 3493 intermit-

540 3523 813 3580 Urbanus
860 3522 1099 3587 interea,
1131 3525 1197 3578 ut
1242 3540 1390 3579 novo
1439 3523 1646 3579 robore
1693 3523 2124 3581 Catholicorum
2232 3527 2353 3580 tere
2408 3523 2754 3592 noluissent,
2785 3525 2858 3579 ab
2913 3522 3348 3596 archiepisGOpo
3395 3525 3890 3583 excommunicati

470 3614 668 3685 partes
692 3611 972 3683 firmaret,
1005 3609 1188 3667 voluit
1217 3610 1560 3667 Mathildem
1592 3611 1978 3682 comitissam,
2011 3614 2123 3670 Go-
2235 3617 2390 3668 sunt.
2419 3613 2527 3668 Sed
2559 3629 2619 3669 re
2645 3614 2718 3669 ad
2767 3601 3314 3677 Urbanurn'delata,
3346 3609 3444 3667 ille
3493 3609 3884 3686 archiepisco-

469 3699 679 3759 defridi
711 3699 878 3758 ducis
909 3699 1192 3766 relictam,
1221 3699 1534 3774 Welphoni
1577 3699 1818 3757 alterius
1847 3702 2122 3776 Welpho-
2231 3717 2372 3773 pum
2405 3701 2596 3774 ipsum
2641 3700 2802 3773 pallii
2848 3719 2960 3758 usu
3003 3700 3297 3757 interdixit
3332 3718 3346 3756 :
3379 3689 3554 3772 quem
3599 3717 3714 3757 non
3761 3695 3884 3762 nisi

470 3789 564 3847 nis
602 3790 770 3848 ducis
809 3789 1059 3846 Bavariae
1103 3789 1224 3846 ﬁlio
1270 3789 1482 3861 nuptui
1527 3791 1774 3859 tradere,
1819 3795 1974 3864 quod
2025 3811 2120 3850 re-
2229 3794 2362 3862 post
2390 3790 2608 3846 multas
2637 3806 2858 3862 preces,
2889 3795 2948 3846 et
2977 3789 3296 3862 legationes
3327 3793 3448 3845 tam
3501 3789 3572 3845 ab
3622 3789 3748 3862 ipso
3781 3809 3883 3848 ar-

468 3878 599 3953 ipsa
627 3879 736 3936 hoc
767 3895 918 3935 anno
948 3878 1165 3934 factum
1197 3879 1380 3935 fuisse
1426 3878 1608 3934 tradit
1645 3879 1976 3950 Bertoldus,
2007 3900 2115 3940 non
2228 3877 2616 3951 chiepiscopo,
2639 3896 2817 3951 quam
2841 3896 2874 3935 a
2893 3879 3103 3936 comite
3128 3879 3372 3936 Romam
3395 3877 3608 3935 missas
3629 3877 3680 3935 ei
3712 3883 3885 3937 resti-

464 3970 583 4024 tam
606 3983 708 4041 pro
745 3969 1168 4034 incontinentia,
1201 3982 1504 4038 nunquam
1543 3965 1699 4022 enim
1745 3968 2116 4028 matrimonio
2225 3967 2366 4034 tuit;
2391 3972 2448 4022 et
2477 3985 2550 4023 ne
2578 3969 2720 4040 quid
2760 3969 2820 4023 in
2862 3973 3159 4042 posterum
3189 3966 3382 4024 simile
3412 3969 3577 4024 ﬁeret
3604 3967 3878 4028 Ecclesiae

465 4056 560 4115 usi
591 4057 848 4126 fuerunt,
871 4059 938 4112 ut
965 4055 1120 4111 idem
1159 4058 1362 4111 auctor
1390 4055 1600 4111 asserit
1641 4056 1814 4128 paulo
1846 4057 2112 4129 inferius,
2225 4055 2654 4114 Fiscamnensis
2678 4057 2979 4132 privilegia
2993 4073 3137 4114 novo
3151 4055 3465 4130 diplomate
3481 4056 3875 4117 confirmavit.

463 4161 630 4220 quam
653 4160 755 4218 pro
783 4145 1018 4202 Romani
1037 4145 1314 4216 pontiﬁcis
1341 4143 1670 4212 obedientia,
1693 4153 1756 4201 ut
1780 4163 1973 4220 nempe
1996 4151 2110 4206 Ma-
2221 4143 2346 4200 Non
2379 4146 2614 4218 quidem
2645 4145 2812 4202 licuit
2833 4147 3051 4203 Urbani
3081 4137 3301 4202 litteras
3331 4144 3608 4212 invenire,
3633 4146 3734 4202 sed
3767 4165 3872 4204 su-

459 4235 660 4293 thildis
688 4235 908 4290 uirilius
931 4236 1137 4292 sanctae
1175 4233 1431 4290 Romana
1463 4233 1715 4290 Ecclesia
1747 4244 1937 4292 contra
1965 4239 2108 4295 schi-
2219 4238 2414 4306 perest
2440 4235 2568 4306 ejus
2622 4235 2703 4291 rei
2743 4235 2948 4292 notitia
2975 4235 3034 4290 in
3063 4236 3240 4292 veteri
3288 4235 3678 4290 instrumento
3726 4241 3874 4293 tunc

455 4324 711 4380 smaticos
739 4325 914 4396 posset
931 4322 1238 4379 subvenire.
1260 4319 1481 4378 Volunt
1509 4322 1775 4378 nonnulli
1807 4323 2104 4383 Urbanum
2217 4323 2516 4396 temporis,
2549 4325 2766 4398 scripta
2813 4343 2941 4397 quae
2972 4325 3028 4380 in
3063 4323 3400 4381 collectione
3449 4323 3620 4395 epist.
3655 4325 3864 4397 pontii.

455 4412 668 4469 harum
698 4411 1039 4484 nuptiarum
1071 4410 1374 4467 occasione
1425 4411 1607 4467 Senas
1637 4428 1828 4484 usque
1874 4413 1932 4469 in
1983 4417 2104 4472 Tu-
2213 4410 2439 4486 integra
2479 4413 2863 4469 exhibebitur.
2894 4415 2980 4468 An
3023 4429 3156 4469 vero
3181 4413 3258 4468 .de
3305 4412 3414 4467 hac
3459 4411 3868 4471 interdictione

453 4501 638 4560 sciam
681 4517 1044 4575 properasse,
1081 4499 1181 4556 ubi
1211 4497 1552 4556 Mathildem
1598 4502 1937 4560 convenisse
1965 4505 2103 4560 dici-
2212 4500 2626 4576 intelligendus
2656 4501 2734 4560 sit
2762 4503 3084 4560 Eadmerus
3115 4501 3216 4558 lib.
3249 4519 3307 4558 ιν
3335 4500 3545 4557 Novor.
3577 4517 3756 4574 quam
3787 4501 3869 4560 le-

449 4593 568 4660 tur,
601 4591 756 4664 quod
789 4589 1026 4662 quidem
1058 4587 1406 4645 Bertholdus
1430 4587 1687 4658 reticuit;
1721 4591 1823 4646 sed
1853 4595 2102 4650 testatur
2208 4596 2402 4647 vatam
2435 4592 2614 4649 fuisse
2645 4579 2973 4648 interventu
3005 4591 3193 4648 sancti
3221 4589 3481 4647 Anselmi
3513 4589 3738 4661 scribit,
3756 4591 3864 4650 alii

449 4678 884 4738 Catholicorum
931 4677 1130 4735 hostes
1179 4675 1328 4732 nihil
1380 4676 1670 4747 omisisse,
1718 4684 1784 4736 ut
1828 4681 2102 4756 Welpho-
2136 4692 2180 4757 ι)
2208 4679 2478 4738 viderint.

448 4785 583 4826 nem
613 4769 986 4836 lacesserent,
1013 4782 1191 4839 quem
1221 4769 1418 4860 tamen
1459 4765 1676 4824 frustra
1703 4771 1958 4842 impetere
1986 4781 2100 4828 ten-
2291 4787 2508 4844 XLV”,
2540 4787 2824 4844 Monach“
2853 4789 3008 4844 pem
3035 4787 3181 4860 apud
3210 4787 3556 4844 pomisaram
3584 4786 3779 4844 urbem

447 4865 698 4915 taverunt
725 4876 744 4914 :
775 4875 958 4931 quare
996 4871 1153 4924 cum,
1185 4859 1251 4912 ut
1287 4855 1444 4912 idem
1474 4861 1677 4913 auctor
1703 4861 2095 4936 prosequitur,
2928 4855 3132 4914 tuetur.
3537 4933 3542 4938 ι

447 4948 502 5004 ei
529 4949 781 5004 resistere
803 4963 917 5004 non
937 4953 1158 5018 possent
1185 4949 1401 5016 treugas
1419 4961 1586 5018 usque
1615 4949 1676 5002 in
1703 4949 1916 5006 Pascha
1941 4952 2009 5008 ab
2037 4970 2096 5010 eo
2277 4947 2478 5004 Eidem
2508 4946 2803 5004 Willelmo
2847 4947 3283 5021 archiepiscopo
3315 4945 3584 5004 Urbanus
3624 4947 3867 5021 scripsit

440 5051 542 5110 per
595 5037 964 5094 interemtam
1020 5035 1265 5108 conjugis
1320 5035 1436 5107 ejus
1490 5036 1940 5107 iinploraverum.
1981 5042 2095 5098 Nec
2205 5036 2358 5092 circa
2385 5035 2528 5091 illud
2552 5041 2785 5108 tempus
2813 5037 2870 5092 in
2898 5037 3147 5110 gratiam
3171 5035 3593 5092 monachorum
3616 5035 3868 5094 Beccen-

445 5123 616 5198 plura
646 5123 836 5197 potuit
865 5123 1169 5182 Henricus.
1193 5124 1274 5180 De
1291 5123 1548 5195 praedicto
1571 5127 1821 5198 conjugio
1851 5131 2095 5187 tristatus
2205 5125 2383 5187 slum.
2409 5125 2510 5196 qui
2541 5125 2599 5180 in
2634 5124 2890 5182 Ecclesia
2914 5113 3284 5182 Sancti-Petri
3305 5123 3461 5196 apud
3489 5123 3862 5182 Pontisaram

442 5213 871 5287 expeditionem
913 5213 974 5270 in
1023 5213 1334 5270 Saxoniam
1382 5212 1624 5285 paravit,
1657 5231 1725 5270 ex
1757 5233 1872 5288 qua
1918 5219 2093 5291 paulo
2203 5215 2509 5286 degebant.
2535 5215 2652 5269 Hoc
2684 5215 3108 5272 Ponlisarensis
3138 5213 3334 5286 oppidi
3365 5211 3591 5282 accolae,
3625 5218 3866 5271 canoni-

439 5307 574 5375 post
601 5301 800 5360 fractis
838 5301 1060 5360 viribus
1108 5304 1226 5358 sine
1271 5301 1471 5358 honore
1525 5305 1734 5360 reverti
1785 5309 2093 5379 compulsus
2203 5304 2288 5360 cis
2319 5304 2514 5361 Sancti
2539 5303 2802 5361 Mellonis
2822 5304 3105 5376 adjuncti,
3129 5302 3439 5378 prohibere
3466 5301 3862 5378 conabantur,

438 5399 537 5448 est.
2203 5411 2274 5450 ne
2303 5395 2473 5467 signa
2500 5394 2573 5450 ad
2605 5393 2862 5450 ofﬁcium
2883 5394 3148 5451 divinum
3175 5391 3497 5466 pulsarent.
3522 5389 3686 5456 Quod
3720 5391 3893 5450 irrelo

783 5480 942 5537 XLV.
977 5480 1278 5537 Gebehardi
1306 5482 1549 5554 episeOpi
1577 5482 1747 5538 zelus.
2201 5484 2455 5555 ligiosum
2473 5499 2585 5539 esse
2605 5499 2670 5539 ac
2685 5484 3050 5540 inhumanum
3073 5481 3416 5556 pronuntiat
3433 5478 3694 5552 pontifex
3707 5481 3865 5540 vult-

505 5569 747 5626 Interim
769 5569 1150 5626 Gebebardus
1172 5570 1516 5626 auctoritate
1538 5570 1844 5644 legationis
1863 5577 2092 5644 aposto-
2201 5589 2313 5646 que
2335 5577 2399 5628 ut
2420 5571 2696 5644 deinceps
2719 5573 2776 5628 id
2798 5573 2882 5630 eis
2904 5573 3154 5630 liberum
3175 5571 3286 5628 sit:
3313 5569 3518 5626 litterae
3539 5567 3688 5624 datae
3713 5577 3864 5628 sunt

438 5657 582 5726 lica,
617 5675 735 5730 qua
777 5659 943 5715 initio
993 5659 1172 5732 hujus
1219 5660 1376 5728 anni,
1412 5664 1476 5714 ut
1523 5660 1801 5728 diximus,
1837 5662 2088 5720 donatus
2194 5665 2350 5718 trans
2383 5661 2616 5716 Tiberim
2645 5679 2705 5716 ιιι
2735 5661 3006 5718 Kalendas
3043 5661 3292 5731 Augusti,
3325 5675 3472 5732 quas
3505 5656 3750 5731 proinde
3779 5662 3858 5716 ad

439 5748 648 5817 fuerat,
678 5747 942 5822 gnaviter
970 5748 1266 5818 utebatur;
1302 5766 1367 5806 eo
1397 5748 1572 5806 etiam
1622 5747 1789 5806 titulo
1837 5751 2086 5810 maxime
2197 5753 2354 5808 hunc
2386 5767 2610 5808 annum
2643 5751 2994 5809 revocandas
3024 5767 3151 5808 esse
3183 5747 3549 5822 conjicimus.
3596 5742 3602 5750 ’
