3972 6388
1733 404 1805 495 ,Ἰ

1920 409 2009 493 Αο.
2172 486 2183 499 .
3507 412 3598 513 εξι⁸

325 536 570 635 XLVIIl,
597 537 969 635 Briuilegium
996 536 1269 635 S‘.APont-ii
1300 508 1691 635 fomeriarum.
1860 531 1917 614 Ᾰ
1946 545 2038 616 lis,
2070 552 2178 607 etc.
2210 545 2375 609 Unde
2395 549 2597 611 mirari
2618 550 2779 612 subit
2806 553 3041 633 Petrum
3072 553 3403 635 Diaconumh
3424 532 3493 635 in:
3513 508 3601 611 lli-7'

206 630 225 659 ·’
253 628 433 687 Paulo
446 633 579 687 ante
597 628 739 687 illud
760 631 1081 705 tempus,id
1093 636 1183 689 est
1207 631 1353 707 ipsis
1371 632 1645 692 Kalendis
1663 631 1825 705 Julii,

172 717 413 794 insigne
427 719 800 793 privilegium
820 722 1112 777 'concessit
1134 722 1405 778 Urbanus
1428 724 1704 780 Frotardo
1725 724 1826 780 ab-

171 808 303 865 bati
322 809 522 866 Sancti
540 809 1157 868 Pontiid‘omeriarum
1180 811 1236 867 in
1261 811 1452 868 Gallia
1480 813 1790 870 Narbonen
1806 841 1826 856 -

174 899 376 975 si,qno
405 898 600 955 locum
620 898 787 954 illum
820 916 853 954 a
873 900 1279 973 cujuscunque
1310 899 1829 975 episcopijurisdi-

169 988 367 1045 ctione
409 987 629 1055 eximit,
681 986 930 1061 aliisque
983 988 1383 1061 compluribus
1430 990 1827 1064 prterogativis

172 1079 463 1134 exornat:
513 1076 659 1133 illud
702 1077 985 1133 debemus
1035 1077 1320 1133 beneflcio
1372 1077 1687 1135 clarissimi
1716 1078 1826 1135 viri

170 1166 458 1239 Stephani
480 1164 902 1240 Baluzii,atque
930 1165 1141 1222 ultima
1161 1171 1267 1237 est,
1287 1166 1398 1222 nisi
1423 1167 1612 1239 fallor,
1643 1167 1824 1235 bulla,

167 1255 232 1313 in
286 1272 406 1328 qua
448 1255 705 1312 Joannes
751 1257 1167 1329 praesignatoris
1215 1255 1430 1312 domini
1464 1271 1628 1329 papae
1654 1256 1825 1313 titulo

170 1360 323 1401 usus
353 1348 463 1401 est.
918 1356 921 1359 '

167 1450 364 1508 XLIX.
402 1451 649 1509 Urbanus
672 1452 861 1508 scribit
918 1451 983 1507 de
997 1451 1386 1579 brestauranda
1436 1453 1827 1509 Tarraconensi

925 1540 996 1578 ur
1028 1540 1075 1579 e.

925 1540 1057 1580 ανυθ
1064 1566 1075 1578 .

237 1611 491 1684 Scripsit
509 1628 742 1684 quoque
772 1612 975 1668 eadem
993 1612 1087 1668 die
1109 1612 1369 1685 pontifex
1399 1612 1471 1668 ad
1509 1612 1820 1669 Catalaniaa

164 1717 440 1776 proceres
451 1717 598 1774 quos
610 1702 682 1758 ad
696 1702 1084 1774 reparandam
1102 1702 1596 1759 Tarraconensem
1612 1702 1821 1759 urbem

165 1791 535 1857 adhortatur,
567 1793 631 1845 ut
647 1790 981 1863 praesidium
1004 1790 1083 1846 sit
1113 1790 1349 1847 firmum
1382 1791 1661 1848 adversus
1683 1793 1818 1849 Sar-

165 1896 435 1947 racenos,
464 1880 595 1935 etin
618 1896 686 1936 ea
703 1879 961 1936 cathedra
988 1880 1315 1953 episcopalis
1340 1879 1570 1936 restitui
1606 1882 1813 1954 possit.

164 1969 335 2027 Tunc
369 1967 692 2025 commissa
736 1973 861 2024 erat
882 1969 1009 2041 jam
1040 1986 1074 2025 a
1104 1968 1307 2024 multis
1347 1968 1519 2025 annis
1547 1968 1820 2042 episcopo

157 2058 494 2116 Ausonensi
526 2075 665 2114 cura
692 2057 1143 2115 Tarraconensis
1192 2057 1479 2125 Ecclesiae,
1528 2059 1813 2115 exstincta

159 2148 222 2204 in
269 2163 339 2205 ea
384 2147 685 2221 provincia
731 2144 1156 2219 metropolitica
1198 2146 1502 2221 dignitate,
1562 2164 1690 2222 qum
1743 2149 1813 2204 ad

160 2237 607 2294 Narbonensem
648 2235 1149 2309 archiepiscopum
1179 2236 1408 2292 decreto
1448 2236 1815 2308 comprovin-

161 2325 404 2383 cialinm
437 2326 841 2400 episcoporum
874 2330 933 2382 et
963 2324 1312 2399 populorum
1346 2341 1635 2381 consensu
1650 2326 1817 2382 devo-

159 2415 291 2473 luta
321 2416 530 2474 fuerat.
586 2416 743 2472 Hanc
791 2431 924 2472 vero
972 2414 1404 2472 restitutionem
1435 2415 1810 2488 potissimum

159 2506 412 2581 urgebat
432 2505 817 2579 Berangerius
847 2504 1812 2578 Ausonensisepiscopus,sperans

160 2612 220 2653 se
240 2613 310 2653 eo
332 2600 503 2668 pacto
524 2595 596 2651 ad
619 2594 1049 2666 metropolitani
1084 2592 1432 2666 dignitatem
1450 2595 1604 2650 haud
1636 2595 1811 2652 dubie

156 2688 663 2759 perventurum,ct
692 2683 930 2757 quidem
963 2684 1165 2740 eadem
1188 2699 1367 2739 causa
1396 2683 1518 2750 diu,
1538 2688 1603 2739 ut
1632 2688 1811 2740 testa-

152 2778 251 2831 tur
278 2775 408 2848 ipse
437 2774 717 2846 pontifex,
754 2774 946 2829 Romae
981 2775 1244 2828 moratus
1277 2775 1386 2839 est,
1424 2788 1558 2828 cum
1590 2771 1704 2829 huc
1735 2774 1808 2829 ad

153 2863 463 2920 invisenda
484 2860 1311 2936 apostolormlimina,suaque
1343 2860 1627 2933 obsequia
1662 2879 1807 2918 novo

155 2951 417 3026 pontifici
434 2951 752 3019 reddenda,
783 2950 964 3022 hujus
981 2948 1119 3005 anni
1141 2949 1333 3018 initio,
1366 2953 1466 3005 aut
1486 2950 1595 3006 sub
1629 2951 1805 3008 ﬁnem

155 3041 542 3114 praecedentis
554 3039 912 3097 accessisset.
938 3039 1095 3095 Data:
1109 3042 1248 3094 sunt
1262 3038 1345 3093 hae
1367 3038 1572 3095 littera:
1586 3040 1801 3110 Romae,

152 3129 435 3209 Kalendis
450 3128 595 3185 Julii
615 3128 724 3185 hoc
747 3127 1379 3184 anno.Tarraconensis
1398 3132 1593 3185 tamen
1617 3128 1806 3185 Eccle-

154 3219 239 3278 sia
271 3219 514 3277 nonnisi
532 3218 769 3275 biennio
800 3221 1020 3291 postea,
1056 3221 1120 3273 ut
1148 3215 1424 3287 ditemus,
1457 3216 1798 3291 dignitatem

155 3325 321 3365 suam
350 3305 734 3380 recuperavit.
1158 3374 1165 3381 ι

440 3397 503 3453 L.
520 3395 1025 3455 Joannesdiaconus
1046 3396 1108 3466 ﬁt
1129 3396 1516 3451 canceltarius.

218 3485 624 3544 Porrolitterae
643 3502 791 3559 quas
828 3474 1210 3541 eaoecasione
1244 3484 1515 3541 Urbanus
1547 3485 1799 3559 scripsit,

153 3577 296 3633 data:
327 3576 612 3631 dicuntur
642 3590 742 3647 per
786 3590 984 3629 manus
1024 3574 1252 3630 Joannis
1292 3581 1500 3631 sancta:
1541 3575 1803 3633 Romana?

147 3667 404 3724 Ecclesia!
421 3665 646 3721 diaconi
661 3663 966 3720 cardinalis
994 3670 1046 3718 et
1062 3663 1404 3728 cancellarii,
1440 3678 1575 3718 cum
1607 3667 1797 3731 antea,

146 3759 208 3811 ut
236 3754 519 3821 diximus,
565 3755 818 3810 Joannes
858 3752 1277 3824 prwsignatoris
1325 3750 1543 3807 domini
1593 3753 1801 3810 Urbani

144 3843 386 3903 titulum
418 3859 653 3916 semper
682 3840 1051 3898 adhibuisset
1097 3859 1110 3898 :
1143 3840 1298 3896 unde
1344 3839 1553 3911 conjici
1582 3845 1795 3913 potest,

143 3950 276 3991 eum
310 3939 453 3990 tunc
482 3931 743 4006 primum
778 3932 1051 3987 Romanae
1082 3929 1692 3985 Ecclesiazcancellarii
1715 3931 1799 3987 di-

140 4022 426 4097 gnitatem
458 4019 804 4078 obtinuisse.
821 4019 984 4076 Certe
1013 4017 1337 4075 Pandulfus
1372 4018 1429 4074 in
1462 4018 1594 4075 Vita
1626 4019 1795 4077 Gela-

143 4112 209 4169 sii
231 4112 280 4169 II
302 4112 431 4185 (qui
449 4116 540 4167 est
558 4110 683 4184 ipse
708 4108 1415 4180 Joannes)observateum
1437 4107 1512 4164 ab
1537 4108 1792 4178 Urbano,

145 4201 238 4274 qui
261 4204 406 4257 tunc
430 4199 624 4255 Romen
664 4197 817 4254 inter
837 4197 984 4253 duos
1007 4201 1213 4269 pontes
1254 4196 1315 4252 in
1355 4197 1592 4270 magnis
1615 4214 1797 4270 angu-

143 4290 270 4348 stiis
310 4287 668 4346 constitutus
715 4288 1077 4354 morabatur,
1132 4284 1555 4342 cancellarium
1615 4287 1800 4344 fuisse

144 4379 506 4446 institutum,
540 4377 895 4451 proindeque
933 4392 1050 4431 non
1084 4375 1143 4430 in
1174 4374 1478 4431 Casinensi
1504 4382 1797 4433 monaste-

148 4468 506 4542 rio,quando
539 4467 795 4540 primum
817 4466 874 4521 in
898 4464 1189 4539 pontificis
1209 4465 1553 4521 comitatum
1576 4483 1800 4523 assum-

147 4562 278 4631 ptus
309 4557 441 4625 fuit,
461 4560 565 4612 aut
582 4555 803 4629 reliquo
821 4559 1108 4628 tempore,
1141 4553 1295 4625 quod
1329 4552 1387 4610 in
1418 4554 1597 4611 variis
1627 4554 1797 4612 itine-

1938 638 2045 695 bro
2066 639 2147 697 De
2162 640 2304 699 viris
2325 640 2655 699 illustribus
2674 630 3011 702 Casinensis
3023 644 3361 723 monasterii
3383 630 3493 718 cap
3502 638 3601 702 .31-

1939 727 2213 787 laudasse
2234 733 2480 789 Leonem
2512 735 2827 805 quemdam
2859 734 3215 791 cardinalem
3250 735 3349 813 qui
3370 735 3590 808 scripsit

1937 833 2007 874 ex
2028 822 2252 877 nomine
2292 822 2499 879 Urbani
2511 839 2676 896 papae
2696 826 3048 896 quamplures
3080 825 3349 897 epistolas,
3384 832 3433 881 et
3460 827 3587 896 fecit

1940 910 2237 977 registrum
2278 914 2411 983 ejus.
2447 913 2509 967 In
2551 929 2723 984 quem
2777 912 2971 968 locum
2996 914 3361 985 Marus,post
3391 931 3585 986 repre-

1938 997 2155 1055 hensos
2187 999 2502 1057 Baronium
2534 1007 2590 1057 et
2610 1002 3580 1076 Possevinum,aliosqueauctores,

1937 1087 2037 1160 qui
2096 1088 2254 1145 hunc
2310 1090 2559 1147 Leonem
2612 1108 2742 1146 cum
2811 1092 3001 1148 Leone
3035 1092 3379 1161 Marsicano,
3404 1094 3579 1165 vulgo

1936 1176 2189 1233 Ostiensi
2214 1178 2391 1250 dicto,
2422 1179 2690 1236 Chronici
2716 1181 3052 1238 Casinensis
3086 1186 3340 1259 auctore,
3360 1183 3443 1261 .de
3463 1199 3579 1254 quo

1932 1265 2139 1323 Petrus
2156 1268 2343 1341 capite
2364 1270 2711 1341 praecedenti
2742 1274 2958 1344 egerat,
2994 1273 3403 1351 confuderunt,
3438 1273 3577 1327 sub-

1925 1355 2127 1429 jungit
2146 1357 2395 1414 Leonem
2418 1359 2598 1415 istum
2630 1359 2963 1433 complures
2980 1361 3257 1437 epistolas
3288 1378 3577 1428 exarasse,

1932 1462 2002 1500 ex
2032 1445 2269 1519 quibus,
2303 1447 2516 1520 inquit,
2538 1447 2743 1522 viginti
2764 1450 2874 1505 sub
2905 1448 3123 1505 Urbani
3155 1450 3395 1506 nomine
3423 1436 3579 1523 apud

1933 1532 2167 1590 Binium
2198 1539 2357 1592 tomo
2387 1538 2488 1593 VII
2508 1536 2898 1593 Conciliorum
2940 1538 3107 1593 editae
3140 1543 3303 1618 sunt.
3328 1541 3401 1618 At
3431 1557 3578 1595 nus-

1930 1639 2108 1695 quam
2134 1626 2386 1697 reperire
2406 1625 2574 1682 licuit
2592 1626 2776 1699 ullam
2807 1626 2926 1704 sive
2947 1626 3165 1706 bullam
3207 1614 3325 1706 sive
3346 1614 3576 1706 episto-

1928 1712 2045 1768 lam
2096 1712 2330 1784 Urbani,
2381 1732 2508 1788 quae
2558 1733 2592 1771 a
2638 1714 2826 1787 Leone
2856 1702 3085 1793 scripta
3105 1702 3287 1793 fuisse
3325 1702 3576 1793 dicatur,

1929 1801 2053 1870 sed,
2074 1805 2139 1858 ut
2161 1803 2439 1872 diximus,
2470 1804 2780 1878 pleraeque,
2804 1804 2922 1860 imo
2947 1789 3064 1861 fere
3078 1789 3287 1861 omnes
3306 1790 3575 1862 aJoanne

1929 1890 2157 1963 scripta:
2181 1892 2445 1963 fuerunt;
2469 1895 2624 1966 quod
2645 1894 2861 1950 mirum
2877 1898 2967 1951 est
2986 1912 3019 1949 a
3048 1882 3233 1960 Petro,
3265 1894 3442 1951 etiam
3458 1880 3575 1951 'ubi

1928 1980 2000 2036 de
2030 1980 2129 2036 illo
2152 1981 2377 2038 Joanne
2400 1983 2512 2038 sub
2534 1982 2745 2039 Gelasii
2771 1983 2819 2040 ΙΙ
2852 1982 3087 2039 nomine
3116 1983 3253 2056 egit,
3286 1974 3572 2040 omissum

1927 2067 2128 2127 fuisse.
2347 2137 2355 2144 _
2818 2142 2826 2151 .
2894 2142 2923 2149 η

2000 2159 2091 2239 LI,
2113 2161 2375 2217 Rainaldi
2401 2162 2798 2236 archiepiscopi
2818 2164 3102 2237 Remensis
3123 2165 3226 2219 iter
3251 2164 3494 2219 Romam.

1944 2246 1963 2275 ἰ
1995 2247 2157 2322 Circa
2186 2251 2445 2306 medium
2498 2250 2683 2323 hujus
2704 2250 3567 2331 anni"Raynaldus‘Remorum

1923 2337 2167 2409 antistes
2204 2340 2447 2397 Romam
2472 2342 2703 2398 advenit
2724 2342 2795 2397 ab
2817 2341 3050 2421 Urbano
3073 2340 3375 2419 invitatus,
3410 2331 3566 2416 quod

1918 2426 2031 2483 iter
2076 2432 2209 2485 ante
2248 2430 2383 2486 Maii
2431 2432 2606 2487 ﬁnem
2656 2448 2791 2487 eum
2832 2431 3144 2504 incmpisse
3176 2432 3471 2509 colligitur
3500 2451 3567 2489 ex

1920 2514 2078 2585 illius
2090 2517 2359 2575 chartain
2382 2521 2630 2594 gratiam
2655 2521 3073 2578 monachorum
3089 2522 3566 2594 Remigianorum

1919 2606 2055 2661 data
2097 2607 2205 2664 hoc
2245 2625 2397 2665 anno
2439 2610 2596 2677 1089,
2632 2610 2951 2666 indictione
2980 2628 3077 2675 xu,
3112 2610 3364 2683 Philippi
3386 2612 3566 2668 Fran-

1918 2710 2119 2751 corum
2152 2697 2303 2771 regis
2349 2699 2437 2768 30,
2473 2698 2830 2772 proindeque
2859 2701 2991 2754 ante
3024 2699 3178 2754 diem
3216 2698 3560 2756 vicesimum

1914 2784 2152 2841 tertium
2203 2786 2356 2843 Maii.
2389 2788 2537 2844 Nam
2569 2788 2677 2843 hoc
2709 2788 2834 2862 ipso
2881 2787 2974 2843 die
3008 2787 3312 2861 Philippus
3336 2789 3559 2845 tricesi-

1915 2888 2078 2956 mum
2111 2876 2272 2949 regni
2296 2877 2385 2932 sui
2409 2894 2628 2933 annum
2653 2877 2914 2950 incoepit,
2948 2880 3322 2933 consecratus
3362 2878 3560 2935 Remis

1913 2966 2047 3018 ante
2076 2964 2165 3019 sui
2217 2965 2401 3038 patris
2434 2966 2681 3035 obitum,
2715 2966 2809 3022 die
2838 2983 3004 3023 sacro
3036 2966 3421 3036 Pentecostes,
3454 2985 3556 3023 an-

1912 3068 1987 3107 no
2010 3052 2166 3109 1059.
2202 3055 2266 3109 In
2289 3053 2391 3109 illa
2423 3059 2619 3111 autem
2656 3056 2876 3122 charta,
2909 3072 3086 3128 quam
3124 3054 3405 3112 Marlotus
3435 3057 3569 3135 edi-_

1911 3138 1996 3196 dit
2023 3145 2182 3198 tomo
2229 3141 2272 3199 Il
2322 3143 2656 3217 Metropolis
2700 3143 3031 3212 Remensis,
3062 3142 3211 3200 libro
3243 3147 3437 3218 n,cap.'
3471 3146 3503 3201 4
3538 3164 3551 3203 :

1909 3228 2226 3287 Rainaldus
2241 3249 2365 3287 cum
2387 3250 2455 3289 ex
2469 3235 2735 3306 petitione
2750 3234 2966 3305 domini
2971 3250 3129 3305 papae
3157 3236 3364 3291 Urbani
3399 3251 3556 3307 apos-

1911 3320 2173 3376 slolorum
2220 3321 2419 3378 limina
2454 3324 2853 3395 Ecclesiamque
2876 3326 3174 3380 Romanam
3193 3325 3414 3380 visitare
3442 3327 3560 3395 agi-

1910 3409 2244 3482 grederetur,
2294 3416 2421 3468 ante
2470 3428 2664 3485 corpus
2723 3413 3027 3468 beatissimi
3071 3416 3124 3469 et
3176 3414 3563 3485 gloriosissimi

1905 3501 2131 3570 patroni
2162 3499 2252 3555 sui
2276 3502 2518 3571 Remegii
2535 3504 2782 3558 oratione
2811 3503 2976 3573 facta,
3010 3503 3074 3558 in
3102 3503 3401 3579 capitulum
3432 3519 3562 3576 per-

1910 3587 2059 3644 rexit
2101 3590 2166 3644 de
2214 3606 2320 3645 suo
2369 3592 2564 3646 itinere
2585 3592 2886 3657 locuturus,
2920 3591 3118 3663 ibique
3151 3592 3324 3647 altare
3351 3592 3417 3646 de
3446 3594 3560 3647 vico

1908 3679 2085 3732 sancti
2107 3680 2340 3747 Remigii
2361 3679 2555 3735 abbati
2586 3679 2833 3734 Henrico
2876 3679 3096 3750 totique
3145 3679 3556 3735 ardhicoenbbii

1910 3765 2237 3839 Remigiani
2284 3766 2717 3840 congregationi
2769 3767 3079 3823 concessit.
3132 3772 3273 3821 Cum
3304 3784 3457 3835 vero,
3494 3772 3559 3823 ut

1910 3855 2216 3910 Bertoldus
2238 3857 2431 3925 refert,
2464 3856 2734 3912 Urbanus
2756 3855 2866 3912 hoc
2889 3873 3039 3911 anno
3061 3855 3286 3912 litteras
3306 3856 3557 3930 Philippi

1910 3945 2052 4016 regis
2080 3946 2413 4001 Francorum
2446 3945 2685 4000 debitam
2704 3945 3091 4017 subjectionem
3123 3945 3175 4000 ei
3190 3946 3555 4017 promittentis

1905 4034 2223 4105 susceperit,
2254 4032 2570 4089 verisimile
2591 4038 2678 4089 est
2693 4051 2791 4090 eas
2814 4052 2847 4090 a
2868 4034 3169 4107 Raynaldo
3192 4033 3373 4091 fuisse
3395 4035 3555 4091 dela-

1906 4126 2018 4178 tas.
2054 4122 2188 4178 Erat
2208 4122 2386 4193 enim,
2420 4127 2485 4178 ut
2526 4124 2650 4196 ipse
2671 4123 2931 4196 pontifex
2959 4123 3019 4179 in
3039 4123 3292 4195 quadam
3311 4124 3557 4196 epistola

1906 4214 2176 4280 testatur,
2210 4210 2478 4285 Philippo
2528 4212 2996 4285 acceptissimus.
3046 4212 3213 4268 Forte
3260 4213 3552 4285 reliquum

1908 4301 2088 4373 hujus
2106 4301 2240 4357 anni
2266 4302 2451 4375 exegit
2475 4303 2668 4357 Romae
2694 4319 2881 4370 :nam,
2908 4306 2972 4358 ut
3002 4300 3244 4357 inferius
3267 4301 3550 4371 dicemus,

1908 4389 2343 4462 amplissimum
2360 4390 2725 4465 privilegium
2748 4391 2820 4447 ab
2843 4391 3074 4447 Urbano
3098 4390 3397 4463 subhujus
3415 4392 3553 4447 anni

1908 4478 2085 4533 ﬁnem
2121 4479 2360 4550 accepit.

2302 4569 2416 4624 Lll.
2455 4571 2572 4624 Par
2613 4586 2735 4624 cum
2769 4569 2971 4627 Graecis
3001 4571 3161 4625 inita.

144 4646 305 4705 ribus
324 4647 386 4703 in
404 4646 627 4720 quibus
647 4644 913 4718 pontifici
944 4643 1213 4712 adhaesit,
1236 4646 1506 4700 exactum
1528 4649 1637 4701 est.
1669 4645 1799 4702 Haec
1829 4659 1876 4724 D
1976 4654 2244 4728 Aliquam
2266 4655 2440 4712 etiam
2460 4657 2851 4714 inter-amcos
2867 4658 3171 4715 etLatinos
3185 4658 3555 4715 concordi-dm

144 4742 279 4795 sunt
326 4734 601 4793 Pandulﬁ
644 4734 819 4791 verba
862 4737 994 4806 post
1043 4738 1343 4789 enarratas
1412 4732 1798 4805 calamitates,

146 4842 288 4899 quas
309 4825 509 4882 Romae
532 4822 791 4897 pontifex
808 4823 919 4879 sub
943 4823 1119 4878 tinem
1150 4820 1289 4877 anni
1315 4822 1716 4894 praecedentis,
1741 4829 1799 4880 et

147 4914 322 4988 hujus
356 4913 526 4971 initio
566 4911 903 4988 pertulerat.
939 4914 1083 4968 Tunc
1107 4927 1257 4983 papa
1284 4910 1720 4969 litteratissimus
1749 4922 1802 4970 et

145 5003 407 5077 facundus
425 5005 662 5077 fratrem
680 5005 944 5059 Joannem
982 5002 1165 5056 virum
1193 5001 1381 5073 utique
1406 5003 1707 5072 sapientem
1735 5021 1799 5058 ac

142 5094 430 5167 providum
458 5095 722 5161 sentiens,
747 5091 1041 5156 ordinavit,
1075 5089 1337 5154 admovit,
1370 5106 1639 5163 suumque
1665 5108 1795 5147 can-

150 5185 437 5240 cellarium
481 5199 555 5240 ea:
598 5184 801 5237 intima
840 5180 1231 5237 deliberatione
1257 5181 1547 5235 constituit
1571 5199 1588 5236 :
1614 5190 1675 5237 ut
1697 5200 1799 5254 per

150 5272 510 5346 eloquentiam
550 5273 660 5328 sibi
706 5289 739 5327 a
776 5272 1003 5327 Domino
1034 5270 1314 5338 traditam,
1347 5269 1570 5341 antiqui
1598 5272 1797 5344 leporis

153 5362 499 5431 delegantias
518 5361 744 5434 stylum,
778 5362 841 5415 in
884 5357 1007 5414 sede
1025 5357 1321 5429 apostolica
1358 5358 1483 5427 jam
1515 5373 1653 5428 pene
1683 5376 1799 5415 om-

151 5468 270 5507 nem
327 5450 699 5524 deperditum,
744 5451 930 5505 saneto
974 5447 1214 5503 dictante
1282 5446 1514 5518 Spiritu,
1565 5449 1799 5507 Joannes

150 5541 245 5599 Dei
287 5543 472 5614 gratia
514 5540 863 5613 reformaret,
917 5554 979 5593 ac
1024 5535 1336 5592 Leoninum
1362 5550 1586 5589 cursum
1616 5536 1799 5594 lucida

149 5631 418 5688 velocitate
433 5628 732 5686 reduceret.
767 5628 837 5685 Et
871 5626 1109 5701 quidem
1144 5640 1354 5681 omnes
1373 5623 1551 5681 ferme
1582 5626 1797 5686 Urbani

149 5719 309 5778 bullae
333 5720 483 5777 datae
512 5722 653 5776 sunt
685 5733 783 5790 per
830 5733 1028 5775 manus
1049 5715 1276 5773 Joannis
1299 5713 1520 5771 diaconi
1539 5716 1797 5777 cardina-

1909 4744 2110 4801 eodem
2133 4749 2391 4818 tempore
2415 4746 2619 4802 initam
2636 4746 2816 4803 fuisse
2830 4746 3019 4819 colligi
3042 4751 3231 4819 potest
3256 4764 3323 4803 ex
3338 4748 3554 4803 Bertol-

1907 4835 2107 4907 do,qui
2139 4834 2315 4891 refert
2357 4834 2659 4891 Urbanum
2706 4852 2807 4908 per
2838 4834 3211 4908 suoslegatos
3234 4835 3555 4893 absolvisse

1907 4923 2318 4996 imperatorem
2339 4923 3049 4997 Constantinopolitanum
3065 4925 3137 4979 ab
3151 4926 3551 4981 excommuni-

1907 5013 2151 5070 catione.
2178 5014 2230 5070 Is
2254 5019 2375 5070 erat
2398 5013 2632 5070 Alexius
2654 5019 3003 5084 Comnenus,
3041 5014 3139 5087 qui
3164 5032 3316 5071 anno
3338 5032 3552 5088 praece-

1906 5101 2087 5171 denti,
2124 5107 2187 5160 ut
2208 5121 2276 5160 ex
2305 5104 2589 5160 Gaufredo
2636 5104 2944 5161 Malaterra
2972 5104 3250 5172 vidimus,
3274 5105 3410 5177 §29,
3443 5105 3548 5161 Ur-

1905 5192 2125 5247 banum
2186 5192 2748 5265 Constantinopolim
2792 5192 3155 5262 invitaverat,
3209 5197 3272 5249 ut
3320 5196 3549 5250 concilio

1904 5285 2248 5352 congregato,
2282 5282 2579 5354 disputatio
2628 5283 2772 5339 inter
2800 5282 3012 5340 Graecos
3040 5287 3092 5338 et
3126 5284 3345 5339 Latinos
3376 5284 3546 5353 ﬁeret,

1904 5368 2090 5425 dicens
2131 5387 2187 5426 se
2230 5372 2462 5428 libenter
2504 5372 2828 5429 dismssioni
2855 5373 3139 5429 catholicze
3178 5389 3546 5427 assensurum.

1909 5458 2071 5515 Unde
2091 5476 2221 5516 vero
2245 5459 2437 5517 simile
2457 5466 2564 5532 est,
2599 5463 2751 5536 quod
2776 5462 2885 5518 etsi
2917 5462 2974 5517 id
3009 5463 3080 5517 ob
3103 5465 3432 5534 temporum
3449 5461 3553 5516 dif-

1908 5547 2198 5605 ficultates
2219 5566 2323 5622 per
2343 5552 2601 5625 seipsum
2630 5557 2904 5625 praestare
2932 5569 3047 5607 non
3088 5551 3343 5623 potuerit
3370 5550 3550 5605 Urba-

1908 5655 2042 5706 nus,
2093 5656 2232 5696 suos
2285 5644 2484 5697 tamen
2514 5642 2737 5715 legatos
2767 5641 2824 5697 in
2854 5642 3133 5698 Graeciam
3170 5640 3415 5707 miserit,
3452 5638 3551 5711 qui

1908 5726 2060 5784 hanc
2083 5728 2551 5804 qualemcunque
2570 5748 2773 5805 pacem
2791 5731 3213 5788 interLatinam
3228 5733 3549 5785 etGrzecam
