3972 6380
386 402 470 522 su
1686 447 1757 515 Β.
1801 422 2194 516 causam
2235 447 2490 517 mm.
3713 427 3813 513 se".

377 588 703 654 Ecclesium
732 586 1184 664 composuerint,
1216 588 1361 646 forte
1393 587 1627 661 utrique
1654 586 1812 660 genti
1843 601 2020 644 suum
2052 574 2481 654 A‘translatam
2522 582 2725 646 fuisse.
2769 586 2882 645 Hic
2920 563 3147 663 quippe
3188 588 3393 646 auctor
3424 566 3781 646 in'Historia‘

382 683 564 742 ritum
581 681 967 755 permittendo
988 697 1002 735 :
1022 697 1182 746 nam,
1200 681 1272 736 de
1303 677 1571 735 fermenti
1595 694 1705 734 usu
1728 677 1788 732 in
1810 676 2023 733 eucha-

383 772 554 832 ristia
567 769 940 845 potissimum
962 769 1262 842 agebatur,
1283 769 1465 825 donec
1478 767 1699 840 aliquid
1718 766 1946 822 ﬁrmius
1966 767 2028 822 in

387 860 634 919 concilio
674 857 928 933 generali
959 858 1387 914 decerneretur.

388 969 529 1026 L1H.
575 968 652 1025 De
691 982 825 1038 pace
871 966 1055 1038 agitur
1079 966 1247 1038 inter
1285 963 1503 1020 Roberti
1554 962 1843 1038 Guiscardi
1888 963 2030 1033 filios

779 1038 847 1093 ab
880 1036 1087 1095 Urbani
1122 1037 1297 1107 legato
1323 1036 1637 1106 composita.

462 1114 667 1185 Pacem
700 1134 877 1200 quam
907 1126 1178 1182 Urbanus
1195 1142 1297 1197 per
1317 1124 1573 1196 legatum
1592 1140 1766 1178 suum
1793 1140 2029 1196 compo-

389 1218 583 1278 suisse
602 1217 814 1273 dicitur
828 1215 937 1272 hoc
957 1232 1109 1271 anno
1126 1214 1278 1270 inter
1293 1213 1606 1286 Rogerium
1637 1216 1693 1268 et
1739 1214 2029 1268 Boamun-

387 1308 534 1366 dum
564 1305 797 1364 Roberti
829 1304 1137 1361 Guiscardi
1169 1302 1338 1370 ﬁlios,
1372 1303 1473 1375 qui
1494 1303 1566 1359 ob
1589 1306 1889 1374 paternam
1921 1301 2033 1357 haz-

387 1397 698 1470 mditatem
745 1394 897 1450 inter
941 1411 1003 1449 se
1050 1390 1431 1455 dissidebant,
1465 1395 1529 1446 ut
1575 1394 1774 1445 narrat
1806 1391 2031 1446 Roccus

388 1485 649 1558 Pyrrhus
666 1488 825 1541 torno
874 1484 950 1538 III
967 1480 1173 1538 Siciliae
1205 1496 1379 1536 sacra:
1410 1479 1471 1535 in
1490 1480 1694 1535 notitia
1713 1496 1911 1551 v1quaa
1932 1482 2033 1535 est

388 1577 462 1633 de
475 1573 731 1632 Ecclesia
746 1570 1085 1629 Mazarensi.
1120 1570 1174 1626 Is
1187 1573 1386 1625 auctor
1398 1569 1614 1641 profert
1639 1569 2031 1641 fragmentum

385 1664 525 1722 libri
570 1661 850 1720 tricesimi
904 1658 1283 1716 historiarum
1330 1658 1536 1715 Leonis
1607 1656 1916 1713 Marsicani
1961 1658 2032 1712 de

386 1751 665 1827 Gregorio
689 1751 791 1808 VII
820 1753 878 1808 et
894 1749 1125 1806 Urbano
1147 1748 1216 1815 Il,
1249 1747 1309 1803 in
1334 1764 1450 1820 quo
1479 1747 1659 1817 hujus
1682 1745 1910 1802 dissidii
1940 1746 2030 1801 bi-

389 1842 573 1901 storia
583 1843 959 1899 memoratur.
991 1840 1065 1894 At
1082 1837 1224 1893 illud
1242 1837 1447 1894 Leonis
1464 1854 1613 1909 opus
1634 1835 1902 1908 ignotum
1920 1839 2029 1901 est,

2136 678 2487 735 inventionis
2509 678 2695 735 sancti
2714 679 2915 735 Sabini
2935 681 3007 736 de
3035 677 3170 735 Eliaa
3192 678 3621 752 archiepiscopi
3644 695 3805 736 6οη--

2138 769 2460 825 secratione
2473 784 2615 840 agen
2625 786 2653 825 s
2666 768 2766 837 ait,
2791 767 2976 825 Eliam
2998 768 3058 824 in
3072 770 3384 826 Barensem
3403 764 3796 842 archiepisco-

2139 875 2280 932 pum
2300 860 2580 914 voluntate
2607 864 2657 915 et
2682 874 2945 915 consensu
2975 861 3197 928 Rogerii
3222 859 3375 914 ducis
3427 858 3793 931 proindeque

2139 949 2268 1019 ejus
2287 947 2396 1003 loci
2418 946 2662 1015 domini,
2684 947 2865 1004 fuisse
2882 948 3149 1005 electum.
3184 950 3334 1004 Tum
3350 949 3482 1019 subj
3491 947 3658 1021 ungit
3678 946 3791 1004 Ur-

2139 1039 2359 1093 banum
2383 1037 2723 1110 papam,qui
2753 1054 2819 1093 eo
2846 1041 3104 1111 tempore
3133 1037 3424 1111 synodum
3455 1037 3609 1109 apud
3641 1036 3790 1093 Mel-

2139 1125 2339 1197 phiam
2361 1126 2755 1193 celebrabat,a
2785 1128 3145 1197 Boamundo,
3179 1127 3278 1199 qui
3302 1130 3514 1183 Barum
3532 1127 3665 1199 jam
3693 1141 3794 1182 suo

2137 1216 2351 1272 tenebat
2397 1216 2497 1271 sub
2544 1216 2805 1281 dominio,
2846 1215 3160 1272 invitatum
3188 1215 3249 1271 in
3279 1215 3547 1273 eamdem
3573 1215 3783 1271 urbem

2137 1304 2386 1371 venisse,
2420 1304 2721 1361 ubiEliam
2742 1306 3125 1361 consecravit.
3152 1307 3233 1362 Ex
3251 1321 3366 1378 quo
3384 1305 3509 1361 loco
3540 1305 3793 1361 anife-

2140 1397 2299 1450 stum
2330 1397 2419 1449 est
2436 1394 2667 1449 Barium
2692 1394 2865 1467 paulo
2887 1399 3022 1451 ante
3046 1396 3336 1468 synodum
3360 1393 3783 1467 Melphitanam

2141 1484 2212 1538 ad
2233 1483 2543 1555 Rogerium
2574 1482 2948 1556 pertinuisse,
2972 1485 3216 1556 quando
3238 1483 3477 1556 quidem
3509 1480 3642 1539 Elim
3673 1482 3794 1539 ele-

2140 1572 2842 1643 ctiocumejusconsensu
2873 1573 3027 1629 facta
3039 1576 3156 1641 est;
3186 1577 3245 1628 et
3266 1572 3440 1644 paulo
3455 1575 3588 1644 post
3608 1575 3797 1628 trans-

2140 1660 2278 1717 iisse
2310 1661 2381 1716 ad
2411 1661 2841 1729 Boamundum,
2874 1679 3013 1718 cum
3037 1662 3164 1734 jam
3206 1662 3316 1718 sub
3347 1663 3527 1718 ﬁnem
3557 1660 3795 1718 concilii

2139 1767 2268 1805 eam
2297 1751 2397 1805 sub
2443 1766 2542 1805 suo
2569 1750 2825 1806 habuisse
2871 1751 3115 1807 dominio
3154 1750 3422 1819 dicatur;
3466 1751 3623 1823 quod
3656 1767 3796 1807 cum

2138 1839 2396 1911 expacis
2432 1838 2590 1895 inita:
2624 1840 2958 1897 conditione
3002 1840 3225 1897 factum
3262 1841 3446 1897 fuisse
3473 1840 3797 1897 Gaufridus

389 1932 527 2000 nisi,
559 1931 717 2004 quod
730 1929 966 2002 quidem
982 1944 1185 1985 verum
1200 1926 1496 2003 existimo,
1511 1926 1589 1982 sit
1606 1927 1844 1981 Historia
1869 1941 2026 1996 pere-
2141 1927 2460 2001 scripserit,
2485 1929 2955 1986 concludendum
2973 1934 3212 1985 esteem
3238 1945 3462 2002 pacem,
3496 1946 3676 2002 quam
3697 1928 3799 1985 ille

392 2024 683 2094 grinorum
728 2035 905 2092 quam
950 2018 1152 2074 Petrus
1191 2016 1482 2072 Diaconus
1512 2015 1661 2070 libro
1693 2032 1755 2069 III
1787 2014 1867 2070 De
1899 2014 2036 2070 viris
2068 2014 2109 2022 ”
2148 2022 2350 2073 auctor
2366 2022 2780 2085 memorat,aut
2801 2017 2974 2091 paulo
2998 2021 3130 2074 ante
3151 2017 3464 2075 concilium
3485 2018 3799 2091 Melphita-

391 2110 725 2169 illustribus
755 2106 1093 2164 monasterii
1124 2104 1480 2170 Casinensis,
1516 2102 1702 2176 capite
1731 2105 1820 2171 38,
1846 2103 2037 2159 eidem
2147 2123 2311 2176 num,
2346 2109 2447 2162 aut
2476 2111 2629 2162 certe
2659 2123 2725 2163 eo
2755 2107 3026 2175 durante,
3060 2107 3427 2180 proindeque
3441 2124 3600 2164 anno
3633 2108 3796 2177 1089,

394 2199 571 2257 Leoni
591 2197 799 2255 tribuit
833 2212 847 2252 :
879 2198 940 2252 in
957 2213 1025 2251 ea
1047 2194 1264 2268 quippe
1295 2194 1489 2267 agitur
1511 2193 1581 2250 de
1603 2192 1705 2248 illa
1728 2210 1867 2265 pace
1886 2191 2041 2248 inter
2149 2209 2324 2268 quem
2354 2186 2532 2252 etiam
2565 2195 2677 2252 Leo
2709 2196 2768 2251 in
2816 2195 3144 2269 fragmento
3182 2195 3421 2253 laudato
3454 2196 3799 2269 assignavit,

397 2287 635 2348 Roberti
666 2286 819 2344 ﬁlios
858 2285 1022 2341 inita.
1069 2286 1139 2341 Et
1184 2282 1423 2357 quidem
1474 2282 1568 2338 isti
1608 2283 1896 2354 peregrini
1923 2298 2038 2337 non
2147 2284 2331 2340 fuisse
2348 2284 2751 2357 compositam.
2775 2285 3047 2343 Nostram
3079 2286 3803 2342 sententiamconﬁrmant

395 2379 668 2436 videntur
703 2375 804 2433 alii
846 2391 976 2432 esse
1005 2375 1077 2429 ab
1126 2373 1200 2430 iis
1229 2373 1331 2446 qui
1362 2377 1492 2444 post
1512 2371 1823 2428 concilium
1846 2370 2041 2426 Claro-
2148 2374 2345 2446 Lupus
2358 2374 2764 2447 Protospataet
2780 2375 3068 2431 Robertus
3083 2374 3505 2443 Salernitanus,
3529 2378 3801 2445 auctores

398 2464 816 2527 montanumin
837 2464 1130 2521 Orientem
1149 2461 1389 2536 profecti
1411 2464 1549 2517 sunt
1568 2461 1640 2515 ad
1658 2477 1855 2516 sacras
1878 2476 2042 2531 expe-
2152 2461 2476 2530 domestici,
2509 2463 2609 2536 qui
2642 2462 2909 2521 scribunt
2948 2463 3167 2520 bellum
3218 2463 3529 2537 Rogerium
3558 2463 3712 2519 inter
3743 2466 3805 2518 et

398 2558 672 2624 ditiones,
706 2570 777 2611 ex
805 2554 1020 2627 quibus
1043 2550 1449 2608 fuitHenricus
1473 2549 1793 2606 monachus
1816 2548 2043 2606 ordinis
2153 2552 2556 2607 Boamundum
2580 2552 2813 2611 Roberti
2838 2552 2989 2608 ﬁlios
3009 2553 3295 2610 exarsisse
3319 2570 3472 2609 anno
3505 2553 3663 2622 1088,
3691 2568 3803 2608 nec

396 2644 752 2707 Benedictini
773 2643 845 2699 ad
861 2642 1011 2699 hanc
1030 2641 1183 2697 inter
1196 2640 1405 2697 fratres
1419 2638 1791 2699 concordiam
1812 2654 2045 2710 compo-

393 2735 650 2793 nendam
695 2733 767 2789 ab
815 2731 1046 2787 Urbano
1074 2728 1324 2802 legatus,
1357 2726 1458 2801 qui
1490 2728 1873 2799 postmodum
1908 2743 2044 2782 cum

395 2821 736 2883 Boamundo
765 2820 838 2877 ad
864 2818 1085 2875 bellum
1118 2835 1350 2874 sacrum
1384 2817 1698 2889 profectus,
1735 2817 1927 2872 factus
1959 2819 2049 2873 est

395 2913 627 2987 primus
654 2927 726 2967 ex
754 2906 977 2965 Latinis
1025 2906 1425 2964 Antiochenus
1476 2905 1733 2978 patriarc
1766 2905 2046 2977 ha;cujus

399 3003 461 3059 in
484 3001 597 3057 hac
613 2997 975 3072 expeditione
997 3000 1126 3053 acta
1159 2996 1270 3052 Leo
1282 2995 1383 3069 qui
1398 2995 1588 3051 fuerat
1600 2996 1729 3066 ejus
1749 2995 2045 3062 educator,

402 3089 713 3158 inlaudato
726 3086 1051 3159 fragmento
1063 3084 1438 3159 potissimum
1453 3088 1669 3140 narrat.
1702 3084 1795 3139 Sic
1826 3087 2045 3151 autem,

408 3182 543 3253 post
556 3177 743 3233 multa
761 3174 1005 3232 deillius
1026 3173 1365 3248 parentibus
1387 3173 2047 3246 praemissa,sermonem

2151 2644 2347 2696 tamen
2387 2641 2658 2697 assentiri
2707 2657 2949 2713 possum
2993 2642 3323 2715 Peregrinio
3373 2639 3698 2715 suspicanti
3737 2641 3802 2697 in

2154 2729 2636 2802 castigationibus
2666 2731 2737 2786 ad
2771 2731 3001 2802 Lupum
3032 2730 3239 2788 initam
3270 2731 3433 2787 illam
3466 2731 3647 2787 fuisse
3668 2747 3805 2787 con-

2155 2818 2413 2874 cordiam
2443 2817 2643 2895 inipso
2665 2818 2909 2875 concilio
2943 2819 3406 2892 Melphitano.Ea
3426 2820 3606 2890 enim,
3639 2823 3705 2875 ut
3732 2835 3808 2875 ex

2156 2907 2362 2964 Leonis
2385 2908 2712 2980 fragmento
2733 2912 2983 2976 constat,
3016 2909 3432 2966 interveniente
3448 2902 3666 2965 Urbani
3698 2909 3807 2964 ab-

2157 2996 2339 3053 sentis
2368 2997 2557 3071 legato
2579 2998 2730 3053 facta
2759 3001 2867 3065 est,
2902 3015 3015 3054 non
3039 2997 3282 3070 proinde
3302 2998 3359 3054 in
3384 2997 3629 3055 concilio
3659 2995 3806 3053 Mel-

2159 3083 2420 3157 phitano.
2442 3086 2535 3142 cui
2558 3085 2828 3142 Urbanus
2849 3087 2973 3160 ipse
2996 3104 3252 3159 praesens
3280 3087 3481 3143 aderat
3510 3090 3575 3144 et
3602 3085 3808 3159 praesi-

2158 3174 2349 3231 debat.
2385 3175 2509 3230 Non
2541 3174 2756 3231 idcirco
2780 3179 2981 3231 tamen
3012 3175 3258 3231 dixerim
3290 3193 3491 3248 pacem
3508 3175 3672 3231 illam
3698 3174 3805 3230 diu

407 3266 785 3341 prosequitur
833 3281 848 3322 :
899 3264 1164 3320 Henricus
1201 3265 1325 3337 jam
1368 3264 1673 3319 adolescens
1716 3278 1862 3318 anno
1911 3259 2052 3317 {089
2090 3330 2126 3341 η
2161 3268 2297 3318 ante
2314 3263 2626 3319 concilium
2646 3264 2849 3320 initam
2868 3264 3229 3330 fuisse.Quin
3247 3263 3810 3338 potiusineoponti-

409 3330 810 3413 transmittitur
827 3372 863 3410 α
877 3371 1038 3427 papa
1057 3330 1272 3411 Urbano
1293 3355 1360 3419 II,
1394 3361 1454 3408 ut
1479 3369 1671 3425 pacem
1714 3354 1862 3407 ineat
1911 3352 2055 3407 inter
2084 3330 2127 3398 (ἶ
2165 3351 2289 3407 ﬁcis
2308 3356 2365 3407 et
2382 3353 2617 3409 Patrum
2636 3352 2979 3409 auctoritate
2999 3330 3400 3409 conﬁrmatam
3425 3352 3605 3409 fuisse
3616 3330 3812 3406 liben-

411 3445 704 3515 Bogerium
720 3448 774 3501 et
806 3444 1185 3501 Boamundum
1228 3446 1450 3521 fratres,
1485 3440 1856 3498 contendentes
1874 3440 1939 3496 de
1958 3456 2051 3496 re-

406 3551 513 3607 gno
561 3533 835 3592 Calabriae
873 3542 926 3590 et
966 3534 1182 3606 Apuliae
1230 3537 1349 3606 post
1390 3531 1598 3588 obitum
1618 3533 1799 3602 patris
1831 3530 2051 3587 Roberti

402 3623 688 3681 Guiscardi
731 3639 754 3687 ;
802 3640 836 3680 a
882 3624 1079 3696 quibus
1125 3623 1449 3679 constitutus
1505 3622 1714 3677 arbiter
1763 3628 1815 3677 et
1849 3620 2046 3693 judex,

392 3716 604 3788 aequali
630 3714 783 3771 lance
801 3729 1034 3786 regnum
1051 3712 1257 3769 divisit.
1282 3711 1410 3768 Inde
1448 3711 1528 3767 ad
1561 3712 1838 3767 Urbanum
1861 3709 2043 3779 rediit,

391 3809 454 3861 ut
473 3805 538 3860 de
560 3804 716 3875 felici
736 3804 1005 3871 legatione
1034 3804 1306 3857 ratio-nem
1334 3799 1597 3855 redderet.

463 3886 731 3948 Meminit
759 3890 936 3947 etiam
960 3889 1278 3946 Gaufridus
1310 3887 1620 3943 Malaterra
1645 3886 1794 3944 libro
1808 3904 1881 3951 ιν,
1915 3903 2040 3958 cap.

397 3979 744 4051 10,alicujus
760 3970 1149 4035 dissensionis
1170 3993 1298 4049 quae
1319 3977 1473 4032 inter
1494 3976 1807 4048 Rogerium
1829 3978 1885 4031 et
1900 3976 2042 4030 Boa-

399 4069 713 4137 mundum,
743 4070 874 4140 post
904 4066 1137 4122 Roberti
1169 4082 1375 4122 eorum
1419 4064 1602 4138 patris
1632 4065 1880 4132 obitum,
1916 4069 2045 4120 orta

395 4156 785 4227 adbiennium
802 4172 989 4228 usque
1005 4154 1363 4227 perduravit.
1394 4154 1504 4211 Sed
1522 4154 1826 4210 cumidem
1845 4156 2045 4209 auctor

394 4247 582 4321 capite
613 4245 881 4319 sequenti
910 4245 1154 4301 innuere
1181 4244 1449 4300 videatur
1476 4243 1586 4299 hoc
1609 4241 1942 4311 dissidium,
1970 4242 2043 4298 de

397 4354 512 4411 quo
529 4335 788 4408 loquitur
803 4350 956 4389 anno
974 4333 1132 4400 4086,
1157 4331 1466 4404 utriusque
1494 4330 1774 4405 principis
1799 4331 2043 4388 ﬁdelium

395 4426 624 4485 consilio
653 4412 833 4480 fuisse
854 4422 1266 4494 compositum,
1303 4419 1547 4477 nonnuli
1579 4420 1825 4476 fortasse
1844 4419 2039 4476 exiSti-

397 4514 647 4572 mabunt
673 4510 1018 4571 Gaufridum
1050 4511 1121 4568 de
1150 4510 1222 4567 iis
1247 4527 1375 4583 quae
1406 4512 1539 4566 ante
1561 4507 1775 4565 Urbani
1808 4507 2038 4581 pontiﬁ-

396 4607 593 4660 catum
642 4601 1024 4675 contigerant.
1076 4600 1327 4655 Leonem
1378 4614 1511 4654 vero
1560 4598 1632 4653 de
1680 4596 1860 4654 altera
1890 4597 2042 4652 inter

2158 3442 2247 3494 ter
2269 3456 2681 3509 asseverarem,
2711 3441 2825 3497 nisi
2850 3441 2962 3497 Leo
2989 3457 3057 3496 ea
3104 3442 3176 3497 de
3198 3458 3260 3497 re
3292 3442 3348 3496 in
3379 3440 3615 3496 laudato
3645 3439 3807 3513 frag-

2157 3533 2354 3585 mento
2384 3528 2662 3585 siluisset.

2158 3635 2294 3691 LIV.
2350 3638 2662 3692 Concilium
2721 3635 3140 3708 Melphitanum.
3197 3639 3328 3708 Ejus
3373 3646 3625 3694 canenes.
3677 3638 3809 3695 Alia

2225 3712 2449 3781 statuta.
2484 3740 2571 3781 -ν
2599 3710 2662 3763 In
2708 3709 2810 3764 hac
2837 3708 3040 3781 synodo
3066 3710 3326 3781 Rogerius
3353 3708 3640 3779 ﬁisanctac
3657 3709 3808 3766 sedis

2228 3780 2468 3850 ligius,et
2492 3780 2664 3835 mitra
2693 3780 2879 3836 Petro
2901 3780 3091 3836 abbati
3118 3780 3300 3836 datur.

2225 3884 2371 3940 Illud
2404 3884 2716 3941 concilium
2739 3885 2974 3942 ineunte
3002 3890 3283 3942 autumno
3341 3887 3641 3959 prmseutis
3664 3888 3813 3943 anni

2154 3973 2424 4030 Urbanus
2455 3973 2768 4030 celebravit
2796 3976 2952 4047 apud
2981 3975 3297 4047 Melphiam
3319 3974 3546 4049 Apulia:
3568 3976 3802 4049 urbem,

2152 4062 2244 4117 cui
2276 4062 2531 4134 episcopi
2564 4064 2938 4136 septuaginta
2975 4081 3108 4119 cum
3149 4065 3455 4120 duodecim
3489 4050 3806 4124 abbatibus

2151 4150 2488 4207 interfuisse
2507 4151 2811 4222 dicuntur;
2838 4153 2953 4208 huc
2984 4153 3576 4220 convenientibus,uti
3592 4154 3808 4213 scribit

2155 4241 2354 4312 Lupus
2388 4240 2730 4314 Protospata
2760 4242 2820 4298 in
2851 4242 3157 4308 Chronico,
3203 4242 3480 4299 omnibus
3513 4243 3813 4318 episcopis

2146 4329 2575 4402 Apuliensium,
2607 4330 2989 4386 Calabrorum
3021 4334 3079 4386 et
3108 4330 3464 4400 Brutiorum,
3484 4349 3618 4387 cum
3651 4334 3806 4391 duce

2150 4419 2395 4490 Rogerio
2435 4423 2492 4475 et
2533 4418 2823 4476 universis
2853 4419 3168 4477 comitibus
3197 4420 3416 4493 Apuliae
3442 4420 3809 4480 et-Calabriae

2148 4525 2215 4564 ac
2245 4508 2495 4565 aliarum
2526 4508 2980 4583 provinciarum.
3016 4510 3133 4566 Hoc
3164 4514 3346 4581 est,ut
3378 4510 3521 4567 forte
3553 4504 3810 4569 nonnul-

2149 4596 2222 4654 lis
2270 4598 2583 4668 videbitur,
2629 4597 2944 4654 concilium
2995 4600 3151 4671 quod
3199 4598 3506 4658 Bertoldus
3544 4601 3616 4657 ad
3648 4599 3813 4660 hunc

396 4694 606 4749 fratres
622 4689 994 4748 altercatione
1010 4705 1186 4762 quam
1202 4687 1419 4744 Urbani
1439 4686 1667 4760 legatus
1690 4686 2038 4758 composuit,
2074 4704 2121 4769 Ι)
2151 4704 2372 4743 annum
2393 4688 2708 4759 generalem
2733 4687 3006 4759 synodum
3046 4689 3149 4744 115
3178 4690 3554 4761 episcoporum
3600 4691 3805 4763 appel-

397 4781 726 4856 scripsisse.
759 4781 830 4837 At
860 4781 1179 4851 utrumque
1222 4779 1517 4833 auctorem
1539 4777 1609 4832 de
1631 4793 1746 4832 uno
1768 4776 2039 4831 eteodem

396 4869 570 4940 bello,
590 4870 747 4943 quod
766 4869 984 4925 Urbani
998 4873 1259 4939 tempore
1274 4865 1426 4921 inter
1440 4881 1538 4921 eos
1563 4865 1854 4937 principes
1876 4881 2036 4920 exar-

398 4959 501 5027 sit,
550 4958 733 5016 fuisse
778 4956 1062 5025 locutum,
1113 4953 1283 5011 facile
1323 4954 1779 5010 demonstratur.
1814 4953 2037 5010 Etenim

399 5052 789 5123 praeterquam
805 5046 961 5119 quod
981 5060 1151 5100 nemo
1164 5042 1372 5098 dixerit
1387 5043 1537 5098 inter
1559 5043 1789 5099 Roberti
1814 5042 2039 5099 obitum

396 5137 499 5212 qui
528 5154 684 5194 anno
706 5132 1530 5205 lO85,menseJulio,contigit,
1563 5136 1851 5188 ctannum
1879 5134 2037 5200 1086,

397 5225 700 5284 biennium
730 5223 1152 5288 intercessisse,
1204 5220 1520 5277 Gaufridus
1550 5221 1673 5294 ipse
1693 5221 2037 5294 scrupulum

399 5332 634 5373 omnem
658 5312 1038 5379 removet,ubi
1053 5309 1339 5383 ait,hujus
1357 5309 1514 5383 pacis
1531 5310 1778 5384 gratiam
1800 5311 2039 5367 Barium

400 5405 739 5462 Boamundo
765 5401 1045 5459 cessisse:
1092 5404 1317 5456 certum
1349 5398 1567 5473 quippe
1597 5404 1686 5456 est
1714 5418 1784 5457 ex
1813 5401 2039 5457 Joanne

401 5494 811 5551 archidiacono
834 5489 1096 5559 Barensi,
1120 5490 1218 5562 qui
1239 5493 1377 5544 tunc
1394 5489 1673 5562 temporis
1688 5488 1747 5545 in
1771 5488 1888 5545 illis
1906 5506 2039 5560 par-

396 5582 556 5639 tibus
570 5580 1137 5649 vivebat,Barensem
1162 5578 1362 5634 urbem
1388 5577 1560 5650 paulo
1590 5582 1725 5634 ante
1748 5578 2035 5650 synodum

399 5670 838 5743 Melphitanam,
873 5667 1129 5724 cuianno
1155 5667 1291 5723 1089
1316 5667 1544 5739 praefuit
1566 5666 1894 5732 Urbanns,e
1926 5664 2035 5722 Ro-

397 5759 539 5832 gerii
572 5762 859 5833 potestate
908 5758 967 5814 in
1014 5755 1340 5813 Boamundi
1373 5755 1502 5827 ejus
1533 5755 1727 5812 fratris
1758 5754 2038 5813 ditionem

2149 4776 2315 4846 1at,in
2346 4793 2462 4849 qua
2482 4777 2752 4834 Urbanus
2788 4793 3031 4833 suorum
3058 4778 3551 4850 praedecessorum
3582 4782 3810 4837 statuta

2148 4866 2490 4923 auctoritate
2519 4865 2837 4938 apostolica
2869 4867 3257 4923 conﬁrmavit.
3298 4868 3645 4940 Quanquam
3677 4867 3803 4938 alii,

2151 4960 2209 5011 et
2228 4955 2489 5028 quidem,
2509 4958 2574 5011 ut
2599 4955 2901 5011 fatendum
2923 4959 3033 5022 est,
3066 4970 3182 5012 non
3200 4955 3636 5029 absque-aliquo
3664 4972 3802 5030 pro-

2151 5043 2329 5100 babili
2362 5036 2764 5112 fundamento,
2800 5045 3090 5118 synodum
3137 5061 3172 5101 a
3201 5044 3470 5101 Bertoldo
3500 5044 3809 5105 laudatam

2151 5133 2345 5187 Romae
2378 5132 2637 5188 habitam
2672 5131 2854 5190 fuisse
2901 5132 3124 5201 volunt,
3176 5137 3243 5190 ut
3273 5151 3475 5207 supra,
3507 5150 3669 5189 num.
3709 5137 3804 5206 43,

2151 5220 2659 5277 diximus.Conditi
2692 5222 2910 5278 suntin
2933 5222 3043 5279 hac
3074 5222 3435 5296 Melphitana
3455 5223 3673 5296 synodo
3703 5241 3804 5281 ca-

2151 5327 2332 5365 nones
2354 5308 2645 5367 sexdecim
2663 5310 2722 5367 in
2748 5311 2964 5382 quibus
2986 5311 3667 5384 praclara,potissimum
3700 5313 3806 5368 ad-

2146 5414 2350 5454 versus
2367 5397 2688 5456 Simoniam
2710 5403 2768 5455 et
2785 5397 3268 5457 incontinentiam
3285 5400 3648 5469 clericorum,
3682 5405 3809 5458 sta-

2146 5491 2276 5543 tuta
2291 5487 2682 5544 continentur.
2714 5488 3056 5545 Decernitur
3076 5490 3253 5546 etiam
3271 5491 3441 5562 cujus
3456 5490 3642 5547 aetatis
3667 5505 3804 5548 esse

2145 5577 2394 5633 debeant
2414 5578 2789 5648 promovendi
2826 5579 2898 5634 ad
2942 5579 3176 5635 ordines
3216 5594 3432 5647 sacros,
3469 5578 3641 5652 quive
3676 5578 3804 5636 sint

2144 5666 2215 5721 ab
2231 5664 2303 5722 iis
2320 5663 2638 5738 repellendi
2662 5684 2674 5735 ;
2695 5669 2821 5723 tum
2849 5666 3232 5739 prohibentur
3249 5666 3477 5724 clericis
3506 5672 3697 5724 vestes
3712 5667 3801 5724 i11-

2153 5754 2372 5812 decora:
2386 5758 2442 5811 et
2459 5753 2785 5826 saeculares,
2818 5755 3219 5830 nonnullaque
3233 5750 3346 5813 alia
3360 5760 3703 5813 statuuntur
3730 5758 3806 5816 de
