3972 6384
187 444 265 509 s7
1780 444 1997 516 Vl'l‘lt.

3504 437 3601 511 δί

192 582 878 645 monasteriorumbonis
898 603 911 644 :
931 582 1184 659 denique
1204 586 1520 643 monentur
1548 581 1826 661 episcopi,
1856 593 1914 663 Α
1940 584 2065 657 vit,-
2105 586 2157 643 et
2208 587 2396 644 tamen
2449 580 2566 659 ejus
2612 580 2961 643 sacerdotalis
2989 583 3177 646 mitra:
3203 602 3385 660 usum,
3415 585 3586 648 etiam

191 682 307 736 uta
326 675 492 734 falsis
520 676 880 750 paenitentiis
901 679 1191 735 caveatur.

254 769 542 823 Praeterea
558 764 817 824 Joannes
835 765 1117 823 diaconus
1133 765 1450 824 cardinalis
1467 770 1523 823 et
1555 765 1835 822 cancella-

190 855 313 913 rius
335 856 613 913 Romanis
629 855 919 925 Ecclesiae,
950 855 1010 912 in
1045 854 1295 929 epistola
1310 856 1382 911 ad
1411 855 1687 911 abbatem
1710 855 1832 911 Mo-

190 946 553 1012 lism’ensem,
574 963 704 1023 quae
726 946 785 1002 in
807 946 1117 1003 Labbeana
1133 946 1385 1003 editione
1406 945 1588 1017 hujus
1603 945 1834 1002 concilii

189 1033 511 1093 canonibus
523 1034 1213 1111 subjungitur,nonnulla
1223 1036 1294 1092 de
1304 1053 1369 1093 eo
1382 1035 1625 1092 concilio
1638 1034 1836 1103 habet,

190 1143 314 1199 quas
334 1124 530 1198 prima
549 1125 737 1181 fronte
757 1125 816 1180 in
848 1123 1097 1198 vulgatis
1118 1125 1246 1198 ejus
1279 1125 1603 1181 canonibus
1634 1125 1836 1180 viden-

188 1219 286 1275 tur
304 1212 628 1271 desiderari
662 1218 761 1271 :ut
789 1214 1031 1281 scilicet,
1060 1230 1186 1287 qum
1227 1231 1397 1287 usque
1424 1214 1497 1270 ad
1535 1212 1681 1269 istud
1709 1229 1835 1269 con-

187 1307 383 1362 cilium
407 1321 509 1378 per
531 1304 809 1378 principes
854 1305 986 1362 data
1020 1307 1365 1362 monasteriis
1400 1308 1644 1377 fuerant,
1675 1303 1840 1374 ﬁrma

184 1399 236 1451 et
266 1384 483 1467 integra
511 1395 627 1450 illis
648 1404 1047 1467 permanerent,
1078 1403 1130 1451 et
1156 1396 1221 1451 de
1257 1400 1449 1452 caetero
1487 1396 1710 1451 abbates
1768 1396 1837 1449 ab

186 1481 504 1557 hujusmodi
521 1484 978 1556 acquisition‘ibus
1008 1482 1342 1539 abstinerent
1374 1502 1393 1540 :
1420 1500 1557 1556 quo,
1592 1483 1675 1538 uti
1702 1499 1837 1554 pro-

187 1569 480 1647 sequitur,
502 1576 986 1646 temperamento,
1014 1580 1069 1629 et
1123 1573 1343 1629 abbales
1372 1572 1440 1630 ab
1486 1574 1842 1630 ecclesiarum

188 1663 571 1721 invasionibus
623 1665 1025 1727 abstinuerunt,
1056 1667 1107 1720 et
1163 1664 1399 1735 episcopi
1447 1680 1563 1719 non
1615 1664 1838 1719 omnino

184 1754 430 1826 spoliare
454 1754 787 1809 mmzasteria
816 1753 1120 1809 voluerunt.
1150 1752 1260 1808 Sed
1292 1750 1387 1808 his
1436 1750 1630 1808 verbis
1689 1751 1838 1808 nihil

187 1842 350 1901 aliud
368 1840 629 1899 indicare
644 1840 1121 1910 voluitJoannrs,
1141 1858 1319 1914 quam
1340 1858 1407 1897 ea
1437 1859 1564 1914 quae
1588 1841 1644 1896 in
1666 1858 1838 1897 cano-

187 1930 369 1989 nibus
384 1930 595 2031 quinto
615 1934 674 1987 et
695 1933 854 2030 sexto
876 1929 1106 2031 concilii
1128 1930 1450 2031 constituta
1480 1930 1707 2031 nerant
1735 1928 1836 2031 ad-
1873 1962 1921 2031 Β

186 2032 397 2079 versus
418 2020 686 2088 abbates,
705 2019 807 2093 qui
823 2018 1200 2076 ecclesiarum
1225 2020 1377 2074 bona
1401 2019 1545 2092 ipsis
1566 2019 1702 2075 data
1716 2020 1843 2076 abs-

189 2127 307 2184 que
327 2108 741 2183 episcoporum
754 2125 1045 2165 consensu
1068 2107 1323 2181 recipere
1338 2125 1454 2164 non
1469 2109 1782 2167 verebantu
1793 2128 1837 2166 r.

189 2199 365 2269 Aliud
418 2198 560 2255 item
610 2198 788 2270 hujus
845 2197 1076 2255 concilii
1115 2196 1403 2253 statutum
1437 2198 1612 2254 refert
1640 2196 1842 2272 Lupus

189 2290 557 2362 Protospata,
581 2287 738 2362 quod
772 2287 832 2343 in
862 2284 1185 2343 canonibus
1203 2285 1458 2360 vulgatis
1480 2304 1595 2343 non
1627 2288 1842 2344 inveni-

191 2383 308 2448 tur,
340 2384 404 2436 ut
433 2372 656 2435 scilicet
698 2381 891 2434 sancta
920 2376 1097 2432 trevia
1123 2378 1453 2432 retineretur
1492 2377 1560 2432 ab
1590 2378 1843 2434 omnibus

190 2469 447 2542 subjectis
477 2486 498 2523 :
524 2467 741 2540 quibus
770 2465 963 2523 verbis
993 2465 1311 2540 signiﬁcari
1338 2467 1647 2523 contendit
1675 2466 1841 2523 Pere-

192 2559 426 2632 grinius
454 2556 826 2613 concordiam
845 2555 997 2611 inter
1016 2550 1330 2630 Rogerium
1345 2558 1410 2612 et
1431 2556 1842 2613 Boamundum

194 2648 405 2705 fratres
422 2647 650 2714 initam,
673 2646 745 2702 de
760 2645 1161 2718 quas‘uperius
1182 2645 1437 2701 diximus
1459 2664 1472 2713 ;
1497 2646 1843 2719 cuiquidem

194 2736 500 2795 sententiis
519 2726 677 2793 haud
698 2733 1051 2806 refragabor,
1068 2733 1117 2790 si
1140 2731 1261 2789 haec
1290 2733 1429 2806 Lupi
1451 2732 1624 2791 verba
1648 2730 1720 2791 de
1740 2735 1843 2791 fm-

190 2826 347 2884 deris
359 2816 523 2882 illius
537 2827 709 2883 antea
719 2812 870 2897 pacti
884 2820 1323 2879 confirmatione
1336 2827 1393 2879 et
1405 2825 1844 2881 manutentione

195 2915 621 2989 intelligantur.

265 3005 330 3061 In
359 3004 571 3061 eadem
602 3004 825 3077 synodo
844 3002 959 3058 dua:
990 3003 1269 3074 Rogerius,
1322 3006 1473 3058 teste
1518 2996 1844 3059 Romualdo

197 3093 635 3167 archiepiscopo
665 3091 1050 3159 Salernitano,
1076 3092 1243 3163 ligius
1279 3084 1496 3147 Urbani
1519 3094 1695 3165 factus
1714 3108 1843 3162 pro-

195 3184 347 3240 misit
384 3183 522 3255 jure
555 3181 823 3254 jurando,
863 3198 919 3238 se
963 3184 1313 3237 servaturum
1368 3179 1530 3250 ﬁdem
1589 3177 1845 3237 Romanu
1874 3219 1891 3236 .

1940 684 2168 748 rogante
2192 690 2358 749 papa,
2384 676 2721 749 contempsit.
2739 674 2943 734 Eidem
2957 681 3160 734 sancto
3172 674 3296 734 viro
3313 677 3587 738 Urbanus

1941 764 2330 840 imperavitut
2347 765 2574 821 modico
2594 764 2726 822 vino
2753 769 3033 837 uteretur,
3055 768 3211 840 quod
3230 767 3300 823 ob
3326 766 3590 826 debilita-

1941 860 2069 912 tum
2102 856 2340 913 omnino
2364 854 2733 913 stomachum
2754 874 2955 914 vocem
2980 875 3127 930 pene
3172 858 3489 928 amisisset,
3524 863 3590 915 ut

1946 949 2144 1002 narrat
2190 946 2345 1002 idem
2375 949 2596 1014 auctor,
2631 950 2690 1002 et
2720 949 2853 1019 post
2883 964 3015 1003 eum
3046 951 3211 1004 vetus
3243 952 3413 1021 poeta
3444 950 3603 1005 ano?

1944 1052 2159 1109 nymus
2200 1035 2355 1108 apud
2377 1034 2683 1109 Ughellum
2706 1039 2864 1093 tomo
2894 1036 2991 1093 VII
3019 1037 3195 1093 Italiae
3226 1055 3403 1095 sacrm
3442 1037 3589 1095 rela-

1944 1129 2084 1182 tus:
2115 1125 2239 1181 haec
2265 1129 2392 1182 erat
2433 1126 2617 1181 nostri
2671 1124 2964 1198 pontificis
3017 1128 3298 1184 adversus
3355 1131 3589 1184 sanctos

1946 1217 2099 1273 viros
2120 1215 2375 1272 charitas
2400 1220 2457 1272 et
2473 1214 2832 1290 sollicitudo,
2845 1217 3079 1273 Petrum
3092 1234 3221 1274 vero
3236 1215 3590 1291 Melphitano

1948 1305 2191 1363 concilio
2221 1305 2552 1361 interfuisse
2586 1305 2872 1363 discimus
2900 1324 2969 1363 ex
3022 1306 3151 1378 ipso
3202 1304 3455 1378 Urbano,
3488 1306 3591 1382 qui

1945 1394 2004 1450 in
2027 1396 2255 1452 decreto
2278 1395 2337 1450 in
2359 1412 2538 1452 causa
2556 1394 2823 1476 Carensis
2862 1397 3201 1453 monasterii
3233 1415 3299 1454 eo
3329 1401 3590 1473 tempore

1946 1484 2063 1556 lato
2082 1483 2613 1542 testaturAlfanum
2637 1484 3071 1542 Salernitnnum
3085 1485 3588 1563 archiepiscopum

1948 1578 2005 1630 et
2036 1574 2345 1631 Pertanum
2376 1573 2711 1647 episcopum
2747 1574 3026 1631 adversus
3065 1574 3302 1632 Petrum
3335 1566 3589 1651 conque-

1948 1667 2069 1721 stos
2099 1663 2281 1720 fuisse
2320 1663 2474 1737 quod
2499 1663 2724 1737 aliquot
2757 1664 3132 1733 monasteria,
3166 1682 3292 1737 quae
3325 1666 3397 1722 ad
3422 1664 3590 1741 ipsos

1949 1753 2339 1826 pertinebant,
2363 1753 2672 1810 invasisset
2691 1772 2704 1809 :
2724 1769 2898 1826 quam
2918 1769 3154 1810 causam
3178 1749 3405 1811 concilii
3435 1759 3588 1812 tem-

1948 1858 2087 1916 pore
2109 1859 2241 1897 eum
2278 1842 2337 1897 in
2380 1858 2488 1898 sua
2513 1857 2764 1909 camera,
2789 1832 3201 1898 assistentibus
3227 1841 3337 1898 sibi
3368 1830 3592 1917 aliquot

1949 1930 2259 2004 episcopis,
2277 1930 2647 2004 expendisset
2666 1930 2946 2002 pontifex,
2969 1931 3295 1988 secundum
3313 1922 3593 1990 Carenses

1949 2020 2370 2093 pronuntiavit,
2405 2024 2470 2077 ut
2496 2020 2621 2091 ipse
2650 2023 2902 2076 testatur
2931 2020 2991 2076 in
3046 2019 3282 2077 laudato
3340 2021 3591 2091 decreto,

1950 2109 2105 2183 quod
2136 2127 2205 2166 ex
2234 2108 2465 2165 arehivo
2500 2108 2744 2166 Carensi
2787 2108 3145 2183 descriptum
3203 2104 3591 2168 exhibebitur.

2020 2199 2319 2272 Synodum
2352 2196 2772 2271 Melphitanam
2803 2215 2956 2255 anno
2990 2199 3146 2267 1089,
3174 2199 3599 2273 eonsignarunt

1948 2286 2334 2344 vetustissimi
2347 2287 2565 2360 quique
2577 2288 3086 2361 auctores,quibus
3100 2287 3597 2361 consensitbrevis

1950 2377 2210 2449 prmfatio
2233 2378 2362 2446 eius
2384 2377 2711 2433 canonibus
2732 2374 2906 2433 etiam
2945 2377 3005 2433 in
3046 2378 3172 2434 cod.
3205 2395 3314 2435 ms.
3336 2378 3593 2451 praeﬁxa,

1951 2484 2055 2523 nec
2074 2465 2195 2522 ulla
2220 2470 2373 2523 esset
2403 2483 2470 2522 ea
2496 2467 2567 2523 de
2592 2483 2655 2523 re
2684 2466 3026 2537 difﬁcultas,
3061 2467 3176 2524 nisi
3208 2463 3494 2526 Baronius
3540 2460 3599 2526 et

1952 2555 2216 2629 plerique
2248 2556 2597 2613 recentiores
2627 2572 2755 2613 eam
2782 2557 2853 2612 ad
2886 2573 3106 2613 annum
3139 2552 3479 2630 sequentem
3514 2575 3598 2615 re-

1951 2662 2158 2700 vocare
2189 2645 2381 2701 conati
2418 2646 2706 2713 fuissent;
2742 2645 2968 2717 decepti
3002 2644 3201 2718 procul
3255 2642 3433 2702 dubio
3491 2650 3595 2702 au-

1953 2734 2218 2790 ctoritate
2248 2734 2559 2791 Romualdi
2590 2730 2963 2802 Salernitani,
2997 2735 3118 2806 qui,
3153 2740 3219 2791 ut
3260 2735 3406 2807 ipsis
3434 2735 3596 2803 vide-

1952 2828 2070 2888 tur,
2106 2823 2257 2879 hanc
2288 2824 2574 2897 synodum
2607 2822 2679 2878 ad
2730 2840 2951 2878 annum
2982 2824 3122 2878 1090
3151 2823 3371 2880 retulit.
3402 2814 3475 2880 At
3501 2842 3595 2881 ve-

1954 2929 2102 2980 reor,
2118 2911 2231 2968 nisi
2254 2911 2564 2969 sitlibrarii
2587 2915 2866 2977 erratum,
2892 2916 2957 2968 ut
2987 2912 3319 2985 suspicatur
3338 2904 3597 2988 Peregri-

1955 3001 2110 3066 nius,
2135 3018 2207 3057 ne
2243 3004 2509 3057 auctores
2536 2999 2617 3056 illi
2640 2998 2772 3057 falsi
2800 2996 3013 3057 fuerint
3045 3017 3113 3056 ex
3144 3001 3317 3057 modo
3350 2994 3596 3075 compu-

1953 3091 2116 3146 tandi
2149 3107 2322 3163 quem
2348 3088 2609 3163 plerique
2629 3090 2758 3161 ejus
2788 3089 3070 3163 temporis
3102 3094 3368 3146 auctores
3400 3091 3456 3145 in
3477 3089 3596 3146 illis

1955 3177 2250 3236 ulterioris
2280 3171 2464 3236 Italiae~
2486 3176 2822 3252 regionibus
2851 3177 3128 3235 adhibere
3176 3177 3444 3235 solebant
3471 3197 3484 3236 :
3514 3174 3597 3236 illi

200 3273 460 3329 Ecclesia
475 3274 530 3327 et
558 3270 734 3328 eidem
750 3286 910 3343 papw
924 3271 1150 3343 ejusque
1169 3267 1565 3326 successoribus
1589 3271 1848 3326 canonice
1888 3330 1918 3343 Δ
1957 3267 2113 3323 enim
2148 3285 2370 3324 annum
2400 3267 2681 3324 inchoent
2708 3284 2842 3324 cum
2901 3267 3216 3325 indictione
3274 3264 3602 3324 Romanae

203 3360 583 3428 intrantibus;
603 3364 657 3417 et
683 3330 885 3432 accepit
902 3330 1000 3431 per
1028 3330 1291 3416 vexillum
1322 3358 1391 3415 ab
1411 3374 1470 3414 eo
1500 3366 1705 3414 terram
1723 3375 1849 3413 cum
1876 3330 1920 3405 (ἶ
1958 3374 2160 3415 mense
2196 3356 2521 3431 Septembri
2545 3376 2559 3426 ;
2592 3354 2674 3413 ita
2721 3360 2787 3414 ut
2839 3355 3141 3430 vulgarem
3193 3353 3485 3414 calculum
3536 3356 3597 3425 in

203 3449 425 3506 ducatus
442 3447 1315 3507 honore.GonsentitPtolomeus
1332 3446 1606 3504 Lucensis
1624 3447 1682 3503 in
1700 3446 1848 3505 libro

204 3524 282 3594 De
297 3535 659 3613 genealogiis
679 3536 837 3593 edito
860 3553 894 3592 a
914 3535 1130 3604 Surita,
1153 3535 1253 3592 ubi
1276 3534 1483 3591 scribit
1503 3534 1613 3590 hoc
1656 3550 1848 3591 sacra-

205 3631 469 3687 mentum
487 3642 523 3681 a
542 3618 788 3700 Rogerio
807 3625 866 3681 in
886 3625 1106 3700 synodo
1146 3620 1504 3697 Melphitana
1523 3624 1849 3697 praestitum

200 3717 405 3786 fuisse,
426 3716 527 3793 qui
546 3731 606 3772 se
634 3715 833 3786 ligium
862 3716 1137 3772 hominem
1164 3714 1417 3772 Ecclesiae
1463 3716 1736 3786 confessus
1774 3721 1852 3769 est

192 3822 291 3878 pro
313 3806 480 3861 terris
499 3804 738 3879 Apulia.
762 3799 920 3861 Idem
933 3807 1137 3860 auctor
1154 3799 1567 3859 multaibidem
1589 3801 1850 3875 congerit

192 3896 263 3953 de
285 3892 522 3969 Rogerii
540 3892 1014 3960 successoribus,
1057 3892 1158 3966 qui
1196 3889 1454 3965 praestito
1504 3891 1626 3964 pari
1661 3908 1849 3947 sacra-

199 3987 400 4042 mente
430 4000 494 4040 se
538 3998 667 4040 esse
724 3981 991 4039 Ecclesiae
1044 3980 1400 4038 feudatarios
1464 3984 1844 4053 agnoverunt,

188 4089 459 4147 quosque
479 4072 783 4146 pontiﬁces
804 4066 996 4127 vexilli
1020 4069 1381 4142 porrectione
1401 4068 1676 4125 investire
1706 4086 1842 4124 con-

188 4167 521 4221 sueverant.
549 4161 852 4218 Urbanum
886 4163 943 4217 et
967 4157 1283 4233 Rogerium
1322 4156 1843 4231 coniunctissimos

186 4252 373 4310 fuisse
394 4254 575 4324 patet,
593 4250 748 4322 quod
773 4242 1271 4321 utriusquejussu
1311 4244 1657 4303 Guillelmus
1689 4248 1842 4318 Apu-

190 4341 396 4403 liensis
411 4356 506 4397 res
526 4338 1062 4395 Northmannorum
1084 4336 1354 4410 praeclare
1382 4336 1439 4392 in
1461 4335 1627 4391 Italia
1647 4339 1842 4408 gestas

188 4430 458 4488 versibus
486 4426 882 4500 descripserit,
917 4426 1001 4484 uti
1050 4422 1175 4500 ipse
1206 4425 1371 4482 initio
1414 4427 1506 4482 sui
1538 4425 1728 4498 operis
1762 4429 1840 4482 tc-

191 4524 407 4577 statur.

258 4606 717 4681 Pleriqueetiam
732 4604 1097 4663 contendunt
1120 4604 1177 4660 in
1196 4603 1306 4661 hac
1327 4603 1546 4675 synodo
1565 4604 1838 4679 contigis-

1962 3464 2251 3503 annorum
2280 3446 2682 3520 designatione
2711 3450 2963 3520 quatuor
2988 3444 3290 3503 mensibus
3336 3449 3598 3503 antever-

1957 3538 2104 3592 tant.
2120 3536 2224 3592 Sic
2251 3550 2577 3609 anonymus
2626 3534 2896 3592 Barensis
2926 3553 2961 3592 a
2992 3530 3323 3609 Peregrinio
3381 3522 3598 3605 editus,

1959 3623 2177 3696 aliique
2197 3624 2419 3697 passim
2454 3618 2688 3680 illarum
2718 3625 2976 3695 partium
3007 3624 3322 3697 scriptores
3377 3614 3597 3699 vulgati

1958 3729 2142 3768 annos
2165 3708 2479 3785 incipiunt;
2501 3730 2648 3786 quos
2662 3713 2710 3767 si
2732 3710 2825 3768 hic
2850 3712 3116 3768 imitatus
3142 3708 3601 3769 fueritRomual-

1957 3801 2092 3869 dus,
2113 3805 2180 3856 ut
2196 3800 2430 3874 quidem
2452 3818 2587 3857 vero
2616 3796 2805 3858 simile
2826 3804 2934 3870 est,
2956 3794 3184 3857 ditl'erre
3207 3792 3490 3869 dicendus
3504 3802 3602 3858 est

1957 3909 1992 3947 a
2012 3890 2234 3947 caeteris
2257 3890 2594 3947 auctoribus
2615 3890 2675 3945 in
2691 3880 3044 3964 assignanda
3061 3886 3240 3962 hujus
3251 3888 3454 3963 synodi
3470 3906 3601 3963 epo-

1957 3979 2086 4051 cha,
2116 3984 2312 4053 utpote
2360 3997 2485 4053 quae
2535 3982 2779 4036 exeunte
2810 3995 3011 4035 mense
3055 3976 3407 4052 Septembri,
3440 3976 3599 4035 indi-

1956 4069 2145 4127 ctione
2164 4067 2590 4147 xm,celebrata
2619 4068 2749 4125 fuit.
2767 4066 2981 4124 Verum
3015 4070 3162 4124 utut
3190 4067 3366 4125 fuerit
3385 4069 3456 4125 de
3487 4065 3597 4124 Ro-

1954 4158 2176 4215 mualdi
2207 4158 2499 4233 opinione,
2521 4162 2742 4215 certum
2778 4162 2867 4214 est
2924 4150 3074 4213 hanc
3124 4159 3412 4231 synodum
3444 4170 3598 4214 anno

1951 4248 2093 4304 1089
2146 4246 2406 4304 habitam
2466 4248 2668 4305 fuisse.
2700 4244 2861 4312 Quod
2921 4244 3136 4303 diserte
3191 4238 3411 4302 habent
3442 4263 3598 4325 cum

1952 4339 2113 4411 Lupo
2137 4338 2479 4410 Protospata
2495 4334 2592 4393 alii
2617 4336 2791 4393 etiam
2826 4340 3093 4405 auctores
3135 4334 3407 4409 aequales.
3438 4328 3597 4391 Nihil

1951 4427 2213 4499 apertius
2232 4422 2433 4483 haberi
2462 4443 2530 4483 ea
2559 4426 2630 4483 de
2661 4443 2722 4482 re
2753 4429 2962 4499 potest,
2997 4442 3174 4497 quam
3205 4416 3449 4481 Joannis
3480 4422 3599 4482 dia-

1951 4515 2078 4571 coni
2103 4520 2160 4571 et
2181 4513 2513 4572 cancellarii
2536 4513 2635 4588 qui
2671 4513 2809 4571 huic
2839 4511 3084 4570 concilio
3117 4513 3399 4583 interfuit,
3430 4512 3596 4572 testi-

1950 4604 2215 4661 monium
2246 4604 2306 4659 in
2337 4603 2583 4677 epistola
2612 4621 2787 4677 supra
2821 4603 3057 4660 laudata
3088 4604 3159 4660 ad
3194 4600 3600 4660 abbatemMo-

186 4716 271 4767 se,
290 4698 449 4773 quod
470 4698 542 4754 de
564 4697 731 4753 Petro
747 4696 956 4752 abbate
975 4694 1210 4750 Carensi
1262 4693 1483 4766 passim
1528 4693 1681 4766 apud
1715 4691 1839 4750 vul-
1872 4702 1918 4773 ι)
1951 4692 2390 4757 lismensem,in
2436 4706 2553 4765 qua
2590 4692 2674 4749 sic
2713 4692 2923 4748 habet:
2959 4690 3200 4749 Secundo
3241 4694 3594 4765 pontiﬁcatus

188 4794 358 4863 gates
406 4789 680 4845 auctores
709 4784 943 4860 legitur,
988 4780 1291 4841 Urbanum
1352 4779 1575 4840 scilicet
1599 4782 1673 4849 ei,
1706 4800 1838 4839 cum
1949 4785 2042 4840 sui
2067 4799 2212 4840 anno
2259 4781 2514 4837 dominus
2571 4790 2756 4837 noster
2804 4783 3053 4838 Urbanus
3103 4798 3249 4852 papa
3297 4778 3597 4837 concilium

188 4872 964 4935 interaliosconoiliiPatres
981 4873 1840 4945 nudoeapitesederet,mitram
1949 4873 2097 4947 apud
2146 4873 2437 4946 Metphiam
2483 4870 2697 4943 Apulia:
2755 4870 2946 4925 urbem
3000 4868 3311 4926 celebravit.
3346 4870 3415 4926 Et
3463 4873 3597 4943 post

187 4967 445 5037 misisse,
463 4981 583 5039 qua
603 4962 1267 5047 deinecpsutereturlEt
1287 4961 1526 5047 quidem
1561 4961 1698 5018 licet
1718 4978 1834 5017 non
1949 4979 2135 5037 pauca
2167 4979 2180 5017 :
2213 4964 2321 5018 Hoc
2346 4976 2478 5017 sane
2504 4959 2799 5016 concilium
2842 4958 3235 5047 Melphitanum
3266 4958 3598 5016 celebratum

190 5058 334 5115 adeo
362 5057 744 5127 constet,qua
772 5046 831 5110 id
853 5052 1157 5109 occasione
1188 5054 1290 5107 aut
1318 5046 1444 5108 loco
1472 5051 1693 5107 factum
1712 5047 1836 5107 fue-

189 5146 283 5215 rit,
308 5161 404 5203 res
428 5148 627 5201 tamen
650 5143 782 5218 ipsa
800 5141 1029 5198 videtur
1073 5158 1201 5199 esse
1224 5144 1406 5211 certa,
1427 5143 1629 5212 utpote
1659 5138 1840 5197 relata

193 5232 262 5292 ab
285 5250 578 5308 anonymo
608 5231 818 5290 abbate
846 5230 1168 5300 Venusino,
1198 5228 1254 5287 in
1280 5229 1541 5301 ejusdem
1565 5230 1837 5286 beativiri

191 5323 339 5393 Vita,
369 5339 548 5397 quam
576 5314 755 5395 paulo
783 5322 916 5394 post
960 5319 1150 5392 ipsius
1202 5318 1426 5374 obitum
1467 5319 1834 5391 conscripsit.

191 5408 313 5470 Non
326 5412 627 5487 ingratum
663 5411 775 5466 erit
794 5410 923 5482 ejus
956 5409 1132 5467 verba
1163 5407 1278 5464 huc
1297 5408 1555 5481 proferre
1579 5426 1592 5464 :
1616 5410 1679 5464 In
1705 5425 1837 5482 syn-

188 5503 306 5570 odo,
337 5501 554 5574 inquit,
579 5500 633 5557 ei
650 5516 800 5557 more
818 5516 917 5557 suo
935 5496 1081 5555 nudo
1122 5499 1303 5571 capite
1323 5496 1606 5565 residenti,
1634 5505 1836 5554 sanctae

186 5593 461 5649 memoriae
484 5607 635 5664 papa
669 5588 929 5647 Urbanus,
953 5582 1325 5662 pontiﬁcalem
1371 5586 1615 5660 infulam
1658 5589 1835 5655 misit,

187 5698 351 5755 quam
378 5683 568 5754 utique
596 5680 684 5736 vir
710 5680 950 5747 Domini,
973 5682 1025 5736 et
1050 5695 1150 5751 pro
1179 5678 1670 5749 summipontiﬁcis
1688 5694 1831 5734 reve-

190 5773 366 5829 rentia
420 5769 817 5828 venerabiliter
867 5770 1091 5842 recepit,
1133 5771 1185 5824 et
1241 5766 1587 5839 ofﬁciossime
1632 5767 1835 5824 saluta-

1946 5062 2025 5110 est
2062 5069 2208 5109 anno
2245 5052 2546 5109 Dominicae
2588 5051 2994 5106 Incarnationis
3038 5039 3181 5104 1089
3199 5067 3220 5112 ,·
3243 5065 3365 5123 quae
3412 5053 3599 5106 autem

1945 5144 2256 5207 scribimus,
2279 5143 2575 5214 praesentes
2596 5155 2694 5195 nos
2714 5147 2765 5195 et
2792 5138 3012 5196 audisse
3039 5143 3091 5196 et
3105 5139 3305 5196 vidisse
3331 5140 3587 5197 noscatis.

1948 5233 2105 5288 Idem
2139 5230 2348 5304 probat
2367 5230 2624 5286 Joannes
2655 5227 3105 5285 archidiaconus
3136 5226 3433 5296 Barensis,
3468 5224 3590 5303 qui,

1948 5321 2029 5376 uti
2053 5319 2239 5375 caeteri
2264 5322 2546 5383 auctores,
2575 5316 2810 5373 disertis
2829 5317 3024 5374 verbis
3059 5316 3213 5374 locat
3232 5306 3365 5373 Elite
3395 5316 3592 5375 archi-

1946 5408 2200 5484 episcopi
2219 5406 2734 5475 consecrationem,
2750 5422 2877 5479 quse
2895 5406 3023 5481 ipso
3036 5405 3266 5463 Urbano
3279 5411 3426 5465 teste
3441 5422 3595 5464 anno

1948 5500 2105 5567 1889,
2126 5513 2328 5553 mense
2376 5494 2629 5565 Octobri,
2662 5494 2954 5552 celebrata
3000 5499 3108 5565 est,
3143 5496 3405 5568 proxime
3461 5500 3594 5570 post

1946 5586 2256 5646 concilium
2277 5585 2724 5658 Melphitanum.
2752 5585 2846 5641 Sic
2869 5584 3304 5659 enimloquitur
3322 5585 3382 5642 in
3401 5585 3594 5642 Histo-

1946 5678 2033 5734 ria
2082 5674 2431 5734 inventionis
2463 5675 2648 5732 saneti
2684 5675 2884 5732 Sabini
2934 5675 3090 5748 apud
3150 5675 3467 5732 Baronium
3518 5675 3592 5730 ad

1954 5785 2175 5825 annum
2198 5766 2359 5834 1091,
2384 5770 2441 5823 et
2469 5764 2779 5837 Ughellum
2807 5770 2967 5841 tome
2996 5762 3100 5821 νη
3155 5764 3330 5822 Italiae
3366 5779 3542 5822 sacras
3576 5781 3591 5822 :
