3972 6370
389 363 471 468 s9

1687 367 1760 436 Β.
1802 367 2125 480 URBaNI‘,
2141 369 2199 437 ΙΙ
2238 368 2492 436 ΡΑΡιΕ.

3708 364 3794 430 60

386 513 518 572 Post
563 509 774 570 obitum
830 504 1084 570 Ursionis
1132 505 1386 565 successit
1413 504 1565 564 Elius
1589 485 2027 582 archiepiscopus
2055 505 2114 578 Α
2142 505 2448 566 smeulares
2462 500 2749 564 translata
2766 505 2875 579 est,
2893 506 3168 564 utnarrat
3187 501 3468 581 Ughellus
3481 505 3642 565 tome
3663 502 3792 563 VIII

388 603 681 669 Barensis,
768 603 866 674 qui
940 600 1154 672 primus
1237 598 1409 656 abbas
1480 600 1684 670 fzwrat,
1738 611 2039 670 corpusque
2147 601 2204 653 et
2222 603 2357 670 post
2375 614 2509 654 eum
2531 595 2795 654 Lubinus
2814 599 2873 654 et
2891 594 3341 654 alii.Eustachio
3373 595 3569 654 abbati
3600 596 3790 653 sancti

387 695 564 751 sancti
576 692 789 749 Nicolai
807 707 907 747 sua
937 691 998 744 in
1025 691 1410 760 procuratione
1439 689 1638 760 absque
1689 687 2038 742 ordinatione
2143 685 2362 742 Nicolai
2411 685 2639 760 insigne
2685 685 3053 760 privilegium
3085 685 3374 743 concessit
3405 684 3704 742 Paschalis
3742 685 3790 742 ΙΙ

386 781 620 840 tenebat.
644 781 752 836 Hoc
773 785 956 834 autem
975 777 1138 832 electo
1161 778 1222 832 in
1257 775 1724 848 archiepiscopum
1761 775 2037 832 voluntate

282 862 286 866 ’
387 876 550 942 atque
569 884 835 925 consensu
857 866 1009 922 ducis
1027 867 1250 935 Rogerii
1277 865 1386 935 ﬁlii
1427 863 1579 920 ducis
1627 864 1760 919 dicti
1799 864 2030 930 Roberti,

386 959 620 1030 Metﬁam
659 973 862 1030 papam
895 956 1175 1013 Urbanum
1213 954 1506 1019 adivimus,
1538 954 1636 1024 qui
1680 952 1884 1009 ibidem
1909 969 2036 1026 syn-

387 1048 552 1106 odum
578 1045 884 1104 celebrabat
929 1061 1110 1100 mense
1137 1043 1459 1116 Septembri,
1493 1058 1653 1116 quem
1699 1043 2030 1113 rogavimus,

387 1142 452 1194 ut
493 1153 664 1208 usque
719 1138 925 1191 Barum
975 1133 1332 1198 descenderet,
1378 1131 1806 1204 praedictuqu
1851 1146 2030 1186 conse-

385 1235 570 1284 craret
619 1225 797 1280 Etiam
833 1225 895 1280 in
943 1222 1432 1294 archiepiscopatus
1495 1220 1769 1283 honorem,
1813 1219 2031 1274 domino

384 1315 700 1374 Boamundo
741 1313 984 1370 eumdem
1016 1327 1220 1384 papam
1253 1311 1533 1366 nobiscum
1569 1309 1902 1381 deprecante,
1933 1309 2032 1379 qui

383 1397 444 1464 eo
475 1413 710 1477 tempore
741 1406 945 1460 Barum
964 1403 1084 1474 jam
1113 1416 1212 1456 suo
1244 1399 1458 1456 tenebat
1502 1397 1600 1454 sub
1629 1397 1890 1453 dominio.
1924 1396 2026 1452 His

383 1493 674 1552 consentit
692 1491 853 1548 bulla
875 1491 1065 1563 Ipsius
1097 1487 1306 1546 Urbani
1340 1487 1410 1542 ad
1443 1487 1678 1542 Petrum
1711 1485 1872 1540 Cavea
1925 1487 2026 1541 ab-

380 1585 575 1640 batem
623 1583 760 1638 data
787 1580 897 1636 hoc
925 1595 1079 1635 anno
1108 1577 1201 1633 die
1230 1594 1286 1632 x1
1324 1575 1608 1632 Kalendas
1641 1575 1934 1642 Octobris,
1965 1575 2024 1630 in

379 1653 498 1746 qua
526 1675 735 1746 praeter
752 1669 868 1726 alia
887 1667 1072 1724 multa
1091 1664 1352 1740 pontifex
1375 1666 1646 1720 Cavensis
1673 1662 2026 1720 monasterio

377 1757 687 1820 confirmat
713 1776 782 1816 ea
805 1758 953 1825 loca,
981 1757 1052 1812 de
1076 1755 1294 1828 quibus
1312 1770 1488 1826 nuper
1516 1753 1730 1826 inquit,
1755 1752 1811 1808 id
1846 1757 1934 1808 est
1965 1751 2024 1807 in

378 1849 624 1908 concilio
657 1846 974 1913 Melfitano,
999 1847 1064 1900 ut
1093 1846 1251 1917 patet
1277 1859 1346 1899 ex
1375 1843 1603 1900 decreto
1643 1842 1797 1914 quod
1829 1840 2026 1898 lauda-

377 1944 508 1998 tum
539 1942 628 1996 est
646 1953 810 1993 num.
833 1933 1200 2008 praecedenti,
1233 1933 1425 1988 habita
1455 1933 1677 2004 quzrstio
1710 1930 1915 1986 fuerat.

379 2046 493 2106 LV.
533 2045 782 2106 Urbanus
821 2044 956 2098 Bari
1001 2043 1263 2111 transfert
1293 2057 1412 2096 ossa
1440 2039 1494 2095 S.
1527 2039 1738 2095 Nicolai
1765 2031 1816 2094 ἐι
1845 2038 2026 2094 Etiam

403 2123 410 2128 '
889 2116 1200 2186 episcOpum
1233 2119 1524 2168 consecrat.

447 2207 732 2264 Invitatus
805 2203 1002 2275 itaque
1058 2202 1328 2258 Urbanus
1377 2217 1411 2256 a
1467 2199 1830 2264 Boamundo,
1893 2203 2026 2270 post

375 2297 605 2355 ﬁnitam
648 2293 937 2368 synodum
987 2289 1403 2363 Melphitanam
1452 2289 1710 2344 Venusia
1764 2287 2019 2358 transiit,

375 2386 478 2442 ubi
535 2382 758 2440 bullam
837 2397 1016 2454 quam
1097 2379 1269 2435 modo
1327 2378 1740 2446 laudabamus,
1785 2393 2020 2434 conces-

375 2475 455 2532 sit
508 2474 567 2530 in
613 2471 865 2546 gratiam
915 2468 1307 2536 Cavensium;
1366 2471 1494 2524 tum
1551 2465 1751 2522 invisit
1805 2466 2018 2523 Baren-

373 2581 496 2621 sem
518 2560 825 2620 ecclesiam
850 2563 988 2614 tunc
1007 2557 1293 2638 temporis
1315 2555 1774 2622 celeberrimam,
1800 2556 1872 2612 ob
1906 2557 2018 2612 fre-

372 2641 614 2728 quentia
634 2649 936 2719 miracula,
959 2665 1088 2720 qua
1112 2648 1184 2704 ad
1207 2663 1420 2720 corpus
1437 2645 1620 2702 sancti
1643 2643 1886 2712 Nicolai,
1909 2645 2018 2702 hoc

371 2759 525 2800 anno
551 2741 683 2796 1087
707 2738 971 2805 allatum,
997 2735 1124 2792 ﬁeri
1170 2735 1531 2792 dicebantur.
1567 2734 1650 2790 Ibi
1691 2734 2017 2790 beatissimi

371 2824 656 2888 antistitis
687 2844 822 2883 ossa
851 2825 1108 2898 pontifex
1135 2823 1386 2898 propriis
1417 2822 1692 2880 manibus
1723 2825 1785 2878 in
1841 2824 2020 2880 locum

365 2919 558 2992 parati
607 2916 751 2972 aditi
805 2913 1124 2980 collocavit,
1157 2917 1214 2969 et
1272 2912 1409 2969 licet
1451 2911 1561 2968 hoc
1610 2912 1786 2968 fuerit
1829 2920 2017 2969 contra

369 3002 602 3074 morem,
623 3006 690 3060 ut
727 3003 852 3076 ipse
895 3003 1178 3074 loquitur,
1211 3003 1463 3058 Romanae
1491 3007 1543 3057 et
1583 3001 1892 3074 apostolicae
1919 3003 2016 3058 Ec-

369 3097 575 3162 clesiae,
600 3097 658 3151 in
678 3095 907 3168 pr0pria
952 3093 1074 3149 sede
1112 3090 1299 3148 Eliam
1332 3090 1603 3147 Barensis
1633 3094 1690 3146 et
1713 3090 2016 3148 Canusinae

371 3203 499 3260 qua:
512 3185 639 3258 jam
655 3188 797 3240 tunc
815 3182 991 3238 unitas
1013 3184 1200 3248 orant,
1225 3179 1604 3238 ecclesiarum
1635 3179 2018 3252 archiepisco-

2143 793 2296 832 anno
2329 775 2486 846 1406,
2538 777 2596 832 in
2629 793 2744 849 quo
2775 775 3035 849 pontifex
3061 777 3314 832 testatur
3359 791 3572 848 corpus
3602 775 3788 832 sancti

2143 865 2362 922 Nicolai
2403 869 2669 938 tempore
2711 867 2937 920 Victoris
2981 867 3072 932 111,
3108 882 3179 921 ex
3217 867 3610 921 transmarinis
3651 881 3788 937 par-

2140 955 2286 1009 tibus
2331 955 2391 1010 in
2443 954 2634 1011 urbem
2689 955 3007 1010 Barisinam
3036 953 3338 1021 advectum,
3370 953 3443 1010 ab
3475 953 3706 1010 Urbano
3741 953 3789 1009 II

2142 1044 2252 1099 loco
2285 1060 2386 1116 quo
2415 1060 2584 1108 nunc,
2615 1042 2830 1116 inquit,
2865 1044 3170 1100 reverentia
3210 1043 3381 1114 digna
3425 1049 3692 1111 servatur,
3727 1044 3789 1098 in

2138 1141 2329 1205 crypta
2383 1133 2640 1205 inferiori
2694 1149 2908 1188 summa
2967 1149 3090 1188 cum
3136 1133 3507 1198 veneratione,
3555 1131 3790 1204 desuper

2137 1223 2315 1278 altare
2346 1224 2406 1278 in
2435 1223 2695 1278 honorem
2749 1223 2972 1278 Domini
3023 1224 3378 1290 consecrato,
3413 1220 3784 1278 reconditum

2136 1309 2341 1368 fuisse.

2280 1400 2418 1456 LVI.
2451 1401 2529 1456 An
2561 1409 2688 1478 tunc
2715 1401 3011 1457 concilium
3042 1399 3207 1472 Trojo:
3239 1399 3486 1456 habitum
3515 1401 3605 1456 sit.

2205 1489 2465 1546 Alterum
2485 1489 2544 1545 in
2566 1490 2781 1564 Apulia
2800 1489 3115 1546 concilium
3134 1489 3244 1545 sub
3257 1487 3436 1560 hujus
3454 1488 3591 1545 anni
3606 1487 3787 1545 ﬁnem

2133 1580 2316 1652 Trojae
2329 1579 2682 1636 celebratum
2699 1579 2880 1636 fuisse
2892 1577 3792 1647 voluntBaronius,Binius,Che-

2135 1669 2301 1724 snius
2315 1668 2374 1724 in
2386 1669 2534 1725 Vitis
2549 1668 2890 1741 pontiﬁcum
2903 1667 3212 1741 caeterique
3224 1667 3459 1725 illorum
3475 1670 3786 1724 auctorum

2133 1775 2432 1831 sequaces,
2449 1757 2550 1831 qui
2571 1757 2713 1814 illud
2736 1747 3046 1814 concilium
3066 1757 3324 1830 primum
3337 1757 3655 1828 Trojanum
3673 1755 3785 1812 sub

2135 1849 2364 1904 Urbano
2400 1848 2448 1904 Il
2479 1847 2800 1921 appellant,
2819 1848 3038 1904 aPetro
3061 1847 3329 1915 diacono,
3360 1847 3532 1903 Ivone
3562 1847 3787 1902 Carno-

2134 1939 2307 2006 tensi,
2343 1937 2638 2006 Gratiano,
2684 1935 2961 2010 Magistro
3020 1934 3468 2003 sententiarum,
3530 1934 3785 2007 aliisque

2133 2025 2352 2099 passim
2385 2025 2711 2082 celebribus
2740 2025 3101 2093 auctoribus,
3124 2024 3212 2080 uti
3271 2024 3456 2092 aiunt,
3489 2039 3784 2080 memora-

2132 2120 2280 2172 tum.
2315 2115 2386 2171 At
2433 2115 2640 2171 merito
2693 2115 3064 2188 refragantur
3092 2112 3192 2169 alii
3241 2111 3348 2168 viri
3395 2111 3632 2190 eruditi,
3678 2112 3784 2184 qui

2131 2204 2369 2260 unicum
2393 2203 2503 2260 sub
2527 2204 2758 2260 Urbano
2779 2203 2829 2260 II
2858 2203 3176 2274 Troianum
3207 2201 3531 2262 concilium
3563 2201 3782 2257 admit-

2128 2297 2282 2358 tunt,
2315 2311 2468 2350 anno
2500 2293 2658 2361 1093,
2685 2291 2785 2348 uti-
2815 2309 2884 2348 ex
2927 2291 3196 2349 Bertoldo
3236 2292 3488 2362 constat,
3517 2287 3782 2347 celebra-

2128 2387 2276 2440 tum.
2310 2383 2474 2438 Unde
2532 2381 2790 2456 primum
2849 2381 3018 2450 illud,
3051 2381 3206 2454 quod
3257 2379 3542 2436 Baronius
3590 2382 3648 2435 et
3677 2377 3782 2436 alii

2129 2476 2394 2530 auctores
2436 2469 2656 2528 laudati
2723 2488 2878 2528 anno
2947 2471 3086 2526 1089
3131 2457 3502 2543 consignant,
3549 2483 3782 2542 expun—

2127 2563 2385 2635 gendum
2402 2577 2530 2617 esse
2545 2559 2943 2617 contendunt:
2963 2565 3020 2615 et
3040 2559 3300 2632 quidem,
3317 2574 3488 2614 nemo
3510 2573 3779 2630 unquam

2127 2654 2261 2708 ante
2321 2649 2454 2706 illos
2509 2653 2742 2716 nostris,
2777 2652 2878 2705 aut
2933 2653 3268 2705 nostrorum
3318 2647 3557 2704 Patrum
3587 2645 3781 2703 aetatis

2126 2735 2415 2809 auctores,
2447 2739 2562 2795 duo
2614 2737 2864 2794 concilia
2912 2737 3098 2809 Trojae
3147 2737 3260 2794 sub
3311 2735 3544 2792 Urbano
3573 2733 3781 2793 habita

2125 2829 2412 2896 laudavit;
2439 2845 2566 2901 quae
2588 2843 2721 2883 vero
2745 2844 2778 2882 a
2797 2827 3045 2900 Trojano
3091 2825 3356 2894 concilio,
3389 2824 3474 2880 uti
3505 2823 3778 2881 Labbeus

2123 2917 2476 2984 observavit,
2501 2918 2620 2986 Ivo,
2647 2916 2963 2972 Gratianus
3015 2920 3118 2972 aut
3163 2915 3264 2972 alii
3308 2917 3576 2970 auctores
3615 2913 3771 2969 anti-

2125 3008 2360 3081 quiores
2391 3005 2703 3078 protulere,
2733 3003 2958 3061 nullam
2990 3003 3210 3061 habent
3239 3000 3519 3076 temporis
3549 3005 3774 3072 notam,

2124 3097 2280 3154 unde
2309 3094 2500 3169 colligi
2533 3094 2720 3168 possit
2749 3111 2818 3150 ea
2849 3111 2966 3150 uno
2991 3093 3190 3167 potius
3211 3107 3390 3166 quam
3413 3089 3594 3148 altero
3615 3107 3774 3148 anno

2097 3185 2349 3242 'sancita
2369 3184 2570 3241 fuisse.
2593 3183 2856 3256 Denique
2877 3199 2982 3240 nec
3007 3183 3207 3239 Petrus
3236 3181 3362 3255 ipse
3392 3179 3563 3252 cujus
3601 3177 3768 3236 testi-

371 3251 798 3349 pum'electum
829 3273 890 3330 ob
919 3271 1254 3329 devotionem
1295 3271 1474 3350 sancti
1495 3270 1800 3339 Nicolai,et
1823 3251 2016 3342 populi
2044 3251 2088 3319 (ἶ
2125 3274 2320 3332 monio
2378 3251 2778 3347 potissimum-
2815 3271 2921 3326 niti
2977 3271 3206 3328 videtur
3260 3251 3570 3334 Baronius,
3617 3267 3772 3324 duas

369 3365 429 3422 id
479 3364 845 3438 efﬂagitantis
873 3361 1217 3418 dilectionem
1241 3358 1620 3417 consecravit.
1657 3358 1785 3414 Haec
1815 3357 2014 3414 omnia

371 3452 810 3525 fusiusexponit
833 3451 958 3524 ipse
990 3450 1259 3508 Urbanus
1289 3448 1349 3504 in
1384 3446 1704 3522 privilegio,
1725 3463 1888 3503 num.
1918 3449 2010 3514 26,

371 3543 528 3616 quod
577 3559 646 3598 ea
695 3540 1000 3598 occasione
1055 3539 1192 3595 Elia:
1223 3542 1280 3595 et
1308 3538 1436 3610 ejus
1467 3536 1705 3593 Barensi
1745 3536 2011 3594 Ecclesiae

372 3629 660 3688 concessit
701 3630 794 3687 die
823 3631 859 3685 9
887 3628 1153 3687 Octobris
1183 3629 1407 3685 datum.
1441 3626 1617 3683 Porro
1646 3625 1842 3700 ipsum
1880 3643 2014 3682 con-

371 3711 713 3778 secrationis
737 3719 872 3777 Elian
901 3720 1058 3776 diem
1090 3717 1378 3774 discimus
1408 3733 1476 3772 ex
1531 3715 1816 3772 Chronico
1872 3733 2010 3773 ano-

371 3811 531 3884 nymi
553 3808 826 3865 Barensis
847 3809 920 3864 ad
942 3824 1164 3867 annum
1187 3807 1328 3861 1095
1373 3821 1549 3877 quem
1581 3821 1685 3878 pro
1717 3821 1876 3861 more
1907 3821 2013 3860 suo

2121 3380 2372 3437 usquam
2423 3361 2607 3433 Troja:
2636 3360 2890 3434 synodos
2923 3359 3200 3436 agnovit;
3228 3359 3348 3416 imo
3403 3373 3510 3414 nec
3539 3359 3769 3414 certum

2119 3456 2354 3524 tempus
2383 3450 2648 3522 Trojanaa
2678 3449 2900 3523 synodo
2921 3447 3240 3523 assignavit
3260 3445 3408 3502 libro
3439 3462 3516 3513 ιν,
3551 3461 3676 3518 cap.
3707 3446 3766 3513 7,

2120 3541 2198 3596 Ch
2207 3539 2386 3596 ronici
2407 3537 2762 3607 Casinensis,
2782 3538 2938 3594 unde
2953 3541 3150 3594 tamen
3164 3537 3575 3610 argumentum
3590 3550 3768 3590 suum

2121 3632 2392 3703 repetunt
2429 3625 2786 3696 adversarii;
2813 3627 2896 3684 sic
2935 3625 3090 3682 enim
3123 3628 3297 3698 caput
3328 3623 3470 3680 illud
3503 3621 3775 3678 absolute

2122 3718 2358 3775 inchoat
2382 3734 2394 3772 :
2418 3717 2670 3788 Sequenti
2699 3723 2938 3788 tempore
2980 3731 3128 3788 papa
3168 3713 3414 3772 Urbanus
3459 3711 3664 3768 iterum
3703 3711 3778 3767 ad

2121 3809 2218 3864 has
2265 3815 2466 3878 partes,
2492 3803 2949 3873 Montis-Casini,
2983 3803 3298 3870 adveniens,
3332 3805 3442 3858 etc.
3475 3802 3587 3871 Quo
3635 3804 3778 3857 tem-

371 3916 406 3954 a
427 3896 752 3970 Septembri
776 3894 1156 3968 praecedentis
1179 3893 1317 3950 anni
1345 3891 1521 3947 simul
1541 3908 1676 3947 cum
1699 3891 2014 3948 indictione
2117 3912 2250 3970 pore
2277 3895 2410 3950 dum
2437 3894 2585 3966 apud
2615 3893 2828 3965 Trojam
2855 3893 3129 3965 synodum
3156 3891 3470 3949 celebraret.

372 3985 628 4056 inchoat,
667 3983 770 4040 ubi
825 3983 908 4040 sic
959 3983 1182 4038 habet:
1241 3979 1394 4050 1089,
1454 3981 1648 4037 indici.
1682 3997 1805 4048 xm,
1836 3998 2018 4038 mense

371 4073 690 4149 Septembri,
712 4071 770 4128 id
799 4075 886 4128 est
917 4071 1262 4139 anno’1089,
1287 4070 1458 4141 juxta
1505 4069 1808 4142 vulgarem
1857 4087 2015 4126 com-

373 4161 618 4238 putandi
666 4161 1174 4230 modum,intravit
1223 4158 1470 4216 Urbanus
1513 4174 1657 4231 papa
1703 4161 1760 4215 in
1805 4161 2018 4216 civitate

373 4254 509 4310 Bari
534 4251 715 4324 pridie
747 4251 867 4306 Kal.
923 4249 1162 4306 Octobris
1193 4265 1212 4302 :
1241 4252 1293 4303 et
1325 4250 1386 4303 in
1421 4247 1542 4303 Kal.
1599 4248 1840 4305 Octobris
1878 4249 2016 4306 aedi-

371 4343 555 4414 ﬁcavit
599 4341 991 4412 confessionem
1043 4338 1220 4394 sancti
1273 4337 1506 4393 Nicolai.
1559 4337 1777 4394 Eadem
1837 4338 2017 4394 ferme

373 4431 552 4488 habet
581 4429 782 4502 Lupus
814 4427 1155 4500 Protospata
1183 4425 1254 4480 ad
1290 4441 1510 4481 annum
1547 4426 1688 4481 1089
1721 4443 1734 4482 :
1771 4427 2020 4483 Urbanus

373 4519 521 4576 venit
549 4519 610 4574 in
637 4518 914 4574 civitatem
950 4517 1159 4571 Barum
1185 4516 1234 4569 et
1263 4515 1597 4570 consecravit
1648 4515 1765 4571 illic
1805 4519 2018 4588 confes-

2194 3986 2288 4053 At,
2307 3981 2558 4055 inquies,
2584 3982 2787 4039 Petrus
2807 3981 2934 4038 loco
2955 3981 3190 4038 laudato
3220 3978 3466 4038 Joannis
3512 3976 3782 4050 Cajetani

2125 4069 2555 4129 ordinationem
2580 4069 2638 4125 in
2666 4069 2981 4126 diaconum
3011 4085 3078 4126 eo
3107 4074 3371 4141 tempore
3422 4066 3494 4122 ab
3538 4064 3778 4123 Urbano

2125 4159 2339 4217 factam
2390 4155 2572 4216 fuisse
2622 4158 2814 4228 refert,
2865 4175 2982 4232 quo
3036 4157 3184 4231 apud
3244 4157 3460 4228 Trojam
3507 4153 3780 4229 synodum

2127 4249 2282 4306 idem
2309 4248 2568 4322 pontifex
2589 4247 2918 4304 celebravit.
2940 4245 3105 4304 Unde
3135 4262 3268 4302 cum
3309 4248 3533 4301 certum
3559 4241 3655 4312 sit,
3691 4244 3779 4299 uti

2127 4337 2401 4412 superius
2459 4337 2773 4410 probatum
2832 4341 2941 4408 est,
2974 4353 3044 4392 ex
3074 4333 3277 4392 multis
3325 4330 3776 4407 diplomatibus,

2125 4427 2412 4484 Joannem
2434 4427 2624 4500 primo
2641 4425 2858 4482 Urbani
2881 4442 3033 4482 anno
3055 4424 3370 4480 diaconum
3407 4422 3590 4478 fuisse
3621 4420 3778 4477 ordi-

2128 4521 2352 4585 natum,
2379 4514 2592 4572 inferre
2613 4513 2746 4570 licet
2775 4515 3065 4588 synodum
3105 4514 3418 4586 Trojanam
3449 4527 3628 4584 quam
3680 4509 3779 4567 hic

373 4610 582 4665 sionem
604 4608 784 4664 sancti
813 4605 1023 4662 Nicolai
1049 4607 1100 4660 et
1129 4602 1321 4659 Etiam
1348 4604 1829 4676 archiepiscopum.
1862 4603 2018 4662 Elias
2049 4625 2097 4690 D
2127 4609 2336 4662 Petrus
2358 4608 2666 4670 memorat,
2691 4603 2762 4660 ad
2786 4603 3001 4660 Urbani
3043 4601 3426 4676 pontiﬁcatus
3445 4597 3782 4674 primordia

374 4713 445 4754 ex
491 4694 778 4754 monacho
835 4691 1075 4750 Carensi
1123 4691 1312 4747 factus
1359 4691 1541 4747 abbas
1603 4691 1795 4748 Sancti
1837 4692 2018 4750 Bene-

374 4785 513 4842 dicti
535 4801 743 4859 propre
775 4788 1007 4858 portum
1038 4782 1374 4850 Barensem,
1408 4778 1636 4852 primus
1663 4779 1929 4836 omnium
1960 4779 2019 4836 in

375 4891 545 4932 suam
565 4873 871 4931 ecclesiam
892 4873 1232 4944 susceperat
1251 4885 1466 4941 corpus
1485 4868 1672 4924 sancti
1703 4867 1921 4924 Nicolai
1951 4886 2019 4926 ex

375 4963 532 5020 Licia
551 4980 705 5020 anno
729 4963 867 5018 1087
898 4961 1226 5026 advectum,
1251 4957 1462 5012 deinde
1491 4957 1802 5029 praefectus
1831 4957 2021 5015 fuerat

375 5051 630 5110 ecclesia:
650 5068 849 5108 recens
869 5048 1057 5106 eidem
1085 5049 1286 5104 sancto
1318 5049 1622 5102 exstructa:
1646 5045 1705 5102 in
1727 5045 1855 5120 ipsa
1876 5048 2020 5105 urbe

376 5141 721 5211 Barensi,ut
757 5157 826 5197 ex
857 5140 1084 5196 Joanne
1117 5135 1526 5192 archidiacono
1558 5135 1796 5192 Barensi
1823 5143 2021 5194 narrat

375 5231 684 5289 Ordericus
727 5229 934 5285 Vitalis
985 5227 1136 5282 libro
1165 5240 1265 5290 vn,
1297 5223 1389 5279 cui
1449 5224 1686 5280 tandem
1742 5225 1800 5280 in
1828 5225 2016 5282 archi-

374 5321 713 5394 episcopum
735 5319 1058 5389 assumpto,
1093 5312 1376 5370 suffectus
1396 5316 1484 5368 est
1503 5313 1563 5368 in
1596 5314 1840 5372 abbatiaa
1869 5317 2018 5391 regi-

376 5409 535 5466 mine
565 5407 914 5466 Eustachius
946 5401 1288 5461 monasterii
1333 5402 1613 5459 Omnium
1667 5404 2018 5462 Sanctorum

376 5515 555 5572 prope
574 5498 841 5554 eamdem
863 5495 1068 5550 urbem
1086 5491 1370 5562 conditor,
1390 5493 1684 5550 secundus
1696 5499 1754 5551 et
1775 5494 2020 5552 ultimus

375 5587 568 5643 Sancti
596 5584 810 5645 Nicolai
835 5583 1050 5640 abbas:
1075 5597 1209 5637 nam
1233 5597 1298 5636 eo
1323 5579 1539 5653 pariter
1557 5580 1616 5637 in
1640 5584 2021 5658 archiepisco-

377 5693 517 5752 pum
576 5676 777 5741 electo,
809 5671 1054 5732 ecclesia
1108 5668 1302 5727 Sancti
1331 5669 1552 5726 Nicolai
1605 5673 1676 5729 ad
1708 5675 2020 5734 canonicos

2128 4711 2256 4752 esse
2277 4693 2698 4761 revocandam;
2724 4693 3085 4766 proindeque
3100 4708 3233 4748 cum
3257 4707 3420 4764 aeque
3450 4692 3674 4746 certum
3699 4689 3783 4747 sit

2129 4783 2401 4840 eumdem
2421 4781 2754 4856 pontiﬁcem
2794 4797 2948 4840 anno
2975 4781 3114 4839 1093
3157 4780 3449 4855 synodum
3482 4778 3685 4836 eadem
3718 4777 3781 4836 in

2127 4873 2270 4930 urbe
2300 4871 2644 4938 celebrasse,
2679 4871 2794 4928 duo
2855 4871 3109 4944 Trojana
3170 4867 3418 4928 concilia
3445 4867 3781 4925 necessario

2129 4961 2492 5018 admittenda
2545 4965 2740 5018 erunt.
2782 4960 3001 5018 Verum
3033 4959 3179 5017 nihil
3212 4957 3353 5016 certi
3384 4975 3454 5015 ex
3479 4956 3590 5013 hoc
3618 4955 3781 5012 Petri

2127 5049 2462 5107 testimonio
2481 5049 2680 5106 inferri
2704 5054 2914 5122 potest,
2939 5067 3148 5122 nempe
3188 5049 3310 5122 qui,
3332 5046 3417 5103 uti
3447 5044 3781 5104 observavit

2127 5139 2384 5213 Angelus
2423 5139 2492 5194 de
2527 5139 2683 5195 Nuce
2722 5138 2783 5194 in
2819 5140 2974 5196 notis
2997 5140 3070 5196 ad
3103 5139 3259 5194 hunc
3287 5137 3504 5203 locum,
3538 5151 3604 5191 eo
3636 5132 3775 5202 loci,

2129 5229 2283 5302 quod
2335 5232 2391 5284 et
2421 5227 2565 5284 alias
2615 5245 2766 5300 saepe
2810 5228 2860 5284 ei
2893 5227 3157 5302 contigit,
3189 5235 3436 5284 exactam
3469 5227 3780 5296 temporum

2129 5320 2397 5374 rationem
2425 5333 2536 5373 non
2555 5319 2811 5373 servavit.
2851 5317 3071 5374 Deinde
3101 5318 3359 5374 Joannes
3406 5313 3479 5370 ab
3513 5311 3774 5380 Urbano,

2131 5407 2364 5482 quando
2381 5406 2640 5480 primum
2663 5406 2736 5461 ad
2757 5405 3071 5463 Casinense
3083 5402 3505 5464 monasterium
3518 5398 3776 5468 advenit,

2139 5497 2420 5554 diaconus
2463 5495 2768 5551 ordinatus
2799 5499 2927 5566 est;
2962 5499 3022 5552 at
3043 5497 3245 5553 Petrus
3274 5494 3371 5550 hic
3421 5507 3536 5548 non
3568 5490 3640 5545 de
3672 5487 3778 5546 illo

2131 5586 2231 5643 sed
2263 5586 2334 5641 de
2365 5583 2620 5642 secundo
2651 5584 2946 5657 pontificis
2999 5585 3070 5642 ad
3103 5601 3336 5644 sacrum
3385 5582 3646 5638 montem
3679 5594 3779 5635 ac-

2131 5692 2300 5734 cessu
2331 5674 2548 5732 diserte
2607 5671 2887 5748 loquitur,
2911 5674 3272 5750 proindeque
3327 5689 3446 5730 non
3481 5670 3552 5727 de
3581 5667 3780 5742 prima
