3972 6388
246 446 331 530 '61
1560 447 1899 531 "iv

3558 443 3663 525 r“es

236 575 1024 669 'Joannis'ordinationeﬁed
1055 578 1126 658 de
1154 595 1356 669 altera,
1387 613 1596 677 nempe
1639 598 1711 657 de
1737 596 1900 657 illius
1929 586 1985 667 Α
2015 576 2547 670 Sicelghaita,anno
2564 573 2840 669 sequenti
2864 576 3140 653 defuncta
3168 580 3277 664 est,
3309 576 3402 654 die
3431 578 3663 655 xera-

255 694 315 749 in
364 692 664 763 diaconum
716 690 1050 763 patriarchii
1091 691 1474 747 Lateranensis
1538 691 1902 762 promotione
2011 686 2214 744 lendas
2247 684 2402 756 Maii,
2436 690 2500 742 ut
2517 702 2585 742 ex
2614 684 2956 761 Necrologio
2999 685 3337 763 Casinensis
3376 693 3664 745 monaste-

230 773 671 854 dntelligendus
718 784 825 847 est,
864 796 992 852 quae
1042 796 1184 836 sane
1231 779 1516 852 promotio
1560 780 1632 835 ad
1682 796 1901 835 annum
2011 776 2082 832 rii
2113 774 2418 831 discimus.

236 872 415 939 "1093,
448 887 564 945 quo
584 871 768 943 Trojaa
786 869 1097 926 concilium
1117 867 1469 945 celebratum
1488 869 1618 936 fuit,
1650 868 1905 924 revocari

257 964 464 1034 potest,
499 959 699 1032 sicque
726 957 888 1015 nulla
915 962 1182 1014 remanet
1218 959 1366 1015 duas
1415 958 1601 1030 Trojae
1649 958 1904 1031 synodos

258 1048 623 1119 admittendi,
659 1048 832 1105 etiam
864 1065 933 1103 ex
958 1047 1113 1103 Petri
1147 1048 1501 1112 testimonio,
1535 1046 1855 1103 necessitas
1889 1064 1902 1102 :

258 1140 359 1196 sed
392 1138 462 1195 ad
492 1154 690 1195 rerum
713 1138 923 1193 seriem
955 1137 1359 1194 revertendum
1391 1143 1499 1193 est.

240 1224 245 1229 ’
366 1227 535 1283 LVII.
574 1227 820 1284 Urbanus
847 1226 1131 1282 ecclesiam
1170 1227 1477 1282 Brundusii
1503 1230 1796 1282 consecrat.

331 1318 680 1374 Consecrato
700 1315 899 1388 itaque
918 1316 1070 1387 apud
1087 1313 1320 1370 Barium
1341 1314 1461 1370 Elia
1483 1313 1908 1386 archiepisopo,

260 1406 534 1462 Urbanus
568 1403 969 1460 Brundusium
1001 1402 1061 1458 in
1101 1403 1460 1476 provinciam
1497 1403 1910 1458 Hidruntinam

257 1493 637 1570 perrexit,ubi
658 1510 791 1550 eum
826 1509 976 1549 anno
1001 1493 1269 1566 praesenti
1299 1492 1597 1549 ecclesiam
1612 1491 1912 1547 dedicasse

256 1587 548 1641 memorat
568 1584 763 1655 Lupus
781 1581 1122 1653 Protospata
1151 1585 1352 1637 auctor
1381 1580 1749 1653 aequalis,qui
1781 1583 1913 1651 post

257 1690 328 1732 ea
357 1690 485 1746 qua:
504 1672 774 1745 superius
790 1671 860 1726 de
882 1671 1154 1727 Barensis
1173 1669 1593 1742 archiepiscopi
1618 1686 1914 1725 consecra-

256 1762 418 1820 tione
475 1759 805 1828 retulimus,
866 1758 988 1816 hzec
1040 1759 1349 1832 subjungit
1409 1776 1421 1815 :
1470 1762 1545 1813 Et
1586 1759 1917 1814 consecravit

256 1851 677 1908 Brundusinam
705 1850 986 1905 ecclesiam
1012 1848 1307 1920 praedictus
1333 1865 1479 1920 papa
1520 1848 1788 1904 Urbanus.
1834 1847 1914 1901 Ex

2298 865 2408 921 LX.
2443 865 2496 920 S.
2540 868 2723 921 Bruno
2755 867 3036 922 Urbanum
3070 868 3376 923 comitatur.

2083 954 2298 1009 Eadem
2331 954 2507 1010 etiam
2555 953 2855 1010 occasione
2887 956 3214 1011 Brunonem
3249 955 3665 1033 Carthusiano-

2014 1059 2145 1099 rum
2177 1047 2473 1115 parentem
2510 1060 2642 1098 cum
2666 1043 2900 1100 Urbano
2931 1043 3254 1100 Calabriam
3278 1043 3668 1117 perlustrasse

2017 1131 2330 1205 plusquam
2370 1132 2675 1211 probabile
2698 1136 2806 1188 est.
2844 1134 2899 1189 Is
2928 1149 3139 1205 nempe
3170 1150 3204 1189 a
3232 1133 3526 1205 pontiﬁce,
3561 1151 3668 1190 suo

2016 1221 2176 1288 olim,
2213 1226 2277 1275 ut
2307 1221 2582 1290 diximus,
2617 1211 2750 1277 cum
2782 1221 3010 1278 litteras
3040 1223 3130 1277 vir
3160 1227 3398 1278 sanctus
3440 1222 3498 1278 in
3522 1222 3671 1280 Rhe-

2017 1310 2238 1366 mensis
2270 1310 2536 1366 Ecclesiae
2561 1311 2863 1367 academia
2879 1312 3128 1381 doceret,
3153 1310 3444 1384 discipulo
3466 1328 3668 1368 evoca-

2018 1403 2138 1469 tus,
2172 1399 2281 1455 hoc
2311 1416 2463 1455 anno
2496 1400 2567 1455 ad
2598 1399 2763 1455 illum
2800 1400 3065 1468 accessit,
3112 1418 3218 1457 nec
3247 1400 3497 1457 dubium
3527 1401 3669 1474 quin

2019 1488 2194 1543 etiam
2223 1504 2359 1544 eum
2392 1493 2631 1545 secutus
2655 1489 2832 1545 fuerit
2860 1490 2918 1544 in
2943 1489 3217 1562 Apuliam
3243 1494 3299 1545 et
3319 1475 3668 1560 Calabriam,

2020 1592 2154 1632 cum
2187 1593 2253 1632 eo
2279 1577 2475 1633 animo
2508 1579 2841 1635 Brunonem
2874 1579 3281 1635 accersivisset
3312 1566 3673 1648 Urbanus,ut

2021 1667 2149 1737 ejus
2199 1665 2459 1721 consiliis
2489 1666 2548 1722 in
2595 1668 2770 1723 rebus
2802 1666 3186 1734 difﬁcillimis,
3219 1684 3346 1740 quae
3391 1671 3533 1724 tunc
3565 1668 3674 1725 fre-

2022 1758 2268 1826 quenter
2298 1756 2695 1828 emergebant,
2729 1759 3007 1812 uteretur.
3034 1756 3209 1812 Aliud
3233 1756 3483 1814 habetur
3512 1759 3672 1829 ejus-

2024 1844 2157 1899 dem
2182 1844 2261 1899 rei
2290 1847 2891 1918 argumentum,quod
2913 1862 3122 1918 nempe
3143 1845 3432 1902 Brunonis
3463 1848 3676 1904 sancti-
3756 1836 3757 1839 η

258 1941 373 1998 hoc
398 1938 543 2012 Lupi
570 1937 909 1994 testimonio
931 1937 1433 1992 emendanduscst
1452 1935 1734 2009 Ughellus
1756 1939 1915 1991 temo
1944 1975 1992 2041 B
2022 1936 2115 1988 tas
2145 1950 2214 1990 ex
2235 1950 2304 2041 eo
2334 1938 2595 2006 tempore
2623 1934 2767 1990 adeo
2799 1938 2937 2034 nota
2967 1935 3143 2041 fuerit
3173 1936 3327 2036 apud
3372 1934 3670 2036 Calabros,

260 2029 334 2087 1X
367 2028 542 2086 Italiae
577 2044 776 2093 sacrae,
808 2026 907 2081 ubi
940 2025 1089 2081 hanc
1127 2025 1550 2081 dedicationem
1582 2040 1734 2080 anno
1766 2040 1911 2096 pra;-

261 2119 509 2175 cedente
575 2114 958 2189 consignavit.
1015 2113 1217 2170 Eidem
1290 2112 1544 2170 ecclesia:
1609 2114 1914 2186 episc0pa-

228 2202 235 2207 ’
261 2207 381 2277 lem
423 2203 925 2279 dignitatem,quaa
956 2203 1027 2259 ob
1050 2203 1274 2259 cladem
1298 2202 1628 2259 Brundusio
1651 2220 1685 2257 a
1713 2203 1912 2257 Sarra-

232 2290 428 2353 'ceni's
458 2293 683 2349 illatam
740 2291 947 2348 Urium
978 2290 1262 2347 translata
1289 2290 1499 2357 fuerat,
1542 2289 1771 2345 restitui
1805 2289 1913 2343 im-

234 2382 492 2458 peravit
519 2366 1052 2455 Urbanus,sjcriptis
1082 2397 1150 2435 ea
1174 2380 1243 2435 de
1276 2397 1337 2435 re
1379 2378 1588 2435 litteris
1635 2379 1708 2434 ad
1741 2377 1914 2435 Godi-

264 2490 413 2543 num
444 2472 804 2545 episcopum,
836 2469 938 2540 qui
968 2468 1120 2542 quod
1165 2469 1216 2545 ei
1248 2468 1488 2524 Uritana
1535 2467 1916 2529 commoratio

265 2560 460 2635 magis
492 2560 793 2626 arrideret,
837 2557 1055 2613 omisso
1098 2557 1418 2613 Brundusii
1448 2557 1638 2626 titulo,
1691 2555 1916 2612 Uritani

264 2648 528 2725 episcopi
557 2647 793 2705 nomine
810 2650 1115 2704 contentus
1147 2650 1290 2711 erat,
1305 2650 1362 2701 et
1383 2646 1617 2717 quidem
1649 2645 1916 2700 Brundu-

267 2740 494 2813 simum
518 2756 634 2795 non
682 2736 796 2793 nisi
843 2739 975 2809 post
1016 2735 1234 2791 Urbani
1284 2740 1532 2791 mortem
1572 2734 1918 2808 dignitatem

238 2838 243 2841 '
269 2845 445 2887 suam
474 2826 784 2899 recepit,ut
812 2842 881 2881 ex
907 2824 1206 2881 Paschalis
1236 2825 1364 2896 ejus
1396 2823 1752 2879 successoris
1768 2822 1919 2895 epis—

269 2916 398 2975 tela
422 2915 764 2992 patetapud
795 2911 1105 2987 Ughellum
1136 2917 1288 2968 temo
1324 2911 1641 2968 IX.Urbani
1665 2928 1734 2967 ea
1767 2912 1836 2966 de
1862 2927 1921 2966 re

273 3004 609 3079 epistolam,
641 3005 810 3081 cujus
833 3002 1225 3081 fragmentum
1259 3001 1506 3066 exhibet,
1543 3001 1828 3073 integram
1861 2999 1922 3054 in

239 3094 245 3099 ’
274 3094 536 3154 Historia
564 3090 939 3149 Brundusina
982 3089 1183 3146 haberi
1214 3089 1444 3146 monuit
1486 3086 1766 3162 Ughellus
1797 3088 1923 3144 loco

271 3184 533 3241 laudato.
564 3184 638 3238 At
667 3182 819 3237 hanc
859 3179 1188 3247 historiam,
1241 3184 1342 3235 aut
1372 3178 1578 3235 saltem
1611 3177 1921 3251 epistolam

269 3260 565 3347 integram
597 3270 853 3327 invenire
883 3286 998 3325 non
1029 3267 1213 3323 licuit.
1460 3346 1465 3351 ἢ

478 3430 481 3431 ν
624 3430 627 3431 ν
733 3359 925 3415 LVIII.
958 3359 1223 3430 Rhegium
1254 3358 1462 3413 invisit.

343 3451 630 3509 Caterum
675 3449 735 3504 in
784 3454 1101 3504 extremam
1135 3464 1321 3520 usque
1367 3445 1693 3502 Calabriam
1747 3462 1919 3518 pene-

268 3546 462 3598 trasse
488 3539 759 3597 Urbanus
789 3537 1070 3593 dicendus
1095 3541 1202 3603 est,
1232 3536 1281 3591 si
1310 3552 1444 3591 eum
1467 3535 1577 3591 hoc
1597 3552 1749 3590 anno
1774 3535 1919 3590 Rhe-

266 3631 435 3703 gium
455 3627 733 3686 Calabriae
760 3625 1051 3703 ulterioris
1063 3623 1918 3697 metropoliminvisisse,atque

267 3720 342 3776 ab
370 3717 612 3775 Arnulfo
643 3715 1076 3788 archiepiscopo
1106 3717 1446 3786 susceptum
1467 3712 1718 3785 hospitio
1738 3713 1917 3768 fuisse

263 3825 471 3866 verum
501 3805 689 3875 sit,uti
720 3805 935 3861 dicitur
983 3804 1138 3876 apud
1193 3801 1518 3876 Ughellum.
1557 3806 1774 3857 Verum
1807 3801 1916 3857 etsi

266 3895 520 3969 inﬁciari
554 3894 735 3952 nolim
765 3893 1066 3950 Urbanum
1097 3891 1157 3948 in
1189 3891 1514 3947 Calabriam
1547 3891 1782 3957 adiisse,
1808 3891 1915 3947 hoc

264 3992 467 4057 tamen
499 3985 608 4041 iter
636 3984 712 4041 ab
736 4000 803 4040 eo
834 3986 966 4056 post
996 3982 1313 4060 Trojanam
1362 3981 1652 4053 synodum
1683 3997 1918 4054 suscep-

264 4081 395 4133 tum
418 4075 599 4133 fuisse
620 4072 898 4130 sustineri
922 4071 1142 4144 nequit.
1177 4069 1404 4125 Etenim
1432 4086 1585 4126 anno
1609 4070 1629 4125 Ι
1641 4069 1767 4136 093,
1800 4087 1915 4143 quo

263 4164 622 4222 celebratum
648 4161 1086 4238 fuitTrojanum
1101 4157 1499 4227 concilium,et
1522 4159 1759 4231 quidem
1780 4160 1914 4215 uni-

263 4272 401 4311 cum
436 4254 547 4310 sub
576 4251 828 4319 Urbano,
847 4250 933 4307 uti
961 4248 1335 4322 probavimus
1369 4248 1497 4320 jam
1546 4249 1769 4304 dudum
1808 4250 1912 4305 Ar-

264 4344 467 4400 nulfus
497 4360 529 4400 e
556 4342 702 4398 vivis
731 4339 1181 4406 excesserat,sed
1215 4336 1493 4411 Ughellus
1526 4338 1913 4395 recentiorum

264 4425 419 4490 duas
437 4432 690 4506 synodos
701 4430 981 4501 Trojanas
1002 4427 1437 4484 admittentium
1458 4427 1731 4499 opinione
1755 4426 1910 4483 haud

264 4522 443 4578 dubie
472 4523 911 4593 praeoccupatus
940 4516 1000 4573 in
1030 4516 1187 4572 hunc
1217 4532 1471 4572 errorem
1499 4514 1762 4588 impegit,
1796 4516 1913 4573 sic-

264 4628 377 4683 que
406 4611 564 4683 quod
615 4609 725 4665 hoc
776 4623 929 4664 anno
959 4606 1101 4664 4089
1129 4606 1347 4660 factum
1379 4604 1586 4672 fuerat,
1621 4606 1692 4661 ad
1730 4604 1908 4661 alium

261 4698 588 4757 transtulit.

360 4784 363 4787 ’
452 4780 590 4845 LIX;
623 4788 948 4859 Episcopum
975 4784 1173 4841 Melita:
1201 4782 1419 4839 ordinat
1453 4783 1720 4840 Urbanus.

333 4878 416 4934 Ad
438 4877 587 4951 illud
616 4875 772 4933 idem
792 4874 923 4942 iter,
958 4871 1004 4930 si
1038 4871 1390 4944 coniecturis
1418 4871 1502 4927 uti
1533 4870 1723 4941 liceat,
1756 4890 1914 4930 revo-

263 4966 380 5023 cari
440 4952 614 5022 debet
662 4963 962 5032 Gualterii,
1018 4962 1195 5036 primi
1248 4965 1382 5033 post
1428 4965 1827 5034 recuperatam
1879 4979 1915 5017 a

263 5055 506 5129 Rogerio
556 5054 767 5111 comite
822 5057 879 5109 et
934 5050 1239 5109 Saracenis
1288 5048 1545 5105 insulam
1592 5048 1913 5108 Melitensis

263 5144 547 5219 episcOpi,‘
594 5142 904 5211 ordinatio,
947 5158 1124 5214 quam
1184 5139 1295 5196 hoc
1353 5155 1506 5194 anno
1559 5140 1631 5194 ab
1679 5139 1910 5196 Urbano

244 5235 518 5291 secundo
544 5232 894 5291 celebratam
927 5231 1108 5286 fuisse
1136 5233 1387 5284 testatur
1407 5227 1640 5283 Rochus
1655 5228 1911 5299 Pyrrhus

260 5325 415 5381 temo
448 5323 522 5380 III
548 5321 755 5379 Siciliae
786 5337 981 5377 sacris.
1007 5323 1168 5375 Certe
1200 5316 1551 5381 Gualterius,
1591 5318 1701 5372 sub
1733 5317 1908 5374 ﬁnem

240 5413 437 5486 ’hujus
461 5411 622 5480 anni,
656 5426 809 5485 nam
858 5407 1096 5465 indictio
1142 5424 1239 5463 xm
1283 5407 1410 5477 jam
1442 5410 1581 5461 tunc
1616 5407 1906 5475 currebat,

260 5500 609 5575 subscripsit
637 5497 870 5556 cuidam
905 5498 1294 5555 instrumento
1314 5493 1679 5567 Sicelghaitaa
1710 5497 1909 5553 uxoris

260 5591 493 5651 Roberti
524 5589 712 5657 ducis,
743 5587 898 5661 quod
939 5587 1012 5643 ab
1052 5587 1254 5642 eodem
1305 5587 1537 5640 auctore
1581 5586 1738 5639 tomo
1769 5584 1818 5641 ΙΙ
1848 5586 1907 5640 in

258 5678 462 5735 notitia
490 5675 760 5733 Ecclesia:
794 5672 1217 5732 Panormitana:
1263 5673 1510 5730 refertur
1542 5688 1554 5727 :
1581 5671 1736 5743 quod
1778 5674 1905 5745 qui-

259 5769 385 5826 dem
404 5769 868 5826 instrumentum
882 5764 1100 5821 differri
1120 5762 1368 5821 ulterius
1387 5778 1500 5819 non
1522 5763 1733 5833 potest,
1769 5779 1905 5819 nam

2023 2027 2088 2078 ut
2116 2021 2289 2095 paulo
2321 2027 2451 2094 post
2477 2024 2649 2078 datus
2694 2024 2743 2078 ei
2792 2023 2969 2080 fuerit
3012 2022 3176 2080 locus
3224 2023 3284 2080 in
3335 2041 3404 2081 ea
3440 2024 3675 2099 regione

2022 2112 2094 2168 ad
2128 2109 2600 2178 inhabitandum,
2638 2128 2816 2184 quem
2844 2112 3038 2185 reipsa
3060 2130 3212 2169 anno
3241 2116 3508 2187 sequenti
3539 2132 3673 2171 cum

2023 2199 2322 2256 nonnullis
2353 2217 2383 2256 e
2427 2201 2553 2257 suis
2583 2200 2895 2258 incolebat.
2943 2202 3006 2258 Id
3055 2206 3285 2259 constat
3331 2221 3400 2261 ex
3445 2205 3675 2279 Rogerii

2024 2290 2255 2346 comitis
2285 2290 2606 2363 diplomate
2645 2293 2801 2364 quod
2850 2293 2913 2348 G.
2962 2292 3250 2349 Surianus
3299 2293 3359 2350 in
3405 2295 3560 2353 notis
3601 2297 3674 2353 ad

2024 2379 2214 2435 Vitam
2247 2380 2306 2435 S.
2335 2381 2647 2448 Brunonis,
2681 2386 2736 2437 et
2760 2380 3039 2454 Ughellus
3059 2386 3217 2439 tomo
3246 2382 3315 2439 IX
3341 2383 3518 2457 simul
3540 2402 3675 2442 cum

2023 2468 2307 2524 Theodori
2343 2468 2760 2542 Squillacensis
2789 2470 3045 2545 episcopi
3078 2473 3519 2532 conﬁrmatione
3561 2475 3674 2532 edi-

2026 2559 2257 2613 derunt.
3604 2632 3609 2637 η

2204 2647 2339 2702 LXI.
2372 2649 2601 2704 Domitio
2636 2650 2792 2719 facta
2823 2650 3111 2705 Casinensi
3146 2655 3523 2725 monasteries

2099 2737 2178 2790 Ex
2206 2752 2291 2806 eo,
2334 2734 2417 2791 uti
2449 2736 2697 2802 videtur,
2731 2737 2935 2793 itinere
2957 2738 3254 2796 Urbanum
3278 2757 3381 2813 per
3403 2742 3675 2815 Hirpinos

2029 2825 2275 2880 Romam
2298 2825 2636 2882 redeuntem
2652 2825 2848 2882 invisit
2867 2827 3189 2884 Balduinus
3202 2830 3477 2887 dominus
3488 2833 3677 2903 Cestri

2031 2913 2230 2970 Pontis
2260 2915 2320 2970 S.
2355 2915 2647 2971 Anastasii
2676 2916 2735 2970 in
2769 2917 3048 2972 comitatu
3074 2917 3361 2990 Telesino,
3388 2922 3488 2992 qui
3519 2924 3675 2995 ejus-

2030 3003 2163 3058 dem
2182 3004 2474 3076 pontiﬁcis
2499 3021 2744 3060 assensu
2759 3007 3479 3074 etmonitu,consentiente
3498 3012 3674 3068 etiam

2032 3091 2288 3147 Roffrido
2310 3092 2743 3164 archiepiscopo
2767 3093 3354 3163 Beneventano,dedit
3370 3097 3675 3157 Casinensi

2033 3182 2388 3238 monasterio
2460 3182 2764 3239 ecclesiam
2828 3185 2888 3240 S.
2956 3184 3216 3257 Dionysii
3282 3203 3462 3260 prope
3527 3188 3674 3246 illud

2032 3274 2290 3325 castrum
2316 3270 2510 3339 sitam,
2534 3288 2648 3328 non
2681 3276 2875 3347 tamen
2893 3277 3027 3329 ante
3047 3291 3225 3347 quam
3247 3293 3375 3332 eam
3403 3295 3438 3332 a
3466 3278 3673 3336 funda-

1948 3345 1991 3413 C
2031 3359 2245 3415 mentis
2275 3363 2601 3432 reparatam
2633 3345 2840 3417 multis
2881 3345 3155 3419 donisfet
3203 3358 3674 3437 possessionibus

2029 3447 2461 3520 locupletasset.
2511 3454 2671 3506 lianc
2729 3450 3101 3507 donationem
3174 3453 3393 3512 Marius
3465 3455 3676 3529 Vipera

2026 3535 2087 3591 in
2119 3536 2493 3610 chronologia
2520 3537 3089 3612 archiepiscoporum
3134 3541 3672 3601 Beneventanorum

2028 3625 2201 3680 refert
2231 3625 2300 3681 ad
2335 3631 2679 3697 praesentem
2732 3645 2955 3683 annum
3003 3646 3071 3685 ex
3116 3630 3268 3687 Petri
3317 3632 3546 3703 diaconi
3578 3653 3673 3691 re-

2026 3714 2208 3786 gistro
2237 3719 2293 3769 et
2322 3714 2422 3768 lib.
2456 3732 2512 3769 IV
2541 3715 2799 3771 chronici
2848 3717 3036 3773 Casin.
3056 3721 3128 3773 At
3167 3721 3322 3791 quod
3368 3721 3676 3796 s‘ubjungit

2028 3820 2095 3859 ex
2126 3802 2391 3859 Falconis
2423 3802 2695 3861 chronico
2727 3805 2798 3860 de
2829 3804 3117 3879 legatione
3147 3807 3250 3862 HO
3292 3808 3473 3880 ferme
3503 3811 3671 3868 nobi-

2025 3891 2170 3947 lium
2202 3896 2740 3949 Beneventanorum
2788 3892 2858 3948 ad
2908 3894 3208 3951 Urbanum
3252 3914 3465 3970 papam
3499 3900 3668 3968 facta,

2025 3986 2282 4037 erratum
2309 3985 2416 4037 est.
2445 3983 2570 4038 Ilaec
2592 3999 2800 4056 nempe
2822 3984 2893 4039 ad
2916 3983 3256 4041 Paschalem
3285 3987 3330 4042 II
3352 3991 3673 4047 revocanda

2026 4074 2146 4139 est;
2181 4071 2336 4143 quod
2392 4070 2596 4143 Vipera
2627 4071 2793 4128 facile
2841 4073 3136 4130 advertere
3182 4075 3490 4146 potuisset,
3536 4095 3671 4136 cum

2023 4159 2148 4232 ipse
2178 4177 2305 4215 eam
2338 4177 2489 4216 anno
2522 4161 2681 4228 4102,
2715 4161 2935 4217 scilicet
2984 4162 3230 4220 triennio
3275 4170 3407 4236 post
3453 4166 3669 4225 Urbani

2022 4248 2268 4317 obitum,
2305 4249 2748 4322 consignaverit.

2094 4357 2265 4412 LXII.
2302 4359 2381 4411 An
2429 4358 2676 4415 Urbanus
2719 4360 2921 4502 F’ar/ait
2944 4361 3157 4416 abbatis
3200 4361 3454 4419 electioni
3500 4365 3670 4421 inter-

2780 4447 2895 4485 uerz
2928 4473 2940 4485 .

2780 4447 2940 4485 uerzc.

2091 4514 2392 4573 Celebrate
2434 4519 2610 4574 etiam
2640 4518 2751 4575 hoc
2789 4537 2941 4575 anno
2989 4520 3098 4576 fuit
3129 4522 3406 4595 ltaynaldi
3440 4522 3500 4579 in
3533 4527 3672 4582 Far-

2019 4605 2242 4661 fensem
2265 4607 2420 4678 apud
2449 4607 2697 4664 Sabinos
2726 4609 2994 4666 abbatem
3013 4609 3336 4679 electio,cui
3368 4611 3669 4671 Urbanum

1941 4714 1988 4779 D
2020 4693 2359 4749 interfuisse
2388 4700 2681 4752 asseverat
2693 4702 2895 4753 auctor
2912 4697 3171 4754 chronici
3195 4699 3384 4755 brevis
3402 4702 3668 4772 ejusdem

2020 4782 2378 4849 monasterii,
2414 4785 2569 4856 quod
2603 4784 2916 4841 chronicon
2949 4804 3126 4842 manu
3159 4792 3459 4844 exaratum
3492 4806 3670 4863 penes

2021 4887 2129 4928 nos
2159 4876 2286 4940 est;
2319 4889 2679 4946 quamquam
2710 4873 2995 4946 suspicari
3036 4873 3173 4931 licet
3204 4876 3421 4933 Urbani
3454 4895 3668 4937 nomen

2020 4976 2125 5033 pro
2149 4962 2408 5019 Wiberto
2440 4962 2499 5017 in
2531 4962 2847 5019 chronicon
2878 4962 3022 5019 illud
3068 4981 3262 5022 errore
3290 4970 3668 5027 amanuensis

2019 5049 2345 5123 irrepsisse.
2406 5051 2599 5107 Refert
2648 5053 2805 5108 enim
2865 5053 3177 5127 Gregorius
3234 5056 3498 5128 ejusdem
3557 5057 3667 5116 loci

2021 5140 2345 5197 monachus
2369 5145 2428 5197 et
2456 5140 2723 5198 oculatus
2752 5141 2919 5198 testis
2943 5144 3291 5210 Wibertum,
3322 5162 3497 5219 quem
3544 5147 3667 5205 Cle-

2019 5233 2277 5284 mentem
2308 5230 2579 5302 appellat,
2615 5232 2939 5299 omnem,in
2971 5232 3081 5289 hoc
3105 5236 3478 5304 monasterio,
3510 5239 3665 5309 quod

2018 5324 2141 5374 erat
2163 5319 2398 5391 speciali
2418 5320 2553 5391 jure
2583 5321 2920 5393 imperatori
2950 5324 3298 5395 subjectum,
3319 5330 3663 5398 potestatem

2016 5406 2444 5464 habuisse.lmo
2475 5408 2629 5465 idem
2661 5415 2864 5466 auctor
2902 5429 3147 5468 narrans
3178 5413 3461 5486 Raynaldi
3492 5415 3665 5488 paulo

2017 5500 2151 5568 post
2179 5496 2429 5552 Berardo
2469 5496 2662 5555 locum
2695 5499 2880 5556 facere
2911 5501 3093 5558 coacti
3127 5500 3489 5574 electionem,
3518 5505 3665 5560 nihil

2016 5585 2087 5642 de
2119 5585 2348 5642 Urbano
2379 5592 2479 5642 aut
2499 5588 2775 5644 Guiberto
2794 5589 3064 5646 habet.Et
3094 5591 3331 5663 quidem
3351 5592 3665 5650 Diaconius

2016 5679 2073 5731 et
2101 5674 2198 5731 alii
2226 5674 2377 5731 inter
2405 5676 2665 5734 Guiberti
2698 5678 3025 5735 cardinales
3057 5685 3360 5736 recensent
3408 5681 3663 5737 Theodo-

2016 5764 2204 5822 ricum
2219 5764 2486 5823 abbatem
2500 5772 2557 5824 et
2571 5768 2955 5841 Maginult‘um
2972 5768 3323 5825 monachum
3337 5768 3658 5841 Farfenses,
