3972 6366
318 403 415 474 '03

1631 401 1708 468 Β.
1750 401 1970 481 URBAi

2187 405 2441 473 PAPJE.
3650 402 3741 473 ια

333 543 392 600 et
418 538 545 618 ipse
573 536 970 599 Theodericus
1000 538 1111 598 sub
1138 535 1415 615 Sylvestri
1436 536 1514 598 III
1532 536 1767 597 nomine
1794 538 1980 614 ponti-
2005 539 2064 610 Α
2082 546 2164 606 ad
2195 541 2547 605 Catalaaaias
2569 556 2835 618 proceres
2864 538 2937 600 de
2954 536 3347 600 restaurando.
3361 535 3516 599 Urbe
3535 534 3746 599 Tarra-

334 633 574 690 ﬁcatum
606 631 834 689 ambiit.

690 721 883 777 LXIII.
927 720 1233 777 Concilium
1271 722 1624 776 Santoncnse.

405 810 550 866 Cum
571 811 695 867 haec
715 810 775 866 in
796 809 962 866 Italia
981 813 1340 884 gererentur,
1359 813 1598 866 Amatne
1614 807 1985 864 Oleronensis

332 902 644 974 episcopus
676 903 733 955 et
761 899 1012 955 vicarius
1033 898 1361 977 apostolicae
1384 899 1541 954 sedis
1568 898 1624 953 in
1647 897 1982 975 Aquitania,

330 990 645 1047 concilim
687 989 782 1045 die
824 994 1038 1061 quarta
1080 988 1423 1044 Novembris
1470 986 1779 1043 celebravit
1826 987 1981 1058 apud

326 1080 643 1144 Santonus,
675 1076 735 1134 in
786 1095 924 1151 quo,
956 1082 1102 1134 teste
1152 1077 1423 1133 chronico
1474 1075 1865 1144 Malleacensi,
1906 1076 1980 1131 ad

329 1169 530 1227 sedem
581 1166 1086 1240 Burdigalensem,
1118 1184 1244 1240 quae
1281 1168 1408 1239 jam
1462 1166 1534 1220 ab
1586 1164 1757 1220 annis
1799 1166 1979 1220 ferme

329 1257 521 1314 tribus
545 1273 730 1313 vacua
751 1253 1392 1321 manserat,translatus
1423 1254 1696 1311 est.Hanc
1726 1253 1975 1309 transla-

329 1347 551 1403 tionem
582 1344 934 1411 nolente,nisi
962 1342 1633 1412 siterrorlibrarii,forte
1664 1342 1976 1415 legendum

328 1436 558 1501 volente,
602 1433 912 1491 Guillelmo
959 1432 1282 1506 Aquitaniae
1327 1432 1473 1486 duce
1531 1431 1744 1486 factam
1796 1429 1977 1485 fuisse

328 1527 578 1580 testatur
637 1522 1004 1577 Adhemarus
1068 1520 1377 1593 episcOpus
1444 1518 1858 1575 Ecolismensis
1914 1518 1974 1574 in

326 1612 529 1669 charta
557 1610 891 1667 donationis
948 1610 1020 1666 ab
1067 1626 1134 1666 eo
1173 1626 1368 1665 coram
1418 1608 1521 1664 illa
1556 1608 1781 1682 synodo
1812 1607 1974 1663 factae

326 1699 682 1759 monasterio
714 1700 772 1756 S.
804 1698 1075 1755 Maxentii
1110 1699 1264 1770 apud
1287 1698 1707 1769 Pictones,quaa
1730 1696 1977 1752 refertur

325 1808 361 1847 a
389 1788 859 1846 Sammarthanis
888 1791 1046 1844 torno
1066 1786 1298 1843 [Galliae
1328 1785 1757 1843 Christianaeln
1771 1784 1973 1841 eadem

326 1879 476 1935 forte
530 1878 751 1979 synodo
798 1876 1008 1979 agitari
1070 1875 1317 1933 debebat
1376 1875 1764 1979 controversia
1824 1874 1976 1979 inter
2004 1914 2055 1979 Β

328 1966 649 2023 monachos
668 1965 1132 2021 Vindocinenses
1173 1969 1234 2020 et
1281 1965 1465 2019 sancti
1496 1963 1688 2019 Albini
1720 1963 1980 2035 Andega.

324 2055 522 2112 vensis
552 2058 731 2124 mota,
764 2055 835 2110 de
857 2054 1114 2127 prioratu
1136 2052 1597 2121 Credonensi,uti
1625 2051 1893 2107 innuitur
1912 2051 1972 2107 in

326 2144 507 2201 veteri
539 2143 932 2200 instrumento
965 2147 1123 2199 tomo
1154 2142 1201 2199 ΙΙ
1226 2141 1544 2197 Miscellau.
1569 2140 1763 2197 Baluz.
1797 2141 1974 2198 edito.

324 2235 397 2290 At
426 2250 497 2290 ne
525 2234 582 2289 id
615 2231 1106 2305 ﬁeret,impedivit
1134 2247 1329 2287 comes
1370 2230 1825 2303 Andegavensis,
1872 2246 1978 2286 nec

326 2322 499 2398 plura
527 2321 737 2380 rescire
766 2321 931 2377 licuit
962 2321 1031 2377 de
1062 2321 1161 2376 illa
1189 2321 1430 2394 synodo,
1464 2337 1643 2392 quam
1678 2320 1977 2375 Sammar-

323 2412 487 2469 thani
521 2413 582 2467 in
613 2410 801 2468 Gallia
830 2409 1157 2466 Christiana
1185 2414 1241 2465 et
1285 2410 1559 2482 [.opezius
1600 2408 1663 2463 in
1696 2407 1978 2481 Burdiga-

324 2501 475 2559 lensi
535 2500 812 2566 Historia,
864 2517 1016 2556 anno
1057 2498 1417 2572 praecedente
1468 2515 1585 2553 non
1644 2497 1791 2553 bene
1838 2513 1977 2552 con-

324 2591 582 2665 signant,
615 2589 838 2661 decepti
859 2588 1017 2644 haud
1041 2587 1219 2644 dubie
1244 2587 1446 2643 charta
1469 2585 1785 2643 Adhemari
1804 2586 1976 2642 modo

323 2678 579 2753 laudata,
613 2696 741 2752 qum
772 2679 908 2734 data
936 2678 1153 2732 dicitur
1180 2693 1326 2733 anno
1358 2678 1495 2732 1088
1540 2676 1714 2733 Nonis
1752 2675 1975 2731 Nomm-

328 2769 443 2825 bris
474 2768 771 2824 indictione
800 2784 900 2833 xu,
933 2770 993 2822 at
1020 2766 1333 2839 legendum
1374 2765 1532 2829 1089,
1558 2764 1711 2836 quod
1767 2765 1976 2836 proba-

325 2861 562 2923 tur,non
586 2855 758 2911 modo
771 2872 837 2911 ex
849 2854 1135 2912 Chronico
1148 2853 1514 2909 Malleacensi
1530 2854 1703 2909 modo
1716 2852 1973 2921 laudato,

323 2962 526 3003 verum
555 2945 731 3001 etiam
764 2944 823 3000 in
854 2943 1058 2999 charta
1084 2942 1366 2998 Willelmi
1411 2942 1714 3014 cujusdam
1740 2940 1977 2998 Ferrani

326 3036 398 3092 ab
425 3034 569 3106 ipsis
583 3032 1054 3089 Sammarthanis
1066 3031 1380 3099 relata.Qui
1394 3031 1629 3104 quidem
1644 3030 1977 3087 Willelmus

328 3122 613 3181 nonnulla
632 3121 885 3178 ecclesia:
907 3122 1102 3178 Sancti
1125 3120 1377 3178 Severini
1420 3122 1572 3194 apud
1598 3120 1974 3193 Burdigalam

329 3212 523 3271 ablata
552 3210 807 3268 restituit
838 3227 989 3267 anno
1040 3211 1177 3266 1088
1221 3211 1379 3267 tertio
1428 3212 1608 3267 Nonas
1647 3209 1973 3281 Decembris,

328 3301 547 3358 Simone
594 3302 1010 3373 dgennensium
1049 3302 1292 3373 episcopo
1335 3302 1511 3356 locum
1557 3299 1974 3371 Burdigalensis
2003 3283 2049 3352 C

326 3390 721 3462 archiepiscopi
739 3389 866 3460 jam
908 3392 1043 3445 ante
1084 3388 1390 3445 biennium
1437 3388 1694 3444 defuncti
1743 3392 1972 3444 tenente.

327 3479 488 3545 Quod
510 3494 650 3535 sane
683 3477 895 3534 falsum
940 3482 1113 3545 esset,
1138 3477 1188 3534 si
1220 3493 1420 3533 mense
1450 3476 1678 3533 Octobri
1711 3476 1976 3548 ejusdem

327 3568 463 3625 anni
493 3569 740 3625 Amatus
770 3568 831 3623 in
862 3566 1106 3623 concilio
1155 3566 1503 3625 Santonensi
1530 3566 1730 3622 factus
1768 3564 1977 3622 fuisset

326 3656 819 3730 archiepiscOpus.
870 3656 938 3712 Et
988 3654 1224 3729 quidem
1272 3660 1404 3730 post
1452 3652 1732 3711 Gotcelini
1780 3652 1975 3710 archi-

324 3744 581 3819 episcopi
612 3745 861 3811 obitum,
885 3746 986 3819 qui
1016 3762 1167 3801 anno
1207 3746 1348 3800 1086
1377 3745 1640 3817 contigit,
1673 3744 1843 3800 sedes
1876 3743 1979 3799 tri-

324 3836 437 3891 bus
462 3834 696 3890 circiter
726 3834 919 3902 annis,
957 3840 1023 3890 ut
1056 3834 1167 3906 ipsi
1221 3832 1659 3890 Sammarthani
1711 3833 1978 3888 observa-

325 3927 671 3992 runt;vacua
692 3922 1361 3995 remansit,proindeque
1391 3922 1461 3976 ad
1489 3938 1708 3976 annum
1744 3920 1902 3975 1089.

327 4029 511 4087 LXIV.
540 4030 897 4099 Privilegium
921 4045 1024 4099 pro
1066 4028 1304 4084 Ecclesia
1352 4028 1599 4084 Remensi
1626 4030 1675 4082 et
1710 4042 1812 4099 pro
1858 4043 1974 4083 mo-

892 4101 1132 4155 nasterio
1172 4100 1403 4156 Balmw.

392 4191 559 4245 Anno
587 4187 817 4245 labente
840 4187 1110 4245 Urbanus
1141 4188 1387 4244 Romam
1427 4203 1693 4244 reversus
1741 4186 1976 4260 privile-

325 4279 422 4354 gia
450 4277 748 4334 nonnullis
769 4276 1031 4333 ecclesiis
1060 4281 1118 4333 et
1146 4275 1517 4333 monasteriis
1543 4275 1851 4332 concessit.
1880 4278 1974 4332 In-

308 4358 493 4441 lsig‘ne
513 4369 604 4422 est
625 4384 740 4439 prze
765 4365 986 4422 caeteris
1005 4366 1146 4422 illud
1164 4365 1315 4438 quod
1341 4364 1635 4438 Raynaldo
1657 4364 1974 4422 Remorum

327 4452 741 4513 archiantistiti
772 4455 1014 4527 ejusque
1060 4455 1314 4512 ecclesiae
1364 4454 1609 4510 indulsit
1647 4471 1747 4510 seu
1780 4455 1973 4527 potius

326 4543 715 4613 confirmavit,
749 4544 949 4599 datum
983 4545 1180 4600 Romae
1202 4542 1301 4600 die
1321 4560 1420 4599 vm
1438 4543 1726 4599 Kalendas
1755 4544 1974 4602 Janua-

2093 636 2331 696 conensi
2361 633 2671 709 epistolam
2719 631 3007 706 suscepit;
3040 632 3261 688 veritus
3305 647 3377 688 ne
3414 629 3525 687 hac
3572 645 3744 687 occa-

2093 728 2276 795 sione,
2327 724 2597 798 quamvis
2655 724 2712 780 id
2764 739 2821 779 se
2863 723 3018 778 salva
3068 721 3433 778 Narbonensis
3490 719 3746 776 Ecclesia

2082 818 2307 894 juslilia
2332 814 2478 872 velle
2508 813 2862 869 declarasset
2890 809 3167 885 pontifex,
3200 808 3499 883 provincia
3533 808 3746 864 Tarra-

2091 904 2328 964 conensi
2360 922 2393 959 a
2413 920 2520 959 sua
2542 901 2953 973 jurisdictione
2972 897 3559 956 subtraheretur.Hoc
3581 896 3744 953 enim

2091 1013 2153 1052 se
2182 994 2577 1068 praestiturum
2608 990 2752 1047 satis
2783 990 3055 1045 innuerat
3084 988 3361 1063 pontifex,
3383 986 3496 1041 nisi
3517 985 3743 1041 Narbo-

2089 1084 2290 1141 nensis
2317 1082 2562 1139 antistes
2587 1079 2739 1135 hanc
2767 1077 3071 1150 antiquam
3101 1075 3469 1148 metropolim
3497 1076 3740 1131 auctori-

2085 1179 2196 1229 tate
2220 1172 2507 1246 privilegii
2536 1170 2764 1225 Romani
2791 1166 2904 1240 ipsi
2935 1166 3265 1238 subjectam
3289 1164 3470 1220 fuisse
3488 1164 3739 1237 probare

2088 1265 2301 1336 posset.
2328 1261 2451 1326 Quo
2490 1257 2789 1332 privilegio
2824 1273 2885 1312 se
2925 1254 3220 1311 munitum
3262 1270 3381 1308 non
3413 1268 3541 1310 esse
3572 1252 3736 1308 haud

2083 1352 2390 1424 ignorabat
2422 1346 2887 1404 Dalmatius.Hoc
2917 1361 3048 1401 vero
3082 1344 3189 1399 iter
3218 1343 3291 1399 ab
3320 1358 3387 1398 eo
3411 1345 3552 1398 tunc
3580 1345 3739 1398 tem-

2085 1440 2242 1513 poris
2264 1440 2603 1510 susceptum
2634 1434 2817 1490 fuisse
2836 1433 2972 1489 inde
2993 1430 3510 1504 colligimus,quod
3536 1446 3741 1486 mense

2085 1529 2292 1584 Martio
2323 1524 2623 1599 sequentis
2654 1522 2790 1579 anni
2815 1520 3125 1579 concilium
3158 1518 3511 1593 provinciale
3538 1518 3598 1574 in
3628 1535 3742 1575 sua

2086 1615 2535 1690 metropolitana
2565 1612 2708 1668 urbe
2737 1610 3195 1677 celebraverit,et
3225 1608 3465 1681 quidem
3495 1609 3680 1664 redux
3708 1625 3744 1664 ο

2081 1707 2345 1763 Romano
2376 1701 2597 1759 itinere.
2632 1702 2694 1758 Id
2741 1717 2810 1756 ex
2840 1715 2907 1755 eo
2953 1701 3111 1772 patet
3154 1698 3310 1771 quod
3356 1696 3418 1753 in
3469 1695 3580 1753 hac
3608 1695 3744 1769 ipsa

2083 1795 2305 1869 synodo
2324 1793 2490 1849 finita
2512 1791 2680 1848 fuerit
2700 1786 3273 1855 controversia,inter
3294 1786 3490 1859 ipsum
3510 1785 3744 1842 Dalma-

2085 1884 2231 1940 tium
2281 1886 2340 1939 et
2388 1881 2659 1937 abbatem
2710 1882 3086 1941 Crassensem
3118 1880 3266 1943 orta,
3296 1876 3534 1948 de-qua
3580 1875 3740 1947 apud

2086 1973 2419 2046 pontificem
2442 1970 2636 2025 Romae
2649 1968 2803 2023 idem
2818 1965 3141 2022 Dalmatius
3151 1968 3511 2037 conquestus
3524 1963 3743 2031 fuerat,

2088 2077 2384 2136 quamque
2406 2059 2679 2116 Urbanus
2701 2055 2983 2128 Raynerio
3010 2054 3200 2127 legato
3242 2069 3351 2109 suo
3390 2068 3742 2126 componen-

2086 2152 2223 2209 dam
2254 2144 2869 2206 commendaverat-Si
2898 2143 3055 2200 enim
3100 2147 3235 2199 ante
3266 2142 3597 2198 Romanum
3629 2141 3743 2198 iter

2087 2239 2286 2313 sopitae
2312 2238 2562 2294 fuissent
2589 2234 2701 2290 illae
2732 2233 3157 2299 contentiones,
3183 2235 3248 2287 ut
3296 2247 3495 2287 revera
3529 2229 3591 2287 in
3623 2230 3743 2287 ista

2087 2329 2310 2403 synodo
2340 2326 2563 2399 sopitas
2594 2324 2777 2380 fuisse
2822 2321 3121 2379 declarant
3147 2322 3278 2393 ejus
3322 2323 3475 2391 acta,
3516 2318 3742 2376 frustm

2087 2423 2288 2492 postea
2298 2413 2623 2473 Dalmatius
2636 2412 2771 2468 illas
2782 2412 2854 2468 ad
2878 2404 3242 2484 pontiﬁcium
3262 2407 3521 2465 tribunal
3542 2408 3741 2466 Roma

2085 2505 2409 2571 detulisset,
2445 2504 2662 2558 frustra
2691 2500 2868 2558 etiam
2892 2498 3161 2556 Urbanus
3209 2499 3282 2554 de
3315 2496 3409 2554 his
3438 2496 3742 2571 sopiendis

2087 2596 2158 2651 ad
2192 2594 2447 2667 legatum
2471 2607 2646 2648 suum
2671 2588 3021 2662 scripsisset.
3054 2589 3216 2644 Hanc
3240 2603 3417 2660 porro
3445 2587 3739 2660 synodum

2084 2683 2250 2740 initio
2282 2683 2421 2740 anni
2452 2679 2754 2754 sequentis
2807 2678 3153 2735 celebratam
3204 2677 3386 2734 fuisse
3424 2692 3495 2733 ex
3524 2676 3738 2733 iisdem

2084 2772 2213 2844 ejus
2241 2770 2388 2827 actis
2419 2772 2574 2842 patet
2607 2767 2761 2840 apud
2789 2766 3089 2823 Baluzium
3111 2764 3169 2821 in
3200 2764 3464 2821 conciliis
3494 2764 3735 2837 provin-

2085 2861 2188 2918 cia;
2206 2858 2621 2925 Narbonensis,
2655 2861 2714 2912 et
2744 2855 3039 2912 Labbeum
3068 2855 3124 2910 in
3157 2853 3476 2927 appendioe
3504 2855 3652 2909 tomi
3683 2858 3736 2909 Χ

2080 2948 2475 3007 Coneiliorum
2505 2943 2890 3019 generalium,
2923 2944 3020 2999 ubi
3044 2960 3192 3000 anno
3219 2944 3443 2999 Domini
3475 2944 3735 2999 lncama-

2083 3041 2250 3096 tionis
2298 3038 2438 3093 1090
2486 3036 2692 3092 decimo
2748 3035 2909 3089 tertio
2958 3033 3227 3089 Kalendas
3277 3033 3487 3106 Aprilis
3531 3031 3737 3091 habita

2085 3128 2267 3185 tuisse
2291 3124 2527 3183 disertis
2552 3122 2746 3181 verbis
2774 3121 3008 3178 dicitur.

2087 3234 2270 3292 LXVI.
2337 3234 2499 3291 Varia
2550 3229 3100 3359 negotiavliaynuirio
3170 3229 3346 3301 legato
3396 3219 3738 3285 comnéndet

2820 3318 2851 3355 r
2883 3318 2958 3356 an
3028 3341 3041 3355 .

2820 3318 3021 3356 manus
3028 3341 3041 3355 .

2157 3395 2304 3462 Quid
2334 3408 2468 3449 vero
2495 3408 2564 3448 eo
2594 3391 2654 3446 in
2681 3389 2884 3446 itinere
2916 3388 3224 3462 profecerit
3251 3387 3577 3446 Dalmatius
3610 3388 3761 3445 dis-‘

2085 3485 2334 3541 cendum
2362 3486 2454 3539 est
2479 3495 2551 3537 ex
2578 3474 2789 3536 litteris
2814 3495 2961 3552 quas
2982 3494 3051 3533 ea
3071 3477 3372 3534 occasione
3391 3477 3742 3552 conscripsit

2085 3574 2379 3631 Urbanus.
2435 3569 2630 3626 Primo
2688 3584 2822 3625 eum
2880 3566 3343 3640 pontifexclero
3402 3564 3739 3641 populoque

2085 3659 2471 3725 Narbonensi,
2523 3674 2588 3714 ac
2633 3656 2810 3714 etiam
2858 3655 3056 3711 comiti
3104 3658 3161 3711 et
3205 3655 3527 3712 vicecomiti
3574 3670 3740 3711 com-

2085 3749 2401 3817 mendavit,
2434 3746 2635 3818 eisque
2678 3743 2941 3818 praecipit
2969 3749 3036 3800 ut
3063 3743 3144 3799 illi
3180 3748 3463 3817 tanquam
3495 3743 3649 3817 patri
3682 3748 3742 3801 et

2083 3839 2297 3896 Christi
2327 3836 2541 3894 vicario
2564 3833 2962 3891 obedientiam
2980 3837 3041 3889 et
3072 3832 3353 3889 honorem
3373 3831 3736 3902 exhiberent,

2086 3930 2348 3985 minatus
2406 3940 2468 3981 se
2497 3940 2597 3981 eos
2644 3923 2746 3996 qui
2803 3921 3071 3979 Ecclesiae
3127 3921 3527 3978 Narbonensis
3582 3922 3741 3978 bona

2085 4017 2404 4074 retinerent
2451 4011 2844 4070 anathematis
2896 4011 3090 4084 gladio
3142 4011 3473 4068 feriturum.
3516 4010 3740 4068 Deinde

2086 4104 2372 4180 Raynerio
2431 4101 2735 4170 cardinali,
2769 4117 2942 4174 quem
2981 4101 3043 4157 in
3092 4100 3433 4174 Hispaniam
3478 4098 3740 4173 legatum

2085 4196 2346 4263 miserat,
2379 4193 2549 4249 binas
2579 4190 2802 4247 litteras
2833 4188 3315 4263 scripsit,quibus
3345 4188 3600 4245 maxime
3648 4186 3740 4245 illi

2084 4283 2461 4345 commendat
2485 4285 2549 4337 ut
2568 4280 2946 4354 potissimum
2970 4279 3232 4351 inquirat
3251 4279 3324 4335 de
3344 4276 3744 4349 injuriisquas

2083 4373 2411 4430 Dalmatius
2442 4386 2503 4427 se
2536 4388 2569 4427 a
2584 4369 2859 4426 Frotardo
2882 4368 3289 4425 Tomeriarum
3311 4367 3524 4424 abbate
3547 4370 3745 4438 pertu-

2083 4462 2222 4520 lisse
2244 4460 2730 4534 conquerebatur.
2745 4459 3011 4515 Fortasse
3049 4456 3147 4513 ille
3177 4456 3360 4513 abbas
3391 4455 3746 4511 abutebatur

2082 4551 2298 4625 insigni
2332 4548 2652 4624 privilegio,
2686 4547 2863 4620 quod,
2908 4546 2993 4602 uti
3027 4545 3307 4614 diximus,
3338 4559 3541 4600 mense
3577 4540 3741 4599 Julio

327 4634 419 4701 rii,
470 4650 539 4689 ex
585 4650 700 4724 quo
758 4633 999 4724 proinde
1030 4632 1255 4724 inferre
1301 4632 1437 4724 licet
1482 4631 1815 4724 pontificem
1862 4633 1970 4724 hoc
1998 4657 2048 4724 Β
2076 4639 2256 4712 hujus
2304 4638 2442 4697 anni
2474 4638 2546 4695 ab
2587 4636 2818 4693 Urbano
2865 4639 3207 4707 acceperat;
3265 4633 3422 4689 unde
3476 4631 3742 4724 pontifex

327 4740 480 4780 anno
512 4721 795 4779 natalium
829 4722 1042 4779 Christi
1088 4722 1518 4778 solemnitatem
1558 4721 1618 4776 in
1651 4721 1802 4778 Urbe
1832 4722 1974 4781 cele-

326 4811 550 4868 brasse.
584 4809 732 4867 Illud
763 4811 1133 4886 privilegium
1166 4828 1235 4868 ex
1262 4810 1439 4867 veteri
1471 4808 1667 4867 codice
1696 4827 1809 4868 ms.
1842 4812 1973 4869 des-

326 4899 581 4975 criptum
611 4899 809 4971 lege,si
841 4901 1025 4957 otium
1048 4904 1155 4967 est,
1175 4899 1233 4956 in
1251 4900 1602 4973 Appendice.
1628 4904 1747 4958 Hoc
1769 4916 1976 4974 seque-

325 4994 424 5047 tur
443 4988 603 5046 aliud
634 4995 765 5063 post
796 4989 920 5046 dies
951 4995 1070 5046 tres
1109 5006 1453 5046 concessum
1496 4989 1789 5046 Balmensi
1820 4995 1975 5064 apud

328 5080 629 5153 Sequanos
660 5077 839 5135 nobili
874 5078 1251 5147 monasterio,
1308 5079 1463 5152 quod
1514 5096 1583 5135 ex
1637 5080 1764 5152 ipso
1813 5086 1976 5140 auto-

324 5168 549 5243 grapho
581 5168 938 5242 descriptum
970 5169 1042 5225 ab
1075 5168 1340 5240 ejusdem
1367 5167 1476 5225 loci
1506 5169 1719 5225 ascetis
1751 5172 1976 5245 accepi-

328 5275 481 5315 mus.

329 5365 488 5421 LXV.
556 5365 820 5422 Dalmatii
868 5366 1259 5438 archiepiscopi
1311 5365 1679 5423 Narbonensis
1717 5368 1828 5423 iter
1865 5374 1976 5426 Ro-

1064 5454 1232 5493 mam.

400 5525 508 5581 Vix
537 5525 713 5582 etiam
745 5525 899 5582 ultra
928 5526 1107 5600 hujus
1138 5527 1275 5582 anni
1307 5526 1481 5583 finem
1530 5527 1749 5583 differri
1790 5532 1979 5600 potest

329 5615 439 5672 iter
490 5613 763 5671 Dalmatii
805 5614 1222 5689 archiepiscopi
1271 5616 1667 5672 Narbonensis
1711 5617 1975 5686 Romam,

328 5705 717 5781 quod,praeter
747 5703 893 5762 alias
924 5722 1151 5776 causas,
1196 5706 1269 5763 ob
1318 5705 1716 5780 pervulgatam
1757 5704 1976 5764 Urbani

2082 4730 2335 4788 maxime
2362 4727 2585 4784 insistit
2615 4726 2672 4780 in
2704 4730 2959 4797 utraque
2976 4724 3051 4781 ad
3081 4723 3340 4797 legatum
3371 4718 3641 4795 epistola,
3671 4724 3745 4777 ut

2084 4818 2235 4874 hanc
2264 4831 2502 4873 causam
2533 4812 2988 4887 diligentissime
3016 4810 3438 4884 examinet,pro
3465 4825 3584 4883 qua
3611 4825 3745 4883 spe-

2085 4906 2313 4964 cialiter
2341 4905 2563 4961 missus
2593 4902 2776 4958 fuisse
2814 4900 3052 4958 dicitur.
3086 4901 3233 4958 Nam
3265 4899 3604 4969 Frotardus,
3635 4897 3744 4971 qui

2086 4996 2330 5052 Romam
2362 4993 2589 5066 primus
2616 4994 2975 5059 venerat,res
3005 4990 3191 5046 multo
3221 4987 3484 5057 aliter,ut
3503 4987 3586 5044 ait
3612 4986 3745 5060 ipse

2086 5084 2356 5141 Urbanus
2387 5082 2447 5137 in
2478 5081 2671 5155 prima
2698 5078 2967 5153 epistola,
2999 5096 3180 5152 quam
3207 5078 3557 5147 Dalmatius,
3589 5093 3743 5149 prae-

2084 5178 2249 5232 sente
2306 5173 2498 5245 legato
2551 5174 2685 5227 ante
2714 5170 2843 5241 ejus
2891 5170 2951 5224 in
2990 5168 3334 5242 Hispaniam
3382 5165 3743 5237 discessum,

2085 5262 2345 5336 pontiﬁci
2377 5257 3002 5317 retulerat.Dalmatius
3032 5257 3249 5332 quippe
3272 5262 3336 5315 et
3354 5255 3743 5314 Bareinonen-

2086 5353 2170 5409 sis
2196 5351 2506 5425 episcopus
2518 5349 2590 5405 ad
2608 5348 2666 5404 id
2681 5348 2927 5403 Romam
2944 5346 3321 5420 potissimum
3339 5346 3571 5402 venisse
3585 5344 3745 5400 vids-

2084 5441 2322 5509 bantur,
2353 5443 2420 5495 ut
2468 5437 2749 5493 adversus
2778 5434 2947 5490 illum
2978 5436 3248 5494 abbatem
3288 5436 3570 5510 justitiam
3595 5432 3741 5489 sedis

2084 5531 2399 5602 apostolica?
2427 5524 3035 5599 ﬂagitarent.Denique
3055 5526 3128 5582 ad
3158 5525 3356 5599 ipsum
3388 5522 3739 5582 Frotardum

2087 5618 2326 5693 scripsit
2355 5617 2646 5682 Urbanus,
2677 5617 2744 5670 ut
2772 5630 2834 5671 se
2882 5614 3116 5687 penitus
3144 5614 3320 5688 legati
3342 5612 3568 5687 judicio
3598 5611 3742 5668 sub-

2079 5709 2289 5783 jiciat;
2321 5711 2380 5767 et
2398 5705 2451 5765 si
2482 5721 2648 5762 verra
2671 5707 2868 5763 essem
2895 5721 2961 5763 ea
2992 5720 3120 5779 quis
3150 5705 3222 5761 de
3252 5703 3352 5761 illo
3381 5702 3745 5770 ferebantur.
