3972 6394
270 428 367 496 es
1870 424 2080 511 vim.
3596 433 3683 517 ea

276 564 451 638 plene
476 571 536 624 et
562 566 1148 640 congmeosatisfaoiat
1175 566 1464 627 ambabus
1482 567 1601 625 illis
1632 568 1917 628 antistiti-
1944 570 1999 639 Α
2030 566 2162 639 quis
2192 583 2261 624 ea
2312 566 2616 627 occasione
2656 565 2963 625 intrudere
2987 564 3129 645 velit
3154 566 3449 625 abbatiam
3486 567 3673 625 Como-

275 654 409 711 bus.
438 656 702 730 Denique
744 658 803 714 ei,
836 657 1093 715 maxime
1136 659 1513 716 commendat
1541 659 1818 732 pontifex,
1852 662 1919 714 ut

2028 657 2266 712 riensem
2298 656 2535 714 aliunde
2560 658 2853 731 ignotam;
2876 661 2977 713 aut
3005 657 3279 729 denique,
3304 660 3370 712 ut
3399 656 3677 713 cardinali

272 744 680 805 Narbonensem
704 749 1013 804 mitislitem
1041 748 1181 804 sicut
1222 749 1513 821 proprium
1557 756 1612 805 et
1646 752 1922 822 pastorem
2026 745 2265 818 Aguirio
2297 746 2529 814 accidit,
2561 746 2817 820 legatum
2876 745 3093 803 Urbani
3126 736 3187 805 LL
3224 763 3324 818 qui
3373 762 3677 818 nunquam

271 834 691 905 spiritualem...
721 844 1037 893 revereatur
1063 844 1115 893 et
1135 836 1351 908 diligat.

382 939 595 1000 LX‘VIL
634 942 1085 999 Tarraconensem
1100 944 1445 1016 provinciam
1472 944 1819 1000 Narbonensi

699 1015 1110 1088 archiepiscopo
1139 1015 1495 1072 commendat.

345 1103 517 1168 Quod
540 1120 681 1160 vero
711 1103 1013 1176 spectabat
1059 1104 1131 1160 ad
1173 1105 1275 1177 jus
1325 1103 1816 1178 metropoliticnm
1864 1102 1924 1159 in

277 1190 773 1248 Tarraconensem
796 1191 1157 1264 provinciam
1186 1206 1303 1265 quo
1331 1193 1489 1250 brevi
1519 1210 1583 1250 se
1609 1192 1925 1267 spoliatum

278 1278 348 1335 iri
379 1279 693 1342 verebatur
717 1280 1351 1354 Dalmatius,quoniam
1373 1286 1500 1339 erat
1526 1298 1620 1338 res
1645 1280 1922 1349 difficilis,

277 1366 582 1424 mandavit
605 1366 795 1442 legato
820 1385 931 1425 suo
962 1369 1337 1439 Urbanus,ut
1364 1370 1506 1427 dum
1527 1371 1925 1427 Tarraconen-

273 1455 359 1513 sis
389 1457 541 1519 urbs
563 1457 1105 1531 reparareturmihil
1129 1476 1371 1531 prorsus
1400 1476 1468 1516 ea
1498 1459 1569 1516 de
1599 1476 1662 1516 re
1690 1460 1928 1516 innova-

274 1548 385 1601 rst.
418 1544 534 1602 Res
556 1546 742 1614 enim,
772 1551 842 1602 ut
865 1546 951 1603 ait
975 1545 1111 1603 V.Gl
1132 1547 1357 1603 .Petrus
1387 1548 1459 1604 de
1486 1548 1683 1605 Marce
1701 1547 1850 1604 libro
1870 1565 1929 1604 ιν

276 1634 486 1690 Μαι-σω
515 1634 864 1708 Hispanicae,
895 1640 1023 1691 erat
1066 1635 1293 1692 lubrica
1338 1641 1397 1692 et
1441 1652 1703 1709 anceps:
1747 1654 1928 1710 quare

277 1738 611 1779 aususnon
639 1728 729 1780 est
760 1724 1027 1780 Urbanus
1068 1723 1341 1783 Dalmatii
1389 1725 1658 1797 querelas
1686 1725 1930 1798 insuper

276 1810 515 1877 habere,
547 1812 672 1884 qui,
703 1813 791 1871 uti
817 1813 941 1885 ipse
966 1813 1225 1885 pontitiex
1249 1812 1528 1885 loquitur,
1538 1815 1930 1887 prwjudicium

277 1900 393 1956 sibi
440 1904 651 1972 factum
711 1902 777 1958 de
850 1903 955 1957 illa
1011 1904 1496 1963 Tarraconensium
1558 1904 1931 1975 episcoporum

276 1990 649 2047 subtractionc
692 1991 1003 2060 intimabat,
1044 2006 1195 2063 quos
1241 1991 1637 2050 Narbonensis
1674 1991 1932 2048 Ecclesia

277 2093 385 2148 per
402 2093 579 2133 annos
605 2078 1030 2149 quadringentos
1056 2081 1178 2135 sine
1205 2080 1435 2136 alterius
1470 2082 1709 2137 ecclesiae
1752 2082 1928 2137 recla-

276 2168 531 2224 statim
543 2167 875 2240 possederat.
909 2170 984 2224 At
1004 2184 1075 2227 ex
1103 2167 1286 2224 altera
1315 2172 1478 2241 parte
1526 2169 1684 2225 haud
1729 2169 1929 2243 ignota

278 2260 409 2311 erat
456 2255 689 2313 Urbano
732 2258 979 2330 antiqua
1030 2257 1486 2315 Tarraconensis
1525 2258 1794 2315 Ecclesia;
1841 2258 1929 2315 di-

278 2344 501 2418 gnitas,
530 2362 661 2418 qua
689 2362 849 2414 casu,
883 2363 1003 2402 non
1029 2347 1104 2403 ob
1136 2346 1371 2419 aliquod
1411 2346 1633 2403 malum
1678 2348 1927 2416 facinus,

279 2432 694 2497 miserimus?
721 2434 1031 2503 exciderat;
1048 2450 1185 2495 cum
1214 2434 1439 2491 scilicet
1465 2435 1594 2507 ipsa
1622 2434 1929 2507 metropoli

281 2537 317 2577 a
361 2522 637 2583 barbaris
679 2527 980 2595 occupata,
1029 2523 1253 2580 residui
1306 2523 1616 2596 provincias
1670 2524 1928 2597 episcopi

278 2626 423 2667 cum
447 2610 581 2667 suis
621 2610 904 2679 ecclesiis,
939 2611 1271 2669 inconsulto
1322 2613 1587 2673 Romano
1632 2614 1926 2686 pontifice,

280 2698 684 2757 Narbonensis
734 2701 1190 2773 metropolitani,
1239 2705 1442 2775 utpote
1480 2702 1796 2771 vicinioris,
1827 2721 1927 2759 ou-

280 2788 489 2845 stodim
530 2793 593 2845 et
640 2806 812 2859 cura,
847 2791 1043 2863 potius
1087 2807 1264 2864 quam
1290 2791 1711 2863 jurisdictioni,
1746 2792 1930 2848 multo

280 2877 485 2936 minus
508 2878 776 2939 servituti
798 2880 1062 2935 attributi
1083 2881 1527 2946 fuerant.0uare
1542 2880 1599 2936 in
1627 2880 1721 2936 his
1732 2898 1928 2938 rerum

281 2965 656 3040 mbagibus,
686 2969 947 3040 prudens
978 2970 1233 3042 pontifex
1265 2969 1562 3026 neminem
1592 2970 1683 3026 vel
1710 2971 1928 3043 specie.

278 3059 456 3113 tenus
486 3054 701 3117 ledere
722 3056 1123 3123 volens,caute
1149 3059 1442 3131 agendum
1474 3064 1638 3115 ratus
1668 3059 1928 3132 proviso-

278 3146 372 3202 rio
398 3146 629 3203 decreto
659 3146 966 3203 constituit
995 3152 1080 3213 ut,
1099 3148 1282 3204 donec
1312 3148 1766 3205 Tarraconensis
1787 3150 1930 3205 urbs

276 3236 1136 3308 repararetur,Tarraconensis
1169 3237 1478 3309 provinciae
1507 3237 1763 3309 episcopi
1792 3238 1930 3293 Nar-

2028 834 2239 901 extitit,
2290 835 2580 892 admittat.
2631 836 2694 893 In
2751 836 2846 893 his
2906 853 3076 908 porro
3135 834 3346 892 litteris
3402 834 3681 909 praeclara

2031 922 2220 979 multa
2249 923 2427 981 habet
2455 924 2951 999 vigilantissimus.
2973 926 3231 998 pontifex
3259 925 3332 981 de
3375 916 3554 999 legati
3592 926 3679 982 of-

2032 1011 2183 1081 ﬁcio,
2238 1029 2371 1068 cum
2415 1014 2769 1088 Raynerium
2816 1013 3190 1087 petissimum
3239 1018 3456 1083 monet,
3510 1018 3579 1070 ut
3607 1031 3681 1071 ne

2031 1102 2226 1158 favore
2256 1102 2477 1176 aliquo,
2508 1107 2612 1159 aut
2636 1103 2824 1162 nimio
2854 1103 2976 1159 zelo
3005 1108 3191 1171 actus,
3225 1094 3285 1157 in
3334 1102 3679 1159 alterutram

2032 1194 2260 1262 partem
2292 1195 2496 1248 contra
2520 1192 2639 1247 veri
2670 1191 2932 1263 rectique
2978 1190 3211 1264 regulas
3263 1208 3327 1248 se
3354 1191 3544 1266 abripi
3575 1209 3679 1266 pa-

2030 1277 2228 1335 tiatur.
2264 1279 2384 1335 Hoc
2429 1280 2558 1352 ipso
2600 1297 2756 1336 anno
2800 1280 3113 1347 Attilanus,
3158 1280 3414 1338 Zamorts
3459 1281 3682 1356 episco-

2033 1383 2168 1440 pus,
2197 1368 2273 1424 ab
2298 1367 2529 1425 Urbano
2561 1369 2937 1428 canusinatus
2974 1369 3189 1425 dicitur
3236 1368 3294 1425 in
3346 1368 3682 1444 Martyrolo-

2034 1456 2129 1528 gio
2161 1457 2440 1527 Romano,
2469 1459 2625 1530 quod
2656 1476 2729 1514 an
2760 1475 2960 1513 verum
2994 1459 3090 1524 sit,
3116 1475 3232 1514 non
3264 1475 3381 1516 una
3408 1451 3500 1516 est
3525 1460 3681 1533 apud

2035 1550 2303 1604 auctores
2337 1547 2514 1603 etiam
2542 1547 2832 1620 Hispanos
2854 1547 3162 1603 sententia.

2145 1653 2381 1709 LXVIII.
2416 1655 2798 1779 Privilegiump
2810 1655 3128 1736 monasterii
3168 1654 3223 1709 S.
3254 1655 3481 1710 Joannis
3508 1655 3575 1712 de

2804 1743 2957 1779 mna.

2804 1743 2957 1781 mna.

2107 1814 2438 1886 Antequam
2454 1813 2766 1886 Hispanias
2780 1813 2920 1869 dimi
2932 1802 3683 1886 ttamus,paucisageud-um

2038 1909 2127 1959 est
2174 1902 2246 1958 de
2293 1901 2610 1974 percelebri
2661 1902 3018 1959 monasterio
3068 1901 3266 1961 Sancti
3301 1902 3683 1965 JoannisBa-

2014 1982 2227 2063 Aptisttc
2259 1991 2331 2049 de
2378 1991 2584 2060 Pinna,
2616 1992 2790 2062 cujus
2839 1990 2953 2047 loci
2991 1991 3266 2049 abbatem
3311 1991 3684 2064 Aymerioum

2038 2079 2286 2139 Saucius
2316 2082 2655 2153 Aragonum
2679 2098 2775 2136 rex
2795 2080 3039 2139 Romam
3061 2078 3684 2153 misit,privilegiorum

2038 2170 2131 2226 sui
2145 2169 2481 2229 monasterii
2495 2170 3000 2229 conﬁrmationem
3012 2169 3086 2225 ab
3099 2168 3329 2233 Urbano
3341 2169 3682 2242 petiturum,

2037 2259 2191 2331 regis
2232 2264 2290 2317 et
2318 2258 2548 2317 abbatis
2577 2258 2841 2331 petitioni
2875 2257 3128 2317 asseusit
3164 2258 3443 2331 pontifex,
3476 2263 3534 2315 et
3562 2258 3688 2331 qui-

2038 2349 2170 2405 dem
2223 2350 2333 2406 sub
2385 2348 2569 2418 hujus
2613 2346 2751 2406 anni
2801 2348 3000 2415 tinem,
3032 2351 3134 2404 aut
3184 2351 3338 2407 certe
3383 2345 3685 2419 sequentis

2036 2436 2226 2503 initio,
2258 2441 2324 2493 ut
2352 2436 2641 2508 coniicere
2670 2442 2760 2493 est
2788 2452 2856 2493 ex
2885 2436 3011 2508 ipso
3051 2434 3370 2509 diplomate
3400 2435 3595 2495 Sancii
3625 2436 3687 2495 id

2038 2526 2363 2593 referentis,
2397 2525 2554 2597 quod
2585 2524 2789 2585 datum
2814 2530 2904 2583 est
2931 2542 3046 2582 aera
3077 2540 3393 2594 ucxxxvlu,
3424 2542 3522 2583 VIII
3553 2524 3685 2585 ldus

2036 2614 2190 2679 Maii,
2246 2629 2392 2671 anno
2440 2628 2507 2671 ιιι
2546 2614 2894 2685 pontiﬁcatus
2935 2613 3124 2669 domui
3173 2614 3379 2671 Urbani
3421 2613 3682 2685 papa",

2036 2720 2182 2759 anno
2233 2704 2303 2757 ab
2333 2703 2717 2758 Incarnatione
2766 2703 2995 2757 Domini
3042 2701 3199 2772 1090,
3240 2701 3535 2758 indictione
3560 2719 3683 2773 xm,

2038 2796 2149 2848 etc.
2186 2791 2403 2848 Mirum
2434 2796 2632 2849 autem
2676 2794 2768 2848 est
2795 2788 3032 2862 quantis
3062 2789 3232 2845 donis
3261 2793 3321 2847 et
3365 2788 3687 2863 privilegiis

2038 2879 2464 2936 cumulaverint
2490 2879 2792 2952 Aragoniaa
2822 2894 2989 2952 reges
3020 2877 3404 2935 locumistum
3429 2895 3683 2948 sacrum,

2038 2970 2137 3043 qui
2165 2970 2238 3025 ad
2268 2985 2469 3025 eorum
2502 2969 2865 3043 sepulturam
2896 2974 3020 3024 erat
3049 2970 3386 3042 deputatus.
3418 2966 3531 3026 Sed
3569 2985 3684 3043 pm

2038 3058 2262 3115 caeteris
2277 3057 2489 3114 enituit
2504 3057 2880 3131 potissimum
2903 3057 3279 3130 Sancius,qui
3306 3062 3397 3115 ter
3411 3054 3687 3131 quaterve

2039 3147 2285 3203 Romam
2315 3148 2444 3219 ejus
2461 3147 2800 3204 monasterii
2820 3147 3060 3203 abbates
3089 3146 3349 3215 misit,ad
3373 3147 3688 3204 asserenda

2038 3236 2341 3310 privilegia
2366 3239 2423 3292 et
2450 3237 2757 3308 bona,quae
2789 3234 2955 3309 aregi
2966 3236 3076 3292 bus
3096 3239 3155 3291 et
3185 3234 3535 3308 praesulibus
3550 3232 3689 3291 huic

274 3323 524 3379 bonensi
553 3323 989 3397 archiepiscopo
1016 3330 1317 3397 tamquam
1339 3325 1570 3398 preprio
1588 3326 1925 3400 metrOpoli-
1957 3311 2001 3379 C
2040 3324 2396 3380 monasterio
2426 3323 2637 3381 collata
2665 3325 2914 3381 fuerant.
2955 3324 3170 3381 Juvant
3211 3342 3280 3380 ea
3319 3342 3446 3398 qua:
3477 3325 3538 3380 in
3568 3339 3686 3380 uno

270 3412 1037 3484 tanosubjicerentur.0uia
1050 3431 1202 3482 vero,
1212 3414 1386 3487 paulo
1402 3419 1537 3471 ante
1550 3415 1828 3471 Toletano
1841 3432 1929 3471 ar-

270 3501 648 3574 chiepiscopo
660 3502 1000 3575 primatum,
1023 3502 1200 3559 salvis
1224 3504 1807 3576 metropolitanorum
1830 3507 1928 3578 ju-

272 3590 535 3657 ribus,in
546 3591 853 3647 universas
871 3591 1182 3664 Hispanias
1199 3593 1550 3660 contulerat,
1567 3592 1754 3649 voluit
1774 3598 1839 3649 ut
1867 3594 1933 3649 ii-

272 3679 413 3737 dem
430 3680 690 3754 episcopi
702 3679 980 3737 Toletano
997 3681 1437 3754 archiepiscopo
1447 3687 1728 3753 tauquam
1744 3684 1934 3755 priva-

274 3770 320 3824 ti
380 3768 706 3837 obedirent,
745 3769 915 3829 donec
978 3772 1413 3842 archiepiscopus
1461 3770 1828 3828 Narbonensis
1870 3788 1929 3828 sc

275 3874 470 3915 eorum
487 3860 786 3932 primatem
806 3860 978 3931 [uisse
1005 3864 1153 3915 certa
1186 3861 1359 3931 possit
1402 3862 1727 3917 auctoritate
1771 3877 1928 3917 mon-

272 3951 474 4006 strare.
507 3946 836 4004 Dalmatius
863 3948 1081 4021 quippe
1121 3948 1355 4005 Urbano
1385 3949 1611 4005 dixerat
1631 3951 1930 4022 privilegia

274 4035 347 4092 ds
365 4038 618 4108 primatu
646 4038 928 4093 ecclesiam
941 4053 1101 4093 suam
1114 4037 1461 4107 habuisse,ac
1479 4038 1664 4095 multa
1679 4038 1931 4111 protule-

277 4132 377 4183 rat
403 4126 479 4182 ad
507 4125 567 4181 id
596 4127 966 4199 probandum
996 4127 1421 4185 instrumenta:
1445 4143 1627 4200 quare
1661 4128 1930 4186 Urbanus

274 4214 470 4288 legato
499 4232 609 4272 suo
638 4215 960 4288 priescribit
984 4220 1049 4272 ut
1070 4216 1141 4273 de
1162 4215 1280 4273 illis
1299 4215 1617 4291 privilegiis
1634 4217 1931 4287 diligenter

273 4304 561 4377 inquirat,
594 4321 709 4360 non
739 4305 979 4378 quidem
1011 4310 1078 4361 ut
1104 4306 1176 4362 de
1203 4304 1283 4363 iis
1299 4306 1611 4377 judicaret,
1629 4307 1731 4363 sed
1765 4313 1828 4363 ut
1854 4308 1928 4364 ad

276 4410 342 4450 se
368 4392 573 4467 ipsum
600 4393 947 4463 haec-causa,
981 4394 1181 4467 magni
1213 4395 1419 4467 utique
1449 4395 1932 4465 momenti,refer-

275 4486 461 4539 retur.
508 4484 700 4555 Atque
745 4499 840 4542 res
887 4499 955 4539 eo
1000 4482 1062 4539 in
1112 4487 1267 4540 statu
1315 4501 1581 4541 mansere
1630 4501 1818 4558 usque
1857 4486 1928 4541 ad

280 4572 726 4639 annum~1091,
781 4588 910 4645 quas
979 4572 1182 4629 omnia
1239 4573 1298 4628 in
1355 4572 1621 4645 epistolis
1679 4578 1933 4647 quatuor

2036 3412 2197 3470 illius
2225 3413 2281 3469 di
2289 3412 2544 3486 plomate
2560 3414 2853 3486 pertinent
2870 3413 2942 3468 ad
2962 3412 3259 3469 Urbanum
3278 3406 3393 3469 huc
3408 3414 3684 3487 proferre,

2036 3503 2095 3558 in
2127 3519 2245 3574 quo
2277 3502 2360 3558 sic
2390 3501 2653 3574 loquitur
2685 3520 2699 3559 :
2734 3527 2760 3554 α
2794 3502 3004 3558 Sancio
3052 3504 3261 3559 abbate
3310 3500 3586 3560 defuncto
3631 3506 3691 3559 et

2037 3593 2254 3647 domno
2282 3591 2586 3664 Aymerico
2616 3592 2828 3647 abbate
2861 3591 2919 3646 in
2953 3591 3143 3647 locum
3183 3593 3313 3663 ejus
3342 3592 3553 3666 posito,
3586 3609 3686 3648 cu-

2035 3680 2205 3752 piens
2238 3679 2346 3735 hoc
2377 3678 2707 3735 coenobium
2739 3680 2882 3735 adeo
2914 3697 3158 3752 prorsus
3189 3684 3421 3737 munire
3449 3685 3510 3737 et
3534 3676 3688 3737 tueri

2037 3767 2472 3841 apostolicoque
2519 3767 2696 3823 simul
2728 3772 2785 3823 et
2815 3767 2992 3841 regali
3025 3767 3368 3840 patrocinio,
3401 3768 3687 3825 domuum

2037 3856 2412 3931 Aymericum
2443 3856 2715 3913 abbatem
2739 3856 2935 3913 Romae
2953 3857 3032 3912 ad.
3045 3852 3450 3915 beatissimum
3473 3873 3686 3931 papam

2037 3946 2338 4003 Urbanum
2368 3946 2502 4003 misi
2529 3947 2879 4018 secundum,
2910 3946 3120 4004 obnixe
3150 3947 3468 4020 deprecans
3496 3950 3689 4020 pater-

2037 4037 2281 4093 uitatem
2313 4035 2569 4104 illius,ut
2598 4036 2945 4109 praedictum
2976 4035 3247 4093 locumin
3275 4036 3612 4094 defensione
3632 4041 3691 4094 et

2037 4125 2361 4199 patrocinio
2410 4126 2714 4181 beatorum
2764 4128 3165 4197 apostolorum
3218 4126 3368 4182 Petri
3416 4129 3475 4182 et
3522 4125 3686 4182 Pauli

2037 4215 2382 4287 susciperet,
2414 4218 2470 4271 et
2501 4214 2872 4289 privilegium
2903 4213 3022 4271 tale
3050 4215 3240 4271 eidem
3270 4215 3396 4272 loco
3426 4216 3689 4272 conferre

2038 4305 2399 4378 dignaretur,
2433 4320 2549 4376 quo
2591 4320 2625 4358 a
2653 4303 2968 4376 rapacitate
3018 4302 3312 4359 malorum
3353 4303 3686 4373 hominum,

2037 4394 2125 4451 vel
2146 4394 2218 4449 ab
2248 4392 2545 4449 invasione
2575 4392 3115 4466 episcoporum,nec
3140 4410 3254 4448 non
3286 4410 3321 4449 a
3350 4386 3687 4466 prasjudicio

2038 4481 2426 4539 cardinalium
2445 4485 2501 4538 et
2520 4481 3223 4555 archiepiscoporum,seu
3241 4500 3275 4538 a
3288 4480 3690 4539 dominatione

2039 4571 2195 4628 mala
2223 4570 2660 4628 succedentium
2695 4588 2923 4645 regum,
2954 4570 3117 4628 locus
3147 4571 3357 4629 iisdem
3399 4571 3551 4632 tueri
3590 4575 3693 4628 aut

280 4659 501 4720 Urbani
542 4660 736 4719 fusius
762 4665 1152 4734 exponuntur.
1184 4664 1259 4718 At
1285 4662 1380 4719 hic
1410 4663 1716 4719 observare
1737 4666 1928 4737 juvat,
1961 4680 2009 4746 Β
2039 4660 2271 4717 defendi
2314 4659 2501 4732 possit
2532 4676 2545 4716 :
2578 4664 2637 4716 et
2678 4664 2744 4714 ut
2786 4660 2969 4716 abbas
3012 4661 3279 4731 ejusdem
3327 4660 3440 4716 loci
3482 4660 3687 4728 libers,

279 4755 494 4823 preter
520 4749 631 4808 has
658 4750 876 4807 Urbani
906 4750 1131 4808 litteras
1160 4768 1288 4824 quae
1321 4752 1481 4824 apud
1513 4752 1815 4809 Labbeum
1845 4757 1931 4810 to-

278 4840 455 4895 mo-X
482 4838 876 4897 Conciliorum
907 4840 1072 4897 editas
1102 4844 1447 4907 sunt,manu
1477 4842 1549 4897 de
1576 4841 1671 4897 his
1703 4847 1933 4899 contm-

274 4929 487 4985 versiis
514 4928 576 4985 in
606 4929 873 5002 ejusdem
905 4930 1047 4986 tomi
1079 4929 1409 5002 appendice
1432 4930 1931 4998 haberi,L.cardi-

271 5019 399 5075 nali
421 5018 732 5091 presbytero
761 5017 1046 5087 datam,in
1073 5035 1191 5091 qua
1211 5019 1406 5091 agitur
1434 5020 1507 5075 de
1538 5020 1934 5077 controversia

276 5108 435 5165 inter
486 5107 926 5165 Narbonensem
985 5107 1493 5181 archiepiscopum
1570 5114 1619 5164 et
1682 5110 1933 5166 abbatem

283 5196 684 5255 Commium
726 5202 886 5255 nata.
928 5198 1037 5254 Sed
1088 5198 1210 5254 haec
1258 5198 1507 5271 epistola
1553 5216 1625 5255 ea
1670 5199 1800 5271 ipsa
1845 5203 1935 5255 est

284 5287 575 5360 Κωνωπίου
615 5289 790 5359 legato
831 5287 1134 5360 inscripta,
1184 5288 1296 5345 sub
1343 5305 1461 5360 quo
1507 5289 1711 5345 eodem
1760 5287 1932 5344 titulo

283 5377 413 5449 ejus
442 5378 842 5450 fragmentum
863 5378 991 5449 jam
1019 5377 1287 5434 Labbeus
1318 5377 1444 5451 ipse
1474 5377 1755 5435 retulerat
1784 5378 1935 5434 inter

283 5464 430 5523 alias
458 5465 676 5522 Urbani
708 5465 1006 5539 epistolas.
1040 5466 1188 5522 Eum
1231 5466 1434 5523 fefellit
1475 5467 1769 5540 exemplar
1817 5483 1934 5541 quo

282 5571 430 5613 usus
459 5560 570 5624 est,
602 5556 664 5612 in
692 5572 812 5630 quo
847 5555 1228 5614 amanuensis
1276 5573 1471 5614 errore
1520 5557 1582 5613 L.
1617 5573 1721 5630 pro
1770 5556 1837 5613 Β.
1873 5556 1932 5613 in

277 5644 521 5702 titulum
543 5645 880 5719 irrepserat,
905 5644 1060 5702 sicut
1086 5649 1147 5702 et
1173 5646 1592 5717 Comm-iensem,
1623 5662 1729 5720 pro
1759 5647 1936 5703 Tome-

276 5736 539 5800 νίοησοηι.
568 5734 697 5808 Qua
740 5736 817 5797 de
864 5750 928 5797 re
971 5734 1248 5798 lectorem
1296 5736 1595 5798 monitum
1629 5734 1829 5807 velim,
1860 5752 1936 5800 no

2042 4751 2169 4823 ipse
2196 4753 2253 4807 et
2282 4748 2472 4819 sui,ad
2506 4749 2706 4805 sedem
2740 4749 3061 4805 Romanam
3095 4748 3155 4803 in
3187 4749 3464 4806 omnibus
3491 4749 3690 4806 causis

2041 4845 2098 4897 et
2109 4838 2351 4914 judiciis
2380 4837 2791 4895 ecclesiasticis
2821 4837 2907 4893 vel
2937 4836 3318 4894 saecularibus
3350 4854 3456 4894 nec
3487 4855 3603 4894 non
3633 4842 3694 4895 et

2042 4932 2101 4986 in
2132 4927 2603 4986 ordinationibus
2634 4926 2936 4993 abbatum,
2970 4926 3200 4999 possint
3248 4942 3312 4983 se
3358 4925 3686 4983 reclamari.

2042 5020 2150 5084 Qui
2181 5016 2559 5076 beatissimus
2590 5016 2756 5072 Pater
2779 5015 3273 5081 Urbanus,audita
3294 5033 3434 5072 mete
3455 5014 3692 5073 humili-

2043 5109 2185 5164 tatis
2219 5108 2516 5181 petitione,
2552 5106 2723 5161 credo
2754 5123 2865 5161 non
2899 5104 3045 5162 meis
3095 5106 3339 5174 meritis,
3369 5105 3471 5162 sed
3500 5105 3689 5162 sancti

2040 5198 2285 5255 Joannis
2306 5196 2496 5270 gratia
2525 5193 3075 5263 commotus,locum
3096 5195 3255 5251 hunc
3281 5194 3341 5251 in
3373 5194 3693 5269 apostolica

2042 5288 2300 5359 suscepit
2327 5283 2704 5360 protectione,
2737 5285 2989 5358 datoque
3032 5283 3318 5341 libertatis
3366 5282 3687 5359 privilegio,

2042 5375 2358 5449 apostolico
2408 5373 2726 5449 patrocinio
2755 5373 3024 5431 munivit.
3062 5395 3091 5424 »
3127 5374 3257 5431 Haec
3304 5373 3386 5430 ibi
3418 5373 3687 5442 Saucius,

2044 5481 2170 5538 qua!
2202 5464 2375 5536 paulo
2407 5464 2599 5520 fusius
2632 5463 2843 5519 referre
2870 5462 3062 5519 visum
3094 5462 3267 5519 estad
3290 5462 3689 5537 supplendum

2041 5552 2327 5628 privilegii
2359 5554 2671 5623 defectum,
2708 5553 2865 5627 quod
2896 5552 3153 5610 invenire
3195 5569 3310 5610 non
3362 5551 3547 5608 licuit.
3581 5551 3687 5608 Re-

2041 5644 2205 5719 gium
2226 5659 2360 5700 vero
2376 5643 2521 5699 illud
2547 5642 3120 5717 diplomaintegrum
3150 5641 3386 5700 exhibet
3417 5640 3691 5714 Hierony-

2042 5751 2178 5798 mus
2207 5732 2423 5795 Blanca
2440 5733 2502 5794 in
2521 5732 2963 5796 commentariis
2981 5749 3179 5797 rerum
3197 5728 3685 5808 Aragoncnsium.
