3972 6362
289 386 368 448 6'7
1582 375 1656 440 B.
1699 372 2002 446 URBANI
2043 375 2395 442 II-PAP.E.
3613 381 3696 442 68
3729 416 3738 426 -
3779 392 3784 396 '

379 513 561 572 LXIX.
597 512 806 571 Urbani
833 511 1106 568 decretum
1125 511 1190 568 de
1217 511 1470 568 libertate
1497 513 1839 585 nuptiarum.

358 604 515 660 Idem
563 619 682 670 rex,
735 601 845 657 hac
895 603 996 658 aut
1043 599 1224 657 altera
1271 601 1592 668 occasione,
1639 600 1934 658 Urbanum

286 691 544 752 consulit
569 691 642 748 de
666 707 774 746 sua
805 691 992 764 ipsius
1024 694 1215 763 nepte,
1251 709 1326 748 an
1359 691 1539 747 invita
1581 691 1704 746 viro
1755 707 1935 762 copu-

282 783 460 840 landa
489 785 661 849 esset,
691 779 784 836 cui
814 796 942 836 eam
975 785 1220 852 cogente
1261 780 1606 836 necessitate
1655 796 1932 852 sponsam

281 870 650 945 promiserat.
677 868 1000 941 Respondit
1030 868 1288 941 pontifex
1319 869 1377 925 id
1409 884 1780 946 nequaquam
1809 868 1931 925 ﬁeri

279 961 511 1026 debere,
555 959 726 1030 cujus
773 973 842 1014 ea
899 958 972 1014 de
1017 974 1077 1014 re
1125 958 1474 1031 rescriptum
1536 958 1609 1013 ab
1662 957 1833 1014 Ivone
1873 961 1932 1014 et

279 1049 554 1106 Gratiano
583 1047 643 1102 in
676 1046 800 1104 suis
827 1047 1075 1104 decretis
1105 1047 1470 1120 adoptatum,
1503 1050 1561 1102 et
1608 1047 1682 1102 ab
1733 1046 1927 1102 Hilde-

277 1137 442 1194 berto
488 1136 591 1192 lib.
626 1153 687 1203 ιι,
720 1134 889 1209 epist.
929 1137 1022 1202 26,
1053 1135 1200 1192 alias
1249 1136 1338 1204 42,
1371 1133 1641 1191 relatum.
1675 1134 1796 1190 Huc
1845 1153 1928 1191 re-

277 1243 486 1283 vocare
513 1225 707 1283 visum
739 1229 846 1293 est,
879 1225 1034 1297 quod
1085 1223 1311 1280 nullam
1363 1241 1613 1297 usquam
1663 1224 1928 1297 praeferat

275 1316 558 1390 temporis
590 1321 810 1370 notam.
837 1312 1103 1379 Sancius,
1128 1315 1227 1386 qui
1259 1314 1332 1369 ab
1363 1331 1515 1370 anno
1549 1313 1686 1368 1067
1707 1314 1920 1386 Arago—

278 1405 455 1461 nibus
487 1403 834 1477 imperabat,
859 1407 1068 1474 quarta
1097 1403 1190 1458 die
1215 1401 1376 1458 Junii
1409 1418 1560 1456 anno
1593 1401 1730 1456 1094
1757 1417 1922 1456 occu-

273 1493 422 1560 buit,
456 1508 590 1550 cum
621 1492 828 1549 Oscam
861 1491 1064 1546 urbem
1095 1490 1488 1559 obsideret;ad
1521 1507 1657 1546 eum
1687 1507 1922 1562 respon-

272 1582 497 1639 sionem
528 1581 702 1636 habet
733 1579 886 1652 apud
919 1579 1152 1636 Ivonem
1182 1579 1314 1635 Dec.
1349 1595 1480 1652 pag.
1513 1581 1566 1642 8,
1596 1595 1724 1652 cap.
1747 1580 1838 1647 24,
1863 1583 1920 1635 et

271 1671 425 1744 apud
457 1669 800 1726 Gratianum
850 1669 940 1738 31,
973 1685 1029 1742 q.
1063 1670 1116 1734 2,
1152 1685 1200 1722 c.
1235 1668 1290 1734 3,
1339 1667 1400 1723 in
1452 1667 1708 1724 Bullario
1759 1667 1916 1724 Casi-

269 1758 436 1816 nensi
468 1759 529 1816 F.
559 1761 614 1827 2,
639 1773 696 1830 p.
724 1759 847 1813 118.

402 1865 558 1922 LXX.
591 1865 834 1938 Epistola
857 1879 958 1936 pro
985 1866 1313 1920 monasterio
1341 1863 1776 1922 Padolironensi.

340 1955 598 2012 Habetur
635 1953 749 2010 alia
798 1953 1062 2024 ejusdem
1115 1952 1408 2025 pontificis
1436 1952 1704 2025 epistola,
1737 1968 1916 2025 quam

267 2043 379 2100 sub
410 2043 590 2114 hujus
621 2042 756 2097 anni
779 2041 978 2109 ﬁnem,
1005 2046 1106 2098 aut
1137 2039 1340 2097 saltem
1375 2046 1510 2098 ante
1535 2042 1912 2097 Mantuanam

266 2131 654 2198 obsidionem,
691 2130 856 2186 initio
887 2131 1187 2203 sequentis
1229 2131 1371 2186 anni
1423 2131 1758 2203 inceptam,
1792 2130 1913 2186 Ma-

264 2220 436 2277 thildi
463 2219 774 2277 comitisszs
807 2219 1043 2292 scripsit
1070 2219 1130 2276 in
1160 2219 1412 2292 gratiam
1444 2218 1915 2276 Padolironensis

264 2308 600 2366 monasterii
645 2307 928 2364 adversus
980 2307 1362 2364 Mantuanum
1414 2307 1777 2380 episcOpum.
1812 2307 1915 2363 Hic

263 2397 570 2455 ecclesiam
620 2397 817 2453 Sancti
871 2395 1132 2454 Floriani‘
1173 2397 1246 2452 ad
1293 2396 1438 2452 illud
1489 2395 1912 2452 monasterium

263 2487 652 2560 pertinentem
705 2485 920 2558 injuste
951 2485 1260 2552 retinebat,
1295 2486 1555 2558 adeoque
1583 2484 1710 2541 vult
1738 2485 1915 2541 Urba-

264 2593 400 2645 nus,
434 2579 500 2631 ut
527 2573 823 2632 Mathildis
854 2575 1193 2648 episcopum
1239 2573 1311 2630 ad
1351 2573 1780 2631 restitutionem
1811 2573 1912 2629 ad-

264 2665 407 2737 igat.

405 2746 588 2812 LXXI.
627 2754 839 2809 Thiemo
875 2752 1306 2879 Saliflbnrugensis
1337 2752 1771 2825 archiepiscopus

931 2841 994 2879 or
1033 2841 1088 2879 ιη
1153 2840 1241 2878 ur.

931 2840 1241 2879 ordinatur.

332 2915 482 2973 Auni
515 2915 654 2970 1090
682 2913 848 2969 initio
879 2929 1012 2968 cum
1044 2909 1440 2978 Catholici,uti
1474 2915 1672 2967 narrat
1699 2910 1913 2967 Bertol-

260 3007 396 3072 dus,
454 3005 512 3059 in
581 3003 846 3076 Bajoaria
903 3000 1340 3065 invalescerent,
1400 2999 1683 3056 Thiemon
1741 3004 1912 3056 antea

259 3093 458 3152 Sancti
507 3093 656 3150 Petri
707 3093 1001 3160 abbatem,
1047 3089 1104 3144 in
1163 3087 1673 3162 Salisburgensem
1719 3089 1908 3145 archi-

259 3183 598 3257 episcopum
650 3181 974 3254 elegerunt,
1020 3194 1196 3251 quem
1246 3176 1442 3233 statim
1495 3176 1741 3234 solemni
1793 3177 1908 3234 ritu

1961 513 2012 582 Α
2047 512 2145 574 nia
2175 513 2233 568 in
2265 511 2360 569 his
2399 511 2550 568 notis
2597 511 2814 585 optime
2863 510 2974 569 sibi
3023 510 3338 582 cohaerent,
3373 530 3480 570 nec
3525 514 3692 570 locus

2051 601 2208 658 ullus
2256 619 2383 658 esse
2432 601 2660 657 videtur
2690 601 2762 658 de
2808 601 2937 673 ejus
2981 601 3314 660 sinceritate
3363 603 3706 662 dubitandi.

2045 691 2214 748 Forte
2244 690 2346 748 illa
2373 694 2563 748 errata
2593 707 2664 746 ex
2693 692 3148 749 amanuensium
3189 693 3417 750 incuria
3444 693 3696 765 irrepse-

2043 785 2202 838 runt.
2639 839 2646 846 ,

2114 868 2446 924 Notandum
2458 872 2654 924 tamen
2679 869 2926 926 Romam
2952 887 3218 928 reversus
3249 871 3432 928 fuisse
3461 870 3697 928 videtur

2041 957 2134 1012 die
2155 958 2228 1013 25
2256 957 2448 1014 Martii
2481 957 2661 1030 hujus
2689 959 2993 1027 anni,cum
3023 959 3131 1017 hac
3160 960 3290 1033 ipsa
3328 959 3423 1034 pie
3455 961 3696 1034 episcopi

2036 1046 2211 1112 urbis,
2239 1046 2298 1101 id
2328 1049 2416 1102 est
2444 1046 2774 1104 cardinales
2803 1047 3064 1106 Ubaldus
3092 1049 3410 1106 Saviuensis
3439 1053 3492 1106 et
3518 1052 3687 1108 Joan-

2034 1149 2132 1189 nes
2163 1135 2604 1204 Tusculanensis,
2637 1135 2942 1194 ecclesiam
2973 1138 3196 1194 Sanctae
3245 1137 3441 1194 Mariae
3479 1138 3552 1196 ad
3595 1141 3692 1196 Pi-

2032 1237 2194 1278 neam
2227 1222 2529 1280 dedicasse
2577 1227 2814 1296 tempore
2857 1225 3069 1282 domini
3101 1226 3306 1284 Urbani
3331 1229 3385 1283 ΙΙ
3403 1243 3564 1300 papae
3593 1227 3684 1284 di-

2032 1315 2242 1367 cantur
2271 1311 2332 1367 in
2361 1312 2539 1368 veteri
2571 1313 2948 1386 inscriptione
2995 1331 3172 1387 quam
3222 1315 3589 1374 Martinellus
3619 1315 3682 1374 in

2032 1399 2218 1456 Roma
2248 1417 2432 1468 sacra,
2456 1406 2512 1457 et
2541 1401 2917 1460 Mabillonius
2947 1404 3220 1461 referunt.
3252 1406 3328 1461 At
3343 1403 3520 1478 paulo
3550 1409 3686 1479 post

2027 1489 2200 1544 variae
2239 1490 2434 1546 Remis
2483 1491 2815 1550 consistens
2865 1492 3188 1566 diplomata
3235 1493 3484 1551 diversis
3533 1493 3683 1552 locis

2029 1579 2336 1643 concessit.

2099 1666 2178 1721 Ex
2207 1666 2300 1722 his
2329 1670 2419 1722 est
2447 1667 2818 1742 privilegium
2851 1686 2956 1742 pro
2989 1671 3346 1728 monasterio
3369 1670 3708 1728 canonico-.

2026 1771 2159 1811 rum
2193 1755 2550 1828 regularium
2583 1757 2783 1813 Sancti
2825 1759 3101 1816 Antonini
3149 1761 3306 1833 apud
3356 1759 3681 1829 Rnthenos,

2026 1845 2180 1916 quod
2211 1845 2416 1900 datum
2447 1851 2536 1900 est
2567 1847 2762 1902 Roma:
2779 1845 2872 1902 die
2902 1865 2934 1903 v
2953 1854 3088 1904 ante
3117 1848 3406 1906 Kalendas
3435 1848 3705 1922 Aprilis.-

2024 1933 2194 1988 Aliud
2227 1934 2444 1990 ibidem
2468 1934 2613 2006 ipsis
2644 1934 2920 1992 Kalendis
2934 1936 3420 2008 Aprilisindulsit
3442 1937 3710 1996 Guillel-.

2026 2039 2120 2077 mo
2149 2023 2342 2078 abbati
2372 2023 2708 2080 monasterii
2743 2025 2938 2081 Sancti
2969 2027 3278 2084 Theofredi
3309 2027 3464 2100 apud
3485 2026 3678 2084 Vella-

2023 2128 2146 2179 vos,
2169 2111 2434 2169 dimcesis
2455 2113 2801 2182 Aniciensis,
2828 2114 2885 2170 in
2911 2132 3029 2186 quo
3047 2121 3427 2173 recensentur
3443 2120 3502 2172 et
3528 2132 3677 2172 con-
3699 2163 3705 2173 .

2023 2199 2334 2255 ﬁrmantur
2361 2201 2626 2273 ejusdem
2667 2203 3011 2258 monasterii
3051 2204 3476 2276 possessiones.
3509 2204 3674 2268 Quod

2024 2288 2182 2344 aliud
2212 2289 2394 2346 edidit
2422 2289 2694 2347 Baluzius
2724 2290 2786 2347 in
2817 2291 2942 2348 suis
2974 2291 3218 2348 Miscell.
3247 2297 3288 2348 t.
3323 2293 3456 2365 II,p.
3479 2293 3582 2348 117
3611 2291 3673 2350 in

2023 2378 2276 2450 gratiam
2307 2379 2567 2452 Hugonis
2597 2379 2855 2453 episcopi
2871 2371 3678 2455 Gratianopolitanﬁhacipsa

2023 2466 2225 2523 eadem
2253 2467 2346 2522 die
2373 2467 2554 2540 hujus
2584 2469 2748 2537 anni,
2769 2473 2832 2525 ut
2861 2469 3100 2542 quidem
3129 2470 3304 2528 nobis
3328 2470 3676 2542 videtur,in-

2023 2554 2413 2623 dultum,licet
2423 2557 2579 2628 apud
2601 2556 2904 2614 Baluzium
2929 2563 2994 2614 ut
3011 2558 3071 2614 in
3092 2557 3430 2633 apographo
3446 2564 3672 2631 nostro,

2022 2641 2178 2713 quod
2210 2658 2280 2698 ex
2303 2641 2856 2716 Gratianopolitanw
2888 2643 3154 2702 Ecclesia
3182 2645 3477 2704 chartario
3497 2645 3676 2704 habe-

2023 2747 2178 2798 mus,
2211 2747 2432 2787 annum
2464 2737 2805 2804 sequentem
2837 2733 3128 2806 praeferat,
3159 2735 3262 2792 sed
3292 2735 3676 2794 amanuensis

2021 2834 2276 2874 errorem
2325 2836 2453 2876 esse
2500 2820 2817 2878 verisimile
2863 2827 2978 2890 est,
3011 2841 3127 2880 non
3159 2822 3354 2880 solum
3379 2825 3536 2897 quod
3568 2824 3700 2885 alii.

2020 2907 2089 2963 ch
2099 2907 2414 2980 ronologici
2427 2909 2791 2968 characteres
2815 2911 2892 2966 ibi
2919 2912 3168 2984 appositi
3191 2929 3412 2970 annum
3426 2929 3703 2986 pressam.

2020 3001 2136 3054 tem
2169 2997 2706 3071 designent,verum
2734 3001 2912 3058 etiam
2944 3002 3100 3074 quod
3131 3003 3398 3074 scriptum
3421 3018 3523 3074 per
3547 3019 3670 3060 ma-

2016 3101 2153 3142 num
2178 3087 2426 3156 Gregorii
2454 3090 2720 3144 scrinarii
2755 3096 2922 3160 atque
2952 3092 3162 3147 notarii
3183 3092 3330 3148 sacri
3349 3091 3572 3162 palatii,
3605 3096 3672 3148 ut

2019 3174 2352 3247 praecedens
2384 3175 2493 3232 hac
2525 3176 2654 3248 ipsa
2683 3177 2890 3234 eadem
2918 3179 3013 3235 die
3043 3179 3440 3248 datum,sicut
3465 3185 3525 3236 et
3553 3179 3672 3238 alia

257 3251 610 3328 Altmaimus
639 3251 953 3343 episcopus
986 3265 1344 3322 Pataviensis
1372 3267 1543 3330 ,sedis
1574 3266 1903 3340 apostolicae
1937 3251 1978 3318 C
2017 3262 2302 3320 nonnulla
2330 3264 2598 3336 ejusdem
2626 3265 2930 3338 temporis,
2965 3267 3212 3336 dicatur,
3243 3269 3400 3340 quod
3427 3285 3544 3326 non
3561 3267 3666 3324 ha-

257 3357 926 3434 legatus,assistentibus
939 3355 1051 3411 sibi
1066 3354 1425 3411 Adalberone
1437 3355 1701 3411 \Virtzbu
1711 3355 1903 3428 rgensi

257 3454 316 3507 et
371 3449 771 3523 Meginwardo
841 3443 1201 3517 Frisingensi
1258 3443 1558 3500 catholicis
1615 3445 1902 3518 episcopis

257 3541 636 3597 consecrant.
671 3535 770 3592 Ille
797 3551 934 3590 vero
965 3532 1290 3589 Gebehardi
1321 3533 1676 3590 sanctissimi
1705 3535 1900 3591 deces-
1941 3588 1944 3591 .

257 3628 408 3686 seris
435 3629 531 3685 sui
555 3626 798 3698 vestigiis
817 3623 1182 3690 insistens,uti
1213 3623 1272 3678 in
1294 3624 1558 3696 ejusdem
1575 3623 1902 3680 Gebehardi

254 3717 388 3773 Vita
417 3716 652 3790 legitur,
678 3717 739 3772 in
767 3713 1084 3786 defensione
1121 3715 1368 3769 veritatis
1393 3713 1675 3770 catholicae
1695 3721 1746 3770 et
1769 3729 1900 3785 pro-

251 3808 548 3880 pagatione
575 3804 859 3875 religionis
889 3801 1095 3859 divi-nae
1125 3799 1377 3857 multum
1407 3800 1722 3858 insudavit.
1742 3800 1902 3857 Hanc

255 3894 684 3952 ordinationem
710 3909 789 3949 vu
824 3891 959 3947 Idus
980 3888 1194 3962 Aprilis
1227 3888 1578 3946 celebratam
1601 3889 1784 3945 fuisse
1804 3889 1902 3944 ob-

254 3987 448 4042 servat
475 3985 680 4038 auctor
711 3978 977 4036 Chronici
1009 3977 1476 4052 Salisburgensis
1524 3979 1678 4050 apud
1730 3977 1898 4034 Cani-

255 4073 412 4129 sium
443 4075 601 4127 tome
633 4069 726 4137 VI,
763 4069 863 4142 qui
894 4067 1062 4124 addit
1081 4066 1462 4124 Thiemonem
1495 4067 1567 4123 ab
1601 4065 1830 4122 Urbano
1851 4067 1899 4122 II

253 4160 430 4235 pallio
460 4160 742 4216 donatum
774 4157 974 4214 fuisse.

704 4246 910 4303 LXXII.
945 4246 1248 4317 Privilegia
1275 4245 1456 4300 varia.

325 4338 540 4395 Eodem
588 4341 872 4408 tempore,
903 4334 952 4390 si
1002 4332 1203 4390 nullus
1233 4350 1386 4390 anno
1435 4337 1492 4389 et
1520 4348 1721 4390 mense
1752 4330 1903 4387 desi-

252 4426 508 4500 gnandis
549 4441 712 4482 error
754 4422 1074 4496 irrepserit,
1125 4421 1397 4479 Urbanus
1453 4421 1898 4494 praeposituram

252 4513 872 4588 Reitempurchensem
922 4511 982 4568 in
1032 4511 1426 4584 Frisingensis
1456 4509 1704 4566 Bavariaa
1736 4509 1898 4567 urbis

251 4603 484 4662 dioecesi
505 4599 1037 4674 sitam,apostolieae
1055 4599 1178 4656 sedi
1195 4616 1230 4656 a
1255 4599 1578 4672 Welphone
1608 4599 1896 4671 Bojoario-
1928 4622 1977 4688 Ι)

252 4711 383 4751 rum
432 4694 579 4750 duce
621 4693 866 4765 ejusque
913 4690 1162 4762 conjuge
1212 4688 1454 4746 Juditha
1491 4688 1768 4757 ablatam,
1801 4689 1898 4744 sub

250 4783 480 4856 speciali
509 4782 781 4838 Romanis
815 4779 1082 4836 Ecclesia:
1113 4780 1346 4834 mitione
1377 4777 1650 4850 suscepit.
1669 4776 1894 4833 Bullam

251 4889 320 4928 ea
348 4873 420 4928 de
452 4887 515 4927 re
551 4871 726 4926 refert
763 4867 1032 4925 Hundius
1058 4871 1216 4924 tome
1245 4865 1320 4922 III
1351 4865 1687 4938 metropolis
1717 4865 1896 4923 Salis-

252 4959 587 5033 burgensis.
621 4961 692 5014 At
721 4974 836 5014 non
885 4955 1029 5013 satis
1061 4954 1170 5011 sibi
1203 4958 1476 5010 constant
1505 4953 1897 5028 chronologici

252 5049 617 5106 characteres
675 5047 734 5102 in
787 5063 854 5102 ea
902 5044 1188 5118 appositi;
1239 5043 1375 5100 data
1424 5043 1638 5116 Quippe
1683 5043 1898 5098 dicitur

250 5135 526 5210 Anagnia:
549 5152 748 5192 mense
771 5134 1083 5192 Februario
1112 5132 1292 5204 hujus
1323 5131 1804 5200 anni,indictione
1827 5149 1897 5187 xv

252 5245 382 5300 qua:
411 5230 478 5284 eo
508 5243 661 5282 anno
685 5228 810 5282 erat
839 5240 973 5293 xm;
1008 5222 1218 5278 deinde
1249 5222 1539 5278 sententia
1585 5221 1896 5295 Scriptura:

253 5332 433 5373 sacrae
459 5332 585 5388 quae
613 5315 676 5370 in
709 5312 902 5387 sigillo
935 5309 1198 5368 adhiberi
1230 5309 1644 5378 solet,Urbano
1673 5310 1751 5367 IlI
1782 5327 1896 5366 non

253 5405 302 5462 ΙΙ
329 5404 616 5461 convenit.
642 5403 874 5460 Urbano
905 5407 1104 5457 tamen
1135 5400 1208 5456 III
1237 5399 1357 5456 haec
1380 5399 1544 5456 bulla
1573 5399 1750 5456 tribui
1781 5415 1896 5455 non

255 5497 464 5567 potest.
523 5497 611 5550 An
670 5492 1051 5560 Lanfrancus,
1101 5488 1199 5562 qui
1243 5488 1427 5560 illam,
1483 5489 1745 5556 absente,
1799 5493 1900 5545 aut

253 5583 401 5642 alias
431 5581 712 5656 impedito
732 5580 957 5638 Joanne
972 5577 1899 5651 cancellario,conscripsit,aliam
1939 5651 1944 5658 ‘

253 5673 605 5742 sententiam
636 5669 988 5758 adhibuerit,
1019 5667 1327 5731 incertum.
1355 5668 1576 5730 Caetera
1611 5683 1746 5729 vera
1775 5682 1898 5727 om-
1934 5733 1942 5740 ,

2012 3352 2153 3408 bent
2183 3351 2506 3425 diplomata
2535 3353 2672 3409 anni
2699 3355 3023 3428 sequentis,
3057 3355 3176 3414 imo
3225 3373 3332 3415 nec
3370 3355 3492 3414 ulla
3521 3355 3670 3414 alios

2013 3458 2144 3496 rum
2177 3457 2493 3515 annorum,
2527 3442 2574 3498 si
2616 3443 2762 3500 bene
2792 3445 3055 3502 memini.
3090 3445 3260 3506 Vetat
3300 3446 3562 3518 pontifex
3603 3445 3667 3504 in
3701 3497 3710 3506 .

2010 3530 2118 3587 hac
2149 3530 2310 3587 bulla
2337 3531 2720 3590 alienationes
2767 3533 3303 3592 eeclesiasticorum
3347 3535 3706 3602 bonorum,..

2009 3625 2066 3676 et
2096 3637 2168 3676 ne
2199 3637 2290 3676 res
2319 3621 2580 3677 defuncti
2610 3621 2891 3695 episcopi,
2924 3622 3011 3680 vel
3039 3623 3296 3680 ecclesias
3325 3641 3361 3680 a
3383 3623 3664 3697 quopiam

2009 3709 2334 3782 rapiantur,
2364 3726 2513 3782 quas
2543 3709 2666 3766 vult
2695 3728 2730 3766 a
2757 3711 3056 3778 canonicis
3089 3711 3346 3786 integras
3375 3713 3664 3770 reservari
3695 3765 3700 3772 .

2009 3798 2282 3871 episcopo
2314 3799 2639 3856 successori
2669 3800 2886 3858 futuro.

2078 3886 2252 3943 Aliud
2273 3887 2501 3960 insigne
2531 3887 2918 3962 privilegium,
2944 3891 3100 3962 apud
3131 3891 3499 3948 Tambur.De
3519 3891 3658 3962 jure

2010 3976 2166 4045 abb.,
2198 3981 2240 4032 t.
2275 3977 2344 4045 Il,
2375 3993 2433 4050 p.
2484 3978 2609 4046 468,
2651 3977 2825 4050 paulo
2877 3985 3009 4052 post
3058 3981 3408 4052 praecedens,
3458 3980 3518 4037 id
3567 3985 3660 4037 est

2010 4069 2172 4122 sexta
2199 4065 2292 4121 die
2321 4066 2586 4136 ejusdem
2618 4068 2838 4124 mensis
2865 4068 3354 4142 Aprilis,indulsit
3384 4069 3656 4128 Urbanus

2007 4153 2514 4211 Vallumbrosanis
2555 4156 2878 4226 monachis,
2909 4173 3024 4229 quo
3055 4175 3168 4213 non
3219 4159 3392 4214 modo
3444 4155 3656 4214 Vallis-

1926 4273 1934 4278 -
2009 4241 2309 4298 Umbrosze
2331 4244 2668 4302 monasterii
2696 4245 2982 4318 principis
3005 4247 3144 4317 jura
3159 4252 3217 4304 et
3232 4247 3656 4318 possessiones,

2008 4331 2111 4388 sed
2143 4332 2319 4388 etiam
2351 4338 2535 4390 totam
2560 4333 2879 4392 multorum
2905 4336 3551 4409 mon,asteriorum,quse
3573 4335 3659 4390 ibi

2009 4426 2290 4491 recenset,
2341 4425 2875 4496 congregationem,
2921 4430 3056 4482 ante
3115 4425 3340 4497 aliquot
3389 4442 3577 4486 annos
3624 4441 3702 4482 a.

2005 4509 2230 4567 Joanne
2281 4511 2596 4568 Gualberto
2654 4513 3010 4581 institutam,
3061 4514 3448 4573 conﬁrmavit.
3507 4515 3701 4574 Tum-

2008 4599 2270 4656 decernit
2299 4601 2558 4673 pontifex
2589 4605 2655 4656 ut
2684 4601 2802 4658 alia
2831 4603 3355 4676 monasteria,quaa
3385 4603 3659 4676 deinceps
3691 4653 3701 4664 .

2011 4688 2244 4745 novella:
2276 4689 2413 4746 huic
2445 4689 2882 4763 congregationi
2912 4693 3412 4765 aggregabuntur,
3445 4691 3658 4750 iisdem

2007 4778 2326 4853 privilegiis
2355 4779 2674 4853 gaudeant,
2704 4797 3026 4853 eorumque
3076 4781 3344 4838 omnium
3373 4785 3552 4854 caput
3580 4781 3660 4838 sit

2004 4867 2136 4940 ipsa
2162 4867 2676 4925 Vallis-Umbrosis
2708 4869 2962 4938 abbatis;
2981 4871 3244 4942 adeoque
3271 4870 3577 4929 constituit
3592 4873 3658 4927 ut

2005 4957 2076 5014 ad
2109 4958 2238 5028 ejus
2270 4955 2500 5012 abbatis
2529 4955 2892 5026 electionem,
2923 4963 3135 5032 praeter
3163 4959 3276 5016 loci
3308 4958 3652 5027 monachos,

2006 5047 2336 5119 superiores
2367 5063 2600 5118 quoque
2629 5052 2969 5103 caeterorum
2986 5049 3254 5106 omnium
3275 5047 3657 5108 monasterio-

2006 5152 2136 5190 rum
2187 5135 2657 5206 congregationis
2704 5137 2967 5210 suﬁ‘ragii
3008 5137 3112 5209 jus
3155 5138 3446 5208 habeant;
3498 5143 3556 5193 et
3603 5137 3654 5194 si

2007 5223 2304 5296 quispiam
2353 5238 2422 5278 ex
2465 5223 2580 5280 illis
2623 5225 2956 5296 abbatibus,
2990 5227 3062 5284 ad
3109 5229 3363 5298 generale
3406 5229 3655 5296 regimen

2009 5313 2207 5369 electus
2237 5311 2684 5380 fuerit,dimissa
2710 5315 2946 5388 propria
2975 5317 3230 5384 abbatis,
3248 5317 3318 5373 ad
3341 5315 3658 5390 principale
3695 5361 3700 5372 .

2005 5401 2310 5457 coenobium
2339 5406 2599 5472 transeat,
2618 5403 2788 5475 cujus
2818 5411 2966 5462 nutu
2995 5409 3179 5463 omnia
3199 5409 3360 5463 unita
3385 5413 3656 5462 monaste-
3695 5459 3702 5470 ,

2007 5491 2096 5546 ria
2127 5491 2641 5564 regantur.Datum
2671 5498 2761 5549 est
2792 5493 2983 5552 Romae
3015 5495 3126 5552 hoc
3157 5513 3308 5552 anno
3335 5493 3656 5565 1090,indi-

2014 5579 2204 5637 ctione
2232 5581 2456 5647 xm,die
2482 5597 2583 5636 vui
2616 5580 2752 5637 Idus
2782 5583 3246 5656 Aprilis,Urbani
3277 5583 3657 5658 pontificatus

2010 5686 2164 5734 anno
2192 5670 2247 5744 3,
2280 5685 2408 5748 quae
2437 5674 2586 5733 notae
2618 5686 2822 5734 omnes
2867 5673 3133 5752 apprime
3180 5673 3295 5736 sibi
3339 5672 3652 5754 cohaerent,
3693 5725 3706 5749 ,
