3972 6390
152 446 231 515 69
1715 444 1925 514 VITA.
2058 446 2063 451 ’
2201 459 2211 469 ·
3486 456 3567 521 70

155 589 213 642 at
239 584 463 642 mirum
486 587 577 641 est
607 580 668 641 in
717 580 817 640 ille
848 579 1150 657 privilegio
1179 598 1475 656 nusquam
1507 583 1802 654 abbatem,
1832 578 1888 658 Α
1917 588 1981 641 ut
2001 584 2218 643 electus
2236 586 2416 644 abbas
2440 587 2814 645 a'l‘uronensi
2839 586 3276 662 archiepiscopo
3296 604 3568 645 consecra-

156 675 253 749 qui
277 679 419 732 tunc
432 673 910 732 Valli-Umbrosze
923 677 1185 747 praeerat,
1208 673 1581 730 nominatum
1601 674 1807 741 fuisse;

1918 679 2120 731 tionem
2177 678 2433 749 accipiat,
2492 678 2593 733 sed
2655 679 2773 734 sine
2827 680 3005 734 omnis
3064 677 3419 751 professionis
3472 693 3566 732 ex-

154 764 298 822 forle
329 765 511 840 quod,
544 780 680 821 cum
728 762 789 819 in
822 763 1015 820 omnis
1044 763 1510 837 congregationis
1539 763 1807 838 'gratiam
1915 765 2145 821 actione.
2167 765 2325 821 Hanc
2344 765 2858 823 clausulaminseri
2882 766 3104 824 curavit
3123 766 3385 839 pontifex
3407 782 3570 822 occa-

156 871 506 912 concessum
527 853 737 910 fuisset
748 853 822 910 ad
843 854 971 925 ejus
982 852 1253 927 generale
1270 853 1528 926 regimen
1548 858 1807 910 statuen-

157 943 323 1013 dum,
373 943 561 1000 satius
610 940 963 1015 judicaverit
1015 941 1275 1015 pontifex
1327 940 1475 997 illud
1533 940 1808 998 omnibus

157 1033 497 1090 universum
539 1031 823 1088 membris
853 1047 1031 1104 quam
1064 1030 1339 1104 cuiquam
1370 1031 1650 1086 abbatum
1681 1047 1810 1103 spe-

158 1120 384 1179 cialiter
411 1121 751 1178 inscribere.
782 1120 949 1176 Tunc
976 1137 1112 1176 vero
1139 1118 1291 1175 Valli
1323 1119 1624 1175 Umbrosw
1665 1138 1808 1193 prie-

156 1215 283 1268 erat
311 1210 592 1268 Rusticus
635 1209 787 1266 beati
818 1209 1062 1266 Joannis
1094 1208 1393 1266 Gualberti
1425 1213 1559 1284 post
1589 1210 1814 1266 Rodul-

159 1301 284 1356 fum
316 1316 645 1356 successor.

160 1406 407 1464 LXXIII.
483 1407 768 1463 Decretum
840 1406 1054 1461 Rustico
1130 1406 1316 1462 abbati
1397 1407 1811 1474 Vallumbrosm,

231 1483 356 1605 Etet,
386 1480 732 1551 inscriptum.
792 1478 875 1534 An
907 1477 1062 1532 aliud
1101 1494 1204 1550 pro
1247 1478 1517 1534 limitibus
1573 1479 1815 1535 ditecesis

278 1565 486 1605 awnae.

278 1565 486 1608 om.

234 1640 291 1696 Is
318 1639 447 1712 ipse
468 1638 864 1706 estRusticus,
888 1637 986 1711 qui
1007 1637 1186 1694 simul
1209 1655 1341 1693 cum
1358 1638 1523 1694 Petro
1545 1637 1815 1710 episcopo

163 1727 509 1785 Pistoriensi
552 1728 853 1784 Urbanum
907 1726 1300 1794 consuluerat,
1334 1728 1405 1782 de
1451 1727 1816 1783 ordinatione

169 1816 487 1875 Daimberti
519 1833 693 1890 quem
722 1833 757 1873 a
783 1814 1078 1873 Wecilone
1111 1815 1544 1888 archiepiscopo
1574 1816 1818 1887 Mogun-

165 1906 314 1974 tino,
363 1905 745 1962 schismatico
788 1903 965 1961 simul
1015 1909 1072 1961 et
1119 1904 1470 1973 Simoniaco,
1505 1904 1817 1960 diaconum

166 1982 530 2065 ordinatum,
577 1995 705 2068 ipse
758 1994 1018 2067 pontifex
1046 1993 1104 2048 in
1154 1993 1493 2066 episcopum
1540 1993 1820 2049 Pisanum

167 2087 633 2142 consecraverat.
659 2082 874 2140 Urbani
911 2098 1257 2155 responsum
1292 2097 1325 2137 a
1355 2080 1581 2137 Labbeo
1601 2085 1759 2137 torno
1778 2081 1822 2137 Χ

168 2172 565 2230 Conciliorum
597 2190 666 2229 ex
693 2189 807 2229 ms.
849 2172 1044 2228 codice
1074 2173 1130 2227 S.
1179 2170 1433 2226 Victoris
1473 2169 1823 2227 Parisiensis

169 2262 393 2318 editum
407 2265 518 2319 est.
533 2260 636 2317 Cui
645 2262 670 2333 j
680 2261 950 2334 ungenda
969 2259 1151 2316 altera
1162 2261 1232 2316 ad
1246 2261 1479 2316 eosdem
1496 2259 1820 2332 responsio,

169 2368 272 2408 seu
303 2349 526 2422 potius,
558 2354 628 2405 ut
654 2350 890 2422 quidem
939 2347 1257 2405 verisimile
1296 2352 1406 2418 est,
1437 2344 1701 2420 ejusdem
1735 2366 1825 2404 re-

170 2437 511 2512 sponsionis
527 2437 709 2495 altera
728 2455 864 2511 pars
882 2455 1009 2510 quae
1030 2438 1184 2511 apud
1207 2437 1552 2494 Gratianum
1573 2437 1826 2493 habetur

170 2546 234 2597 ιι,
269 2545 328 2602 q.
361 2530 418 2597 7,
450 2545 501 2584 c.
529 2531 623 2594 24,
655 2529 991 2584 Daibertum.
1013 2527 1076 2583 In
1095 2530 1341 2599 utraque
1363 2526 1634 2583 Urbanus
1651 2543 1826 2600 agno-

174 2618 286 2674 scit
312 2617 429 2673 sibi
483 2633 602 2673 non
654 2616 1081 2690 incompertum
1132 2616 1315 2672 fuisse
1364 2617 1762 2672 Daimbertum
1794 2632 1829 2671 a

177 2705 480 2763 Wecilone
510 2705 885 2762 schismatico
915 2704 1288 2761 diaconatum
1332 2704 1685 2777 suscepisse.
1718 2704 1826 2760 Sed

176 2800 375 2853 tamen
426 2795 531 2867 qui
577 2794 676 2849 ille
705 2810 812 2851 non
845 2796 1158 2851 Simoniace
1194 2796 1382 2849 fuerat
1410 2795 1736 2860 ordinatus,
1768 2810 1831 2848 ac

176 2902 402 2962 corpore
431 2888 483 2941 et
511 2885 713 2957 spiritu
740 2886 809 2940 ab
842 2885 1118 2942 haereticis
1147 2899 1394 2955 egressus
1426 2884 1632 2950 fuerat,
1664 2900 1827 2938 eum-

178 2976 309 3031 dem
337 2974 680 3030 utilitatibus
706 2974 955 3028 Ecclesiae
995 2989 1097 3045 pro
1123 2974 1334 3028 viribus
1361 2972 1730 3038 insudantem,
1764 2989 1833 3028 ex

180 3067 412 3136 integro,
449 3062 713 3119 Ecclesiae
754 3064 1072 3118 necessitate
1116 3064 1426 3131 ingruente,
1457 3061 1748 3117 diaconum
1776 3079 1832 3118 se

179 3154 529 3210 constituisse
556 3152 872 3224 respondet
892 3151 1168 3224 pontifex.
1193 3151 1365 3206 Nulla
1388 3154 1477 3206 est
1502 3151 1560 3204 in
1584 3154 1833 3222 utroque

180 3243 277 3299 illo
326 3258 614 3315 responso
672 3240 952 3312 temporis
1004 3244 1160 3305 nota,
1213 3256 1276 3295 ac
1308 3256 1441 3295 cum
1502 3244 1725 3293 eertum
1758 3238 1835 3294 sit

1919 853 2082 910 sione
2139 854 2545 927 professionis,
2596 872 2773 928 quam
2815 856 3073 928 episcopi
3105 857 3175 912 ab
3227 854 3571 912 ordinandis

1920 943 2233 999 abbatibus
2281 944 2507 1017 exigere
2553 948 2695 1000 tunc
2741 945 3025 1017 temporis
3072 944 3382 1013 volebant;
3435 960 3571 1000 cum

1919 1033 2244 1088 econtrario
2273 1032 2425 1088 hanc
2455 1038 2730 1106 prastare
2753 1038 3074 1090 renuerunt
3107 1034 3365 1103 abbates,
3391 1032 3571 1089 etiam

1920 1138 2036 1177 non
2066 1121 2340 1195 exempti,
2365 1123 2519 1195 quod
2554 1123 2611 1178 in
2642 1140 2711 1179 ea
2739 1122 2933 1179 nescio
2966 1122 3105 1196 quid
3130 1121 3446 1179 Simoniaci
3482 1121 3572 1176 in-

1919 1210 2210 1266 venirent:
2260 1216 2537 1283 praaterea
2583 1211 2834 1283 exempti
2864 1212 3173 1278 timebant,
3206 1228 3279 1268 ne
3307 1227 3374 1267 eo
3404 1214 3573 1283 pacto

1920 1299 2328 1372 episcoporum
2339 1301 2741 1372 jurisdictioni
2763 1300 2975 1372 subjici
2994 1301 3436 1357 viderentur.De
3457 1317 3576 1373 qua

1922 1389 2317 1445 controversia
2369 1394 2567 1446 actum
2623 1395 2714 1446 est
2769 1389 2959 1446 fusius
3021 1390 3077 1445 in
3135 1390 3469 1463 praefatione
3501 1389 3574 1444 ad

1924 1477 2176 1550 primam
2205 1482 2426 1550 partem
2448 1481 2721 1534 Actorum
2749 1485 3087 1534 sanctorum
3122 1479 3345 1534 ordinis
3377 1479 3433 1535 S.
3469 1479 3575 1534 Be-

1924 1567 2137 1623 nedicti
2156 1566 2361 1624 Saeculi
2392 1567 2480 1634 XI,
2502 1570 2528 1636 §
2548 1568 2601 1623 3.
2635 1568 2846 1623 Datum
2869 1573 2958 1623 est
2973 1566 3577 1639 Majoris-Monasterii

1924 1654 2293 1729 privilegium
2317 1655 2411 1712 die
2428 1674 2519 1712 xvi
2544 1656 2837 1713 Kalendas
2859 1656 3015 1712 Maii.
3038 1658 3111 1711 At
3129 1655 3358 1729 magnis
3374 1659 3579 1727 postea

1926 1744 2337 1801 controversiis
2385 1745 2748 1801 occasionem
2796 1745 3060 1817 praebuit.
3092 1744 3315 1817 Quippe
3344 1752 3478 1801 eum
3509 1761 3579 1800 ex

1926 1833 2171 1906 antiqua
2195 1834 2615 1889 consuetudine
2636 1833 3115 1906 archiepiscopus
3130 1838 3186 1889 et
3204 1833 3395 1890 clerus
3416 1833 3579 1889 urbis

1928 1923 2183 1979 solerent
2222 1922 2498 1995 paschale
2530 1923 2742 1978 festum
2775 1923 2833 1978 in
2866 1921 3455 1995 Majori-Monosterio
3486 1938 3580 1979 ce-

1928 2011 2171 2079 lebrare,
2196 2016 2253 2067 et
2283 2029 2351 2068 ea
2381 2011 2683 2068 occasione
2716 2010 2902 2067 multa
2933 2012 3137 2068 ﬁerent
3160 2010 3364 2067 illicita
3389 2017 3584 2069 tantae-

1932 2118 2045 2174 que
2076 2099 2433 2157 solemnitati
2464 2100 2621 2156 haud
2656 2101 3055 2174 congruentia,
3094 2118 3221 2174 quae
3251 2101 3360 2157 hoc
3404 2103 3583 2175 privi-

1928 2190 2078 2263 legio
2108 2190 2511 2257 abolebantur,
2535 2190 2593 2245 id
2627 2207 2775 2261 zegre
2804 2190 3071 2246 tulerunt
3094 2189 3308 2259 clerici,
3342 2208 3409 2247 ac
3435 2191 3582 2247 nihil

1932 2296 2046 2334 non
2075 2281 2355 2335 adversus
2389 2279 2706 2334 monachos
2731 2279 3115 2345 intentarunt,
3140 2278 3378 2336 obtenta
3406 2281 3583 2336 etiam

1933 2369 2214 2424 adversus
2232 2385 2331 2423 eos
2349 2384 2383 2423 a
2403 2367 2712 2441 Rodulpho
2733 2366 3168 2440 archiepiscopo
3190 2383 3586 2425 excommuni-

1934 2457 2179 2514 eationis
2234 2457 2546 2523 sententia,
2601 2460 2663 2511 ut
2720 2455 2863 2511 illud
2918 2455 3289 2528 privilegium
3348 2457 3584 2513 irritum

1934 2548 2228 2615 facerent;
2279 2546 2485 2601 exinde
2530 2544 2707 2600 veluti
2748 2549 2946 2617 aperto
2977 2544 3128 2600 bello
3173 2546 3231 2601 in
3266 2546 3585 2603 monachos

1936 2635 2017 2690 ita
2038 2633 2425 2690 desaevierunt
2455 2637 2519 2689 ut
2549 2634 2723 2689 etiam
2747 2650 3030 2699 annonas,
3058 2650 3184 2705 quae
3208 2633 3268 2689 in
3296 2640 3588 2691 monaste-

1937 2725 2089 2779 rium
2105 2722 2878 2794 deferebantur,diriperent.
2890 2721 3136 2778 Rodulfo
3150 2722 3586 2796 archiepiscopo

1940 2818 2189 2881 mortuo,
2223 2812 2273 2868 ei
2304 2810 2451 2868 alter
2495 2811 2858 2885 cognominis
2889 2811 2947 2867 in
2979 2811 3115 2867 sede
3145 2816 3203 2867 et
3233 2811 3292 2866 in
3321 2813 3453 2869 odio
3484 2814 3585 2868 ad-

1936 2919 2142 2957 versus
2193 2901 2511 2957 monachos
2570 2901 2873 2967 successit,
2931 2904 2988 2955 et
3017 2899 3154 2956 licet
3211 2899 3456 2972 pallium
3515 2902 3587 2958 ab

1941 2990 2172 3047 Urbano
2204 2990 2516 3063 impetrare
2540 3007 2657 3045 non
2688 2988 2994 3062 potuisset,
3019 2990 3162 3061 quin
3194 2988 3357 3062 prius
3381 2989 3591 3069 fuisset

1942 3079 2234 3152 pollicitus
2266 3096 2325 3135 se
2359 3078 2958 3151 Maioris-Monasterii
3005 3077 3303 3151 privilegio
3327 3077 3588 3135 obeditu-

1942 3167 2436 3241 rum,sponsionis
2450 3171 2647 3223 tamen
2661 3184 2778 3222 suae
2793 3167 3244 3240 postpaululum
3259 3168 3589 3239 immemor,

1943 3257 2263 3313 monachos
2294 3274 2497 3313 vexare
2529 3256 2851 3312 decessoris
2873 3256 2964 3311 sui
2994 3256 3258 3329 exemplo
3287 3273 3403 3312 non
3422 3256 3594 3312 desti-

183 3331 503 3388 Daimberti
553 3330 1003 3397 ordinationem,
1057 3331 1227 3401 cujus
1268 3328 1571 3385 occasione
1604 3328 1826 3401 scriptae

1948 3348 2031 3414 tit,
2083 3348 2266 3403 donec
2315 3363 2376 3402 re
2421 3345 2598 3401 variis
2629 3346 2687 3400 in
2745 3328 3181 3418 episcOporumi
3209 3345 3590 3410 conventibus

186 3425 324 3477 sunt
371 3417 489 3474 illa:
545 3417 771 3486 litterae,
805 3419 876 3473 ad
923 3418 1144 3490 primos
1193 3417 1582 3490 pontificatus
1614 3415 1833 3472 Urbani

187 3525 371 3567 annos
421 3508 810 3565 revocandam
859 3523 1007 3576 esse,
1041 3506 1135 3562 vix
1189 3506 1345 3562 ultra
1395 3506 1554 3562 hunc
1611 3523 1832 3561 annum

188 3598 407 3655 differri
478 3601 747 3670 possunt.
805 3597 992 3661 Quare
1049 3612 1148 3651 eas
1202 3595 1316 3650 huc
1372 3596 1585 3651 referre
1640 3596 1832 3651 visum

186 3693 291 3744 est.

251 3777 379 3833 Huc
409 3776 584 3832 etiam
634 3774 832 3831 referri
884 3789 1056 3847 posse
1106 3773 1249 3829 mihi
1293 3773 1610 3845 aliquando
1639 3771 1831 3830 visum

182 3871 269 3923 est
319 3864 541 3922 Urbani
599 3863 844 3931 bullam,
896 3881 1013 3936 qua
1069 3863 1328 3935 pontifex
1374 3862 1717 3918 Baionensis
1773 3862 1832 3916 in

180 3954 719 4028 Novempopulania
766 3951 964 4009 Gallia:
995 3952 1293 4024 provincia
1320 3950 1583 4007 dioecesis
1612 3951 1834 4006 limites

180 4043 613 4116 praescripsisse
639 4042 852 4097 dicitur
880 4042 1034 4113 apud
1065 4039 1569 4111 Saminarthanos,
1601 4044 1762 4096 tomo
1781 4039 1834 4096 II

179 4132 380 4189 Gallia
434 4130 799 4199 Christianae,
834 4130 1073 4186 laudato
1119 4147 1186 4186 ea
1207 4130 1288 4186 'de
1317 4146 1377 4185 re
1407 4128 1646 4203 scripto,
1677 4131 1831 4201 quod

182 4222 386 4279 datum
410 4222 577 4278 aiunt
597 4237 633 4277 v
656 4221 781 4277 Idus
798 4221 1025 4293 Aprilis,
1047 4220 1345 4277 indictione
1359 4237 1481 4286 xm,
1503 4236 1650 4275 anno
1673 4220 1830 4274 1106.

181 4311 248 4367 Et
288 4311 534 4385 quidem
574 4308 686 4366 hoc
717 4326 869 4366 anno
898 4310 1210 4365 defunctus
1240 4312 1363 4365 erat
1392 4308 1696 4377 Urbanus;
1730 4308 1831 4364 sed

180 4417 248 4457 ex
277 4399 623 4466 indictione,
656 4415 785 4472 quas
816 4415 967 4455 anno
998 4399 1137 4455 1090
1175 4397 1461 4466 convenit,
1514 4397 1830 4454 emendan-

181 4490 322 4546 dum
339 4504 473 4546 esse
487 4488 870 4560 conjiciebam
894 4486 1269 4560 exscriptoris
1289 4490 1568 4543 erratum.
1590 4486 1831 4556 Verum,

177 4578 320 4635 visis
348 4579 481 4651 ejus
510 4576 779 4633 Ecclesiae
820 4576 1236 4645 monumentis,
1270 4593 1397 4648 qua:
1430 4592 1661 4632 meeum
1695 4575 1831 4630 illu-

1943 3436 2179 3510 agitata,
2197 3436 2430 3491 tandem
2464 3436 2521 3490 in
2546 3434 2789 3491 concilio
2812 3434 3262 3491 Claromontano
3284 3436 3591 3492 concordia

1942 3525 2089 3580 inita
2120 3524 2250 3591 fuit,
2283 3528 2348 3579 ut
2378 3524 2642 3579 dicemus
2674 3525 2745 3579 ad
2779 3541 3000 3579 annum
3039 3525 3196 3580 1095.
3230 3525 3450 3579 Tamen
3483 3524 3591 3582 has

1942 3615 2096 3670 rixas
2139 3617 2271 3685 post
2316 3612 2534 3669 Urbani
2582 3612 2807 3667 obitum
2858 3612 3228 3669 recruduisse
3278 3629 3347 3668 ex
3399 3613 3594 3670 Ivonis

1942 3702 2187 3775 epistola
2218 3703 2320 3756 108
2349 3700 2517 3756 facile
2547 3699 2741 3773 colligi
2774 3706 2979 3772 potest.
3572 3720 3577 3725 ·

2013 3793 2089 3848 Eo
2120 3796 2401 3863 tempore,
2453 3793 2554 3844 aut
2596 3794 2769 3857 certe,
2803 3793 2868 3845 ut
2915 3787 3161 3858 videtur,
3212 3789 3339 3861 jam
3395 3793 3587 3859 antea,

1944 3880 2232 3937 Bernardo
2254 3880 2518 3951 ejusdem
2536 3878 2646 3934 loci
2669 3878 2864 3935 abbati
2883 3879 3199 3951 scripserat
3220 3879 3489 3936 Urbanus
3518 3880 3589 3936 de

1943 3969 2287 4033 dimittenda
2338 3968 2682 4024 monasterii
2740 3966 3025 4040 regimine
3073 3968 3374 4041 cogitanti,
3434 3969 3588 4042 quod

1928 4045 2139 4129 inescio
2188 4057 2333 4130 quid
2394 4057 2584 4113 vitiosi
2616 4056 2673 4111 in
2729 4074 2898 4114 suam
2931 4056 3119 4130 ipsius
3166 4056 3589 4114 ordinationem

1942 4145 2248 4220 irrepsisse
2299 4151 2613 4201 vereretur.
2675 4145 2787 4201 Sed
2845 4161 2972 4200 eam
3029 4144 3262 4216 culpam
3310 4145 3360 4200 si
3393 4141 3591 4217 aliqua

1943 4238 2170 4304 fuisset,
2192 4252 2258 4291 ac
2281 4235 2809 4308 quomodocunque
2840 4233 3200 4306 contigisset,
3223 4234 3275 4291 ei
3297 4235 3589 4290 condona-

1940 4328 2022 4384 vit
2068 4325 2344 4399 pontifex,
2376 4342 2445 4381 ea
2483 4324 2832 4390 conditione,
2867 4328 2931 4380 ut
2961 4324 3031 4379 de
3086 4326 3289 4380 caetero
3340 4324 3587 4380 fratrum

1941 4431 2182 4474 suorum
2212 4416 2380 4470 saluti
2426 4415 2749 4485 vigilantius
2786 4431 2851 4471 ac
2889 4415 3188 4486 ferventius
3228 4415 3439 4470 instare
3477 4429 3589 4469 non

1940 4505 2229 4561 desineret.
2280 4505 2455 4561 Porro
2501 4521 2569 4560 ex
2618 4503 2811 4560 Ivonis
2860 4501 3169 4559 Carnoteni
3218 4500 3468 4575 epistola
3517 4503 3588 4559 73

1940 4594 2346 4666 intelligimus,
2380 4594 2441 4649 ni
2490 4592 2678 4660 fallor,
2710 4593 2820 4649 hoc
2849 4592 3044 4667 ipsum
3077 4592 3232 4665 quod
3265 4592 3324 4647 in
3354 4591 3587 4649 ordina-

180 4668 516 4765 δυ’ίεείωῖξε
532 4666 1060 4765 διξίυξδίθῆιῙῖΘ-Πειῗιιῗ
1075 4665 1416 4765 “ﬁamus
1435 4666 1505 4721 de
1528 4665 1828 4765 Βθειυξθαυ
1862 4699 1909 4765 D
1940 4684 2096 4740 tione
2125 4665 2403 4738 Bernardi
2434 4665 2987 4754 reprehendebatur,
3014 4680 3159 4737 nihil
3190 4680 3350 4737 aliud
3382 4681 3586 4749 fuisse,

179 4754 607 4813 communicari
628 4754 831 4826 jussit,
859 4753 1213 4827 deprehendi
1237 4769 1490 4810 errorem
1524 4770 1651 4811 esse
1670 4755 1831 4809 Sam-

180 4846 655 4911 marthanorum,
687 4843 789 4916 qui
824 4842 1117 4900 Paschalis
1149 4843 1198 4899 II
1237 4843 1462 4899 bullam
1496 4843 1728 4900 incaute
1758 4843 1829 4899 ad

178 4933 482 4992 Urbanum
535 4932 985 4989 transtulerunt.
1030 4934 1095 4988 In
1149 4949 1219 4989 ea
1259 4936 1458 4989 tamen
1516 4932 1830 5006 legendum

179 5024 487 5081 indictione
531 5040 648 5091 xw,
700 5028 800 5079 aut
831 5027 986 5079 certe
1045 5022 1330 5079 dicendus
1361 5026 1450 5077 est
1480 5022 1737 5095 pontifex
1769 5027 1832 5078 ut

179 5129 331 5186 sepe
359 5112 531 5181 alias,
576 5116 815 5168 secutus
843 5111 1025 5167 fuisse
1057 5110 1347 5167 calculum
1378 5110 1680 5179 Pisanum,
1715 5128 1829 5183 quo

182 5218 370 5260 annus
401 5220 437 5259 a
466 5202 585 5258 ﬁne
614 5200 996 5275 prlecedentis
1024 5200 1217 5258 Martii
1247 5200 1648 5257 inchoabatur.

372 5307 615 5367 LXXIV.
646 5309 1013 5381 Privilegium
1040 5308 1632 5382 Majom's-Monasterii.

246 5399 367 5457 Hoc
396 5396 561 5456 item
589 5415 793 5456 mense
823 5400 1028 5457 datum
1081 5404 1171 5457 est
1218 5398 1412 5455 Romae
1460 5397 1829 5472 privilegium

174 5487 784 5561 ,Majoris-Monasterii
797 5505 977 5562 prope
987 5489 1289 5546 Turonum
1302 5487 1505 5544 urbem
1515 5487 1830 5557 ,Bernardo

178 5578 371 5634 abbati
386 5577 1160 5652 inscriptum;quoUrbanus
1172 5577 1368 5651 ipsum
1383 5576 1828 5647 monasterium,

177 5667 260 5723 uti
280 5667 413 5740 jam
444 5683 478 5723 a
505 5665 739 5725 Victore
777 5665 853 5724 IlI
880 5665 1177 5724 indultum
1209 5667 1416 5735 fuerat,
1450 5664 1561 5722 sub
1592 5666 1832 5739 speciali

178 5755 333 5818 tedis
353 5754 689 5835 apostolicae
714 5742 899 5819 tutela
919 5754 1196 5841 suscipit;
1219 5770 1285 5818 eo
1305 5759 1496 5835 pacto,
1519 5754 1672 5816 inter
1692 5755 1827 5834 alia,

1941 4790 2118 4845 quam
2141 4770 2562 4846 professionem
2593 4771 3027 4844 archiepiscopo
3059 4771 3130 4826 ab
3156 4787 3222 4827 eo
3253 4786 3387 4826 cum
3417 4770 3588 4849 bene-

1940 4861 2229 4918 diceretur
2275 4860 2619 4934 praestitum.
2654 4860 2739 4914 Ibi
2796 4860 2952 4916 enim
3011 4860 3091 4916 ait
3148 4860 3242 4916 Ivo
3291 4858 3493 4914 mirari
3524 4876 3587 4918 se

1942 4953 2097 5025 quod
2150 4947 2745 5024 Majoris-Monasterii
2803 4949 3010 5006 fratres
3068 4965 3217 5022 aegre
3250 4965 3357 5004 suo
3386 4948 3586 5006 abbati

1939 5041 2261 5109 obedircnt,
2312 5056 2439 5095 eam
2486 5039 2558 5095 ob
2608 5054 2846 5094 causam
2893 5038 3047 5109 quod
3079 5037 3152 5093 ab
3183 5036 3584 5110 achiepiscopo

1939 5130 2439 5186 excommunicato
2458 5126 2818 5194 benedictus,
2835 5126 2956 5182 sedi
2975 5126 3102 5196 ejus
3126 5124 3584 5198 metropolitanae

1938 5219 2360 5292 subjectionem
2392 5216 2777 5291 promisisset.
2819 5215 2982 5280 Quod
3016 5213 3287 5271 frivolum
3310 5215 3470 5272 Ivoni
3500 5215 3586 5272 vi-

1939 5310 2207 5378 debatur,
2242 5307 2559 5364 abbatibus
2588 5305 2697 5362 hac
2724 5304 2784 5361 in
2817 5321 2876 5361 re
2906 5306 2963 5361 et
3000 5303 3303 5361 monachis
3340 5303 3589 5362 minime

1938 5397 2173 5454 faventi.

2364 5483 2572 5541 LXXV.
2603 5483 2909 5540 Concilium
2936 5482 3154 5540 Tolosae.

2009 5576 2130 5640 Quo
2162 5577 2422 5645 tempore
2455 5573 2577 5629 haec
2603 5571 2873 5629 Urbanus
2902 5571 2962 5626 in
2992 5570 3160 5627 Italia
3189 5570 3424 5644 gerebat
3453 5569 3582 5641 ejus

1938 5664 2111 5739 legati
2124 5662 2276 5738 apud
2289 5660 2559 5719 Tolosam
2583 5659 2895 5718 concilium
2913 5660 2971 5716 in
2994 5659 3197 5718 Galliis
3217 5658 3583 5716 celebrarunt

1939 5755 2094 5816 circa
2110 5753 2326 5815 festum
2348 5750 2740 5827 Pentecostes,
2764 5750 2919 5831 quod
2948 5747 3254 5811 Bertoldus
3272 5744 3582 5823 generalem
