3972 6366
402 375 480 441 71
1700 375 1775 441 Β.
1819 374 2021 439 URBA

2259 370 2510 436 ΡΑΡᾸΞ..
3732 366 3820 432 ’72

398 509 669 584 synodum
700 507 973 584 appellat,
1005 512 1063 566 et
1100 509 1174 567 ad
1203 526 1382 584 quam
1411 512 1682 584 episcopos
1709 509 2054 566 diversarum
2082 508 2138 580 Α
2169 507 2304 570 tulit
2331 505 2608 580 pontifex,
2641 519 2892 578 moxque
2924 501 3270 586 conscriptis
3299 504 3371 564 ad
3401 502 3715 580 Rogerium
3757 507 3824 558 et.

395 601 814 678 provinciarum
843 599 1202 666 convenisse,
1237 597 1439 673 ibique
1457 599 1754 656 Urbanum
1781 616 1884 672 per
1914 615 2053 656 suos

401 687 623 767 legatos
651 688 828 749 multa
857 689 917 746 in
947 689 1328 744 ecclesiasticis
1375 691 1554 746 causis
1583 704 1706 761 quae
1733 687 2056 757 corrigenda

399 781 580 846 erant,
626 778 927 834 correxisse
973 776 1195 832 scribit.
1241 777 1302 833 In
1335 793 1400 834 eo
1429 777 1698 846 concilio,
1731 778 1815 834 uti
1851 793 2053 849 prose-

401 865 603 940 quitur
643 863 801 922 idem
851 868 1074 932 auctor,
1122 867 1410 924 Tolosanus
1463 869 1740 940 episcopus
1785 867 1848 922 de
1879 866 2055 924 illatis

397 955 506 1010 sibi
533 955 863 1022 criminibus
891 963 1226 1026 erpurgatus
1268 964 1362 1024 est,
1409 966 1460 1013 et
1491 957 1690 1028 legatio
1713 972 1815 1029 pro
1841 963 2051 1012 restau-

397 1043 576 1102 randa
606 1044 1020 1102 Christianitate
1046 1045 1106 1100 in
1140 1045 1393 1101 Toletana
1419 1048 1657 1116 civitate,
1705 1061 1829 1118 rege
1857 1045 2050 1117 Hispa-

397 1149 598 1191 norum
651 1133 1014 1208 supplicante,
1045 1132 1319 1190 destinata
1349 1131 1480 1189 fuit.
1515 1133 1674 1192 Hanc
1702 1149 1876 1206 porro
1905 1150 2048 1189 non-

398 1220 546 1281 nulli
577 1238 730 1282 anno
763 1221 923 1288 1089,
961 1221 1079 1277 imo
1128 1225 1186 1278 et
1217 1221 1313 1277 alii
1355 1223 1712 1296 prmeedente
1743 1222 2050 1296 consigna-

398 1314 554 1380 rant,
605 1310 699 1370 cui
748 1310 1108 1366 Bernardum
1142 1310 1488 1368 Toletanum
1521 1311 2046 1387 archiepiscopum,

397 1417 467 1456 ex
493 1399 698 1456 itinere
748 1398 1031 1466 Romano,
1063 1403 1130 1454 ut
1174 1398 1299 1454 vult
1347 1400 1663 1459 Rodericus
1709 1399 2048 1474 Toletanus,

397 1487 736 1550 redeuntem
772 1486 1108 1542 interfuisse
1129 1485 1350 1546 dicunt.
1375 1489 1450 1546 At
1472 1487 1566 1544 his
1587 1488 1944 1561 praeferenda
1960 1492 2050 1544 est

394 1575 800 1643 Bertoldi,tum
826 1575 1095 1645 viventis,
1115 1577 1450 1644 auctoritas,
1475 1577 1573 1649 qui
1603 1577 1836 1634 disertis
1856 1577 2048 1634 verbis

393 1681 522 1721 eam
551 1681 705 1720 anno
731 1664 870 1720 1090
891 1663 1048 1720 circa.
1067 1664 1279 1721 festum
1305 1665 1672 1720 Pentecostes
1696 1665 2047 1726 celebratam

393 1753 577 1810 fuisse
607 1752 838 1810 asserit.
894 1753 1060 1809 Haud
1105 1758 1303 1810 tamen
1335 1753 1658 1810 difﬁtemur
1687 1754 2047 1811 Bernardum

393 1841 742 1899 Toletanum
773 1842 828 1900 ei
880 1841 1239 1912 interfuisse,
1273 1842 1430 1915 quod
1484 1843 1756 1916 colligere
1813 1843 1947 1899 licet
1975 1859 2044 1900 ex

395 1931 613 2002 Urbani
657 1931 827 2004 epist.
879 1931 952 1987 ad
982 1931 1227 1989 Gotthiae
1259 1931 1481 2000 ﬁdeles,
1536 1949 1639 2004 pro
1689 1932 2042 1992 monasterio

394 2019 588 2076 Sancti
619 2019 852 2094 Egidii.
879 2020 1156 2084 Quaenam
1181 2037 1314 2076 vero
1337 2021 1533 2093 legatio
1564 2020 1666 2078 illa
1694 2021 1792 2093 sit,
1825 2038 1952 2094 qua:
1983 2021 2043 2076 in

391 2107 758 2184 Hispaniam,
791 2108 1149 2183 efﬂagitante
1169 2107 1408 2166 Alfonso
1435 2125 1588 2184 rege,
1611 2109 1684 2166 ad
1715 2115 2048 2167 restauran-

391 2197 528 2258 dam
561 2198 724 2258 Toleti
755 2197 1228 2256 Christianitatem
1257 2198 1525 2255 destinata
1552 2207 1648 2268 est,
1671 2199 1761 2255 vix
1796 2199 2043 2274 intelligi

391 2291 601 2359 potest,
635 2287 751 2342 nisi
783 2287 878 2343 his
916 2287 1108 2344 verbis
1139 2287 1386 2346 indicari
1416 2287 1704 2358 dicamus,
1755 2288 2042 2345 librorum

393 2375 569 2434 ofﬁcii
592 2375 770 2432 divini
783 2375 954 2448 juxta
971 2375 1148 2432 ritum
1176 2377 1448 2434 Romanis
1467 2377 1735 2436 Ecclesiae
1751 2377 2040 2434 editorum

393 2465 808 2542 receptionem,
845 2469 910 2521 ut
933 2465 1151 2522 scilicet
1178 2466 1474 2542 deinceps,
1500 2467 1794 2542 abrogatis
1821 2467 2044 2526 Gotthi-

392 2552 498 2624 cis,
535 2549 858 2632 Hispaniae
889 2554 1154 2612 Ecclesiae
1200 2555 1478 2613 Romanis
1517 2555 1684 2614 libris
1715 2560 2034 2613 uterentur.

391 2641 554 2698 Certe
598 2659 752 2698 anno
802 2643 1092 2716 sequenti,
1139 2647 1344 2718 agente
1377 2643 1648 2702 Rainerio
1675 2642 1868 2716 legato
1899 2659 2036 2716 apo-

391 2730 617 2797 stolico,
674 2731 778 2806 qui
819 2731 955 2788 huic
1010 2748 1244 2805 quoque
1300 2732 1522 2805 synodo
1579 2731 1944 2798 interfuerat,
1976 2732 2034 2788 id

390 2818 722 2889 inconcilio
783 2820 1148 2894 Legionensi,
1206 2825 1270 2876 ut
1313 2821 1392 2876 ibi
1450 2821 1734 2892 dicemus,
1794 2825 2034 2877 cautum

390 2907 519 2964 fuit.

422 2996 653 3056 LXXVI:
687 2998 1102 3056 Tarraconensis
1132 2998 1262 3054 urbs
1294 2999 1534 3054 Romano
1570 2999 1820 3072 pontifici
1845 2998 1992 3054 data.

2165 595 2592 664 Boamundum,
2617 592 2835 668 Apuliae
2849 589 3409 668 principes,litteris,
3432 608 3531 656 eos
3552 602 3820 648 commoé

2163 685 2292 740 nuit
2319 687 2384 740 ut
2431 689 2551 742 tam
2599 682 2759 757 gravi
2801 681 3075 742 seandalo
3107 681 3456 740 conveniens
3485 679 3822 738 remedium

2161 774 2457 830 afferrent.
2508 773 2671 840 Quod
2705 788 2902 828 revera
2953 772 3024 827 ab
3055 771 3202 846 ipsis
3249 771 3577 846 praestitum
3606 774 3716 838 est,
3747 771 3828 825 ut

2161 862 2353 918 fusius
2375 862 2751 936 exposuimus
2782 861 2854 919 ad
2883 878 3104 920 annum
3136 861 3160 917 Ι
3171 861 3296 920 088.
3321 859 3537 922 Urbani
3567 857 3823 934 epistola

2160 968 2229 1008 ea
2257 951 2328 1008 de
2350 966 2411 1008 re
2437 950 2661 1008 nullam
2691 950 2865 1009 habet
2895 948 3280 1025 chronologia:
3313 953 3510 1006 notam
3537 963 3550 1018 ;
3589 952 3655 1005 at
3679 963 3817 1012 eam

2159 1039 2269 1096 hoc
2290 1057 2470 1115 anno,
2487 1043 2545 1100 et
2574 1039 2818 1113 quidem
2836 1041 2969 1095 ante
2992 1055 3252 1101 mensem
3280 1037 3507 1096 Julium
3528 1037 3817 1115 scriptam

2159 1128 2343 1188 fuisse
2371 1109 2542 1192 facile
2573 1109 2866 1202 colligitur
2895 1144 2964 1188 ex
3011 1127 3240 1202 Rogerii
3272 1131 3331 1189 et
3359 1109 3685 1193 Boamundi
3719 1127 3814 1182 in:

2158 1223 2512 1290 strumento,
2531 1218 2685 1291 quod
2717 1217 3002 1273 Baronius
3034 1217 3324 1290 integrum
3351 1213 3578 1272 retulit:
3609 1217 3818 1272 Datum

2160 1307 2396 1364 Canusio
2421 1323 2566 1364 anno
2586 1308 2778 1363 Domin
2787 1308 2882 1363 ica:
2901 1307 3306 1364 Incarnationis
3326 1305 3488 1374 1090,
3503 1303 3736 1362 ducatus
3751 1321 3814 1374 ν,

2155 1413 2340 1454 mense
2367 1398 2534 1466 Iulio,
2559 1397 2857 1457 indictione
2876 1414 2997 1465 χιιι,
3023 1413 3146 1470 quo.
3159 1395 3397 1469 quidem
3415 1394 3815 1460 instrumento

2156 1484 2241 1542 illi
2270 1486 2582 1560 principes,
2618 1485 2836 1543 Urbani
2887 1484 3129 1542 monitis
3175 1485 3430 1555 excitati,
3475 1483 3815 1551 convocatis

2157 1576 2312 1648 apud
2335 1576 2656 1634 Canusium
2678 1575 2990 1650 provinciae
3019 1575 3402 1648 optimatibus
3421 1565 3656 1637 Bantini
3675 1589 3816 1634 mo-

2159 1665 2398 1722 nasterii
2429 1664 2732 1738 privilegia
2751 1669 2808 1722 et
2839 1665 3242 1738 possessiones
3272 1664 3720 1732 conﬁrmarunt,
3745 1665 3818 1728 ut

2157 1770 2222 1810 eo
2255 1759 2422 1828 pacto
2465 1754 2682 1810 damna
2725 1757 2846 1810 tam
2897 1757 3096 1812 saneto
3146 1751 3270 1812 loco
3315 1753 3478 1814 illata
3507 1763 3814 1828 utcunque

2157 1844 2438 1902 resarcire
2468 1847 2834 1903 conarentur.

2154 1949 2436 2008 LXXVIII.
2471 1955 2551 2008 De
2587 1951 2704 2028 ﬁlio
2753 1949 2985 2028 .lorilani
3029 1950 3302 2022 principis
3358 1947 3627 2028 Capudni.
3693 1951 3810 2008 Ea:-

2399 2023 2835 2078 communicatur
2881 2021 3316 2080 Cenomanorum
3357 2021 3551 2080 comes.

2223 2127 2346 2184 Huc
2376 2127 2549 2189 etiam
2582 2143 2847 2186 revocare
2893 2127 3035 2184 libet
3077 2127 3235 2192 aliud
3281 2124 3636 2199 exemplum,
3685 2142 3811 2199 quo

2152 2217 2517 2290 comprobari
2537 2221 2732 2289 potest
2751 2217 2969 2274 Urbani
2991 2216 3256 2280 studium
3273 2215 3554 2280 adversus
3579 2231 3679 2274 eos
3701 2215 3810 2290 qui

2143 2305 2386 2377 justitiae
2427 2305 2566 2377 jura
2611 2304 2928 2366 violabant.
2979 2304 3128 2363 Illud
3177 2307 3267 2362 est
3295 2303 3610 2376 judicium,
3643 2303 3809 2376 quod

2149 2394 2408 2466 pontifex
2436 2393 2495 2448 in
2528 2392 2899 2466 Raynaldzum
2930 2386 3224 2451 Rinellum
3275 2389 3599 2464 provisorie
3643 2390 3808 2463 tulit,

2149 2487 2512 2544 accusatum.
2545 2483 2701 2554 quod
2731 2482 2973 2544 Jordaui
3006 2481 3290 2554 principis
3318 2480 3573 2554 Capuani
3616 2472 3807 2551 ﬁliam

2147 2569 2644 2630 adolescentulam
2677 2575 2847 2643 raptu
2878 2571 3096 2644 potius,
3145 2586 3322 2642 quam
3343 2569 3495 2641 justi
3543 2565 3808 2649 coniugii

2145 2676 2272 2732 spe,
2293 2659 2492 2718 invitis
2513 2660 2858 2732 parentibus
2881 2659 2990 2718 sibi
3005 2660 3442 2733 desponsasset.
3457 2657 3623 2724 Certe
3643 2657 3808 2725 hunc

2145 2747 2510 2821 Raynaldum
2559 2747 2860 2816 hominem
2909 2747 3239 2805 violentum
3297 2748 3478 2806 fuisse
3525 2751 3686 2820 patet
3733 2765 3808 2806 ex

2142 2837 2428 2894 Chronico
2475 2836 2780 2896 Casinensi
2832 2836 2980 2894 ﬁbro
3031 2854 3106 2904 1v,
3156 2853 3286 2909 cap.
3333 2837 3389 2906 9,
3433 2835 3533 2892 ubi
3583 2832 3806 2903 dicitur

2141 2932 2397 2988 castrum
2428 2926 2764 2988 Fractarum
2795 2925 2928 2985 dolo
2973 2943 3008 2982 a
3042 2925 3418 2987 Casinatibus
3447 2923 3797 2998 abstulisse,

2139 3017 2292 3088 quod
2325 3018 2528 3088 postea
2557 3014 2614 3071 vi
2648 3019 2706 3071 et
2735 3015 2916 3073 armis
2949 3015 3198 3072 retinere
3237 3018 3485 3077 conatus
3541 3018 3648 3075 est.
3688 3015 3818 3082 Hoc

459 3083 660 3141 Soluta
688 3092 885 3143 autem
905 3086 1196 3144 Tolosana
1211 3087 1448 3161 synodo,
1470 3087 1546 3142 Rs
1557 3087 1792 3160 ynerius
1814 3087 2021 3144 Urbani

2223 3083 2644 3176 tem-judicium
2689 3105 2846 3176 quod
2877 3104 2972 3162 Ivo
3001 3109 3062 3161 et
3096 3103 3412 3164 Gratianus
3437 3102 3814 3174 retulerant,

383 3171 615 3260 legatus
629 3173 688 3230 in
705 3174 1042 3248 Hispaniam
1063 3191 1308 3247 pergens
1319 3175 1828 3248 perCatalauniam
1843 3179 2021 3231 trans-

2223 3211 2268 3251 ιο
2288 3171 2628 3252 revocamus
2657 3171 2729 3250 ad
2757 3198 3107 3266 praesentem
3139 3209 3385 3262 annum,
3408 3192 3565 3265 quod
3595 3171 3815 3266 ipsum

381 3245 505 3330 ivit,
536 3263 637 3319 ubi
671 3245 1416 3336 RaymundusBarcinonis
1438 3280 1652 3334 comes,
1699 3265 2021 3338 aggregatis

2223 3282 2385 3343 erius
2405 3281 2637 3338 diﬁ‘erre
2657 3245 2966 3354 prohibeat
2981 3281 3235 3353 Jordani
3255 3245 3472 3352 obitus,
3495 3245 3672 3354 quem
3695 3283 3815 3343 sub

382 3351 688 3426 provinciae
720 3351 1126 3426 optimatibus,
1159 3353 1365 3409 urbem
1388 3353 1884 3412 Tarraconensem
1907 3353 2021 3408 sedi

2223 3371 2316 3442 ius
2346 3371 2485 3429 anni
2510 3351 2688 3434 ﬁnem
2710 3370 3034 3444 contigisse
3069 3351 3140 3429 ea
3170 3371 3436 3444 antiquis
3465 3351 3813 3446 auctoribus

385 3439 714 3532 apostolicae
733 3440 1422 3532 solemniterdonavitea
1438 3443 1790 3532 conditione,
1815 3447 1882 3498 ut
1901 3459 2029 3532 eam
2135 3439 2416 3522 cainiuus
2443 3457 2815 3532 Peregriuius
2863 3439 3092 3532 probat.

381 3533 439 3584 et
467 3527 740 3629 ιξηίγθιῖεει
771 3547 898 3629 que
931 3530 1000 3585 ad
1037 3529 1197 3585 illam
1251 3530 1595 3629 attinebant.
1629 3530 1754 3604 ipse
1789 3531 2031 3629 fasin?
2207 3547 2381 3606 Aliud
2409 3549 2546 3604 item
2580 3527 2798 3606 Urbani
2841 3527 2902 3606 ίὶι
2933 3548 3324 3605 emendandis
3342 3547 3498 3612 vitiis
3530 3546 3814 3616 sollicitu-

381 3621 600 3711 ΡΡΒίθΓί
647 3625 894 3711 “in”?!
929 3635 1031 3692 Ρθν
1069 3637 1301 3711 manu?"
1345 3625 1397 3676 et
1442 3637 1622 3682 υοεθηι
1647 3621 1825 3678 “moti
1854 3623 2028 3688 Ρείνίν
2139 3637 2294 3694 diuis
2322 3636 2651 3710 exemplum
2702 3637 2984 3711 suggerit
3032 3637 3203 3694 nobis
3250 3637 3564 3694 0rdericus
3591 3636 3810 3708 Vitalis

380 3707 608 3780 ejusque
637 3707 839 3764 vicarii
867 3709 1128 3769 Romam?
1172 3709 1315 3766 sedis
1356 3711 1660 3782 apostolici,
1715 3726 1818 3782 per
1868 3711 2021 3782 quin-

2225 3743 2286 3784 ro
2309 3707 2556 3796 vm,.ubi
2579 3707 3136 3800 scribitﬁlugonem
3158 3725 3432 3808 comitem
3445 3726 3808 3796 Cenomano-

381 3799 689 3866 quennium
759 3799 1122 3868 persolventes
1174 3801 1228 3854 ei
1274 3815 1497 3855 censum
1543 3800 1745 3871 viginti
1795 3800 2021 3873 quinque

2223 3833 2271 3872 [η
2304 3816 2378 3872 ab
2409 3815 2618 3872 eodem
2648 3814 2922 3888 pontiﬁce
2942 3799 3062 3880 hoc
3093 3833 3246 3872 anno
3279 3799 3462 3879 sacris
3489 3815 3672 3886 fuisse
3701 3817 3804 3880 in.-

381 3877 652 3940 librarum
698 3887 992 3958 purissimi
1021 3889 1262 3959 argenti,
1312 3904 1439 3960 quae
1471 3888 1708 3944 donatio
1760 3888 1913 3944 facta
1945 3891 2035 3944 est
2143 3903 2483 3970 terdicwm,
2537 3877 2695 3976 quo};
2735 3877 3058 3976 legitimam
3091 3921 3260 3967 suam
3291 3877 3807 3976 ηχοέθωἨέλδεαί

374 3986 480 4066 per
495 3989 733 4066 manum
763 3976 955 4066 damni
983 3977 1250 4066 ﬁagnerii
1280 3977 1530 4066 Romanae
1561 3977 1827 4034 Ecclesiae
1851 3976 2032 4032 cardi-
2142 3992 2435 4050 Wisoardi
2467 3991 2647 4052 ﬁliam
2679 3993 3065 4066 repudiasset.

379 4059 1760 4158 'ialis’qiiinunc’inguitnaymypdi’s’legatio"?
1778 4067 2036 4158 infigitur
2142 4099 2376 4156 LXXIX.
2405 4059 2763 4156 Schismatici
2800 4099 2864 4156 ob
2915 4099 3316 4158 Catholicorum
3367 4107 3600 4156 mortem
3645 4101 3803 4157 insol-

384 4151 447 4245 in
466 4151 724 4223 partibus
752 4154 974 4213 nostris.
1007 4155 1142 4210 Era
1187 4153 1482 4210 millesima
1527 4155 1857 4245 [centesima]
1884 4155 2032 4245 nige-
2145 4151 2551 4230 ”“ῖξ›ξςξῷιῖξῇέ
2567 4151 2879 4244 διέξςῇρηἀρι
2917 4151 3804 4245 ἑέῆίιᾶᾖξιξέῇίδῶᾖιξῖῂάῶᾆ.

379 4240 526 4304 sima.
570 4249 777 4310 octava,
832 4258 977 4298 anno
1033 4245 1100 4298 ab
1155 4245 1538 4300 luem-natione
1593 4244 1817 4300 Domini
1873 4243 2030 4298 1090.
2211 4245 2488 4301 statensis.

382 4327 572 4402 Hujus
601 4330 934 4388 donationis
958 4331 1416 4394 instrumentum
1451 4350 1487 4389 a
1516 4333 1766 4402 Labbeo,
1803 4331 2033 4406 Aguirio
2213 4331 2420 4388 Finitis
2441 4329 2716 4402 induciis,
2746 4347 2873 4407 qua;
2906 4347 3094 4404 usque
3123 4331 3196 4388 ad
3229 4331 3472 4406 Pascha,
3507 4331 3593 4396 uti
3639 4348 3798 4398 anno

380 4416 629 4492 aliisque
657 4417 1044 4476 conciliorum
1089 4419 1497 4477 collectoribus
1535 4421 1762 4478 editum
1809 4424 1898 4477 est
1941 4421 2034 4477 cui
2142 4421 2442 4495 superiore
2473 4420 2754 4490 diximus,
2780 4421 3095 4493 perdurare
3125 4420 3436 4490 debebant,
3485 4436 3619 4480 cum
3653 4419 3797 4486 Her-

382 4503 534 4564 inter
561 4505 708 4564 alios
738 4507 1071 4582 complures
1101 4509 1506 4584 Berengarius,
1539 4509 1694 4583 quod
1740 4526 1882 4568 sane
1922 4509 2033 4566 mi-

2143 4527 2397 4569 mannus
2421 4509 2700 4568 Metensis
2725 4509 2970 4572 antistes
2990 4514 3050 4565 et
3066 4509 3372 4571 Bertoldus
3393 4509 3797 4576 duxAleman:

382 4610 514 4650 rum
545 4599 654 4662 est,
689 4597 802 4652 nisi
833 4597 889 4653 id
924 4598 1302 4656 amanuensis
1347 4597 1680 4655 liberalitati
1732 4599 2030 4668 debeatur,
2061 4617 2110 4686 Ι)
2141 4598 2272 4672 nias,
2299 4597 2566 4656 acerrimi
2587 4598 2744 4658 sedis
2762 4597 3094 4672 apostolica:
3119 4599 3476 4668 defensores,
3513 4613 3797 4675 sororque

384 4683 495 4740 sub
545 4685 960 4743 Tarraconensis
1006 4687 1404 4762 archiepiscopi
1445 4687 1614 4744 titqu
1659 4687 2030 4762 subscripsit,

380 4773 776 4848 quamvishac
798 4776 1082 4852 dignitate
1103 4781 1236 4833 ante
1265 4793 1485 4834 annum
1518 4781 1858 4850 sequentem
1881 4777 2028 4850 poti-

377 4865 492 4949 tus.
508 4879 623 4917 non
649 4864 839 4920 fuerit.
861 4865 1028 4922 Forte
1052 4866 1440 4940 Berengarius
1463 4867 1822 4924 Ausonensis
1844 4867 2029 4924 Eccle-

381 4947 599 5019 siae,cui
613 4952 883 5012 dimcesis
895 4955 1348 5011 Tarraconensis
1368 4954 1534 5010 unita
1545 4955 2026 5030 erat,episcopus,

373 5039 502 5114 jam
533 5043 672 5096 tunc
703 5035 1137 5115 metropolitani
1171 5060 1380 5102 nomen
1413 5050 1836 5116 assumpscrat,
1856 5045 2026 5117 cujus

381 5130 786 5186 auctoritatem
818 5131 1049 5188 nonnisi
1085 5149 1238 5190 anno
1269 5133 1532 5206 sequenti
1559 5133 1804 5206 adeptus
1831 5140 1939 5190 est.

381 5217 639 5274 LXXVII.
681 5220 926 5276 Urbanus
979 5221 1284 5278 Bantinum
1339 5224 1734 5280 monasterium
1775 5223 2022 5296 protegit.

375 5295 386 5306 ’
451 5305 726 5372 Querelas
749 5308 970 5364 interea
990 5309 1060 5365 ad
1081 5309 1378 5366 Urbanum
1400 5309 1609 5366 detulit
1629 5295 2026 5368 UrsoBantiui

381 5396 720 5452 monasterii
763 5395 823 5452 in
865 5397 1077 5472 Apulia
1124 5399 1324 5470 abbas,
1377 5400 1654 5458 adversus
1711 5398 2025 5455 nonnullos

379 5483 554 5542 istius
583 5485 893 5559 provincia:
921 5489 1251 5561 optimates,
1273 5489 1372 5563 qui
1403 5491 1532 5562 ejus
1563 5487 1902 5546 monasterii
1935 5505 2027 5544 res

379 5578 436 5634 et
467 5572 701 5632 chartas
733 5573 1114 5650 diripuerant,
1149 5579 1464 5654 ipsumque
1488 5575 1859 5638 contumeliis
1887 5576 2026 5632 affe-

379 5668 542 5732 ctum
583 5661 877 5732 latronum
927 5683 1088 5731 more
1141 5667 1556 5750 spoliaverunt.
1609 5667 1754 5732 Rem
1785 5664 2024 5747 indigne

2141 4687 2412 4755 Bertoldi,
2437 4687 2848 4760 Hungarorum
2867 4687 3090 4760 regina,
3125 4704 3328 4746 mense
3357 4687 3529 4756 Maio,
3561 4691 3627 4745 ut
3656 4687 3795 4744 Ber-

2137 4778 2333 4835 toldus
2365 4776 2586 4847 scribit,
2611 4775 2928 4844 obiissent;
2963 4793 3028 4834 ac
3063 4775 3238 4849 paulo
3268 4781 3403 4850 post
3431 4775 3796 4859 Eggebcrtus

2138 4866 2399 4924 Saxonis:
2457 4863 2720 4925 marchio
2770 4863 3162 4934 occubuisset,
3194 4863 3450 4934 insidiis,
3483 4863 3568 4926 uti
3602 4864 3792 4932 aiunt,

2137 4954 2694 5026 Quintiliburgensis
2739 4954 3068 5022 abbatissae,
3101 4970 3228 5026 quas
3275 4953 3508 5022 Henriqi
3536 4952 3796 5028 Augusti

2137 5061 2301 5102 soror
2329 5047 2474 5109 erat,
2507 5043 2759 5112 occisus,
2794 5041 3155 5103 schismatici
3189 5044 3260 5100 ad
3293 5059 3460 5106 arma
3489 5057 3793 5099 recurrere

2136 5133 2590 5200 constituerunt,
2625 5135 2791 5188 tanta
2836 5148 2972 5189 cum
3024 5131 3207 5193 animi
3255 5131 3526 5198 elatione,
3555 5129 3630 5186 ob
3662 5145 3790 5188 eos.

2135 5221 2222 5278 uti
2247 5221 2331 5278 eis
2357 5221 2684 5287 videbatur,
2709 5220 2906 5280 felices
2929 5237 3262 5289 successus,
3289 5225 3355 5277 ut
3378 5220 3448 5277 de
3470 5219 3791 5294 pontiﬁciis

2135 5316 2329 5370 actum
2361 5326 2489 5372 esse
2522 5309 2717 5383 palam
2749 5308 3136 5384 divulgarent.
3171 5311 3334 5368 Certe
3364 5325 3432 5367 ea
3458 5311 3586 5366 erat
3613 5307 3788 5364 Wal-

2135 5399 2322 5456 brami
2338 5399 2856 5474 Magdeburgensis
2869 5398 3152 5456 antistitis
3167 5399 3487 5470 (Cicensem
3508 5413 3610 5454 seu
3622 5396 3792 5453 Novi-

2133 5489 2486 5564 burgensem
2517 5487 2854 5562 episcopum
2880 5487 3128 5562 appellat
3153 5487 3516 5545 Trithemius
3535 5487 3593 5542 in
3609 5485 3789 5542 Chro-

2134 5577 2984 5652 nicoHirsaugiensi)sententia
2995 5579 3094 5651 qui
3109 5577 3333 5636 litteras
3347 5574 3783 5642 adLudovicum

2133 5667 2461 5752 principem
2491 5681 2557 5734 eo
2585 5669 2847 5750 tempore
2886 5667 3142 5750 scripsit,
3174 5671 3241 5730 ut
3289 5683 3428 5732 eum
3457 5665 3788 5752 desperatis
