3972 6428
157 429 221 492 73
1731 424 1792 492 νς

3198 446 3201 449 ,
3424 410 3542 497 ,π

150 562 567 635 pontiﬁciorum
616 563 813 643 rebus,
865 578 1113 643 quorum
1168 542 1441 638 praecipui
1502 564 1777 633 fautores,
1808 572 1867 639 Α
1893 564 2049 619 idem
2080 563 2419 620 institutum
2444 563 2914 637 recepisse.Cum
2931 581 3064 623 vero
3087 566 3159 623 iis
3183 568 3544 642 temporibus

142 654 289 724 justo
309 651 410 709 Dei
424 642 745 723 judicio,ut
763 639 887 726 ipse
901 640 1448 725 jactitabat,misere
1472 654 1783 726 perierant,

146 741 211 798 ad
240 740 469 798 Henrici
502 745 697 814 partes
726 741 1060 798 attraheret.
1101 744 1176 799 At
1222 743 1393 815 longe
1424 744 1497 799 ab
1546 759 1615 798 ea
1659 742 1786 816 opi-

146 830 305 888 nione
335 830 582 889 aberant
617 830 918 897 Catholici,
952 835 1018 887 ut
1063 847 1133 887 ex
1183 831 1455 888 Ludovici
1505 848 1786 904 responso

144 918 610 991 discimus,quod
642 919 770 992 ejus
798 921 1035 977 nomine
1065 921 1526 994 Stephanus,qui
1558 926 1616 977 et
1644 925 1784 977 Her-

144 1009 356 1065 rendus
385 1007 708 1077 dicebatur,
726 1025 796 1064 ex
824 1010 1032 1066 abbate
1063 1009 1457 1084 Ilseburgensi
1478 1010 1788 1084 episcopus

147 1097 651 1167 Halberstatensis,
675 1097 1001 1154 Waltramo
1032 1098 1210 1154 dedit.
1244 1098 1532 1172 Utrasque
1568 1098 1789 1155 litteras

148 1184 335 1243 retulit
355 1185 733 1244 Dodochinus
763 1187 945 1243 abbas
975 1191 1029 1242 S.
1059 1187 1409 1258 Disibodi,in
1456 1189 1791 1262 Appendice

148 1277 214 1332 ad
243 1272 567 1333 Marianum
598 1281 1016 1348 Scottum,quae
1039 1275 1118 1332 ibi
1142 1276 1322 1333 videri
1354 1278 1791 1351 possunt.Certe

146 1366 195 1423 is
229 1365 564 1438 Stephanus
601 1365 794 1422 locum
836 1365 1052 1422 habere
1104 1365 1275 1422 debet
1322 1366 1474 1423 inter
1521 1370 1793 1423 strenuos

148 1454 359 1515 Urbani
390 1455 953 1528 propugnatores,ob
984 1455 1171 1512 multa
1200 1454 1316 1511 alia
1339 1454 1557 1528 scripta
1576 1454 1794 1527 quibus

146 1544 458 1602 Ecclesium
481 1544 813 1601 defend-isse
832 1544 986 1618 apud
1010 1543 1538 1601 Trithemiumloco
1559 1544 1795 1601 laudato

148 1633 374 1691 dicitur.
406 1633 448 1689 E
487 1649 547 1690 re
578 1637 778 1691 nostra
826 1633 1077 1690 fuissent
1125 1638 1377 1706 quatuor
1422 1633 1678 1706 epistolae
1724 1634 1795 1689 ad

149 1722 439 1781 Urbanum
475 1723 990 1796 pontiﬁcem,quas
1021 1721 1120 1779 ille
1150 1726 1353 1779 auctor
1391 1727 1695 1779 memorat.
1728 1724 1801 1778 At

144 1812 499 1870 exciderunt.

1893 658 2093 726 aperto
2125 652 2277 709 bello
2306 653 2589 727 pontiﬁcii
2615 654 2894 712 adversus
2916 654 3325 733 schismaticos
3342 658 3543 725 decer-

1886 745 2099 809 tarent,
2123 743 2306 798 subiit
2331 744 2389 797 in
2422 743 2814 816 quorumdam
2846 744 3076 802 animos
3104 745 3440 820 scrupulus,
3470 763 3549 809 an

1892 830 2244 903 subjiciendi
2276 830 2627 905 pmnitentiae
2655 824 2852 890 essent
2880 833 3095 892 Christi
3127 834 3350 907 ﬁdeles,
3365 836 3466 910 qui
3487 836 3549 899 in

1892 921 2305 992 congressibus
2335 920 2583 990 bellicis,
2608 925 2749 979 tunc
2781 912 3550 999 frequentibus,excommu-

1894 1009 2117 1065 nicatos
2149 1009 2646 1067 occidissent.Huc
2673 1012 2911 1086 quippe,
2945 1012 3059 1068 nisi
3079 1029 3211 1071 mea
3240 1030 3333 1071 me
3353 1015 3552 1087 conje-

1892 1103 2062 1154 ctura
2091 1097 2274 1167 fallat,
2307 1100 2562 1157 revocari
2593 1099 2763 1157 debet
2794 1101 3011 1158 Urbani
3052 1103 3403 1177 rescriptum
3435 1104 3552 1171 Lu-

1896 1204 2043 1244 cano
2075 1188 2372 1262 episcOpo,
2405 1189 2561 1262 quod
2594 1189 2687 1246 Ivo
2726 1191 3088 1269 Carnotenus
3134 1197 3193 1265 et
3220 1193 3552 1265 Gratianus

1898 1275 1958 1331 in
1990 1277 2114 1332 suis
2145 1278 2394 1335 decretis
2428 1277 3099 1355 retulere.Interrogatus
3127 1298 3197 1339 ea
3224 1282 3378 1355 dare
3405 1299 3553 1357 pon-

1899 1366 2041 1421 tifex
2071 1367 2394 1439 respondit,
2422 1369 2578 1439 quod
2627 1367 2736 1426 etsi
2785 1370 3427 1445 excommunicatorum
3467 1371 3559 1431 in-

1900 1455 2237 1513 terfectores
2266 1455 2323 1511 in
2345 1457 2509 1528 justo
2541 1456 2712 1525 bello,
2746 1458 2919 1531 quale
2966 1463 3109 1517 tunc
3151 1461 3416 1535 urgebat,
3448 1461 3554 1520 ho-

1905 1544 2129 1599 micidae
2176 1545 2452 1602 censendi
2504 1563 2620 1601 non
2669 1536 2899 1617 essent;
2930 1547 3071 1621 quia
3105 1552 3302 1606 tamen
3332 1549 3554 1623 aliquid

1906 1633 2131 1690 sinistri
2165 1633 2224 1689 in
2255 1650 2458 1690 eorum
2478 1633 2834 1692 voluntatem
2856 1635 3110 1709 irrepere
3128 1637 3556 1712 potuerit,con-

1909 1740 2112 1798 gruam
2145 1722 2230 1780 eis
2258 1724 2552 1780 secundum
2574 1742 2767 1781 eorum
2795 1728 3158 1783 intentionem
3202 1726 3556 1785 satisfactio-

1912 1829 2041 1868 nem
2076 1812 2499 1885 injungendam
2539 1829 2688 1870 esse.
2739 1813 2835 1870 Sic
2883 1818 3056 1872 antea
3099 1817 3298 1887 Patres
3324 1815 3556 1881 concilii

380 1921 605 2012 Henrici
626 1919 902 2012 egpeditio
938 1922 997 2003 in
1025 1919 1269 2012 italiam.
1304 1918 1729 2012 go‘umiensiam
1747 1928 1792 2003 et

1944 1901 2221 1957 irovinciaa
2252 1902 2558 1958 Remensis
2588 1919 2741 1959 anno
2771 1904 2876 1959 923
2906 1902 3259 1981 paenitentia:
3293 1890 3555 1978 subjece-

1945 1996 2037 2012 ---Δ
2075 2008 2165 2012 ___
2207 1990 2296 2012 __,.'
2330 1991 2378 2012 3-,
2420 1991 2608 2012 --ημιξᾲ
2649 1993 3008 2012 ﬁ,--_,!_,,‘;,
3050 1993 3157 2012 3,1,
3241 1994 3342 2012 “,1
3405 1998 3484 2012 ,J,
3536 2011 3546 2012 γ

214 1994 461 2047 aliarum
490 1991 884 2061 Longobardiae
924 1993 1208 2046 civitatum
1239 1992 1482 2049 militia
1516 2022 1584 2031 —
1613 1992 1794 2046 Paeni-

214 2065 387 2120 tentia
413 2064 688 2120 militibus
718 2064 777 2117 in
799 2064 949 2135 justo
981 2063 1117 2119 bello
1141 2065 1432 2135 permissa.

218 2172 375 2226 Inter
407 2169 525 2225 haec
554 2169 839 2226 Henricus
870 2173 1076 2242 parata
1104 2169 1467 2242 expeditione
1485 2168 1545 2224 in
1571 2169 1798 2225 Italiam

152 2259 493 2334 ingreditur,
527 2259 620 2315 cui
671 2258 1140 2332 Langobardiam
1183 2259 1508 2315 deVastanti
1561 2256 1799 2328 Welpho

149 2350 323 2407 Italia
352 2347 798 2417 dux,Matbildis
838 2348 1031 2403 uxoris
1063 2347 1291 2418 sum,uti
1318 2346 1524 2403 scribit
1546 2343 1803 2401 Berthol-

146 2437 793 2509 dus,adhortati0nibus
812 2436 1441 2515 canfortatus,resistere
1454 2434 1797 2491 conabatur.

146 2533 216 2585 At
231 2514 571 2585 Mathildem
590 2542 730 2582 suos
746 2514 1033 2582 exercitus
1051 2525 1363 2596 ipsammet
1375 2525 1408 2579 d
1420 2524 1612 2579 uxisse
1631 2526 1802 2579 testa-

148 2625 242 2675 tur
263 2606 673 2688 Domnizo,qui
696 2617 875 2670 totam
903 2613 1053 2669 hanc
1099 2612 1800 2689 expeditionem.rudibus

148 2708 277 2764 licet
305 2703 829 2779 versibus,egregie
857 2701 1133 2759 describit
1161 2703 1349 2775 capite
1388 2708 1617 2775 quarto,
1643 2702 1797 2773 quod

150 2798 277 2854 ideo
307 2797 426 2853 fere
444 2795 745 2868 integrum
779 2789 1086 2849 retulimus
1100 2792 1157 2847 in
1169 2790 1799 2864 Appendice.Sigonius

153 2885 581 2943 bacoccasione
621 2882 1004 2939 commissum
1025 2881 1205 2938 fuisse
1220 2881 1637 2953 censetingens
1655 2879 1796 2961 illud

153 2973 415 3049 praelium
445 2970 909 3040 Sorberiense,in
936 2987 1051 3043 quo
1072 2969 1368 3026 Ebrardus
1389 2968 1721 3025 Parmensis
1742 2973 1801 3024 et

150 3063 474 3121 Gandulfus
506 3059 810 3135 Regiensis
851 3058 1128 3132 episcopi,
1162 3057 1261 3132 qui
1313 3059 1573 3115 Guiberti
1604 3062 1798 3131 partes

151 3154 486 3221 tuebantur,
537 3168 572 3208 a
625 3149 922 3206 Mathildis
967 3148 1256 3205 militibus
1303 3147 1543 3203 victoria
1599 3146 1798 3220 potitis

1909 1996 2042 2047 rant
2069 2008 2168 2047 eos
2198 1990 2297 2064 qui
2330 1991 2388 2046 in
2419 1991 2617 2065 praelia
2649 1993 3020 2051 Suessionico
3049 1993 3200 2063 inter
3240 1994 3558 2063 Robertum

1910 2086 1967 2135 et
1996 2080 2268 2137 Carolum
2296 2081 2367 2137 de
2397 2098 2576 2154 regno
2608 2083 2971 2141 decertantes
2992 2083 3559 2163 interfuerant,quod

1912 2169 2111 2242 procul
2143 2168 2320 2225 dubio
2347 2170 2441 2225 vix
2469 2169 2595 2226 ﬁeri
2625 2170 2835 2243 possit,
2862 2175 2929 2228 ut
2957 2172 3016 2228 in
3047 2172 3342 2245 ejusmodi
3387 2171 3558 2237 bellis

1910 2257 2205 2314 intestinis
2236 2258 2357 2314 solo
2388 2259 2548 2331 pacis
2569 2263 2672 2315 aut
2698 2259 2835 2316 boni
2856 2257 3078 2334 publici
3099 2261 3317 2318 intuitu
3337 2275 3560 2335 pugne-

1910 2350 2024 2402 tur.
2061 2347 2125 2402 Et
2154 2348 2391 2420 quidem
2421 2348 2813 2406 Theodosium
2841 2350 3120 2425 Magnum
3168 2349 3349 2419 simili
3391 2366 3563 2413 occa-

1911 2436 2074 2492 sione
2104 2436 2362 2492 laudavit
2390 2442 2632 2494 sanctus
2661 2438 3190 2513 Ambrosius,quod
3219 2443 3354 2512 post
3385 2441 3560 2497 victo-

1910 2525 2056 2580 riam
2089 2525 2160 2581 de
2190 2526 2448 2599 Eugenio
2479 2531 2724 2600 tyranno
2756 2531 3108 2601 reportatum
3148 2527 3493 2600 aliquandiu
3528 2546 3564 2585 a

1910 2614 2093 2669 sacris
2138 2614 2503 2671 abstinuerit.
2540 2615 2842 2672 Videndus
2873 2632 2940 2672 ea
2971 2618 3043 2673 de
3072 2634 3132 2673 re
3163 2616 3421 2673 Isidorus
3464 2618 3564 2673 Po-

1911 2701 2125 2758 lusiota
2153 2702 2253 2758 lib.
2280 2721 2355 2770 Iv,
2388 2703 2558 2776 epist.
2587 2706 2711 2759 200.

1911 2818 2141 2874 LXXXI.
2206 2822 2481 2876 Brunom's
2541 2820 2826 2878 discioulis
2883 2794 3174 2878 Carthasia
3226 2823 3559 2878 restituitur.

1978 2891 2098 2962 Ipse
2142 2908 2265 2946 cum
2316 2893 2446 2947 aliis
2495 2894 2555 2947 in
2600 2891 2917 2952 Calabriam
2944 2894 3157 2950 secedit.
3201 2894 3427 2953 Recusat
3458 2910 3561 2950 an-

1977 2964 2431 3088 chietpisqopatmn
2478 2964 2854 3037 Rhegiensem.
2897 2967 3026 3038 Ejus
3067 2964 3213 3037 apud
3254 2965 3564 3039 pontiﬁcem

1979 3050 2081 3089 auc
2107 3050 2188 3090 ori
2220 3052 2298 3089 as.

1979 3149 2129 3216 Quid
2162 3149 2312 3206 inter
2332 3149 2440 3207 hos
2470 3150 2735 3208 turbines
2768 3151 2970 3208 fecerit
2998 3150 3271 3208 Urbanus
3292 3120 3566 3225 non

150 3242 301 3316 capti
350 3241 529 3297 fuere.
562 3242 637 3295 At
676 3237 900 3294 fallitur
945 3238 1033 3294 vir
1077 3234 1561 3294 eruditissimus:
1597 3235 1859 3316 Sorbe-.A
1908 3239 2060 3294 dunt
2105 3243 2329 3295 veteres
2377 3238 2661 3296 historici.
2695 3241 2768 3297 At
2814 3239 3008 3296 Bruno
3039 3232 3563 3301 Carthusianorum

149 3310 360 3389 riensis
390 3330 609 3403 quippe
628 3326 982 3397 victoria,vel
1006 3327 1132 3399 ipso
1153 3326 1507 3382 Domnizone
1526 3328 1796 3392 testante,
1829 3310 1872 3381 C
1912 3328 2232 3396 institutor,
2301 3340 2474 3400 quem
2523 3346 2678 3384 anno
2743 3329 3113 3404 praecedenti,
3163 3332 3230 3384 ut
3260 3328 3564 3397 diximus,

148 3426 279 3477 ante
329 3418 549 3476 Urbani
601 3416 1008 3490 pontificatum
1057 3415 1286 3487 obtigit,
1320 3431 1658 3487 quanquam
1709 3430 1801 3470 ca-

148 3512 261 3582 pite
288 3510 324 3565 3
361 3505 651 3564 nonnulla
699 3492 769 3561 de
818 3505 1050 3561 Urbano
1095 3505 1397 3560 miscuerit
1446 3503 1543 3559 ille
1579 3507 1800 3572 auctor,

145 3616 273 3672 qua:
303 3596 625 3669 anticipata
656 3591 872 3651 retulit.
907 3594 978 3650 Et
1007 3594 1245 3667 quidem
1279 3593 1605 3660 Bertoldus,
1636 3591 1805 3648 testis

139 3690 297 3744 omni
332 3687 524 3758 major
553 3683 912 3756 exceptione,
946 3681 1257 3738 amborum
1289 3682 1540 3738 istorum
1580 3681 1804 3753 episco-

138 3792 349 3850 porum
378 3778 636 3831 mortem.
657 3789 810 3830 anno
838 3772 972 3828 l085
991 3773 1317 3845 consignat.
1351 3770 1634 3826 Caeterum
1667 3785 1801 3825 cum

139 3852 429 3923 Henricus
466 3864 576 3920 hoc
610 3879 765 3919 anno
802 3865 1098 3918 Mantuam
1139 3862 1431 3918 obsideret
1475 3858 1723 3933 Welpho
1754 3870 1812 3922 et

141 3942 469 4020 Mathildis,
508 3952 661 4007 hanc
711 3951 915 4027 urbem
965 3952 1029 4006 ut
1077 3967 1208 4005 eam
1254 3949 1444 4022 magis
1495 3965 1560 4004 ac
1619 3949 1811 4023 magis

142 4046 194 4101 in
226 4062 340 4101 sua
372 4043 487 4098 ﬁde
512 4040 977 4109 continerent,ab
1014 4039 1175 4096 omni
1204 4040 1426 4095 tributo
1458 4043 1514 4095 et
1542 4039 1807 4113 vectigali

147 4135 516 4199 exemerunt,
549 4131 685 4186 dato
715 4146 782 4185 ea
811 4130 881 4185 de
928 4146 989 4186 re
1039 4128 1357 4201 diplomate
1405 4128 1657 4184 Mantua:
1707 4147 1807 4185 an-

148 4242 222 4281 no
252 4210 421 4287 1090,
456 4238 491 4275 v
522 4219 810 4297 Kalendas
838 4219 1047 4286 Julias,
1082 4219 1237 4291 quod
1282 4219 1555 4293 Sigonius
1587 4220 1761 4275 refert
1793 4239 1807 4290 ;

146 4314 247 4369 sed
280 4298 375 4368 bis;
405 4308 801 4366 liberalitates
822 4307 987 4363 urbis
1011 4307 1365 4363 deditionem
1415 4323 1530 4362 non
1561 4307 1809 4380 impedi-

142 4418 298 4469 vere,
328 4415 489 4455 anno
514 4396 781 4470 sequenti
815 4396 1250 4465 factam.Magna
1279 4399 1496 4464 autem,
1533 4400 1598 4451 ut
1635 4395 1810 4453 refert

145 4486 528 4559 Bertholdus,
559 4488 658 4542 hoc
686 4502 832 4542 anno
857 4489 1031 4558 fames
1052 4486 1256 4541 multas
1303 4486 1553 4555 regiones
1595 4490 1810 4559 repente

143 4582 378 4651 afﬂixit,
440 4577 697 4649 quamvis
743 4568 853 4632 non
900 4592 1102 4647 magna
1157 4575 1421 4631 sterilitas
1472 4578 1809 4647 praecesserit

144 4673 309 4725 terra
339 4686 360 4724 :
392 4666 552 4723 unde
580 4682 709 4722 eam
741 4663 1055 4738 contigisse
1093 4652 1339 4720 dubium
1372 4681 1487 4719 non
1520 4668 1609 4720 est
1638 4681 1806 4721 occa-
1840 4689 1883 4755 D

146 4759 311 4815 sione
340 4757 714 4812 internorum
747 4752 981 4810 illorum
1013 4754 1394 4811 discidiorum
1427 4769 1553 4827 quae
1574 4770 1609 4808 a
1629 4753 1809 4811 schis-

150 4845 388 4904 maticis
416 4843 960 4901 commovebantur.

216 4936 496 4992 Tradunt
528 4932 785 4990 historiis
817 4932 1198 4990 Bononiensis
1226 4932 1537 5006 scriptores
1568 4933 1810 5005 (Guma-

148 5041 338 5098 naccx,
373 5026 514 5080 Hist.
545 5023 607 5079 di
634 5022 895 5093 Bologna.
927 5020 1030 5078 lib.
1065 5023 1149 5095 II),
1200 5038 1305 5078 nec
1339 5022 1615 5078 dissentit
1645 5023 1808 5095 Sigo-

151 5116 311 5182 nius,
343 5130 469 5169 suae
495 5112 662 5168 urbis
691 5112 843 5168 cives
871 5111 933 5167 in
977 5110 1095 5167 illis
1144 5110 1428 5167 bellorum
1460 5111 1811 5167 tumultibus

151 5204 389 5278 egregie
420 5200 719 5277 pontiﬁcis
768 5204 963 5274 partes
1004 5200 1319 5271 adjuvisse,
1367 5205 1813 5274 memorantque

152 5292 491 5349 institutam
525 5291 603 5348 ea‘
623 5289 927 5346 occasione
956 5289 1314 5357 militiam,in
1338 5292 1590 5362 quatuor
1613 5290 1814 5345 cohor-

154 5384 247 5437 tes
270 5381 680 5447 distributam,
712 5394 783 5435 ex
808 5379 1050 5435 totidem
1076 5378 1370 5447 tribubus,
1402 5378 1462 5434 in
1492 5393 1640 5450 quas
1670 5379 1811 5434 urbs

153 5470 344 5527 divisa
372 5470 595 5537 fuerat;
628 5466 945 5545 assignati‘s
976 5466 1295 5539 unicuique
1319 5466 1541 5524 cohorti
1560 5467 1683 5523 suis
1706 5466 1810 5523 tri-

156 5559 339 5615 bunis
369 5563 429 5616 et
448 5556 697 5614 vexillis.
730 5556 873 5613 Inde
903 5555 1303 5613 Bononienses
1342 5556 1680 5627 vexilliferos
1711 5572 1810 5627 ap-

156 5638 410 5721 pellatos
439 5648 623 5704 fuisse
649 5645 1056 5724 volunt.Addit
1081 5646 1357 5720 Sigonius
1386 5650 1622 5702 caeteras
1670 5661 1813 5718 quo-

158 5744 275 5823 qua
320 5730 745 5815 Langob'asdim
790 5736 967 5795 urbes
1009 5734 1443 5798 Bononensium
1486 5733 1829 5796 imitatione

481 5864 760 5943 Parant.
803 5863 952 5937 GLI.

1910 3416 2169 3490 pontifex
2219 3418 2291 3472 ad
2342 3434 2472 3473 sese
2522 3417 2704 3474 Gallis
2752 3422 3107 3488 evocaverat,
3141 3421 3270 3475 tum
3312 3434 3448 3483 cum
3497 3434 3565 3498 eo

1911 3507 2346 3572 versabatur,ut
2374 3524 2509 3562 eum
2550 3506 2813 3585 consiliis
2855 3506 2980 3563 suis
3029 3507 3354 3585 adjuvaret.
3386 3506 3566 3585 Erant

1913 3595 2089 3650 etiam
2121 3612 2255 3650 cum
2286 3594 2557 3650 Brunone
2586 3595 2772 3667 ipsius
2802 3582 3098 3669 discipuli,
3121 3593 3221 3668 qui
3251 3584 3385 3653 cum
3416 3582 3568 3653 tanti

1915 3684 2102 3739 Patris
2134 3684 2460 3740 absentiam
2495 3684 2642 3739 ferre
2673 3701 2788 3740 non
2831 3683 3173 3755 valuissent,
3205 3699 3342 3740 eum
3391 3682 3566 3756 paulo

1917 3778 2050 3846 post
2079 3773 2206 3844 ejus
2237 3773 2586 3842 discessum,
2610 3772 2859 3829 dimissa
2887 3772 3214 3841 Carthusia,
3244 3772 3305 3829 in
3335 3770 3566 3837 Italiam

1918 3863 2102 3919 secuti
2125 3861 2561 3935 fuerant,quare
2583 3862 2776 3919 Bruno
2798 3861 3116 3918 Carthusiaa
3136 3861 3335 3918 locum
3354 3859 3568 3935 Segnio

1918 3951 2113 4008 abbati
2145 3950 2454 4021 Casm-Dei,
2488 3952 2800 4008 commisit.
2835 3951 3052 4007 Verum
3085 3949 3206 4007 sive
3233 3949 3390 4022 quod
3417 3949 3570 4015 inter

1918 4046 2005 4097 tot
2036 4040 2327 4097 tumultus
2347 4040 2485 4097 boni
2515 4040 2598 4096 illi
2618 4041 2870 4098 eremitae
2894 4038 3264 4114 regularibus
3283 4038 3571 4101 exercitiis

1917 4147 2121 4186 vacare
2151 4130 2345 4203 quiete
2376 4148 2491 4186 non
2539 4134 2801 4204 possent,
2833 4129 2952 4187 sive
3000 4129 3155 4204 quod
3204 4128 3414 4193 Bruno.
3442 4127 3570 4202 ipsa

1920 4220 2162 4276 moleste
2194 4222 2367 4277 ferret
2397 4221 2667 4278 dilectam
2716 4236 2884 4278 suam
2935 4219 3304 4281 Carthusiam
3330 4216 3570 4299 omnino

1917 4326 2159 4366 vacuam
2193 4309 2464 4383 relinqui,
2486 4309 2603 4367 illis
2634 4311 2871 4367 tandem
2902 4309 3196 4384 persuasit
3213 4313 3280 4365 ut
3298 4306 3437 4371 illuc
3457 4306 3570 4369 sub

1917 4398 2407 4472 Landuini,quem
2430 4399 2517 4455 vir
2547 4399 2786 4456 sanctus
2818 4399 2874 4455 in
2911 4399 3002 4456 sui
3032 4397 3229 4455 locum
3250 4395 3573 4459 Cartbusio

1917 4488 2169 4560 priorem
2203 4488 2557 4558 instituerat,
2590 4488 2873 4563 regimine
2902 4487 3111 4545 victuri
3143 4490 3572 4551 revertantur:

1917 4577 2170 4649 acceptis
2200 4579 2272 4631 ab
2302 4577 2533 4635 Urbano
2563 4577 2797 4646 litteris,
2829 4576 2996 4652 queis
3049 4576 3372 4651 Seguinum
3401 4590 3570 4651 roga:

1916 4667 2016 4721 bat
2047 4671 2110 4721 ut
2140 4664 2255 4721 illis
2287 4666 2605 4724 Carthusiaz
2635 4684 2899 4724 eremum
2931 4664 3457 4733 restitueret.Quod
3491 4663 3575 4725 ita

1917 4756 2137 4811 factum
2169 4755 2277 4811 fuit
2308 4755 2399 4812 die
2430 4756 2610 4828 hujus
2655 4755 2794 4813 anni
2842 4773 2914 4811 xv
2962 4754 3252 4812 Kalendas
3283 4751 3570 4810 Octobris.

1918 4846 2065 4902 Hinc
2095 4843 2366 4919 colligere
2394 4844 2529 4900 licet
2560 4845 2854 4903 Brunonis
2885 4842 3205 4917 discipulos
3227 4842 3383 4900 circa
3403 4856 3575 4904 men:

1920 4952 2046 4991 sem
2090 4934 2314 4991 Julium
2348 4951 2417 4990 ex
2448 4934 2614 4991 Italia
2642 4935 3007 4992 discessisse.
3052 4934 3123 4990 Et
3169 4931 3410 5005 quidem
3455 4948 3577 5005 non

1921 5023 2106 5080 multo
2140 5029 2273 5097 post
2295 5024 2489 5081 Bruno
2520 5023 2646 5096 ipse
2674 5041 2809 5081 cum
2840 5023 3105 5083 Lanuino
3136 5026 3195 5079 et
3223 5020 3354 5079 aliis
3399 5019 3574 5079 sociis

1921 5113 1981 5168 in
2012 5111 2339 5168 Calabriam
2373 5112 2635 5180 secessit,
2666 5113 2767 5169 ubi
2799 5129 2936 5170 cum
2961 5130 2995 5168 a
3017 5111 3262 5186 Rogerio
3293 5108 3575 5171 Calabria!

1921 5206 1978 5258 et
2009 5201 2215 5257 Siciliae
2234 5202 2443 5259 comite
2462 5203 2610 5257 inter
2624 5202 3069 5273 venandum,uti
3093 5204 3334 5257 narrant
3350 5197 3577 5274 vulgati

1921 5294 2208 5358 auctores,
2243 5291 2459 5347 inventi
2492 5291 2760 5361 fuissent,
2794 5292 2987 5348 locum
3019 5289 3324 5347 condendo
3370 5305 3574 5353 mona-

1921 5380 2096 5436 sterio
2128 5384 2328 5452 aptum
2362 5382 2433 5436 ab
2462 5398 2529 5437 eo
2557 5381 3005 5455 acceperunt.Ut
3033 5384 3100 5437 ut
3121 5381 3198 5437 sit
3217 5379 3289 5436 de
3308 5394 3377 5436 ea
3396 5377 3577 5436 histo-

1921 5469 2028 5537 ria,
2061 5468 2342 5541 Rogerius
2370 5470 2497 5542 ipse
2536 5470 2596 5527 in
2637 5470 2977 5545 diplomate,
3009 5470 3164 5543 quod
3195 5468 3306 5525 hoc
3334 5484 3488 5524 anno
3512 5465 3575 5533 in

1920 5575 2121 5615 eorum
2152 5556 2398 5632 gratiam
2430 5559 2633 5629 edidit,
2669 5564 2861 5617 notum
2891 5560 3140 5617 omnibus
3163 5558 3290 5615 vult
3315 5572 3446 5625 esse,
3474 5570 3579 5629 per

1919 5648 2020 5705 Dei
2045 5646 2500 5720 misericordiam,
2533 5667 2567 5705 a
2598 5649 2904 5729 Galliarum
2917 5651 3170 5724 partibus
3200 5648 3271 5705 ad
3296 5647 3578 5717 regionem

1923 5729 2202 5802 Calabriae
2246 5732 2452 5798 sanctae
2478 5740 2769 5817 religionis
2812 5742 2979 5816 viros,
3012 5736 3329 5800 Brunonem
3370 5732 3611 5800 scilicet
