3972 6366
435 339 518 419 ηδ,
1729 334 1798 400 B.
1848 333 2140 404 URBANI
2187 334 2238 403 lI
2283 335 2539 403 pars.

3772 326 3860 394 ’76

430 480 480 528 et
509 473 976 542 Lanuinumeum
1005 488 1192 529 eorum
1218 473 1400 540 sociis,
1431 475 1770 544 peruenisse;
1815 475 1930 544 qui,
1964 490 2084 530 con-
2113 477 2168 542 Α
2199 475 2394 530 [ηοιιὶτθ
2426 471 2690 546 magistri
2725 469 3015 529 Brunonis
3045 468 3402 529 successisse
3439 469 3863 542 cognovimus.

429 564 631 632 tempta
677 561 979 617 mundialis
1021 563 1212 630 gloriae
1257 563 1517 627 vanitate,
1540 562 1646 618 soli
1672 565 1774 618 Deo
1809 563 2083 634 elegerant

429 651 694 704 militare.
729 651 933 705 Horum
959 652 1160 722 itaque,
1193 651 1274 723 pii
1321 651 1603 724 principis
1652 652 1827 707 verba
1876 652 2080 719 refero,

433 738 766 794 desiderium
797 756 890 810 ego
914 755 1254 810 cognoscens,
1286 749 1336 795 et
1371 743 1613 812 ipsorum
1640 741 1850 796 meritis
1889 749 1940 796 et
1966 757 2086 812 pre-

432 828 584 882 cibus
639 829 786 900 apud
839 830 1010 884 Deum
1067 829 1322 900 adjuvari
1389 829 1722 899 desiderans,
1779 829 1846 886 ab
1895 846 2085 886 eorum

433 917 700 973 charitate
745 918 937 973 multis
980 919 1234 990 precibus
1283 919 1512 986 obtinui,
1561 927 1621 975 ut
1668 920 1727 974 in
1775 926 1923 975 terra
1963 935 2086 975 mea

435 1006 615 1061 locum
661 1007 771 1062 sibi
816 1007 1174 1063 habitabilem
1198 1007 1485 1076 eligerent,
1516 1009 1575 1063 in
1605 1025 1710 1081 quo
1747 1007 1817 1064 ad
1843 1010 2083 1065 servien-

433 1093 564 1149 dum
592 1095 697 1151 Deo
727 1097 917 1167 qualia
945 1095 1146 1152 vellent
1172 1097 1486 1152 habitacula
1509 1101 1912 1171 praepararent.
1933 1099 2084 1154 Tum

436 1182 522 1239 eis
553 1181 746 1262 locum
779 1184 1104 1241 solitarium
1137 1187 1401 1259 assignat
1440 1185 1596 1243 inter
1641 1187 1816 1242 Arena
1846 1189 1895 1243 et
1923 1189 2083 1259 oppi-

434 1272 566 1327 dum
593 1273 816 1340 Stilum,
847 1291 980 1329 cum
1013 1278 1125 1330 tota
1151 1275 1319 1343 silva,
1347 1281 1480 1344 etc.,
1507 1293 1606 1347 per
1635 1276 1801 1332 leuca
1844 1279 2084 1348 spatium

430 1359 490 1415 in
523 1361 790 1417 circuitu.
821 1362 1008 1434 Hujus
1039 1364 1216 1419 eremi
1247 1363 1550 1420 ecclesiam
1581 1363 1834 1421 dedicari
1859 1363 2085 1420 curavit

431 1448 586 1505 idem
621 1451 905 1523 ltogerius
937 1467 1089 1506 anno
1147 1453 1298 1520 1095,
1331 1453 1486 1525 quod
1529 1453 1601 1508 ab
1647 1453 2084 1526 archiepiscopo

433 1537 1289 1608 Panormitano,assistentibus
1320 1541 1450 1598 aliis
1480 1542 1738 1616 quinque
1769 1543 2082 1616 episcopis,

433 1625 650 1682 factum
684 1627 886 1696 fuisse,
921 1629 1178 1686 declarat
1206 1629 1266 1686 in
1297 1631 1482 1687 altera
1506 1631 1727 1701 charta,
1762 1649 1890 1704 quae
1927 1633 2086 1688 edita

433 1719 522 1768 est
553 1733 587 1769 a
614 1716 843 1771 Boccho
875 1717 1090 1788 Pyrrho
1109 1722 1267 1774 tomo
1289 1718 1362 1774 Ill
1385 1718 1594 1775 Siciliae
1622 1720 2083 1775 sacraePrimam

437 1819 572 1858 vero
601 1803 730 1874 ejus
762 1805 1046 1876 principis
1075 1805 1448 1862 donationem
1481 1806 1733 1863 ﬁrmavit
1763 1811 1818 1863 et
1847 1807 2086 1880 amplia-

440 1891 522 1948 vit
551 1892 893 1950 Theodorus
924 1893 1342 1966 Squillacensis
1373 1897 1638 1965 antistes,
1671 1895 1731 1952 in
1759 1897 1927 1966 cujus
1956 1896 2092 1951 dia:-

443 1981 560 2037 cesi
591 1981 705 2038 sita
733 1987 856 2038 erat
884 2000 1033 2040 nova
1062 1982 1163 2040 illa
1189 1983 1610 2050 Carthasia,uti
1641 2002 1711 2042 ex
1739 1985 1868 2056 ejus
1889 1984 2094 2041 charta

443 2073 602 2142 patet
649 2070 806 2139 data,
837 2071 930 2128 die
978 2071 1046 2128 16
1097 2073 1429 2130 Decembris
1481 2074 1660 2146 hujus
1709 2074 1868 2142 anni,
1915 2090 2093 2146 quam

439 2156 617 2213 simul
650 2175 784 2213 cum
816 2159 1044 2232 Rogerii
1075 2161 1387 2217 donatione
1435 2161 1702 2218 Urbanus
1750 2167 1881 2234 post
1925 2162 2094 2218 bien-

443 2247 697 2314 nium,et
723 2249 958 2304 tandem
993 2249 1289 2306 Paschalis
1311 2252 1440 2322 ejus
1462 2267 1766 2307 successor
1787 2249 2092 2306 conﬁrma-

440 2340 673 2403 verunt,
711 2341 772 2392 ut
802 2337 995 2393 videre
1025 2343 1116 2394 est
1145 2339 1298 2411 apud
1330 2338 1640 2412 Ughcllum
1690 2344 1848 2396 tomo
1880 2339 1951 2395 IX
1983 2339 2095 2396 Ita-

447 2423 539 2478 lia;
569 2443 766 2480 sacres.

517 2515 729 2580 Quanti
761 2519 957 2572 autem
992 2516 1324 2572 Brunonem
1357 2517 1554 2573 fecerit
1582 2517 1872 2587 Urbanus,
1919 2535 1990 2574 ex
2030 2535 2098 2575 eo

447 2607 607 2676 patet
632 2605 1056 2676 quod,vac.ante
1085 2611 1226 2662 tunc
1260 2606 1538 2679 temporis
1573 2607 1884 2680 Rhegiensi
1903 2607 2098 2664 Eccle-

449 2693 554 2760 sia,
588 2710 716 2764 quae
758 2694 1049 2766 praecipua
1079 2699 1169 2750 est
1197 2695 1475 2750 Calabriae
1509 2696 1944 2769 metropolis,ad
1968 2713 2098 2754 eam

450 2781 646 2854 ipsum
678 2781 918 2837 evehere
943 2785 1136 2839 modis
1165 2784 1441 2840 omnibus
1479 2791 1725 2840 conatus
1771 2785 1963 2852 fuerit,
1996 2786 2098 2843 sed

451 2871 688 2925 frustra.
717 2869 820 2924 Vir
848 2870 1064 2943 quippe
1093 2877 1334 2928 sanctus
1363 2872 1729 2930 Carthusiam
1755 2891 1922 2930 suam
1974 2891 2098 2931 om-

452 2958 628 3014 nibus
659 2959 850 3015 saeculi
877 2959 1264 3032 dignitatibus
1284 2947 1670 3034 anteponebat
1694 2981 1708 3032 ;
1740 2963 1857 3019 imo
1883 2969 1941 3021 et
1968 2981 2100 3020 eam

451 3047 806 3120 praetulisset
851 3048 966 3120 ipsi
1013 3047 1190 3104 etiam
1243 3050 1537 3122 pontificis
1568 3052 1892 3121 comitatui,
1927 3053 1978 3110 si
2015 3053 2100 3108 illi

451 3136 660 3193 fuisset
685 3137 1226 3210 permissum,quod
1251 3139 1374 3210 ipse
1395 3144 1756 3197 contestatur
1774 3140 1834 3197 in
1857 3141 2103 3215 epistola

2193 561 2283 618 Sit
2312 580 2448 634 ergo
2480 563 2540 616 in
2575 567 2624 618 te
2654 562 2921 633 ejusdem
2941 562 3049 617 viri
3071 560 3500 634 spiritus,idem
3531 557 3610 615 sit
3638 557 3863 615 eremi-

2193 651 2318 704 time
2352 633 2476 706 vitae
2512 651 2697 722 vigor,
2729 667 2932 706 eorum
2980 633 3213 706 morum
3259 655 3316 706 et
3363 647 3667 722 gravitatis
3716 663 3870 702 con-

2195 739 2445 807 stantia;
2489 739 2626 810 quia
2675 756 2803 808 nos,
2862 738 3189 812 opitulante
3254 737 3522 806 Domino,
3567 735 3871 809 quidquid

2195 829 2558 885 auctoritatis
2587 833 2645 885 et
2669 828 2972 902 potestatis
3004 829 3192 901 ipsius
3223 827 3489 901 Magistri
3534 824 3871 900 probabilis

2195 917 2483 990 sapientia
2513 923 2570 975 et
2606 916 2811 992 religio
2855 917 2930 973 ab
2975 915 3296 990 apostolica
3343 915 3481 972 sede
3532 913 3871 988 promeruit

2196 1006 2600 1079 personaliter,
2631 1007 2740 1062 hoc
2785 1006 2892 1062 tibi
2941 1007 3144 1063 eodem
3187 1011 3246 1062 te
3288 1004 3502 1077 spiritu
3533 1002 3868 1060 comitante

2194 1095 2588 1170 concedimus.
2627 1118 2656 1144 ››
2687 1099 2850 1151 Certe
2880 1111 2994 1150 non
3027 1095 3362 1150 Brunonem
3411 1092 3607 1164 modo,
3641 1091 3746 1148 sed
3805 1094 3868 1147 et

2193 1183 2388 1256 ipsum
2426 1184 2751 1240 Lanuinum
2783 1185 3136 1257 quandoque
3165 1182 3437 1240 Urbanus
3470 1182 3542 1237 ad
3574 1197 3638 1238 se
3658 1197 3862 1238 accer-

2195 1273 2379 1344 sebat,
2411 1280 2473 1328 ut
2495 1290 2564 1330 ex
2595 1273 2751 1329 brevi
2783 1275 2913 1345 ejus
2944 1272 3193 1345 epistola
3223 1273 3602 1330 manifestum
3633 1275 3744 1326 est.

2196 1379 2450 1434 LXXXII.
2488 1379 2736 1436 Urbanus
2767 1378 3374 1505 Camiaiéﬁzsrgzlainvisit.
3401 1409 3467 1419 —
3491 1377 3866 1448 Privilegium

2925 1493 2940 1506 .
2973 1467 3172 1506 ϋαεοιι.

2265 1539 2469 1596 Visum
2496 1544 2582 1595 est
2605 1539 2835 1594 Urbano
2857 1539 3012 1595 circa
3041 1539 3220 1610 hujus
3249 1538 3388 1594 anni
3421 1537 3857 1602 medium,cum

2199 1630 2248 1684 ei
2284 1630 2480 1684 Romae
2513 1629 2602 1684 vix
2641 1627 2927 1701 respirare
2977 1627 3198 1694 liceret,
3233 1626 3562 1700 provincias
3606 1625 3865 1699 Rogerio

2196 1724 2250 1773 et
2282 1717 2618 1773 Boamunulo
2649 1717 2946 1788 subjectae
2977 1717 3157 1783 adire,
3193 1721 3255 1770 ut
3285 1715 3364 1769 ibi
3400 1715 3573 1788 paulo
3607 1713 3865 1770 liberius

2198 1823 2392 1862 rerum
2441 1805 2972 1862 ecclesiasticarum
3024 1821 3226 1860 curam
3277 1809 3492 1877 ageret.
3526 1807 3689 1860 Certe
3721 1819 3864 1859 cum

2202 1896 2313 1950 sub
2344 1895 2603 1951 medium
2628 1895 2848 1950 mensis
2866 1893 3116 1967 Augusti
3145 1894 3254 1950 hoc
3277 1892 3510 1949 annoiu
3541 1893 3872 1966 Campania

2201 1983 2492 2040 exstitisse
2517 1987 2749 2039 constat
2777 1999 2842 2038 ex
2873 1982 3177 2056 privilegio
3219 1981 3402 2038 sancti
3452 1981 3668 2048 Basoli,
3701 1981 3869 2054 quod

2202 2072 2492 2128 Sinuessae
2520 2073 2723 2128 datum
2773 2076 2862 2128 est
2909 2072 3020 2128 hoc
3065 2088 3220 2128 anno
3259 2071 3352 2127 die
3399 2087 3536 2126 xvm
3568 2069 3871 2128 Kalendas

2201 2161 2583 2234 Septembris,
2619 2160 2953 2216 Burchardo
2985 2161 3250 2233 ejusdem
3281 2159 3387 2216 loci
3423 2159 3618 2216 abbati
3651 2159 3868 2216 inscri-

2205 2255 2395 2322 ptum.

2208 2358 2500 2414 LXXXIII.
2547 2359 2607 2414 S.
2659 2358 2910 2414 Anselmo
2950 2357 3141 2412 scribit
3184 2371 3284 2428 pro
3340 2357 3576 2411 Fulcone
3613 2355 3872 2426 episcopo

2489 2431 2876 2486 Bellovacensi.
2901 2461 2968 2470 ——
2999 2429 3244 2485 Anselmi
3272 2428 3570 2500 responsio.

2277 2518 2454 2574 Paulo
2483 2524 2638 2585 ante,
2671 2535 2879 2592 nempe
2910 2519 3057 2592 ipsis
3107 2516 3380 2573 Kalendis
3425 2515 3698 2589 Augusti,
3727 2533 3872 2572 nam

2206 2625 2275 2666 ex
2307 2624 2500 2663 rerum
2539 2609 2687 2664 serie
2715 2607 2770 2663 id
2803 2607 2913 2665 hoc
2943 2623 3096 2663 anno
3128 2607 3347 2662 factum
3381 2605 3563 2660 fuisse
3610 2609 3868 2670 constat,

2207 2697 2464 2770 pontifex
2497 2713 2566 2752 ex
2598 2698 2738 2752 urbe
2759 2698 2959 2769 Capua
2983 2697 3057 2752 ad
3088 2695 3325 2751 beatum
3353 2693 3699 2750 Anselmum
3721 2697 3870 2749 tunc

2207 2785 2488 2858 temporis
2524 2786 2862 2842 Beccensem
2881 2785 2941 2840 in
2962 2783 3392 2840 Northmannia
3420 2783 3693 2839 abbatem
3719 2781 3870 2839 scri-

2209 2879 2424 2948 pserat,
2459 2879 2523 2929 ut
2548 2873 2597 2930 ei
2633 2873 2946 2930 Fulconem
2986 2872 3451 2929 Bellovacensem
3496 2870 3871 2944 episcopum,

2209 2969 2379 3020 antea
2410 2963 2764 3020 monachum
2796 2968 3138 3018 Beccensem
3171 2968 3231 3017 et
3265 2961 3452 3034 ipsius
3479 2959 3742 3016 Anselmi
3773 2959 3867 3015 di-

2207 3052 2520 3126 scipulum,
2553 3052 3020 3120 commendaret;
3053 3051 3194 3124 quia
3223 3068 3356 3107 vero
3385 3048 3482 3106 ille
3522 3049 3592 3106 ad
3627 3053 3868 3106 tantum

2209 3159 2361 3198 onus
2391 3142 2805 3198 sustinendum
2836 3140 3103 3214 impar,si
3135 3139 3297 3196 solus
3324 3144 3500 3208 esset,
3533 3137 3870 3205 videbatur,

453 3226 525 3280 ad
558 3241 696 3281 suos
728 3225 1170 3284 Carthusienses
1200 3227 1552 3301 conscripta,
1574 3229 1631 3284 in
1658 3247 1775 3302 qua
1806 3214 2104 3304 siciloqui-
2133 3214 2176 3282 C
2217 3232 2382 3287 beato
2413 3231 2608 3288 abbati
2641 3230 2882 3286 mandat
2911 3229 3192 3302 pontifex,
3217 3233 3283 3284 ut
3310 3229 3362 3286 ei
3393 3229 3538 3301 ipse,
3566 3231 3667 3284 aut
3686 3232 3874 3295 certe,

453 3318 552 3368 tur
583 3330 597 3370 :
628 3315 702 3370 De
732 3330 834 3381 me,
876 3317 1095 3385 fratres,
1145 3317 1352 3386 scitote,
1387 3319 1646 3388 quoniam
1692 3319 1836 3376 mihi
1881 3322 2108 3376 unicum

449 3406 570 3474 post
602 3403 774 3458 Deum
803 3407 883 3458 est
906 3403 1236 3460 desiderium
1266 3406 1522 3462 veniendi
1559 3406 1629 3462 ad
1669 3424 1780 3476 vos,
1815 3415 1864 3464 et
1892 3409 2107 3480 quando

450 3494 658 3562 potero,
688 3507 847 3562 opere
873 3492 1198 3566 adimplebo.
1232 3493 1408 3550 Plura
1454 3496 1534 3552 ibi
1576 3495 1754 3553 habet
1792 3497 1862 3553 de
1901 3498 2106 3554 mundi

458 3585 793 3653 contemptu
821 3587 878 3637 et
904 3599 1104 3638 eorum
1153 3583 1430 3641 felicitate
1477 3585 1577 3658 qui
1625 3586 1901 3644 omnibus
1949 3588 2106 3644 curis

457 3669 706 3742 exempti
737 3671 836 3727 uni
864 3670 980 3726 Deo
1011 3671 1071 3727 in
1104 3672 1420 3728 solitudine
1440 3691 1643 3731 vacare
1663 3677 2108 3748 possunt.Simi-

454 3756 554 3818 lia.
587 3758 704 3815 imo
733 3765 790 3816 et
820 3759 993 3832 plura
1023 3761 1334 3828 habentur,
1367 3762 1423 3816 in
1457 3761 1640 3819 altera
1686 3765 1814 3836 ejus
1861 3765 2108 3838 epistola

455 3846 528 3900 ad
563 3847 936 3918 Radulphum
981 3849 1238 3905 Viridem
1287 3854 1428 3906 tunc
1478 3853 1874 3924 praepositum,
1908 3860 2108 3927 postea

455 3933 960 4007 archiepiscopum
994 3937 1364 4006 Remensem,
1398 3955 1573 3996 suum
1604 3941 1766 4014 olim,
1801 3960 1934 3999 cum
1958 3944 2017 3999 in
2039 3961 2108 4000 ea

456 4023 599 4078 urbe
629 4026 1530 4092 moraretur,familiarem.Porro
1561 4031 1633 4086 ad
1680 4031 1837 4087 hunc
1883 4049 2106 4089 annum

457 4112 748 4170 Brunonis
769 4114 842 4170 ad
873 4113 1260 4186 Rbegiensem
1290 4116 1855 4192 archiepiscopatum
1881 4120 2108 4178 electio-

456 4217 797 4274 nem,quam
826 4201 1048 4274 vulgati
1080 4208 1348 4261 auctores
1393 4223 1545 4263 anno
1595 4207 1733 4264 1095
1763 4209 2107 4283 consignare

455 4290 663 4358 solent,
697 4292 826 4346 ideo
857 4308 1214 4361 revocamus,
1234 4295 1388 4366 quod
1420 4295 1528 4352 hoc
1561 4297 1931 4355 solummodo
1952 4317 2105 4356 anno

455 4381 565 4435 sub
600 4379 814 4435 Urbani
839 4381 1179 4452 pontiﬁcatu
1203 4383 1369 4440 sedes
1393 4384 1493 4440 illa
1513 4403 1695 4442 vacua
1719 4387 2104 4457 fuerit,morte

454 4468 680 4524 scilicet
707 4469 994 4541 Arnulphi
1034 4471 1481 4546 archiepiscopi,
1513 4473 1628 4542 cui,
1661 4481 1966 4534 recusante
2016 4479 2102 4534 di-

456 4557 739 4654 gnitatem
771 4557 930 4654 illam
963 4559 1251 4654 Brunone,
1277 4561 1634 4654 substitutus
1665 4568 1754 4620 est
1782 4565 1892 4621 sub
1923 4566 2102 4638 hujus
2131 4589 2179 4654 Ι)

456 4646 594 4701 anni
646 4647 821 4703 ﬁnem
874 4649 1219 4722 Rangerius.
1286 4650 1389 4706 Hic
1456 4652 1674 4726 quippe
1731 4654 2100 4730 privilegium

455 4735 740 4792 Theodori
755 4736 1175 4810 Squillacensis
1189 4739 1445 4813 episcopi
1463 4759 1640 4814 supra
1657 4741 1959 4802 laudatum
1973 4762 2102 4802 con-

452 4826 705 4882 ﬁrmavit
733 4827 826 4883 die
868 4829 935 4882 17
961 4829 1295 4884 Decembris
1343 4847 1496 4886 anno
1546 4832 1702 4899 1090,
1735 4834 2100 4908 archiepisco-

447 4931 551 4986 pus
582 4917 890 4988 Rhegiensis
919 4919 1136 4986 electus,
1177 4935 1244 4973 ac
1291 4917 1564 4991 deinceps
1609 4921 1679 4976 ad
1713 4939 1931 4980 annum
1968 4927 2104 4982 1106

453 5004 627 5060 variis
653 5006 914 5062 conciliis
927 5011 984 5062 et
999 5007 1248 5080 publicis
1263 5006 1669 5066 instrumentis
1683 5013 2104 5085 subscripsisse

455 5097 816 5149 memoratur
843 5095 954 5150 sub
987 5094 1404 5167 archiepiscopi
1447 5096 1633 5165 titulo,
1667 5104 1730 5154 ut
1776 5102 1969 5159 videre
2015 5108 2105 5158 est

455 5185 611 5254 apud
645 5183 954 5256 Ughcllum
983 5189 1141 5240 tomo
1173 5183 1244 5239 IX
1280 5183 1450 5240 Italiae
1501 5203 1697 5244 sacrae.
1739 5189 1955 5248 Verum
1993 5191 2104 5248 etsi

457 5272 652 5328 Bruno
685 5271 846 5328 nulla
875 5273 1123 5346 fulgeret
1152 5271 1451 5345 dignitate,
1485 5275 1665 5332 nihilo
1696 5281 1891 5335 tamen
1914 5279 2107 5335 minor

457 5361 568 5417 fuit
593 5363 749 5434 apud
783 5363 1112 5436 pontiﬁcem
1146 5362 1274 5434 ejus
1305 5365 1638 5435 auctoritas,
1673 5373 1739 5424 ut
1767 5373 1976 5441 praeter
2005 5385 2106 5425 cae-

461 5454 588 5507 tera
609 5452 814 5524 probat
833 5450 1132 5507 Paschalis
1147 5451 1192 5506 ll
1209 5451 1454 5524 epistola
1467 5455 1538 5511 ad
1565 5455 1896 5513 Lanuinum
1919 5456 2106 5530 ipsius

463 5540 524 5596 in
547 5539 827 5596 Calabrici
852 5541 1188 5598 monasterii
1210 5541 2106 5620 rcgiminesuccessorem,quem

463 5631 549 5720 sic
567 5631 826 5708 pontifex
854 5629 1170 5716 alloquitur
1199 5649 1213 5694 :
1249 5655 1278 5689 ‹‹
1305 5633 1386 5696 Te
1415 5633 1476 5702 in
1503 5632 1699 5696 locum
1729 5637 1942 5700 sancte:
1985 5651 2106 5700 me.

2215 3337 2283 3376 eo
2316 3319 2839 3393 impedito,aliquis
2867 3336 2935 3376 ex
2965 3319 3092 3391 ejus
3124 3317 3424 3383 fratribus,
3459 3333 3690 3389 semper
3719 3316 3874 3372 assi-

2216 3413 2332 3465 stat
2358 3408 2519 3466 illius
2547 3409 2804 3483 episcopi
2825 3410 3361 3477 monitor,corrector
3387 3409 3548 3479 atque
3573 3405 3878 3462 consultor.

2216 3499 2366 3554 Tum
2398 3497 2705 3554 certiorem
2738 3515 2873 3554 eum
2904 3497 3152 3571 facit,se,
3185 3495 3473 3568 quidquid
3514 3496 3574 3550 in
3604 3494 3878 3566 ejusdem

2215 3587 2472 3659 episcopi
2521 3586 2887 3642 ordinatione
2937 3586 3214 3642 vitiosum
3265 3585 3518 3658 irrepere
3573 3587 3875 3657 potuerat,

2215 3674 2796 3748 indulsisse.Denique
2821 3675 2982 3730 varia
3007 3673 3284 3732 Anselmo
3317 3672 3549 3748 negotia
3577 3688 3878 3729 commen-

2215 3764 2334 3829 dat,
2369 3782 2494 3836 quzs
2525 3765 2584 3818 in
2612 3765 2742 3835 ejus
2770 3763 3016 3837 epistola
3044 3751 3535 3836 explicantur.'At
3579 3761 3682 3831 ibi,
3715 3761 3879 3818 sicut

2215 3858 2273 3908 et
2299 3853 2356 3908 in
2389 3852 2519 3909 aliis
2550 3854 2770 3926 passim
2803 3853 3021 3910 Urbani
3062 3851 3349 3926 epistolis,
3382 3853 3689 3909 observare
3733 3849 3880 3908 licet

2217 3940 2374 3998 illius
2406 3940 2860 3998 sollicitudinem
2891 3948 2946 3998 et
2978 3959 3178 3998 curam
3220 3942 3278 3998 in
3310 3939 3673 3998 accersendis
3703 3939 3776 3997 ad
3811 3957 3880 3998 se

2213 4029 2353 4085 viris
2384 4030 2572 4086 doctis
2601 4036 2658 4088 et
2691 4032 2828 4104 piis,
2857 4032 2956 4104 qui
2990 4049 3124 4088 eum
3173 4033 3246 4087 ad
3292 4031 3667 4104 pontificatus
3693 4046 3882 4086 onera

2214 4119 2560 4176 sustinenda
2584 4121 2676 4192 adj
2689 4121 3279 4194 uvarent.Respondit
3307 4123 3442 4194 post
3459 4118 3695 4192 aliquod
3718 4122 3878 4176 tem-

2213 4225 2324 4280 pus
2354 4207 2572 4264 Urbani
2597 4208 2810 4266 litteris
2841 4209 3249 4279 Anselmus,ut
3273 4209 3325 4266 ei
3355 4209 3427 4266 de
3457 4207 3750 4274 Fulconis,
3769 4225 3881 4280 per

2216 4313 2390 4370 quem
2421 4296 2552 4354 illas
2597 4302 2920 4371 acceperat,
2949 4297 3230 4355 electione
3259 4297 3548 4356 rationem
3579 4297 3874 4353 redderet.

2214 4385 2277 4442 Ei
2328 4386 2448 4443 viro
2496 4404 2806 4444 assensum
2853 4405 3028 4444 suum
3079 4387 3399 4460 praebuisse
3451 4391 3746 4444 asseverat
3788 4402 3878 4442 co-

2212 4481 2395 4532 actum
2422 4479 2755 4532 Francorum
2785 4481 2930 4547 regis
2959 4487 3011 4533 et
3039 4479 3174 4533 cieri
3205 4478 3624 4545 Bellovacensis,
3657 4477 3876 4532 instan-

2211 4567 2310 4633 tia,
2342 4582 2468 4621 cum
2497 4581 2722 4621 assensu
2767 4567 3039 4622 Ilemensis
3087 4567 3502 4638 archiepiscopi,
3533 4565 3686 4622 nullo
3729 4567 3872 4621 resi-

2209 4659 2419 4722 stente;
2456 4654 2536 4709 ita
2566 4659 2652 4722 ut,
2687 4654 2822 4724 nisi,
2858 4654 3049 4727 inquit
3069 4655 3158 4711 vir
3187 4660 3448 4726 sanatus,
3482 4657 3580 4710 hoc
3605 4656 3871 4727 facerem,

2213 4750 2383 4801 Deam
2415 4745 2662 4799 timerem
2692 4744 3184 4816 o/fendere.Quare
3218 4744 3551 4818 pontiﬁcem
3579 4747 3770 4816 rogat,
3804 4748 3874 4799 ut

2211 4832 2367 4889 datis
2417 4832 2489 4887 ad
2541 4831 3068 4906 archiepiscopum,
3101 4833 3366 4906 aliosque
3411 4832 3720 4906 provinciae
3762 4832 3875 4888 Re-

2213 4921 2434 4978 mensis
2464 4921 2902 4989 antistites,imo
2933 4927 2988 4978 et
3027 4923 3099 4979 ad
3131 4922 3566 4980 Bellovacenses
3599 4937 3870 4995 proceres

2213 5011 2344 5068 aliis
2373 5009 2607 5078 litteris,
2637 5010 2946 5068 Fulconem
2987 5012 3114 5084 jam
3164 5013 3422 5070 secundo
3454 5013 3700 5068 Romam
3733 5027 3873 5083 pro-

2214 5103 2430 5155 fectum
2463 5099 2738 5155 adversus
2771 5099 3086 5158 malevolos
3105 5100 3374 5158 homines
3395 5118 3431 5157 a
3446 5100 3664 5173 quibus
3684 5099 3874 5156 ferme

2213 5187 2672 5260 opprimebatur,
2729 5205 2840 5247 sua
2889 5190 3234 5247 auctoritate
3282 5189 3666 5247 communiat.
3717 5189 3876 5246 Tum

2213 5276 2565 5350 compatitur
2592 5278 2678 5332 vir
2703 5283 2944 5336 sanctus
2976 5278 3036 5335 in
3063 5279 3174 5336 hac
3203 5278 3470 5352 epistola,
3519 5295 3648 5352 qua:
3677 5281 3772 5334 est
3799 5277 3876 5334 33

2213 5365 2346 5422 libri
2399 5383 2459 5436 ιι,
2511 5365 2771 5439 pontiﬁci
2825 5367 2882 5423 in
2933 5369 3126 5425 medio
3168 5367 3614 5426 tribulationum
3654 5366 3874 5440 posito,

2214 5455 2458 5528 ideoque
2483 5454 2595 5528 ipsi
2627 5473 2766 5512 suas
2797 5473 3156 5530 suorumque
3185 5456 3434 5514 fratrum
3465 5471 3666 5530 preces
3697 5453 3880 5528 polli-

2213 5550 2398 5613 cetur,
2420 5553 2482 5601 ut
2509 5546 2562 5600 ei
2591 5549 2744 5602 Deus
2774 5548 2982 5620 mitiget
3013 5564 3048 5604 a
3075 5547 3266 5604 diebus
3294 5547 3458 5604 malis
3487 5545 3654 5603 donec
3686 5544 3877 5617 fodia-

2211 5637 2304 5698 tur
2326 5635 2605 5715 peccatori
2631 5635 2807 5712 fovea.
2841 5635 3103 5718 Denique
3132 5635 3566 5721 precidiwuod
3591 5635 3734 5705 Dm
3759 5649 3884 5730 Mt}
