3972 6402
67 511 139 577 ττ
624 502 629 507 ’
1662 516 1705 584 v

1826 536 1869 584 ι.

3385 516 3475 586 78

68 651 339 720 relinquet
368 650 581 720 virgam
598 654 939 722 peccatorum
966 664 1129 725 super
1155 657 1358 708 sortem
1396 653 1711 725 justorum;
1739 661 1795 727 Α
1824 659 2128 711 auctorum
2160 653 2336 709 etiam
2365 651 2678 727 aequalium
2710 653 3063 711 testimoniis
3092 652 3186 711 vix
3220 652 3469 728 intelligi

65 741 193 810 quia
246 738 625 796 hereditatem
675 757 834 797 suam
883 757 995 797 non
1048 740 1404 813 derelinquet,
1453 751 1504 798 et
1536 747 1717 814 portae

64 830 235 899 inferi
287 844 405 885 non
471 831 844 901 pravalebunt
913 832 1169 888 adversus
1243 848 1383 887 eam.
1453 832 1714 905 Denique

64 917 438 991 privilegium
469 935 574 991 pro
606 936 713 976 suo
743 919 1017 976 Beccensi
1051 921 1406 976 monasterio
1436 920 1711 993 postulat,

63 1008 218 1080 quod
241 1025 319 1064 an
353 1024 614 1080 unquam
643 1008 1041 1082 impetraverit
1086 1010 1375 1066 incertum
1406 1015 1513 1068 est.
1564 1010 1713 1074 Quid

60 1114 192 1153 vero
237 1101 439 1169 postea
484 1096 722 1154 Fulconi
772 1099 1080 1172 contigerit
1109 1100 1168 1154 in
1218 1100 1712 1173 consequentibus

63 1186 348 1242 dicemus.

63 1294 345 1350 LXXXIV.
396 1292 691 1364 Conﬁrmat
725 1295 1022 1365 privilegia
1052 1297 1307 1354 Ecclesiae
1357 1296 1707 1351 Ravellensis.

127 1367 516 1440 lipiscoporum
544 1365 1044 1440 ordinationesﬁx
1070 1368 1155 1423 his
1182 1370 1323 1440 forte
1350 1369 1713 1439 Berengarius

133 1437 373 1493 l’enusii.
405 1443 491 1492 An
520 1438 886 1493 Guitmundus
915 1438 1141 1495 Aversaz.
1183 1437 1191 1440 ’
1527 1437 1538 1439 ν
1590 1445 1597 1451 ⁷

127 1543 354 1599 Interea
383 1543 672 1612 Urbanus,
708 1559 841 1599 cum
873 1546 1028 1617 apud
1051 1545 1356 1602 Salernum
1389 1550 1563 1613 esset,
1596 1547 1709 1603 Ra-

57 1631 330 1688 vellensis
355 1647 459 1688 seu
492 1631 856 1689 Rebellensis
883 1633 1170 1703 Ecclesiae,
1205 1651 1385 1706 quam
1405 1635 1605 1691 Victor
1633 1636 1709 1692 III

58 1723 183 1791 ejus
209 1721 560 1776 dwsssorin
592 1720 981 1793 episcopalem
1014 1722 1213 1778 sedem
1230 1729 1507 1791 erexerat,
1540 1724 1711 1796 privi-

56 1808 205 1880 legia
234 1809 625 1876 confirmavit,
652 1809 1219 1882 datodiplomatedie
1249 1811 1376 1884 ipso
1408 1814 1706 1868 Nonarum

57 1898 413 1954 Octobrium.

119 1985 353 2042 Creavit
381 1986 557 2042 etiam
608 1986 877 2043 Urbanus
931 1990 1190 2045 diversos
1243 1991 1547 2063 episcopos
1606 2010 1708 2064 per

56 2076 196 2132 illud
230 2081 491 2147 tempus,
525 2093 590 2132 ex
622 2078 837 2147 quibus
870 2082 1074 2135 Petrus
1115 2079 1176 2135 in
1207 2080 1491 2136 Chronico
1538 2081 1704 2137 Casi-

55 2165 217 2222 nensi
267 2164 419 2220 libro
449 2182 527 2231 ιν,
586 2181 712 2238 cap.
742 2169 799 2234 7,
861 2166 1007 2223 duos
1049 2168 1250 2225 laudat
1304 2186 1372 2225 ex
1403 2170 1703 2226 Casinensi

56 2254 408 2310 monasterio
436 2259 796 2326 assumptos,
828 2256 1204 2313 Benedictum
1236 2257 1458 2315 scilicet
1486 2258 1545 2314 in
1569 2260 1703 2316 Sar-

51 2344 208 2399 dinia
236 2341 457 2409 insula,
489 2347 547 2399 et
574 2344 939 2416 Raynaldum
973 2344 1197 2415 Caietae,
1232 2348 1332 2419 qui
1379 2348 1487 2404 boc
1526 2366 1699 2419 anno,

54 2437 113 2487 ut
140 2432 300 2489 idem
331 2436 538 2489 auctor
565 2432 742 2489 habet
770 2433 959 2505 capite
975 2435 1262 2507 sequenti,
1297 2436 1477 2493 altare
1501 2437 1701 2493 Sancti

53 2522 300 2587 Brasmi,
332 2526 392 2576 et
442 2538 595 2577 anno
644 2522 911 2595 sequenti
957 2541 1028 2580 ex
1074 2525 1347 2598 anonymi
1396 2527 1698 2595 Chronico,

53 2610 355 2667 ecclesiam
387 2610 585 2666 Sancti
615 2612 857 2667 Andreae
880 2612 941 2668 in
973 2630 1138 2669 sacro
1168 2618 1365 2670 monte
1394 2632 1698 2672 consecra-

54 2700 148 2754 vit.
178 2699 300 2754 Hoc
330 2700 536 2755 eodem
569 2716 742 2769 anno,
776 2705 839 2755 ut
860 2702 987 2773 jam
1039 2702 1314 2772 diximus,
1377 2704 1699 2778 Rangerius

56 2788 399 2861 Rhegiensis
427 2787 692 2844 Ecclesiae
707 2790 961 2860 regimen
980 2792 1258 2865 suscepit.
1291 2798 1345 2848 Is
1366 2794 1622 2865 primum
1639 2794 1698 2849 in

54 2877 249 2946 Maiori
282 2877 636 2934 Monasterio
662 2895 840 2951 prope
860 2879 1125 2937 Turonos
1142 2882 1468 2939 monachus
1490 2883 1697 2950 fuerat,

55 2967 200 3022 unde
230 2970 447 3022 Cavam
478 2966 819 3036 translatus,
854 2968 1084 3025 Urbano
1116 2976 1287 3027 notus
1333 2973 1461 3041 fuit,
1496 2990 1529 3027 a
1560 2989 1695 3045 quo,

57 3062 113 3111 ut
142 3057 321 3113 habet
349 3054 631 3129 Ughellus
664 3060 818 3123 torno
852 3058 927 3112 IX
959 3058 1134 3115 Italiae
1156 3078 1355 3132 sacrae,
1389 3061 1699 3117 cardinalis

54 3151 171 3200 tum
226 3143 580 3216 Rhegiensis
630 3145 1104 3220 archiepiscopus
1154 3149 1341 3205 factus
1388 3156 1495 3207 est.
1541 3151 1699 3206 Idem

55 3239 249 3289 auctor
278 3240 442 3289 torno
470 3233 547 3288 VI
577 3234 780 3290 scribit
809 3236 1066 3293 amicum
1098 3239 1284 3294 sancti
1316 3239 1608 3295 Vincentii
1629 3240 1701 3295 de

56 3323 333 3379 Volturno
394 3322 502 3378 hoc
559 3339 794 3396 quoque
832 3341 986 3381 anno
1044 3333 1303 3384 creatum
1338 3329 1408 3384 ab
1466 3329 1697 3384 Urbano

1736 2037 1783 2101 B

1823 748 2033 817 potest.
2066 744 2245 800 Nemo
2276 744 2514 815 quidem
2534 743 3158 801 nescitGuitmundum
3188 759 3292 800 seu
3320 743 3471 801 Wit-
3536 812 3543 825 ι

1823 834 2111 889 mundum
2142 850 2174 889 e
2204 833 2487 889 monacho
2518 834 2716 890 Sancti
2748 833 3034 901 Leufredi,
3065 834 3139 890 ob
3169 833 3391 907 scripta
3408 833 3470 891 in

1824 923 2156 996 Berengarii
2189 939 2413 979 errores
2445 922 2729 980 celebrem
2758 922 2819 979 in
2850 924 3212 980 Aversanum
3244 923 3470 996 episco-

1823 1028 1962 1084 pum
1995 1010 2368 1084 assumptum
2383 1012 2587 1069 fuisse.
2620 1012 2679 1069 Id
2696 1013 2853 1070 enim
2867 1017 3076 1086 prater
3103 1013 3466 1083 Ordericum,

1823 1100 1916 1156 Ivo
1946 1100 2317 1159 Carnotensis
2347 1102 2614 1170 antistes,
2647 1102 2816 1175 epist.
2835 1104 2926 1172 78;
2959 1101 3290 1159 Willelmus
3320 1102 3467 1159 Mal-

1820 1189 2244 1247 mesburiensis
2274 1194 2331 1245 et
2347 1190 2445 1245 alii
2475 1206 2678 1264 graves
2696 1190 3196 1264 auctorespassim
3218 1191 3473 1249 affirma-

1819 1283 1979 1334 runt.
2011 1283 2087 1334 At
2118 1278 2275 1334 Idem
2302 1279 2395 1335 Ivo
2412 1279 2626 1335 decreti
2657 1284 2820 1352 parte
2833 1297 2910 1348 IV,
2935 1297 3061 1352 cap.
3086 1279 3213 1349 213;
3238 1280 3472 1337 Gratia-

1819 1384 1952 1433 nus,
2009 1368 2145 1423 dist.
2178 1369 2233 1434 8,
2264 1385 2390 1441 cap.
2422 1369 2477 1424 5:
2499 1368 2562 1424 Si
2573 1368 3036 1435 consuetudinem,
3069 1371 3128 1425 et
3150 1367 3248 1424 alii
3279 1368 3474 1425 decre-

1816 1462 1942 1512 tum
1975 1457 2277 1528 proferunt
2298 1472 2367 1511 ex
2393 1456 2652 1530 Gregorii
2681 1458 2781 1513 VII
2797 1458 3046 1531 epistola
3076 1458 3147 1513 ad
3168 1457 3471 1515 Witmun-

1819 1547 1958 1601 dum
1993 1549 2352 1603 Aversanum
2383 1546 2621 1619 scripta,
2654 1547 2714 1602 in
2733 1562 2907 1619 quem
2939 1545 3181 1604 titulum
3210 1564 3466 1605 errorem

1818 1635 2127 1707 irrepsisse
2148 1651 2322 1691 nemo
2344 1634 2573 1703 dixerit,
2597 1635 2644 1690 si
2677 1634 2947 1692 consulat
2971 1636 3199 1692 codices
3232 1652 3375 1693 mss.
3406 1640 3467 1694 et

1818 1724 2024 1793 editos,
2059 1724 2119 1780 in
2142 1724 2360 1779 Baluzii
2385 1723 2538 1780 notis
2570 1724 2642 1780 ad
2661 1724 3464 1792 GratianumlaudatoaQuid

1817 1812 2025 1885 igitur?
2055 1812 2105 1868 si
2135 1812 2395 1867 divinare
2427 1810 2581 1878 licet,
2613 1815 2715 1866 aut
2766 1813 2881 1868 duo
2912 1812 3071 1868 fuere
3116 1810 3463 1867 Guitmundi

1814 1901 2092 1957 Aversani
2122 1900 2399 1973 episcopi,
2434 1904 2500 1956 ut
2528 1901 2863 1973 suspicatus
2891 1904 2980 1956 est
3018 1898 3319 1973 Ughellus,
3364 1904 3465 1955 aut

1816 1997 1967 2047 certe
1988 1991 2301 2064 Gregorius
2317 1996 2582 2045 nostrum
2596 1990 3022 2046 Guitmundum
3036 1988 3225 2062 primo
3236 1992 3463 2045 Aversa:

1815 2082 1978 2137 urbis
2005 2081 2343 2153 episcopum
2377 2079 2609 2146 creavit,
2643 2084 2700 2135 et
2720 2080 2985 2136 Urbanus
3004 2078 3276 2135 eumdem
3300 2076 3463 2151 pallii

1814 2170 2186 2226 concessione
2218 2168 2638 2241 archiepiscopi
2656 2167 2827 2224 titulo
2858 2172 2915 2224 et
2939 2167 3159 2225 honore
3175 2168 3464 2225 condeco-

1815 2260 1982 2329 ravit;
2014 2265 2139 2315 tum
2173 2262 2237 2313 ut
2266 2263 2498 2314 tantum
2529 2257 2828 2315 hominem
2860 2256 3058 2329 aliqua
3085 2256 3467 2330 praerogativa

1813 2347 2094 2422 singulari
2129 2347 2468 2415 illustraret;
2482 2362 2637 2415 cum,
2657 2345 3160 2402 utNorthmannis
3184 2344 3465 2419 principi-

1811 2438 1943 2505 bus,
1977 2437 2078 2509 qui
2105 2436 2257 2492 hanc
2286 2435 2492 2491 urbem
2531 2438 2939 2491 exstruxerant
2985 2439 3043 2491 et
3084 2433 3465 2508 potissimum

1812 2525 2100 2596 colebant,
2133 2528 2364 2599 gratum
2424 2524 2656 2580 faceret.
2690 2523 2854 2581 Certe
2902 2523 3213 2580 Ordericus
3269 2523 3466 2579 innuit

1810 2615 2110 2671 Urbanum
2142 2612 2336 2669 nescio
2369 2611 2511 2684 quid
2544 2611 2861 2684 singularis
2882 2610 3172 2685 privilegii
3199 2627 3269 2667 ea
3296 2627 3462 2669 occa-

1810 2705 1971 2760 sione
1983 2702 2408 2759 Guitmundum
2425 2701 2481 2755 in
2500 2700 3040 2756 Northmannorum
3058 2700 3308 2773 gratiam
3332 2715 3466 2761 con.

1809 2794 2077 2851 cessisse.
2139 2794 2264 2847 [lare
2318 2792 2468 2855 urbs,
2530 2790 2742 2862 inquit,
2805 2798 3041 2862 tempore
3088 2790 3281 2846 Leonis
3334 2790 3462 2845 [Xa

1808 2883 2220 2953 Northmannis,
2255 2882 2540 2954 quiprimo
2570 2880 2827 2951 Apuliam
2842 2879 3187 2936 incoluerant
3212 2881 3462 2934 constru-

1807 2981 1892 3029 cta
1921 2982 2017 3042 est,
2050 2975 2102 3027 et
2131 2988 2164 3026 α
2213 2971 2493 3033 Romanis,
2525 2972 2658 3041 quia
2703 2968 2771 3024 ab
2799 2968 3038 3024 adversis
3082 2969 3195 3024 sibi
3238 2967 3464 3023 antibus

1811 3062 2207 3133 mdiﬁcabatur,
2249 3058 2496 3113 Adversis
2524 3058 2736 3113 dicta...
2764 3057 2979 3113 divitiis
3006 3058 3263 3130 opulenta
3287 3056 3461 3113 εἰδαλ-
3529 3104 3540 3115 .

1809 3155 2132 3224 pinorum...
2160 3149 2659 3204 Northmannorum
2685 3148 2898 3219 optione
2924 3148 3030 3202 soli
3051 3160 3217 3219 papa:
3241 3154 3467 3215 gratan-

1810 3245 1894 3295 ter
1948 3240 2144 3306 obedit,
2202 3256 2235 3293 (ι
2280 3253 2383 3309 quo
2439 3236 2833 3291 Guitmundum
2896 3236 3193 3308 sophistam
3243 3236 3466 3307 mystici

1808 3329 2016 3385 decoris
2043 3329 2215 3400 pallio
2246 3327 2541 3397 insigniter
2558 3324 2877 3382 redimitum
2901 3325 3215 3397 pontiﬁcem
3233 3325 3462 3395 accepit.

58 3414 231 3466 fuisse
258 3412 603 3467 cardinatem
628 3413 1007 3485 presbyterum
1053 3416 1269 3474 Sanctae
1309 3418 1496 3472 Crucis
1527 3420 1589 3473 in
1610 3420 1702 3475 Je-
1734 3404 1778 3470 C
1814 3418 1919 3481 Qui
1951 3417 2318 3489 archiprwsul
2347 3432 2469 3471 eam
2497 3414 2595 3470 diu
2619 3416 2782 3483 rexit,
2807 3418 2859 3469 et
2888 3415 3196 3487 apostolicis
3235 3412 3465 3485 privile-

57 3500 318 3566 rusalem,
376 3501 481 3573 qui
532 3506 734 3573 postea
764 3503 821 3557 in
879 3504 1306 3562 .Eserniensem
1365 3506 1702 3579 episcopum

57 3595 424 3663 assumptus,
470 3591 709 3647 demum
763 3592 960 3649 Casini
1009 3595 1372 3667 temporibus
1420 3595 1625 3651 Calixti
1655 3595 1705 3651 ΙΙ

53 3680 217 3735 obiit.
840 3704 843 3707 ν

121 3769 207 3824 Ad
234 3769 394 3825 hunc
407 3769 584 3825 etiam
602 3785 847 3838 annum,
870 3772 956 3827 uti
972 3772 1217 3843 videtur,
1242 3775 1492 3831 revocari
1515 3777 1709 3847 potest

56 3857 386 3930 Berengarii
417 3859 705 3929 promotio
744 3861 815 3915 ad
873 3860 1236 3919 Venusinurn
1281 3864 1702 3936 episcopatum.

58 3947 147 4003 llic
174 3947 235 4002 in
256 3946 515 4003 Uticensi
540 3948 737 4005 Sancti
753 3950 971 4006 Ebrulli
986 3954 1338 4008 monasterio
1361 3953 1707 4009 Northman-

56 4037 153 4092 niae
182 4036 301 4092 sub
333 4036 504 4092 beato
534 4037 890 4095 Theoderico
921 4040 1128 4096 abbate
1156 4041 1458 4109 educatus,
1487 4042 1705 4097 Rober-

55 4130 167 4181 tum
200 4125 552 4181 Theoderici
576 4144 998 4197 successorem,
1034 4146 1210 4202 quem
1243 4131 1541 4187 Osbernus
1572 4131 1707 4187 inva

31 4215 595 4291 ,soremonasterio
655 4216 928 4273 excedere
977 4224 1266 4291 coegerat,
1315 4219 1375 4275 in
1431 4220 1705 4291 Apuliam

64 4303 241 4359 fuerat
253 4304 777 4371 secutus,ubicum
793 4305 1124 4377 permultos
1145 4322 1330 4365 annos
1352 4311 1708 4368 monasterio

66 4395 274 4446 Sanctae
307 4391 617 4448 Trinitatis
648 4395 802 4466 apud
835 4395 1154 4452 Venusium
1186 4398 1532 4470 praefuisset,
1578 4404 1707 4455 tan-

1812 3510 1923 3577 giis
1951 3508 2018 3563 ab
2048 3508 2201 3563 omni
2227 3506 2547 3561 mortalium
2575 3506 2858 3560 exactione
2887 3505 3029 3560 liber
3049 3504 3280 3575 plausit.
3332 3506 3465 3558 Haec

1814 3596 2174 3668 conjicienda
2201 3595 2356 3649 dicta
2376 3592 2514 3661 sint,
2546 3592 2731 3648 donec
2757 3592 2972 3665 aliquis
3014 3591 3262 3651 certiora
3306 3592 3466 3647 inve-

1813 3687 1955 3741 niat.
1989 3683 2136 3739 Huic
2167 3683 2528 3738 Guitmundo
2558 3680 2862 3753 rescripsit
2892 3681 3184 3750 Urbanus,
3216 3680 3287 3734 de
3317 3678 3463 3734 reci-

1814 3772 2041 3847 piendis
2067 3769 2903 3839 excommunicatorum,modo
2920 3768 3293 3842 resipuerint,
3315 3767 3465 3824 elea-

1814 3861 2096 3935 mosynis.
2125 3863 2308 3927 Quam
2342 3858 2674 3932 epistolam,
2707 3862 2809 3915 aut
2829 3863 2982 3916 certe
3010 3858 3306 3931 insignem
3336 3857 3464 3929 ejus

1815 3958 2060 4026 partem,
2093 3951 2247 4006 circa
2273 3949 2499 4005 Julium
2533 3964 2820 4017 mensem,
2870 3948 2970 4004 sed
3019 3964 3172 4004 anno
3216 3946 3462 4015 incerto,

1815 4042 2113 4114 scriptam,
2143 4040 2625 4111 Ivo,ctposteum
2639 4038 2952 4095 Gratianus
2965 4036 3026 4093 in
3056 4035 3304 4094 decretis
3317 4034 3466 4106 suis,

1815 4130 2083 4187 retulere.

1934 4236 2195 4294 LXXXV.
2227 4235 2365 4292 Mors
2388 4234 2743 4318 Adalberonis
2771 4236 3007 4307 episcopi
3037 4234 3339 4291 Wirzbur-

2535 4321 2737 4378 genus.

1886 4398 2102 4455 Verum
2132 4414 2197 4454 eo
2229 4402 2491 4469 tempore
2521 4412 2635 4468 quo
2678 4395 2859 4452 variis
2890 4393 3166 4452 Ecclesiis
3208 4395 3266 4452 in
3299 4391 3469 4450 Italia

69 4480 209 4549 dem,
245 4480 334 4537 uti
366 4481 681 4537 Ordericus
712 4482 917 4540 Vitalis
940 4487 1114 4541 refert
1142 4486 1289 4543 libro
1306 4505 1426 4557 vm,
1460 4505 1557 4562 pro
1584 4492 1709 4545 vitae
1819 4492 2082 4561 pastores
2109 4484 2444 4558 providebat
2476 4484 2765 4553 Urbanus,
2798 4484 3099 4558 egregium
3121 4500 3190 4541 ac
3216 4483 3472 4540 invictis-

68 4572 247 4627 merito
275 4574 329 4625 et
360 4572 645 4642 sapientiae
673 4572 919 4629 doctrina
948 4575 1018 4631 ad
1053 4577 1433 4648 pontiﬁcatum
1454 4582 1713 4651 praefatae
1820 4578 2036 4633 simum
2069 4574 2224 4630 sedis
2236 4572 2565 4646 apostolicae
2580 4571 3144 4646 prepugnatoremin
3158 4573 3473 4630 Germania

70 4659 267 4714 urlusa
296 4675 448 4731 papa
508 4660 720 4716 Urbano
771 4672 1049 4733 promotus
1093 4669 1190 4721 est.
1244 4670 1405 4723 Tunc
1456 4673 1648 4724 tamen
1678 4686 1713 4725 τι
1821 4662 3228 4735 amisit,AdalberonemscilicetWirzburgensem
3250 4661 3473 4735 episco-

65 4747 207 4842 plebe
257 4749 500 4842 electum
548 4747 853 4806 Venusinae
901 4754 1055 4809 urbis
1109 4760 1476 4829 epzswpatum
1514 4775 1710 4815 susce-
1742 4776 1788 4842 D
1821 4773 1985 4829 pum,
2019 4752 2121 4826 qui
2150 4752 2283 4842 licet
2310 4768 2339 4807 e
2362 4751 2552 4842 patria
2577 4750 3116 4842 estorrisluerit,_et
3137 4750 3473 4822 frequenter

42 4866 48 4883 .
66 4825 612 4906 pisseasseritidem
642 4841 1098 4899 auctorlibrom.
1134 4825 1201 4899 Et
1231 4825 1466 4918 quidem
1492 4852 1714 4903 utrum-

66 4942 173 4994 que
202 4928 395 4998 potest
426 4942 788 4985 esseverum.
817 4932 889 4985 At
904 4932 1119 4988 mirum
1152 4934 1407 4992 esthunc
1430 4942 1715 5010 Berenga-

72 5013 211 5068 rium
225 5014 299 5070 ab
312 5013 562 5086 Ughello
593 5016 650 5071 in
665 5018 924 5092 catalogo
936 5020 1368 5079 Venusinorum
1384 5025 1713 5082 antistitum

72 5106 218 5159 torno
246 5104 349 5160 VII
391 5103 570 5160 Italis:
602 5123 777 5162 sacrae
808 5111 1159 5168 recensitum
1192 5131 1307 5169 non
1338 5116 1533 5170 fuisse.

140 5191 362 5248 Laudat
394 5192 550 5249 idem
574 5194 881 5254 Ordericus
913 5199 1117 5256 Vitalis
1148 5201 1296 5259 libro
1328 5221 1384 5260 Iv
1404 5205 1716 5261 Guitmun-

71 5279 205 5336 dum
238 5282 829 5343 monachum‘Crucis
863 5289 1350 5359 SanctiBuderni,
1384 5310 1485 5348 seu
1519 5295 1715 5350 Sancti

74 5369 335 5426 Leufredi
370 5372 428 5427 in
450 5372 897 5445 Northmannia,
912 5395 1085 5451 quem
1106 5382 1435 5452 postvarias
1456 5384 1720 5439 fortunas

52 5454 379 5531 'Gregorius
408 5461 511 5517 Vll
558 5464 901 5523 cardinalem
947 5474 1147 5525 sanetae
1186 5472 1446 5530 Romana:
1472 5474 1721 5528 Ewlesize

71 5551 330 5619 praefecit,
362 5554 416 5606 et
469 5551 721 5608 Urbanus
760 5571 907 5628 papa
943 5559 1067 5630 jam
1110 5561 1399 5632 probatum
1446 5564 1507 5617 in
1530 5562 1720 5617 multis

56 5636 547 5710 ’metmpolitanum
596 5642 809 5700 Aversis
854 5648 1009 5703 urbis
1052 5650 1370 5707 solemniter
1419 5652 1715 5708 ordinavit.

58 5720 365 5801 ,Consentit
392 5728 604 5786 Calixti
632 5732 794 5791 bulla
809 5738 964 5811 apud
984 5737 1294 5814 Ughellum
1326 5745 1483 5798 tomo
1504 5742 1526 5798 Ι
1545 5739 1719 5797 Italiae

84 5827 268 5890 sacra,-
295 5820 399 5881 sed
432 5836 556 5898 qua
584 5821 809 5897 ratime
835 5824 896 5886 id
928 5830 1196 5905 componi
1225 5831 1412 5911 possit
1432 5848 1567 5891 cum
1588 5829 1721 5894 aliis

1823 4865 1852 4901 c
1884 4862 1991 4900 sua
2020 4843 2156 4899 sede
2186 4840 2413 4914 pulsus,
2437 4838 2716 4896 ecclesias
2732 4843 2929 4895 tamen
2943 4838 3233 4907 dedicare,
3267 4853 3472 4895 mona-

1824 4934 2002 4989 steria
2032 4936 2381 4998 restaurare,
2417 4933 2520 4985 aut
2548 4928 2618 4984 de
2651 4944 2798 4984 novo
2828 4928 3095 4994 condere,
3129 4927 3360 5001 aliaque
3377 4927 3471 4984 sui

1825 5022 2046 5078 ordinis
2080 5020 2282 5077 munia
2312 5033 2572 5076 exercere
2603 5034 2717 5073 non
2736 5017 2978 5074 destitit.
3009 5016 3126 5073 Etsi
3154 5020 3275 5089 post
3304 5020 3472 5074 innu«

1824 5130 1996 5178 mera,
2040 5118 2104 5166 ut
2161 5111 2242 5166 ait
2297 5106 2621 5174 Bertoldus,
2674 5112 2731 5162 et
2758 5106 3049 5163 consentit
3093 5106 3236 5162 Vita:
3294 5106 3474 5179 hujus

1827 5205 2047 5270 auctor,
2102 5200 2373 5271 pericula,
2419 5207 2471 5253 et
2526 5198 2706 5252 varias
2753 5198 3171 5267 persecutiones,
3230 5197 3293 5250 in
3335 5196 3476 5251 bona

1825 5292 2156 5362 confessione
2182 5288 2327 5343 diem
2356 5289 2553 5343 clausit
2571 5294 2876 5342 extremum
2897 5285 2991 5341 die
3008 5289 3171 5341 sexta
3191 5284 3475 5357 Octobris,

1830 5379 2093 5452 sepultus
2140 5377 2198 5431 in
2249 5377 2606 5432 monasterio
2664 5373 3065 5443 Lambacensi,
3099 5374 3253 5447 quod
3286 5392 3321 5430 a
3351 5374 3477 5431 suis

1828 5468 2170 5541 parentibus
2192 5465 2492 5521 conditum
2520 5471 2579 5520 et
2602 5464 2805 5521 multis
2827 5481 2861 5519 a
2892 5463 3137 5520 sebonis
3168 5462 3481 5536 locupleta-

1827 5564 1975 5626 tum,
2008 5556 2196 5613 ordini
2227 5554 2600 5611 Benedictino
2638 5554 2957 5610 addixerat.
2992 5553 3134 5625 Ejus
3179 5552 3376 5609 Vitam
3407 5552 3478 5607 ab

1828 5652 2065 5704 auctore
2096 5643 2334 5718 suppari
2366 5643 2652 5699 monacho
2676 5641 3057 5700 Lambacensi
3074 5642 3353 5715 scriptam
3380 5641 3479 5698 de-

1827 5738 2027 5794 dimus
2056 5736 2207 5791 inter
2237 5737 2380 5789 Acta
2408 5736 2746 5790 sanctorum
2790 5732 3014 5791 ordinis
3071 5731 3128 5790 S.
3163 5728 3479 5803 Benedicti,

1832 5832 1995 5911 parte
2023 5826 2096 5907 II,
2128 5823 2326 5886 saeculi
2354 5823 2453 5884 Vl.
