3972 6366
439 411 516 472 79
1745 390 1818 453 B.
1863 379 2168 465 unum:
2203 382 2255 490 ιι
2297 375 2546 442 papa.

3764 367 3876 438 80

491 523 788 597 ἘΧΧΧἮ.
823 535 1218 592 Canonicorum
1239 530 1580 604 regularium
1602 525 2011 582 Aroasiensium
2109 524 2166 587 Α
2197 481 2398 572 fraudo
2428 513 2500 568 ad
2533 524 2673 565 suas
2691 508 2904 604 partes
2921 501 3260 604 attraheret,
3282 500 3430 557 adeo
3550 470 3882 573 Romanos

845 667 850 672 _
1115 605 1406 663 institutio.
1508 648 1512 650 -
1656 629 1681 660 ι
1958 659 1962 664 _

512 717 846 776 Illustratus
873 715 1052 772 etiam
1082 713 1194 770 fuit
1215 711 1326 768 hoc
1355 725 1508 768 anno
1533 702 1750 763 Urbani
1781 699 2083 776 pontiﬁca-

437 814 537 867 tus
565 806 934 866 institutione
965 802 1382 860 canonicorum
1397 793 1754 870 regularium
1780 804 2090 864 congrega-

441 897 620 954 tionis
648 892 1036 960 Aroasiensis,
1081 891 1164 948 sic
1221 888 1390 945 dicta:
1420 887 1492 945 ab
1544 881 1786 942 Amasis
1833 877 2092 953 principe

445 984 803 1044 monasterio
833 983 894 1038 in
955 979 1190 1038 dioecesi
1237 971 1622 1042 Atrebatensi,
1679 969 1836 1044 quod
1883 966 1992 1025 sub
2029 981 2093 1020 se

445 1073 652 1148 viginti
682 1072 948 1131 abbatias
979 1069 1120 1124 olim
1153 1065 1434 1124 habuisse
1459 1061 1817 1136 perhibetur.
1863 1056 2093 1148 Primus

450 1181 654 1220 eorum
684 1160 1050 1236 praepositus,
1097 1157 1358 1214 nondum
1415 1153 1572 1210 enim
1630 1156 1770 1206 tunc
1817 1143 2098 1218 temporis

455 1251 752 1310 canonicis
763 1247 1132 1323 regularibus
1145 1246 1385 1302 abbates
1399 1255 1645 1316 praeesse
1653 1236 2097 1301 consueverant,

452 1342 564 1408 fuit
593 1321 984 1406 Hildemarus,
1016 1337 1118 1409 qui
1140 1351 1272 1391 eum
1285 1332 1515 1388 duobus
1542 1327 1672 1386 aliis
1695 1323 1958 1385 .ercmitis
1972 1321 2102 1380 fun-

455 1431 730 1488 damenta
758 1427 953 1500 posuit
981 1425 1160 1496 hujus
1189 1421 1431 1490 ordinis,
1452 1419 1622 1489 cujus
1651 1416 1779 1472 vitae
1799 1410 2104 1500 austerita-

452 1524 570 1577 tem
601 1498 829 1590 egregie
847 1513 1125 1572 describit
1155 1511 1414 1568 Jacobus
1438 1525 1473 1564 a
1493 1506 1749 1565 Vitriaco
1772 1503 1830 1558 in
1849 1498 2106 1590 Historia

452 1585 819 1670 occidentali,
853 1603 1040 1676 capite
1075 1602 1164 1668 23,
1195 1604 1253 1655 et
1284 1603 1414 1670 post
1445 1613 1581 1652 eum
1633 1592 1878 1651 Locrius
1905 1593 1962 1644 et
2005 1585 2106 1643 alii

452 1696 672 1771 passim
705 1673 1320 1755 auctoreslaudarunt;
1339 1686 1440 1742 sed
1465 1685 1584 1740 haec
1620 1683 1808 1739 fusius
1836 1673 2104 1752 persequi

455 1802 572 1844 non
608 1783 860 1855 pertinet
888 1781 960 1836 ad
995 1782 1262 1842 nostrum
1292 1773 1650 1832 institutum.

639 1901 1106 1961 LXXXVII-VIII.
1148 1901 1358 1956 Erectio
1388 1898 1624 1954 abbatis?
1654 1894 1932 1950 Tauniaci.

537 2015 700 2070 Circa
728 2013 884 2067 idem
915 2014 1148 2081 tempus
1178 2005 1422 2064 ecclesia
1451 2005 1676 2060 Sanctae
1722 1998 1936 2067 Marias,
1983 2013 2109 2071 quae

468 2119 705 2176 corpore
717 2118 819 2157 san
828 2099 903 2155 eti
917 2099 982 2153 Hi
990 2097 1194 2172 ppoliti
1209 2093 1482 2166 martyris
1499 2089 1934 2156 nobilitabatur,
1954 2086 2111 2160 apud

468 2191 832 2250 Tauniacum
863 2189 1188 2243 Santonum
1215 2183 1518 2258 oppidum,
1550 2196 1580 2234 e
1611 2177 1859 2235 clericali
1883 2176 1955 2231 ad
1989 2191 2112 2230 mo-

470 2281 762 2352 nasticum
794 2276 1059 2333 ordinem
1089 2272 1372 2329 translata
1403 2273 1514 2331 est;
1538 2267 1854 2324 constituto
1885 2264 1963 2320 ibi
1982 2279 2114 2318 cum

467 2371 598 2427 aliis
627 2364 1156 2441 Angeriaeensibus
1189 2359 1490 2417 monachis
1515 2358 1706 2430 primo
1738 2355 1949 2428 abbate
1979 2351 2114 2407 Ful-

471 2458 680 2527 cherio,
715 2440 824 2512 Sub
855 2451 1123 2509 clientela
1153 2447 1491 2506 monasterii
1523 2441 1988 2518 Angeriacensis,
2022 2440 2114 2496 cui

466 2564 614 2604 nova
640 2547 762 2602 haec
793 2535 1030 2599 abbatis
1057 2541 1322 2611 subjecta
1350 2551 1650 2592 remanere
1680 2533 1946 2588 debebat.
1988 2531 2120 2586 Haec

466 2638 619 2694 facta
633 2633 848 2692 estGau
857 2626 1412 2687 fridiTauniacensis
1423 2624 1578 2681 domi
1589 2619 2120 2693 ni,loci'conditoris

469 2725 828 2800 praescripto,
863 2721 962 2794 qui
988 2725 1051 2774 ut
1070 2718 1128 2773 id
1153 2717 1348 2790 ipsum
1383 2713 1453 2770 ab
1473 2713 1703 2789 Urbano
1730 2729 1880 2785 papa
1901 2709 2122 2765 obtine-

470 2797 579 2882 ret,
611 2805 858 2868 Remum
883 2809 1124 2864 adierat.
1157 2807 1281 2870 Qua
1310 2805 1379 2860 de
1408 2819 1470 2859 re
1503 2818 1670 2874 papa,
1705 2803 1768 2855 ut
1815 2797 2031 2872 legitur
2060 2798 2121 2854 in

472 2901 652 2960 veteri
681 2900 1093 2963 instrumento,
1125 2893 1278 2950 valde
1317 2893 1649 2963 ueliﬁcatas,
1691 2905 1763 2945 ea:
1799 2889 2124 2944 auctoritate

481 2995 758 3048 beatorum
789 2989 939 3042 Petri
966 2989 1016 3041 et
1046 2985 1232 3050 Pauli,
1264 2987 1314 3037 et
1343 2983 1484 3049 sua,‘
1505 2977 1769 3052 quidquid
1789 2977 1854 3033 de
1899 2977 2124 3054 ecclesia

479 3083 661 3154 fiebat,
693 3083 742 3134 et
771 3077 929 3132 danti
957 3073 1196 3130 Gofrido
1227 3070 1471 3154 scilicet,
1515 3073 1564 3124 et
1609 3068 1898 3140 accipienti
1942 3065 2124 3123 Odoni

479 3149 676 3242 abbati
705 3161 1138 3239 Angeriacensi,
1169 3149 1462 3229 diligenter
1488 3158 1708 3222 annuit,
1737 3157 1950 3212 secutus
1969 3159 2125 3213 ante-

2194 622 2314 664 suae
2336 601 2523 675 ipsius
2571 595 2839 654 factionis
2888 593 2962 650 ad
3018 593 3080 648 id
3125 591 3354 647 facinus
3403 587 3738 655 adduxerit,
3797 589 3883 642 ut

2195 699 2405 751 turrem
2433 687 2750 751 Crescentii,
2777 685 2864 741 sic
2893 687 3021 739 tum
3045 685 3103 737 Β.
3152 679 3356 754 Angeli
3387 676 3693 735 castellum
3751 692 3884 750 ap-

2197 781 2512 856 pellabant,
2545 791 2670 850 quae
2695 783 2915 833 eatenus
2938 771 3156 828 domino
3179 783 3344 843 papae
3387 767 3690 836 obediebat,
3731 765 3886 824 dolo

2197 879 2412 944 captam
2439 869 2661 924 diruere
2691 864 3037 922 tentaverint.
3086 861 3437 934 Magnopere
3481 857 3695 914 enituit
3747 856 3886 912 hac

2201 957 2507 1018 occasione
2533 953 2738 1028 optimi
2763 951 3058 1026 pontificis
3097 948 3292 1005 animo
3341 947 3629 1021 profunde
3675 945 3886 1002 insita

2205 1046 2618 1112 mansuetudo,
2651 1043 2940 1116 quicum,
2993 1043 3061 1096 ut
3104 1036 3480 1112 prosequitur
3521 1033 3881 1102 Bertoldus,

2204 1137 2369 1212 facile
2429 1137 2652 1192 Romam
2708 1149 2831 1190 cum
2871 1131 3115 1186 exercitu
3177 1129 3406 1192 intrare,
3455 1134 3511 1183 et
3566 1125 3884 1182 rebellium

2207 1226 2606 1284 contumaciam
2633 1222 2858 1280 domare
2895 1219 3177 1292 potuisset,
3221 1218 3398 1288 magis
3427 1231 3552 1270 cum
3583 1230 3884 1270 mamme-

2211 1316 2396 1373 tudine
2415 1330 2648 1370 causam
2674 1328 2836 1367 suam
2863 1323 3022 1381 agere
3069 1305 3301 1378 delegit,
3335 1304 3588 1362 cedendo
3635 1303 3887 1361 scilicet

2212 1405 2500 1478 patienter
2527 1399 2809 1473 temporis
2839 1395 3160 1469 iniquitati,
3206 1393 3400 1468 potius
3448 1409 3626 1466 quam
3675 1392 3886 1448 armis

2213 1491 2566 1550 dimicando.
2600 1488 2750 1546 Illud
2781 1489 2977 1543 tamen
3006 1484 3234 1540 facinus
3281 1481 3547 1549 Henrico,
3597 1481 3704 1553 qui
3733 1485 3886 1538 tum

2215 1584 2466 1642 Mantua:
2498 1578 2834 1645 incubabat,
2867 1577 3129 1630 animum
3175 1572 3404 1644 adjecit.
3448 1575 3570 1627 lmo
3621 1571 3890 1627 Mantua

2216 1673 2344 1744 ipsa
2365 1675 2494 1743 post
2510 1669 2848 1724 diuturnam
2864 1663 3136 1722 undecim
3155 1661 3448 1718 mensium
3469 1659 3887 1729 obsidionem,

2218 1759 2360 1816 feria
2390 1759 2552 1814 sexta
2585 1757 2945 1817 Parasceves,
2974 1750 3068 1807 die
3099 1751 3159 1806 11
3192 1747 3408 1821 Aprilis
3437 1752 3628 1822 capta.
3651 1749 3890 1804 civium

2221 1845 2569 1922 proditione,
2607 1848 2666 1899 ut
2699 1841 2974 1897 Domnizo
3025 1839 3220 1907 habet,
3255 1837 3480 1910 aliquot
3517 1836 3794 1893 civitates
3829 1837 3890 1893 ei

2218 1936 2419 1992 vicina:
2453 1935 2662 2006 rejecto
2693 1928 3038 2004 Wclphonis
3061 1929 3248 1994 ducis,
3283 1944 3387 1984 seu
3407 1925 3714 1984 Mathildis
3745 1927 3892 1998 ejus

2221 2043 2449 2098 sponsae
2478 2022 2759 2086 dominio,
2791 2018 3022 2075 Henrici
3057 2021 3251 2089 partes
3281 2015 3558 2089 amplexae
3607 2016 3887 2072 fuerunt.

2221 2115 2383 2171 Unde
2413 2113 2512 2184 qui
2548 2109 2792 2167 rebelles
2821 2109 3016 2164 Romae
3049 2110 3233 2173 erant,
3263 2103 3672 2161 insolentiores
3713 2103 3888 2173 facti,

2221 2203 2537 2260 Guibertum
2565 2199 2996 2258 han-esiarcham
3052 2211 3210 2269 quem
3251 2194 3583 2266 jamdudum
3639 2196 3890 2268 expule-

2223 2295 2368 2362 rant,
2428 2293 2630 2348 iterum
2673 2289 2895 2344 Romam
2945 2286 3159 2340 intrare
3208 2292 3261 2340 et
3287 2289 3537 2340 sanctam
3582 2284 3892 2341 ecclesiam

2221 2383 2354 2448 suis,
2385 2396 2496 2436 non
2545 2375 3027 2442 benedictionibus,
3058 2373 3148 2430 sed
3191 2372 3669 2430 maledic-tionibus
3731 2375 3889 2447 infe-

2223 2479 2369 2532 stare
2393 2469 2784 2542 permiserunt.

2226 2578 2334 2634 XC.
2374 2577 2625 2634 Urbanus
2655 2575 2714 2629 in
2745 2573 3044 2644 Campania
3072 2577 3336 2644 versatur.
3376 2569 3678 2644 lljllelmus
3712 2571 3894 2644 abbas

2265 2676 2267 2680 Α
2298 2647 2700 2732 Hirsaugiensis
2729 2643 2981 2700 nuntius.
3011 2643 3370 2714 Privilegium
3409 2643 3665 2699 Ecclesiae
3715 2643 3891 2702 Cata-

2297 2735 2505 2778 mensis
2512 2761 2524 2774 .

2301 2827 2569 2883 Urbanus
2596 2824 2818 2880 interea
2853 2821 3044 2878 varias
3075 2817 3406 2892 Campania:
3443 2819 3714 2894 regiones
3745 2839 3897 2894 per-

2232 2916 2494 2991 agrabat,
2528 2914 2640 2970 huc
2684 2912 2938 2983 illucque
2998 2926 3100 2982 pro
3155 2913 3486 2982 temporum
3533 2911 3899 2972 necessitate

2231 3019 2559 3064 commeare
2587 3004 2841 3058 coactus.
2875 2999 3040 3066 Quod
3072 3014 3204 3054 eum
3241 2997 3480 3054 referret
3519 2997 3899 3058 Trithemius

2233 3093 2318 3151 sic
2347 3091 2652 3149 exclamat:
2687 3091 2726 3147 0
2757 3094 3020 3161 tempora,
3052 3103 3082 3144 ο
3109 3091 3327 3142 mores!
3358 3087 3560 3154 Rom,
3608 3089 3668 3143 in
3699 3091 3898 3147 cathe-

2231 3184 2333 3240 dra
2357 3183 2536 3238 sancti
2558 3181 2709 3237 Petri
2741 3179 3066 3250 Wigbertus
3108 3176 3323 3233 sedebat
3373 3176 3602 3245 idolum,
3640 3187 3692 3236 et
3722 3195 3900 3239 verus

475 3272 736 3339 cessarem
787 3271 940 3310 suum
990 3249 1414 3339 Ildebrandum,
1438 3263 1653 3339 magna?
1697 3250 1748 3302 et
1776 3244 2122 3339 admiranda?
2151 3252 2194 3318 α
2235 3273 2438 3330 Christ,-
2453 3271 2692 3326 υίσηνίηδ
2719 3244 2940 3324 uuida”
2961 3265 3228 3322 manendi
3255 3267 3433 3322 locum
3470 3244 3686 3339 pater“
3731 3270 3896 3328 ἰηπ-

475 3335 779 3404 sanctitatis
811 3345 1012 3408 virum,
1042 3341 1156 3412 qui,
1189 3339 1320 3394 dum
1349 3337 1526 3393 adhuc
1553 3338 1771 3404 viveret,
1797 3335 1895 3391 hoc
1941 3335 2124 3406 ipsum

480 3435 698 3508 Gofrido
752 3433 1070 3490 concessisse
1121 3429 1484 3506 cognoscitur.
1553 3427 1736 3500 Itaque
1781 3425 2124 3492 auctoritate,

477 3531 544 3582 ut
570 3525 629 3580 in
657 3523 858 3594 eadem
890 3520 1090 3576 charta
1119 3517 1352 3590 legitur,
1373 3515 1512 3576 sedis
1540 3515 1847 3588 apostolicae
1875 3521 1928 3568 et
1947 3513 2126 3586 privi-

479 3617 621 3686 legio
649 3613 769 3669 Odo
802 3607 1120 3666 monachos
1151 3623 1216 3663 eo
1247 3606 1306 3662 in
1335 3605 1460 3660 loco
1488 3601 1760 3670 instituit,
1793 3617 1864 3658 ex
1911 3599 2128 3674 quibus

479 3721 686 3770 unum,
720 3697 1086 3756 Fuleherium
1107 3693 1364 3760 nomine,
1379 3691 1730 3748 Ramnulfus
1743 3691 2054 3764 episcopus
2069 3689 2127 3745 in

481 3795 752 3850 abbatem
779 3786 1092 3850 benedixit,
1126 3785 1263 3839 data
1291 3783 1566 3839 omnibus
1599 3784 1880 3855 potestate
1911 3783 1976 3834 ut
1997 3778 2127 3852 qui-

482 3897 714 3952 cunque
749 3877 984 3942 vellent,
1007 3873 1237 3946 possint
1267 3887 1424 3927 novze
1458 3869 1540 3925 illi
1569 3869 1812 3926 abbatis:
1842 3868 1997 3924 bona
2023 3885 2131 3922 sua

483 3969 762 4026 conferre.
797 3966 926 4020 Haec
958 3981 1025 4019 ex
1055 3963 1182 4034 ipso
1212 3961 1389 4017 veteri
1421 3961 1813 4035 instrumento
1846 3955 2129 4014 delibavi-

483 4075 640 4126 mus,
673 4053 905 4128 quodin
936 4049 1167 4108 archivo
1183 4049 1594 4123 Angeriacensi
1625 4051 1909 4114 servatur,
1929 4046 2132 4102 datum

481 4163 628 4204 anno
660 4144 818 4211 1090,
853 4142 1148 4198 indictione
1205 4156 1326 4194 χιιι.
1378 4139 1656 4195 Gofridus
1711 4139 1907 4192 autem
1955 4134 2134 4206 hujus

483 4232 728 4289 abbatiaa
760 4223 1080 4295 institutor,
1115 4229 1166 4282 is
1199 4227 1325 4298 ipse
1353 4230 1442 4282 est
1471 4221 1755 4280 adversus
1787 4238 1960 4294 quem
1991 4221 2138 4278 alter

483 4319 757 4379 Gofridus
788 4315 1311 4384 Vindociniabbas,
1343 4314 1444 4370 lib.
1471 4331 1556 4380 ιιι,
1577 4313 1748 4385 epist.
1781 4311 1870 4382 3‘2,
1902 4311 2139 4384 scripsit

485 4411 557 4468 ad
571 4407 819 4482 Ramnul
831 4407 948 4462 fum
963 4407 1178 4460 Santon
1189 4421 1389 4460 ensem
1405 4403 1953 4476 episcopum,quem
1973 4405 2140 4474 rogat

486 4503 553 4556 ut
582 4495 836 4554 nullasei
867 4495 1136 4550 inducias
1151 4491 1608 4566 concedat,quin
1629 4489 1792 4562 prius
1823 4489 1935 4544 sibi
1954 4507 2140 4546 secun-

487 4589 618 4644 dum
641 4587 850 4643 domini
864 4599 1027 4657 papae
1053 4585 1326 4640 decretum
1352 4577 1720 4638 satisfecerit.
1761 4577 1868 4636 Sed
1901 4596 2023 4636 rem
2067 4579 2140 4636 de

489 4695 608 4751 qua
639 4676 832 4750 agitur
861 4691 975 4730 non
1007 4673 1271 4746 explicat.

560 4801 838 4860 LXXXIX.
873 4799 1190 4857 Henriciani
1219 4803 1398 4854 Rome
1426 4795 1752 4867 praevalent.
1785 4795 2064 4852 Mantuam

1194 4868 1440 4942 capiunt.

561 4981 824 5039 Dominus
850 4995 994 5051 papa
1017 4993 1076 5034 eo
1119 4985 1378 5048 tempore,
1412 4973 1585 5030 idest
1617 4973 1906 5032 anni109l
1947 4974 2134 5042 initio,

493 5075 560 5126 ut
589 5067 839 5127 Bertoldi
872 5067 1059 5124 verbis
1090 5069 1241 5134 utar,
1275 5066 1336 5120 in
1351 5063 1602 5136 partibus
1619 5063 1936 5137 Cmnpanize
1955 5082 2136 5122 mara-

495 5162 672 5226 batur,
716 5163 766 5214 ct
823 5157 889 5212 ab
946 5157 1196 5213 omnibus
1256 5153 1550 5210 Catholicis
1599 5153 1781 5214 debita
1837 5156 2140 5210 reverentia

491 5249 788 5317 colebatur,
811 5247 1060 5302 videlicet
1117 5263 1146 5300 α
1171 5244 1762 5316 Consumtinopolitano
1791 5245 2136 5316 imperatore,

491 5347 543 5394 et
567 5355 602 5392 a
652 5339 906 5408 Philippo
953 5337 1288 5392 Francorum
1335 5351 1474 5406 rege,
1529 5335 1766 5405 aliisque
1801 5333 2141 5390 diversorum

493 5444 786 5498 regnorum.
800 5425 1285 5501 principibus,lam
1314 5424 1690 5481 ecclesiasticis
1721 5439 1889 5496 quam
1913 5423 2143 5479 saecula-

493 5517 665 5582 ribus,
723 5521 940 5586 excepto
1001 5515 1408 5569 Teutonicorum
1463 5527 1650 5584 regno,
1709 5511 1810 5565 ubi
1854 5510 2020 5566 multi
2073 5525 2144 5565 ea:

495 5605 788 5661 Catholicis
822 5605 879 5658 in.
908 5607 1124 5675 partem
1151 5603 1744 5660 excommunicatorum
1781 5598 2140 5655 avaritiade-

490 5696 636 5768 copti
663 5697 852 5767 sponte
875 5709 974 5748 sua
1002 5709 1060 5750 se
1086 5693 1510 5749 transtulerunt.
1542 5689 1791 5747 Omnem
1822 5685 1983 5744 enim
2003 5691 2144 5746 tunc

490 5775 764 5850 mbvebat
792 5782 1043 5864 lapidem
1072 5783 1374 5846 Henricus.
1408 5783 1476 5840 ut
1503 5777 1740 5859 quosvis
1768 5774 1944 5838 etiam
1963 5777 2020 5839 vi
2043 5781 2150 5839 aut

2230 3365 2356 3420 nire
2383 3364 2586 3417 tutam!
2617 3359 2686 3414 Et
2699 3357 2936 3431 quidem
2961 3359 3246 3412 cumtunc
3277 3353 3610 3412 Willelmus
3638 3355 3895 3416 Hii-sau-

2233 3451 2455 3526 giensis
2482 3450 2688 3516 abbas,
2717 3447 2808 3502 vir
2838 3445 3147 3504 sanctitate
3188 3461 3418 3500 morum
3471 3449 3528 3501 et
3553 3445 3668 3502 fide
3697 3445 3760 3502 in
3793 3465 3896 3506 se-

2236 3543 2371 3598 dem
2389 3538 2770 3613 apostolicam
2802 3535 3074 3608 insignis,
3107 3533 3514 3592 Gebehardum
3545 3535 3903 3596 monasterii

2237 3629 2326 3686 sui
2361 3629 2608 3702 priorem
2641 3627 2711 3683 ad
2743 3625 3039 3681 Urbanum
3069 3624 3302 3680 misisset
3328 3641 3452 3680 cum
3477 3623 3903 3696 supplicatoriis

2238 3720 2461 3784 litteris,
2485 3716 2770 3789 postulans
2797 3714 2926 3781 sibi,
2959 3713 3040 3770 vel
3069 3729 3268 3786 parum
3284 3711 3498 3784 aliquid
3519 3713 3904 3785 reliquiarum

2240 3809 2384 3865 beati
2413 3807 2560 3863 Petri
2587 3805 2880 3861 destinari:
2910 3802 3162 3875 benigne
3190 3801 3426 3874 quidem
3476 3800 3904 3863 Gebehardum

2239 3897 2464 3968 excepit
2495 3895 2769 3968 pontifex,
2802 3893 2902 3948 sed
2945 3892 3225 3948 Guiberto
3278 3891 3523 3947 Romam
3567 3891 3909 3965 obtinente,

2240 3987 2300 4044 ei
2325 4003 2442 4042 non
2473 3983 2668 4058 potuit
2706 3983 3030 4056 quidquam
3083 3997 3150 4036 ex
3181 3979 3576 4053 apostolorum
3627 3979 3909 4058 reliquiis

2245 4077 2481 4133 donare.
2512 4075 2928 4130 Verumtamen
2957 4088 3030 4127 ne
3058 4069 3306 4126 nuntius
3350 4071 3421 4126 ad
3453 4073 3572 4126 tam
3623 4077 3907 4130 sanctum

2242 4166 2434 4222 virum
2465 4163 2564 4238 qui
2595 4164 2668 4220 ob
2699 4161 2856 4220 sedis
2899 4159 3228 4233 apostolica:
3276 4176 3514 4216 causam
3559 4159 3909 4233 frequenter

2245 4255 2570 4328 exagitatus
2589 4254 2786 4309 fuerat
2811 4266 3033 4307 vacuus
3063 4249 3300 4318 rediret,
3329 4248 3474 4306 alias
3505 4266 3653 4323 quas
3692 4266 3906 4308 secum

2245 4345 2396 4402 ferre
2436 4345 2813 4400 consueverat
2859 4339 3117 4412 pontifex
3161 4342 3500 4397 sanctorum
3554 4339 3796 4396 exuvias
3847 4340 3906 4396 ei

2245 4433 2488 4491 tradidit
2518 4430 2887 4504 Hirsaugiam
2917 4430 3086 4485 beato
3106 4427 3303 4484 abbati
3335 4422 3699 4484 deferendas.
3733 4429 3908 4492 Certe

2247 4520 2531 4580 nonnulla
2561 4519 2816 4575 vidimus
2845 4515 3064 4590 passim
3097 4532 3300 4573 eorum
3313 4520 3644 4590 temporum
3677 4517 3908 4576 instru-

2173 4620 2221 4686 D
2251 4617 2470 4680 menta,
2503 4609 2679 4667 etiam
2697 4607 2759 4664 in
2791 4605 2996 4664 Galliis
3025 4605 3379 4679 conscripta,
3402 4623 3529 4678 qua;
3557 4606 3695 4662 data
3743 4605 3907 4664 diee-

2253 4703 2469 4760 bantur
2491 4699 2703 4758 Urbano
2731 4705 2936 4754 sanctae
2965 4701 3227 4753 Romanae
3267 4696 3526 4753 Ecclesiae
3567 4695 3912 4768 praesidente

2244 4793 2342 4849 sub
2365 4789 2734 4864 persecutione
2762 4785 2982 4842 Henrici
3011 4786 3258 4857 tyranni,
3311 4788 3414 4841 aut
3444 4785 3554 4842 sub
3601 4783 3910 4842 similibus

2245 4879 2536 4946 formulis,
2571 4893 2698 4948 quae
2730 4877 2883 4932 idem
2911 4873 3042 4931 aliis
3071 4874 3262 4932 verbis
3277 4873 3699 4946 exprimebant.
3735 4872 3910 4930 Haud

2244 4975 2444 5027 tamen
2476 4967 2602 5024 sine
2633 4965 2850 5022 honore
2861 4968 3004 5030 erat,
3020 4963 3196 5020 etiam
3211 4963 3272 5018 in
3289 4962 3383 5020 his
3401 4961 3694 5036 angustiis
3705 4962 3913 5035 ponti-

2249 5061 2362 5124 fex,
2392 5073 2565 5130 quem
2598 5055 2700 5110 viri
2735 5055 3044 5125 utriusque
3059 5053 3282 5109 ordinis
3311 5051 3666 5108 illustriores
3695 5067 3908 5110 earum

2250 5147 2446 5220 region
2457 5163 2555 5201 um
2567 5161 2716 5218 quas
2729 5142 3093 5198 invisebatut
3103 5141 3426 5215 plurimum
3444 5139 3905 5198 comitabantur.

2251 5239 2339 5294 Ita
2366 5235 2476 5292 hoc
2501 5250 2651 5290 anno
2683 5233 2794 5289 sub
2825 5231 3002 5288 ﬁnem
3034 5232 3258 5289 mensis
3284 5229 3572 5300 Januarii,
3599 5245 3730 5286 cum
3755 5248 3907 5305 papa

2255 5325 2503 5384 Urbanus
2527 5324 2733 5396 Capua
2781 5325 2938 5391 esset,
2977 5320 3062 5376 uti
3108 5325 3307 5377 narrat
3349 5321 3556 5376 Petrus
3606 5319 3906 5378 Diaconus

2250 5415 2399 5472 libro
2428 5430 2486 5470 IV
2513 5411 2778 5469 Chronici
2809 5409 3166 5476 Casinensis,
3199 5427 3324 5484 cap.
3356 5409 3411 5479 9,
3445 5407 3787 5482 Baynaldus
3810 5409 3907 5466 Ri-

2249 5503 2456 5571 vellus,
2490 5503 2592 5576 qui
2622 5506 2880 5558 castrum
2913 5499 3252 5557 Fractarum
3285 5498 3457 5573 paulo
3490 5504 3623 5555 ante
3645 5497 3705 5554 in
3737 5497 3904 5556 Casi-

2252 5611 2464 5653 nenses
2491 5593 2548 5648 vi
2605 5592 2917 5658 invaserat,
2951 5591 3038 5646 ibi
3087 5591 3395 5646 asttmtibus
3443 5590 3634 5646 multis
3684 5588 3908 5646 clericis

2251 5689 2414 5758 atque
2439 5683 2718 5740 nobilibus
2751 5680 3045 5752 Capuanis,
3078 5677 3311 5752 publice
3356 5676 3652 5735 Orderisio
3697 5677 3906 5736 abbati

2251 5774 2593 5838 discalceatis
2613 5770 2842 5850 pedibus
2867 5770 3134 5852 satisfecit
3175 5785 3249 5830 ac
3288 5765 3716 5849 indulgentiam
3765 5781 3903 5850 pros
