3972 6366
449 407 532 482 83
1575 399 1580 405 '
1759 415 1830 480 B.
1874 408 2172 480 URBANI
2213 411 2267 478 11
2307 412 2558 481 pApa.

3775 413 3876 486 84

453 577 628 619 nemo
653 558 864 618 melius
893 555 1044 616 hanc
1065 575 1188 616 rem
1201 556 1468 632 exposuit
1482 554 1795 630 quamipse
1816 553 2100 626 Bogerius
2127 544 2183 616 Α
2211 554 2690 628 ordinavit.Apud
2717 559 3209 629 Syracusamvero
3234 551 3879 630 adjiciens,Rogerium

451 649 517 706 in
554 649 730 706 variis
771 647 1178 704 instrumentis
1222 663 1291 702 ea
1337 644 1638 701 occasione
1684 643 1986 712 confectis,
2031 659 2101 699 ex

454 739 869 812 quibusunum
895 735 1171 792 interalia
1196 735 1422 808 insigne
1435 733 1832 806 selegimus,in
1848 733 2099 807 gratiam

427 827 798 887 .Catanensis
838 826 1108 883 Ecclesia
1159 827 1384 891 datum,
1416 826 1570 897 quod
1604 824 1892 896 integrum
1926 823 2102 878 refert

456 917 724 974 Bocchus
755 915 1100 990 Pyrrhus.In
1129 932 1197 972 eo
1228 915 1513 988 Rogerius
1532 917 1781 969 testatur
1802 911 2100 968 Urbanum

457 1023 551 1063 ore
571 1023 669 1064 suo
697 1008 1060 1072 sanctissimo,
1090 1005 1248 1060 haud
1297 1002 1544 1059 dubium
1596 1002 1832 1074 quando
1873 1018 2008 1056 eum
2039 1000 2098 1055 in

458 1095 719 1152 Siciliam
759 1098 1120 1162 convenerat,
1173 1093 1258 1149 uti
1307 1109 1376 1149 ex
1423 1091 1730 1148 Malaterra
1777 1091 1848 1146 ad
1879 1106 2100 1146 annum

463 1186 605 1242 1088
633 1183 911 1251 diximus,
944 1182 1056 1238 sibi
1086 1179 1430 1254 pracepisse
1457 1182 1514 1234 et
1534 1195 1771 1251 rogasse
1801 1181 1866 1233 ut
1892 1175 2100 1232 Sicilia

460 1273 853 1332 Ecclesiarum
893 1287 1095 1328 curam
1144 1269 1486 1342 susciperet,
1527 1284 1718 1338 quare,
1759 1265 1972 1337 inquit,
2002 1281 2104 1336 per

459 1363 674 1419 diversa
701 1361 907 1418 Sicilia
955 1361 1070 1417 loca
1112 1359 1310 1416 idonea
1353 1359 1606 1414 ecclesias
1634 1355 1906 1427 aediﬁcavi
1941 1357 2104 1428 jussu

456 1453 664 1509 summi
686 1450 958 1524 pontiﬁcis
987 1449 1284 1522 apostolici,
1314 1455 1368 1504 et
1387 1449 1658 1518 episcopos
1686 1445 1890 1501 ibidem
1938 1443 2104 1500 collo-

459 1543 644 1598 cavi...
675 1543 792 1613 ipso
820 1539 1077 1595 laudante
1101 1545 1154 1594 et
1198 1537 1538 1603 concedente,
1571 1545 1624 1591 et
1665 1538 1805 1607 ipsos
1834 1535 2105 1606 episcopos

454 1637 816 1687 consecrante.
860 1629 1025 1684 Tunc
1075 1629 1257 1684 donat
1309 1625 1443 1699 pius
1499 1625 1771 1697 princeps
1825 1621 2105 1695 Ansgerio

455 1720 728 1792 episcopo
759 1717 940 1774 simul
993 1721 1050 1773 et
1096 1715 1292 1772 abbati
1340 1717 1544 1771 urbem
1593 1715 1999 1771 Catanensem.
2041 1711 2105 1766 In

459 1808 644 1866 altera
671 1807 1078 1879 charta,quam
1096 1805 1254 1862 idem
1278 1804 1542 1861 Bocchus
1576 1803 1830 1876 Pyrrhus
1855 1799 2104 1867 exhibet,

2209 648 2494 703 decanum
2569 645 2833 702 Ecclesia
2899 646 3357 714 Troinensis....,
3435 645 3495 701 in
3561 643 3881 718 provincia

2209 740 2400 792 ortum
2453 733 2887 808 pontificalibus
2958 734 3160 791 infulis
3221 734 3625 791 sublimavit...
3691 733 3878 806 Apud

2209 826 2478 882 Sanctam
2506 825 2831 880 Eufemiam
2881 824 3235 879 monachum
3269 825 3583 896 quemdam
3624 825 3881 880 natione

2209 914 2529 970 Brittonem
2560 913 2825 970 Ecclesia
2857 913 3164 970 Catanensi
3196 913 3454 970 ordinari
3483 915 3730 970 curavit.
3749 937 3782 964 »
3821 915 3881 969 Is

2209 1009 2297 1060 est
2324 1003 2610 1077 Angerius
2642 1005 2712 1060 de
2760 1021 2876 1076 quo
2918 1003 3091 1059 modo
3118 1002 3526 1075 loquebamur.
3568 1003 3877 1059 Monaste-

2211 1093 2360 1149 rium
2397 1110 2529 1149 vero
2553 1093 2774 1150 Sanctae
2806 1091 3104 1158 Eufemia,
3136 1093 3287 1164 quod
3339 1091 3434 1148 hic
3475 1096 3878 1162 memoratur,

2211 1201 2325 1255 pra
2355 1183 2576 1238 cateris
2600 1185 2725 1238 erat
2755 1181 3000 1247 celebre,
3035 1182 3092 1236 in
3126 1199 3240 1254 quo
3268 1182 3556 1238 Robertus
3598 1182 3877 1238 Wiscar-

2211 1273 2323 1328 dus
2352 1273 2671 1328 Robertum
2703 1271 2976 1328 abbatem
3009 1271 3339 1328 Uticensem
3361 1287 3392 1326 e
3423 1289 3530 1328 suo
3560 1277 3876 1328 monaste-

2211 1361 2296 1418 rio
2319 1363 2390 1418 ab
2409 1361 2676 1418 invasore
2695 1361 2931 1433 pulsum
2947 1361 3490 1428 constituerat,cum
3513 1360 3644 1417 aliis
3665 1379 3881 1420 mona-

2212 1451 2339 1507 chis
2371 1451 2471 1523 qui
2503 1468 2676 1506 suum
2710 1451 2981 1506 abbatem
3025 1467 3056 1506 e
3103 1450 3464 1506 Normannia
3503 1450 3688 1506 secuti
3741 1450 3878 1507 fue-

2212 1545 2363 1596 rant.
2397 1539 2540 1595 Hinc
2570 1540 2788 1596 factum
2810 1545 2875 1595 ut
2894 1557 2960 1596 eo
2984 1539 3041 1594 in
3071 1539 3378 1606 loco,sicut
3408 1544 3466 1596 et
3493 1541 3648 1610 apud
3683 1540 3878 1596 Sanc-

2213 1633 2333 1684 tam
2390 1629 2734 1686 Trinitatem
2790 1628 3053 1697 Venusii,
3087 1633 3144 1684 et
3209 1630 3490 1686 Sanctum
3521 1629 3878 1686 Michaelem

2215 1718 2416 1786 Meliti,
2451 1735 2575 1790 qua
2614 1718 2789 1774 etiam
2821 1718 2938 1774 duo
2988 1717 3345 1774 monasteria
3389 1719 3545 1775 idem
3590 1719 3880 1792 princeps

2217 1808 2465 1864 Roberto
2494 1807 2749 1880 regenda
2764 1807 3622 1876 commiserat,consuetudines
3638 1825 3884 1865 monas-

459 1897 767 1970 Rogerius,
789 1899 920 1968 post
965 1893 1283 1984 recensitas
1313 1893 1528 1984 multas
1577 1891 1920 1984 donationes
1949 1891 2110 1947 Cata-
2137 1918 2186 1984 Β
2218 1897 2350 1954 terii
2381 1897 2576 1954 Sancti
2599 1896 2815 1953 Ebrulﬁ
2841 1896 3132 1953 Uticensis
3175 1897 3526 1970 vigerent,ut
3555 1897 3880 1954 Ordericus

462 1985 630 2042 nensi
653 1984 918 2041 Ecclesia
941 2002 974 2039 a
999 2001 1062 2040 se
1098 1983 1302 2049 factas,
1337 1982 1644 2054 subjungit
1691 1981 1992 2038 Urbanum
2047 1996 2109 2036 se

460 2075 782 2148 suppliciter
811 2090 1079 2130 exorasse
1107 2076 1174 2128 ut
1203 2089 1372 2129 suam
1414 2089 1484 2128 ea
1525 2072 1594 2127 de
1645 2088 1704 2128 re
1743 2069 2109 2126 constitutio-

464 2181 600 2222 nem
631 2163 1024 2221 conﬁrmaret.
1056 2162 1218 2228 Quod
1269 2163 1342 2218 ab
1391 2178 1456 2218 eo
1485 2161 1812 2234 prastitum
1851 2176 1977 2216 esse
2007 2158 2106 2227 ait,

447 2254 602 2310 .dira
622 2253 948 2310 intentante
976 2251 1036 2307 in
1063 2251 1196 2308 illos
1225 2251 1325 2338 qui
1355 2268 1476 2307 eam
1505 2259 1618 2307 tam
1640 2251 1975 2338 benefactum
1995 2251 2108 2304 vio-

461 2345 663 2411 larent,
693 2343 778 2399 vel
807 2341 1022 2414 aliquid
1066 2341 1193 2396 inde
1237 2333 1633 2405 subtraherent,
1680 2342 1777 2394 aut
1810 2333 2110 2394 monachos

459 2433 545 2490 ibi
564 2433 668 2489 Deo
697 2433 989 2488 servientes
1019 2447 1257 2501 unquam
1300 2429 1700 2502 perturbarent.
1748 2428 1830 2484 Ea
1865 2431 1953 2483 est
1983 2426 2112 2499 ipsa

462 2521 625 2579 bulla
669 2537 848 2594 quam
881 2537 1060 2594 supra
1093 2537 1256 2576 num.
1289 2520 1361 2574 90
1409 2518 1802 2574 laudavimus.
1847 2517 2111 2588 Ansgerio

461 2627 704 2685 episcopo
733 2617 784 2666 et
803 2611 990 2666 abbati
1019 2610 1334 2666 Cataniensi
1359 2608 1489 2664 ideo
1530 2607 1829 2680 inscripta,
1863 2607 2020 2677 quod
2049 2606 2110 2661 in

459 2700 702 2758 ecclesia
731 2701 952 2757 Sancta
999 2698 1240 2772 Agatha
1273 2697 1588 2754 cathedrali
1631 2695 1900 2752 monachi
1936 2697 2110 2750 Bene-

459 2789 664 2847 dictini
693 2789 1107 2845 canonicorum
1139 2786 1288 2855 loco,
1310 2787 1464 2843 sicut
1491 2789 1548 2841 et
1576 2785 1636 2840 in
1661 2784 1955 2857 plerisque
1981 2783 2111 2840 aliis

463 2877 674 2936 Sicilia
704 2877 996 2944 Ecclesiis,
1046 2880 1186 2931 tunc
1215 2875 1592 2941 haberentur,
1640 2873 1914 2946 idemque
1959 2875 2114 2930 esset

465 2983 670 3025 corum
723 2965 905 3022 abbas
936 2964 1036 3037 qui
1076 2967 1134 3021 et
1183 2964 1495 3036 episcopus
1529 2981 1542 3019 :
1575 2980 1701 3036 qua
1749 2963 2112 3019 consuetudo

467 3056 761 3128 hodieque
790 3053 1064 3112 subsistit
1083 3054 1141 3108 in
1162 3051 1610 3125 metropolitano.
1629 3051 1873 3108 ecclesia
1899 3051 2115 3108 Montis

470 3143 682 3218 regalis
711 3147 768 3200 et
815 3143 876 3199 in
905 3140 1234 3199 Cataniensi
1282 3139 1539 3198 Ecclesia
1585 3158 1772 3214 usque
1823 3141 1894 3197 ad
1935 3141 2112 3197 tinem

468 3231 666 3290 saculi
697 3231 907 3290 decimi
937 3230 1082 3288 sexti
1104 3232 1409 3288 observata
1429 3231 1958 3302 fuerat.Ansgerius
1977 3247 2111 3286 vero

468 3321 564 3378 hic
594 3320 887 3389 laudatus,
921 3319 1022 3392 qui
1063 3337 1092 3376 e
1123 3317 1476 3376 monasterio
1522 3320 1744 3376 Sancta
1773 3319 2110 3392 Euphemia

459 3413 832 3484 assumptus,
861 3409 1084 3466 celebre
1106 3412 1308 3482 postea
1324 3407 1743 3464 monasterium
1765 3408 1994 3463 Catenae
2011 3424 2113 3463 ex-

467 3498 666 3556 citavit
709 3509 842 3556 cum
891 3497 1259 3570 amplissimo
1313 3497 1554 3571 templo,
1611 3497 1787 3569 quod,
1845 3490 1912 3553 ιη
1942 3497 2115 3554 refert

467 3589 735 3647 Bocchus
763 3589 1040 3670 Pyrrhus,
1071 3589 1129 3644 in
1159 3592 1270 3646 tota
1301 3589 1494 3644 Sicilia
1522 3590 1831 3644 maximum
1860 3593 1966 3644 est.

462 3697 656 3755 XCIII.
701 3699 1051 3771 Episcopatus
1096 3714 1130 3752 a
1175 3697 1398 3770 Rogerio
1451 3697 1714 3771 instituti.
1759 3697 1943 3752 Troini
1967 3695 2113 3752 sedes

973 3769 1270 3826 Messanam
1300 3770 1592 3824 translata.

533 3857 810 3920 Quanam
833 3874 967 3912 vero
991 3857 1208 3912 fuerint
1226 3857 1395 3912 sedes
1413 3855 1524 3910 illa
1555 3855 1915 3928 episcopales
1933 3873 1966 3909 a
1997 3857 2110 3912 Ro-

464 3945 624 4016 gerio
671 3945 880 4000 comite
921 3961 1023 4016 per
1051 3945 1109 3998 id
1140 3949 1372 4016 tempus
1401 3943 1460 3998 in
1483 3943 1681 3999 Sicilia
1701 3942 2111 4012 instituta,aut

464 4031 659 4104 potius
691 4032 993 4096 restituta,
1019 4032 1186 4088 docet
1206 4049 1312 4088 nos
1339 4031 1629 4088 Robertus
1654 4030 1992 4087 Troinensis
2007 4049 2108 4089 seu

463 4119 858 4176 Messenensis
889 4119 1220 4193 episcOpus,
1251 4119 1311 4175 in
1342 4120 1596 4192 quadam
1628 4119 1829 4175 charta
1859 4137 1962 4192 pro
1993 4137 2112 4176 mo-

463 4207 718 4265 nasterio
731 4207 1214 4281 Liparensi,apud
1237 4209 1532 4264 Bocchum
1546 4209 1788 4281 Pyrrum
1810 4208 1870 4263 in
1904 4209 2110 4266 notitia

463 4295 728 4354 Ecclesia
759 4296 1237 4366 Pactensis,tomo
1265 4297 1340 4353 III
1367 4296 1575 4353 Sicilia
1605 4313 1781 4353 sacra
1814 4295 2015 4364 relata,
2047 4298 2106 4356 in

463 4401 581 4458 qua
602 4384 714 4441 illa
741 4390 1118 4442 recensentur
1146 4385 1239 4441 his
1269 4385 1463 4442 verbis
1496 4387 1779 4441 :Primum
1817 4387 2109 4456 Traginen-

457 4489 574 4531 sem
599 4475 882 4530 ecclesiam
908 4475 971 4529 in
994 4475 1295 4546 pristinum
1321 4481 1520 4530 statum
1549 4475 1784 4530 restituit
1825 4476 2107 4543 Rogerius,

461 4565 523 4619 in
549 4579 655 4634 qua
684 4563 968 4619 dominum
1022 4571 1074 4620 et
1127 4563 1491 4619 venerabilem
1535 4564 1822 4619 Robertum
1858 4565 2107 4635 primum

2216 1986 2422 2042 Vitalis
2447 1985 2942 2042 observavitlibro
2971 2003 3033 2042 ιιι
3063 1985 3207 2042 Hist.
3243 1985 3666 2042 ecclesiastica.

2288 2076 2421 2132 Jam
2451 2091 2586 2131 vero
2616 2075 2666 2131 si
2697 2074 2926 2131 Roccho
2957 2075 3134 2147 Pyrro
3168 2075 3498 2138 credamus,
3528 2069 3880 2133 Troinensis

2219 2165 2388 2221 sedes
2415 2163 2784 2237 episcopalis,
2817 2164 2911 2219 cui
2955 2169 3095 2220 tunc
3129 2163 3415 2220 Robertus
3463 2169 3727 2237 praerat,
3763 2165 3881 2222 hoc

2218 2255 2475 2328 ipso,aut
2503 2256 2657 2309 certe
2687 2269 2840 2308 anno
2870 2253 3215 2326 praecedenti
3261 2254 3613 2321 Messanam,
3659 2259 3880 2327 agente

2218 2343 2420 2399 eodem
2452 2341 2696 2414 Rogerio
2718 2341 2950 2412 comite,
2969 2341 3256 2398 translata
3275 2345 3364 2399 est
3389 2361 3402 2410 ;
3435 2342 3753 2415 etquidem
3780 2346 3880 2401 Ur-

2220 2434 2350 2488 bani
2376 2433 2694 2498 consilio,ut
2723 2431 2781 2486 id
2811 2431 2937 2503 ipse
2970 2429 3252 2504 Rogerius
3282 2434 3533 2486 testatur
3557 2431 3614 2486 in
3649 2431 3880 2488 instru-

2221 2523 2415 2578 mento
2446 2520 2600 2593 apud
2633 2521 2906 2576 eumdem
2934 2523 3232 2576 auctorem
3258 2519 3460 2584 relato,
3484 2519 3544 2576 in
3575 2537 3692 2593 quo
3711 2520 3880 2577 idem

2220 2611 2490 2682 princeps
2520 2608 2911 2682 pontiﬁcalem
2932 2609 3129 2665 sedem
3151 2608 3211 2664 in
3228 2607 3474 2666 ecclesia
3493 2609 3675 2665 sancti
3698 2609 3878 2667 Nico-

2220 2699 2291 2756 lai
2305 2716 2500 2771 ,quam
2525 2698 2649 2771 ipse
2671 2699 2952 2754 Messana
2967 2703 3429 2768 construxerat,a
3445 2715 3507 2756 se
3537 2697 3879 2757 institutam

2220 2789 2401 2844 fuisse
2433 2787 2854 2852 testatur.Quin
2885 2791 2942 2843 et
2971 2787 3231 2860 plerique
3260 2787 3688 2861 episcoporum,
3725 2805 3882 2862 quos

2221 2893 2290 2932 ex
2313 2875 2623 2932 Malatcrra
2651 2877 2921 2948 superius
2952 2875 3344 2945 laudavimus,
3372 2877 3483 2932 hoc
3527 2876 3706 2933 etiam
3744 2879 3881 2952 ipso

2221 2983 2372 3022 anno
2403 2965 2723 3022 consecrati
2753 2965 3034 3022 dicuntur
3070 2967 3225 3038 apud
3256 2967 3532 3022 eumdem
3571 2967 3881 3024 Bocchum

2219 3055 2487 3127 Pyrrum,
2540 3071 2748 3126 nempe
2793 3053 3120 3112 Gerlandus
3167 3055 3489 3128 Agrigenti,
3539 3055 3883 3128 Stephanus

2223 3143 2484 3210 Mazarae,
2515 3147 2573 3200 et
2608 3143 2922 3217 Ansgerius
2949 3146 3176 3201 Catana
3205 3162 3218 3212 ;
3253 3143 3536 3216 Rogerius
3566 3146 3883 3218 Syracusis

2223 3249 2374 3288 anno
2408 3232 2546 3288 1093
2575 3231 2880 3289 ordinatus
2909 3237 3017 3288 est.
3045 3232 3126 3288 De
3167 3231 3260 3288 his
3300 3232 3662 3289 antistitibus
3691 3238 3752 3290 et
3778 3251 3880 3291 eo-

2223 3338 2354 3376 rum
2380 3320 2780 3392 sedibus,cum
2811 3325 3141 3394 opportuna
3159 3321 3268 3378 erit
3288 3321 3538 3388 occasio,
3569 3321 3694 3380 suis
3724 3321 3880 3381 locis

2224 3411 2432 3466 iterum
2465 3411 2748 3466 dicemus.

2223 3515 2412 3590 XCIV.
2440 3517 2768 3590 Monasteria
2795 3521 3070 3588 reparata.
3096 3519 3366 3590 Privileg.
3412 3520 3645 3590 manust.
3679 3519 3875 3590 Lipar.

2325 3589 2383 3643 S.
2417 3588 2610 3658 Angeli
2637 3589 2887 3644 Militens.
2927 3589 3192 3658 Privileg.
3232 3589 3488 3658 generale
3525 3588 3760 3661 Rogerzil

2291 3677 2572 3732 Caterum
2603 3675 2758 3732 haud
2782 3677 2980 3732 minus
3003 3677 3248 3734 sollicite
3269 3676 3576 3750 religiosus
3596 3677 3880 3752 princeps

2221 3765 2590 3823 monasteriis
2616 3766 2979 3837 reparandis,
3002 3783 3067 3822 ac
3107 3765 3482 3822 restituendis
3521 3765 3877 3840 episcopati-

2220 3857 2332 3910 bus
2363 3855 2757 3921 incumbebat;
2782 3857 2847 3910 ut
2866 3855 3115 3927 probant
3143 3856 3301 3912 varia
3329 3857 3458 3926 ejus
3477 3855 3880 3915 instrumenta

2221 3943 2372 4016 apud
2391 3941 2688 3998 Bocchum
2711 3943 2974 4016 Pyrrum.
3009 3946 3131 4009 Qua
3154 3945 3212 3999 in
3235 3961 3294 4000 re
3317 3943 3632 4018 Rogerium
3649 3944 3874 4003 Urbani

2217 4031 2897 4087 ordinationemsecutum
2917 4033 3095 4090 fuisse
3123 4039 3280 4107 patet
3315 4052 3384 4090 cx
3417 4033 3647 4090 duabus
3678 4035 3876 4106 ipsius

2219 4120 2439 4176 chartis
2463 4137 2602 4188 ;una
2629 4120 2894 4176 videlicet
2916 4139 3017 4194 pro
3041 4123 3392 4178 monasterio
3421 4123 3644 4179 Sancta
3669 4123 3874 4181 Maria

2217 4211 2288 4265 de
2305 4208 2510 4276 Mili,et
2537 4226 2603 4264 ex
2634 4207 2820 4266 altera
2849 4227 2952 4282 pro
2986 4211 3338 4268 monasterio
3358 4213 3430 4267 de
3463 4211 3607 4268 Itala
3629 4229 3732 4268 seu
3766 4214 3868 4270 Gi-

2215 4297 2354 4366 tala,
2389 4315 2565 4371 prope
2599 4298 2950 4368 Messanam,
3011 4317 3139 4371 qua
3169 4300 3382 4356 charta
3423 4300 3754 4356 referuntur
3805 4303 3866 4358 in

2216 4393 2380 4460 parte
2408 4404 2465 4442 IV
2487 4386 2694 4443 Sicilia
2725 4405 2924 4454 sacra,
2949 4387 3048 4443 ubi
3079 4389 3151 4444 de
3199 4388 3470 4445 abbatiis.
3506 4389 3678 4445 Porro
3712 4388 3868 4447 inter

2215 4477 2330 4532 alia
2359 4476 2732 4545 monasteria,
2757 4493 2884 4548 qua
2914 4480 3054 4532 tunc
3083 4476 3359 4548 temporis
3379 4481 3706 4533 restaurata
3736 4477 3862 4534 fue-

2213 4569 2370 4636 runt,
2403 4563 2646 4620 celebris
2695 4569 2820 4620 erat
2865 4564 3100 4620 abbatia
3126 4565 3319 4621 Sancti
3349 4564 3748 4622 Barlbolomai
3799 4567 3861 4623 in

457 4653 742 4708 constituit
778 4653 1121 4724 episcopum;
1149 4651 1344 4708 deinde
1391 4653 1823 4723 Agrigentinum,
1882 4657 1931 4707 et
1987 4655 2102 4709 Μα-
2135 4666 2180 4732 Ι)
2211 4653 2407 4711 insula
2455 4653 2647 4726 Lipari
2698 4653 2828 4720 sita,
2861 4654 2955 4709 cui
2986 4652 3142 4709 idem
3197 4654 3478 4732 Rogerius
3517 4672 3668 4712 anno
3720 4657 3862 4713 1088

458 4757 774 4808 zarensem;
797 4749 1080 4814 sequenter
1124 4745 1308 4797 autem
1359 4740 1735 4806 Catanensem,
1766 4756 1830 4795 ac
1848 4742 2105 4797 ultimum
2135 4728 2166 4732 ⁷
2209 4746 2442 4816 fratrem
2469 4743 2818 4799 Ambrosium
2841 4741 3113 4814 prafecit,
3137 4741 3295 4798 hunc
3323 4728 3520 4815 ipsum
3551 4760 3727 4816 quem
3758 4745 3878 4801 Ur-.

456 4831 864 4903 Syracusanam
903 4833 1182 4888 constituit
1222 4831 1523 4898 ecclesiam,
1575 4833 1684 4885 etc.
1731 4829 1901 4886 Plura
1930 4831 2104 4887 habet

457 4918 773 4976 Gaufridus
793 4919 1122 4988 Malaterra,
1139 4919 1288 4976 libro
1310 4937 1387 4986 IV,
1420 4921 1614 4990 cap.7,
1635 4917 1733 4974 ubi
1755 4918 1985 4975 exhibet
2006 4937 2104 4977 no-

455 5007 619 5063 mina
636 5007 1066 5081 episcoporum,
1099 5007 1198 5079 qui
1232 5007 1406 5080 primi
1440 5007 1548 5063 has
1578 5007 1744 5064 sedes
1777 5007 2096 5066 obtinuere.

457 5095 661 5167 Comes,
691 5095 902 5168 inquit,
935 5099 1186 5153 ecclesias
1231 5113 1330 5168 per
1375 5098 1687 5152 universam
1734 5096 1984 5153 Siciliam
2011 5115 2098 5154 re-

447 5189 681 5260 parat...
712 5188 776 5243 In
802 5185 937 5242 urbe
962 5187 1319 5258 Agrigentina
1350 5187 1753 5258 pontiﬁcalile
1783 5187 1978 5258 infulis
2002 5205 2097 5244 ca-

451 5274 704 5332 thedram
756 5275 1085 5332 sublimat...
1149 5297 1177 5327 ‹‹
1218 5275 1364 5332 Huic
1418 5275 1683 5332 Ecclesia
1741 5275 2098 5332 Gerlandum

453 5365 788 5438 quemdam,
843 5365 1526 5439 nationejAllobrogem”
1553 5367 1766 5433 virum,
1811 5370 1878 5422 ut
1907 5367 2096 5432 aiunt,

452 5469 675 5527 magna
704 5454 1005 5511 charitatis
1027 5459 1084 5511 et
1112 5453 1522 5511 ecclesiasticis
1551 5454 1880 5528 disciplinis
1909 5454 2100 5509 erudi-

449 5549 596 5612 tum,
619 5544 960 5616 episcopum
977 5545 1255 5600 ordinans
1273 5544 1717 5618 prafecitﬂaud
1741 5543 2093 5614 secus,apud

449 5634 741 5690 Mazaram
788 5633 1002 5702 facere;
1023 5633 1310 5690 addens...
1361 5633 1723 5706 Stephanum
1775 5632 2092 5704 quemdam

448 5723 996 5795 Rothomagensem,
1039 5723 1292 5781 honesta
1339 5723 1466 5780 vita
1497 5723 1708 5792 virum,
1753 5721 2090 5796 episcopum

2213 4833 2402 4889 banus
2434 4829 2608 4886 Militi
2639 4830 2696 4886 in
2721 4829 2988 4886 Calabria
3001 4830 3108 4887 hoc
3121 4847 3272 4887 anno
3289 4831 3544 4889 existens
3554 4832 3858 4907 privilegio

2211 4921 2449 4976 donavit
2478 4937 2542 4974 ιιι
2573 4936 2756 4975 nonas
2793 4919 2977 4975 Junii.
3001 4918 3166 4974 Circa
3213 4920 3370 4975 idem
3417 4924 3652 4993 tempus
3695 4921 3856 4978 aliud

2209 5007 2579 5082 privilegium
2613 5007 2858 5064 indulsit
2878 5007 3132 5081 pontifex
3154 5009 3509 5066 monasterio
3535 5010 3860 5068 SanotiAn-

2208 5097 2320 5170 geli
2348 5097 2675 5164 Militensis,
2717 5098 2874 5169 quod
2919 5096 3092 5170 paulo
3135 5103 3270 5155 ante
3325 5097 3605 5171 Rogerius
3657 5116 3860 5158 comes

2206 5185 2796 5244 exstruxerat.Nullas
2826 5187 3063 5260 quidem
3094 5189 3326 5260 prafert
3345 5187 3731 5262 chronologia
3752 5207 3862 5247 no-

2207 5281 2296 5331 tas
2325 5275 2433 5331 hoc
2463 5275 2742 5348 diploma,
2775 5276 2836 5332 in
2867 5277 2995 5348 ejus
3028 5277 3384 5352 apographo,
3417 5278 3574 5351 quod
3602 5278 3676 5334 ab
3705 5280 3855 5335 cmi-

2207 5365 2448 5421 nentiss.
2485 5365 2551 5421 D.
2585 5365 2868 5421 cardinali
2914 5365 3188 5424 Coloredo
3238 5368 3594 5440 accepimus,
3627 5367 3728 5423 sed
3762 5385 3856 5425 re-

2205 5471 2336 5508 rum
2369 5458 2426 5508 et
2453 5453 2714 5509 locorum
2747 5455 3148 5511 convenientia
3175 5473 3282 5512 nos
3302 5456 3562 5526 adduxit,
3595 5461 3658 5511 ut
3703 5456 3854 5515 illud

2203 5541 2298 5598 hic
2329 5541 2504 5598 simul
2536 5559 2668 5598 cum
2692 5541 2821 5600 aliis
2842 5545 3071 5600 comitis
3095 5545 3322 5618 Rogerii
3347 5546 3664 5603 benefactis
3695 5563 3856 5603 com-

2204 5637 2968 5690 memorarcmus.0aterum
3003 5634 3156 5690 idem
3181 5635 3464 5708 Roget-ius
3479 5634 3748 5708 generale
3775 5637 3850 5693 ab

2205 5721 2434 5779 Urbano
2468 5719 2835 5796 privilegium
2860 5721 3132 5793 habebat,
3159 5728 3221 5780 ut
3251 5741 3612 5798 quacunque
3642 5742 3850 5785 mona-
