3972 6430
135 515 204 590 is
1714 519 1923 590 vnn.
3442 496 3523 588 so

132 657 298 721 sterio
321 654 383 720 in
413 653 735 719 dltionibus
764 652 878 718 sibi
909 652 1161 720 subditis
1192 651 1471 734 dotassst,
1519 656 1759 718 omnino
1790 657 1849 727 Α
1875 655 2167 722 antistites
2187 661 2248 721 et
2276 656 2859 737 abbates,Leglonem
2891 652 3523 729 convenissent,conoi-

132 752 304 811 libera
328 755 528 810 essent
549 769 563 820 ;
597 750 764 824 cujus
796 749 879 808 rei
907 748 1033 825 ipse
1051 749 1221 809 testis
1249 753 1339 808 est
1357 749 1419 807 in
1439 748 1643 807 charta
1664 765 1768 824 pro

133 842 476 901 monasterio
502 841 767 898 Boicensi
811 841 1242 897 Panormitana
1293 839 1581 909 dioecesis,
1634 839 1771 895 data

134 950 277 990 anno
304 932 464 999 4098,
494 930 555 986 in
586 947 703 1004 qua
747 929 941 986 locum
1003 928 1171 985 illum
1219 929 1475 986 declarat
1504 929 1572 985 ab
1618 929 1771 984 omni

134 1038 284 1080 onere
311 1026 364 1078 et
408 1022 668 1077 servitute
713 1026 765 1075 et
817 1019 1069 1076 molestia
1118 1019 1355 1075 liberam
1398 1020 1555 1091 fore;
1603 1019 1765 1084 sicut,

136 1112 336 1184 inquit.
366 1128 401 1166 a
428 1110 648 1167 domino
700 1108 913 1166 Urbano
958 1109 1299 1164 sanctissimo
1328 1124 1472 1180 papa
1530 1107 1768 1162 Romano

133 1204 428 1274 potestatem
455 1202 509 1255 et
552 1198 826 1254 cautelam
880 1199 1085 1270 accepi,
1139 1199 1201 1252 ut
1255 1198 1594 1253 monasteria
1647 1212 1771 1251 mea

135 1293 299 1347 libera
326 1292 564 1363 facerem
590 1289 660 1344 ab
689 1289 841 1344 omni
866 1304 1116 1360 persona.
1147 1287 1261 1343 Sed
1284 1286 1412 1358 jam
1444 1286 1514 1341 ad
1549 1284 1767 1342 Urbani

136 1386 424 1455 gestorum
455 1378 668 1436 seriem
693 1376 1096 1434 revertendum
1127 1379 1235 1432 est.

198 1470 350 1527 XCV.
385 1469 643 1526 Ecclesia
670 1467 897 1523 Corsica
925 1468 1169 1538 episcopo
1190 1467 1390 1521 Pisano
1421 1464 1695 1537 subjectae.

198 1563 318 1627 Quo
343 1563 539 1616 autem
570 1556 669 1613 ille
700 1561 831 1630 post
876 1554 1212 1613 absolutum
1244 1552 1556 1610 concilium
1588 1555 1767 1610 Bene-

130 1656 439 1708 ventanum
470 1645 808 1720 perrexerit,
837 1662 953 1702 non
985 1645 1226 1701 omnino
1255 1642 1457 1716 liquet.
1478 1643 1534 1698 Si
1565 1658 1768 1698 verum

133 1741 278 1795 esset
300 1736 455 1810 quod
487 1734 571 1791 ait
598 1732 878 1808 Ugbellus
907 1734 967 1790 in
996 1731 1317 1806 pramissis
1345 1732 1416 1787 ad
1439 1730 1769 1803 catalogum

133 1828 468 1884 Pisanorum
499 1823 929 1897 episcoporum,
963 1826 1121 1878 torno
1149 1820 1226 1878 III
1253 1820 1428 1877 Italia
1460 1819 1775 1885 sacra,Ur-

133 1917 345 1972 banum
375 1911 600 1970 bullam
629 1910 689 1967 in
723 1911 943 1967 Pisana
974 1909 1239 1966 Ecclesia
1271 1909 1521 1982 gratiam
1547 1926 1610 1965 ιιι
1642 1908 1773 1964 Kal.

130 2004 307 2071 Junii,
340 2002 494 2099 apud
539 2002 933 2099 Beneventum
989 1999 1262 2099 dedisse;
1295 1998 1352 2098 id
1414 2001 1569 2099 certe
1601 1997 1771 2099 nobis
1804 2034 1852 2099 B

132 2096 436 2150 constaret.
466 2092 539 2146 At
566 2106 699 2145 cum
729 2089 883 2144 idem
917 2095 1118 2145 auctor
1154 2088 1305 2143 hanc
1335 2088 1525 2160 ipsam
1552 2086 1776 2142 bullam

130 2187 328 2257 postea
358 2181 642 2253 integram
674 2177 1000 2235 exhibuerit
1025 2194 1082 2233 ιν
1110 2176 1380 2234 Kalendas
1397 2177 1541 2233 Julii
1568 2176 1773 2242 datam,

131 2284 220 2329 res
248 2271 307 2326 in
336 2271 554 2326 incerto
585 2272 801 2324 manet.
837 2267 997 2323 Hanc
1016 2282 1152 2325 vero
1174 2266 1443 2322 ultimam
1468 2264 1775 2322 lectionem

130 2360 291 2417 alteri
326 2358 743 2433 praferendam
776 2373 903 2413 esse
952 2355 1268 2428 plusquam
1315 2352 1614 2429 probabile
1662 2357 1772 2410 est.

129 2449 387 2517 Nam,uti
417 2465 487 2504 ex
516 2446 698 2503 altera
728 2463 862 2502 mox
882 2444 1121 2501 laudata
1141 2444 1303 2500 bulla
1320 2443 1775 2517 patet,Urbanus

129 2538 310 2597 Mileti
340 2538 401 2593 in
431 2536 697 2594 Calabria
738 2538 861 2591 erat
891 2552 953 2590 ιιι
995 2535 1189 2590 Nonas
1221 2533 1400 2589 Junii.
1429 2535 1500 2588 At
1529 2533 1620 2588 vix
1650 2532 1774 2588 fieri

130 2625 404 2702 potuerit,
435 2630 501 2681 ut
528 2629 651 2681 tam
682 2623 841 2680 brevi
874 2622 1153 2695 temporis
1178 2620 1502 2690 intervallo,
1542 2625 1773 2677 tantum

132 2720 261 2786 iter,
294 2731 506 2787 nempe
530 2730 599 2770 ex
626 2712 945 2785 Campania
974 2711 1035 2767 in
1066 2710 1391 2767 Calabriam
1414 2710 1774 2777 ulteriorem,

134 2805 461 2864 confecerit.
495 2802 713 2859 Deinde
743 2802 934 2875 prima
955 2800 1048 2857 die
1094 2800 1233 2857 Julii
1258 2800 1523 2858 Urbanus
1545 2804 1772 2873 Capua,

134 2895 489 2968 proindeque
520 2908 697 2965 prope
722 2892 1113 2947 Beneventum
1142 2889 1656 2946 versubatur.Hinc
1687 2905 1774 2944 ve-

133 2983 378 3041 risimile
405 2985 497 3038 est
526 2996 662 3036 eum
693 2978 959 3035 absoluto
991 2978 1234 3035 concilio
1264 2977 1590 3034 Calabriam
1624 2978 1774 3033 invi-

134 3074 277 3131 sisse
305 3091 318 3139 ;
350 3071 606 3142 indeque
633 3084 950 3137 reversum,
999 3067 1292 3141 insignem
1340 3067 1491 3123 hanc
1528 3066 1773 3135 bullam,

136 3179 246 3237 qua
275 3158 525 3218 Corsica
554 3156 819 3214 Ecclesia
852 3157 921 3213 ad
955 3155 1331 3229 apostolicam
1369 3156 1563 3212 sedem
1598 3156 1775 3229 perti-

135 3257 339 3309 nentes
366 3248 581 3306 Pisano
612 3245 882 3319 episcopo
914 3245 1327 3316 subjiciuntur,
1352 3245 1657 3301 Beneventi
1678 3245 1776 3300 de-

1877 750 2024 811 lium
2055 752 2136 811 ibi
2165 751 2625 811 celebrarunt.ln
2657 770 2725 810 eo
2752 751 2968 827 agitata
2994 756 3081 809 est
3103 751 3299 809 Didaci
3331 749 3528 809 Sancti

1876 842 2075 900 Jacobi
2108 843 2364 917 episcopi
2395 861 2592 911 causa,
2618 860 2795 917 quam
2818 843 3181 907 Urbanus,ut
3201 859 3269 899 ex
3289 843 3417 914 ejus
3438 842 3530 898 lit-

1877 933 2017 989 teris
2049 950 2229 1006 supra
2273 933 2531 991 laudatis
2580 937 2762 1006 patet,
2818 933 3194 1005 potissimum
3244 932 3526 1005 Reynerio

1878 1024 2408 1079 commendaverat.
2442 1024 2512 1079 Et
2542 1022 2777 1095 quidem
2799 1026 3001 1078 Petrus
3024 1021 3527 1094 abbas,quem,uti

1879 1112 2156 1181 diximus,
2190 1112 2535 1179 Richardus,
2570 1129 2722 1168 anno
2754 1112 2915 1178 4088,
2952 1112 3008 1166 in
3040 1111 3192 1167 hanc
3215 1112 3413 1167 sedem
3437 1128 3531 1166 or-

1877 1202 2067 1257 dinari
2098 1219 2311 1275 passus
2369 1202 2575 1268 fuerat,
2608 1202 2667 1257 in
2689 1202 2800 1257 hac
2831 1201 3055 1273 synodo
3122 1205 3530 1258 exauctoratus

1878 1294 2069 1347 est.At
2100 1292 2353 1348 Didacus
2387 1292 2587 1348 sedem
2620 1308 2785 1348 suam
2803 1308 2918 1346 non
2951 1291 3187 1364 recepit,
3221 1291 3339 1347 sive
3371 1291 3528 1363 quod

1877 1397 1947 1436 ea
1975 1380 2254 1451 indignus
2285 1385 2459 1447 esset,
2511 1380 2651 1446 sive,
2693 1381 2848 1453 quod
2882 1380 3120 1451 quidem
3150 1379 3527 1436 verisimilius

1879 1473 1989 1532 est.
2021 1470 2077 1525 id
2109 1470 2235 1526 ausi
2268 1487 2383 1525 non
2415 1469 2632 1525 fuerint
2661 1469 2881 1537 Patres,
2915 1484 2987 1524 ne
3007 1468 3230 1525 Alfonsi
3256 1468 3530 1541 regis.cui

1879 1559 1977 1616 ille
2007 1558 2232 1615 invisus
2263 1561 2409 1623 erat,
2461 1557 2726 1614 animum
2779 1575 2846 1613 eo
2876 1561 3045 1629 pacto
3097 1559 3527 1614 exacerbarent.

1879 1650 2067 1714 Quare
2092 1650 2219 1720 ejus
2248 1648 2515 1704 Ecclesia
2547 1663 2689 1703 cura
2716 1645 2931 1702 Didaco
2973 1646 3262 1702 Gelmindi
3316 1647 3528 1721 iterum

1880 1738 2200 1795 commissa
2227 1737 2337 1793 fuit
2366 1755 2379 1804 ;
2409 1737 2613 1803 donec,
2648 1735 2731 1791 uti
2763 1736 3051 1806 conjicere
3081 1739 3189 1803 est,
3250 1739 3531 1793 statueret

1880 1827 2138 1900 pontifex
2166 1827 2305 1898 quid
2335 1826 2485 1882 facto
2507 1842 2654 1897 opus
2683 1827 2856 1881 esset.
2881 1825 2944 1879 Id
2968 1829 3120 1880 certe
3141 1824 3337 1897 colligi
3359 1841 3531 1897 posse

1880 1916 2111 1973 videtur
2140 1932 2209 1972 ex
2237 1915 2495 1971 Historia
2524 1912 2995 1987 Compostcllana
3043 1914 3314 1986 superius
3372 1915 3531 1981 data,

1883 2006 2053 2076 cujus
2075 2003 2579 2078 fragmentum,uti
2589 2003 2717 2073 jam
2740 2001 2979 2075 polliciti
3000 2003 3294 2070 sumus,in
3312 2009 3534 2076 Appen-

1884 2094 2011 2150 dice
2032 2094 2372 2149 referemus.
2407 2091 2486 2147 Ex
2510 2108 2578 2147 ea
2597 2108 2732 2148 vero
2755 2090 2941 2164 liquet
2962 2091 3321 2147 Dalmatium
3354 2093 3532 2149 abba-

1883 2186 2003 2240 tem
2032 2200 2101 2239 ex
2130 2181 2353 2238 familia
2398 2180 2786 2247 Cluniacensi,
2819 2184 2953 2253 post
2981 2180 3157 2236 unius
3187 2180 3325 2237 anni
3353 2182 3535 2237 inter-

1882 2273 2123 2339 vallum,
2155 2271 2393 2359 omissis
2423 2270 2638 2326 Didaco
2668 2274 2727 2326 et
2747 2270 2934 2335 Petro,
2976 2272 3300 2326 auctoritate
3326 2275 3537 2328 sanctae

1883 2366 2147 2422 Romanae
2190 2361 2466 2429 Ecclesia,
2520 2359 3057 2432 Compostellanum
3107 2376 3209 2415 seu
3260 2359 3535 2416 Iriensem

1883 2453 2221 2526 episcopum
2252 2450 2490 2507 tandem
2523 2448 2861 2504 ordinatum
2894 2449 3096 2504 fuisse.

1956 2541 2132 2596 Porro
2159 2537 2348 2594 multa
2371 2536 2430 2592 in
2464 2536 2573 2592 hac
2606 2535 2952 2608 Legionensi
2976 2537 3199 2609 synodo
3231 2537 3302 2592 de
3334 2537 3542 2594 ofﬁciis

1881 2625 2297 2686 ecclesiasticis
2328 2628 2552 2682 statuta
2600 2625 2803 2693 fuisse,
2860 2625 3179 2681 Rodericus
3227 2625 3543 2683 Toletanus

1882 2719 2032 2776 libro
2060 2735 2139 2783 v1,
2171 2733 2297 2788 cap.
2353 2716 2444 2784 30,
2478 2715 2663 2769 Lucas
2709 2714 3022 2780 Tudensis,
3055 2716 3113 2769 et
3164 2712 3263 2773 alii
3318 2715 3538 2785 passim

1885 2810 2149 2863 auctores
2178 2803 2485 2876 scripsere,
2517 2803 2673 2875 quod
2703 2802 2775 2858 de
2806 2802 3535 2860 mutationeOfficiiMuza-

1883 2895 2062 2951 rabici
2093 2894 2152 2949 in
2186 2894 2537 2956 Romanum,
2571 2893 2629 2946 in
2663 2890 2792 2947 aliis
2817 2890 3111 2964 Hispania
3130 2891 3390 2948 conciliis
3404 2894 3531 2963 jam

1882 2985 2190 3058 imperata,
2221 2980 2486 3039 nonnulli
2510 2980 2988 3054 interpretantur,
3020 2985 3194 3053 atque
3224 2981 3339 3038 huc
3370 2998 3529 3038 revo-

1884 3074 2002 3129 cari
2035 3061 2206 3145 posse
2236 3074 2462 3143 putant,
2514 3068 2572 3125 id
2624 3070 2781 3142 quod
2812 3088 2847 3125 a
2902 3070 3172 3126 Patribus
3228 3071 3529 3127 decretum

1884 3162 2067 3218 fuisse
2092 3160 2393 3228 dicitur,ut
2416 3160 2714 3215 secundum
2742 3159 2989 3230 regulam
3014 3163 3073 3215 S.
3136 3159 3332 3217 Isidori
3370 3159 3534 3214 eccle-

1884 3252 2102 3307 siastica
2131 3249 2313 3321 officia
2362 3248 2421 3302 in
2468 3248 2749 3318 Hispaniis
2778 3252 3116 3316 regerentur.
3150 3251 3223 3302 At
3252 3247 3408 3303 hunc
3448 3247 3531 3302 lo-

134 3342 312 3398 disse.
340 3339 511 3395 'Hanc
537 3352 672 3392 vero
700 3334 946 3408 gratiam
977 3335 1322 3407 Dagbertus,
1352 3334 1600 3391 Pisanus
1637 3340 1779 3389 tunc
1827 3406 1840 3408 _
1892 3357 2026 3396 cum
2042 3340 2111 3394 ad
2138 3335 2570 3394 Muzarabicum
2593 3335 3325 3408 Ol'ﬁciumnihilpertinere
3339 3339 3537 3391 monet

135 3428 420 3503 temporis
450 3426 715 3492 antistes,
743 3428 1035 3480 meruerat
1063 3424 1137 3480 οἱ)
1167 3440 1335 3480 suam
1357 3429 1414 3480 et
1433 3423 1779 3481 Pisanorum
1812 3406 1855 3471 Ε
1894 3429 2001 3502 pia
2025 3427 2317 3485 memoria
2340 3424 2655 3481 cardinalis
2678 3424 2973 3498 Aguirius,
3005 3406 3103 3497 qui
3126 3425 3425 3481 contendit
3443 3424 3538 3480 his

137 3519 350 3575 civium
382 3515 722 3572 ﬁdelitatem
753 3510 1133 3569 inEcclesiam
1167 3513 1510 3580 Romanam,
1548 3513 1642 3568 cui
1671 3512 1783 3568 dit-

131 3607 417 3664 ficillimis
446 3604 564 3660 illis
597 3603 957 3675 temporibus
984 3618 1214 3675 semper
1243 3601 1629 3657 addictissimi
1661 3602 1782 3658 fue-

128 3702 288 3753 runt.

295 3783 482 3840 XCVI.
521 3782 799 3839 Restitutio
832 3782 1248 3837 Tarraconensis
1280 3780 1614 3851 metropolis.

201 3874 382 3932 Paulo
416 3876 547 3946 post
578 3886 786 3942 nempe
816 3869 961 3942 ipsis
992 3868 1268 3925 Kalendis
1288 3867 1449 3935 Julii,
1469 3886 1601 3924 cum
1627 3868 1783 3925 idem

128 3964 417 4038 pontifex,
450 3966 515 4016 ut
545 3977 680 4015 mox
727 3959 1089 4026 dicebamus,
1123 3962 1278 4013 esset
1315 3958 1547 4031 Capua,
1570 3958 1784 4012 Tarra-

129 4068 452 4111 conensem
480 4048 802 4107 Ecclesiam
823 4046 885 4103 in
909 4046 1221 4120 pristinam
1246 4064 1414 4102 suam
1438 4046 1785 4120 dignitatem

122 4144 373 4201 omnino
392 4138 670 4197 restituit.
691 4137 1012 4211 Dalmatius
1035 4153 1164 4193 nem
1174 4152 1243 4209 pe
1263 4135 1660 4192 Narbonensis
1674 4153 1789 4192 me-

121 4230 544 4306 tropolitanus,
572 4227 804 4299 rejectis
835 4244 870 4283 a
890 4226 1164 4300 pontifice
1194 4242 1343 4298 quas
1363 4226 1691 4298 proferebat
1714 4225 1785 4281 ad

110 4322 217 4394 jus
246 4335 433 4378 suum
465 4316 889 4373 stabiliendum
918 4313 1196 4387 Stephani
1229 4331 1389 4387 papa
1421 4313 1787 4387 litteris,qua

120 4411 345 4482 spuria
377 4412 484 4465 aut
517 4406 728 4463 saltem
758 4403 1129 4477 interpolata
1157 4404 1402 4459 inventa
1424 4406 1581 4473 sunt,
1615 4420 1795 4459 causa

122 4499 377 4564 cecidit;
413 4512 550 4553 cum
583 4493 745 4550 nullo
778 4490 1064 4565 probabili
1120 4491 1512 4548 instrumento
1546 4493 1790 4565 probare

128 4587 432 4662 potuisset
459 4585 956 4640 Tarraconensem
981 4581 1349 4653 metropolim
1373 4579 1573 4652 aliqua
1593 4585 1789 4636 aucto-

125 4677 301 4733 ritate
335 4671 660 4747 apostolica
686 4689 805 4728 sua
836 4670 1105 4726 Ecclesia
1135 4670 1462 4741 subjectam
1494 4668 1793 4725 fuisse.Ea

1891 3517 2082 3574 verbis
2113 3514 2257 3571 nihil
2289 3514 2447 3570 aliud
2480 3513 2775 3585 designari
2805 3530 2982 3586 quam
3009 3514 3319 3587 epistolam
3351 3513 3537 3570 sancti

1895 3605 2101 3664 Isidori
2132 3605 2204 3660 ad
2243 3603 2661 3658 Landefredum
2702 3601 3044 3674 episcopum
3102 3604 3538 3659 Cordubensem

1892 3693 2259 3767 scriptam,in
2278 3708 2393 3763 qua
2405 3691 2637 3762 singula
2653 3690 2844 3746 ofﬁcia
2867 3708 3188 3763 eorumque
3211 3691 3539 3750 sanctiones

1894 3780 2288 3857 particulatim
2322 3777 2702 3852 explicantur.
2736 3778 2959 3851 Quippe
2988 3796 3120 3834 cum
3144 3779 3265 3834 hac
3286 3779 3359 3835 ob
3382 3779 3541 3835 Mau-

1894 3890 2093 3929 rorum
2114 3869 2443 3926 invasiones
2463 3868 2563 3923 diu
2587 3867 2645 3922 in
2668 3867 2964 3940 Hispaniis
2984 3868 3246 3941 neglecta
3258 3868 3415 3924 haud
3439 3868 3544 3929 du-

1892 3961 2057 4017 bium
2086 3958 2356 4028 fuissent,
2399 3974 2468 4012 ea
2516 3955 2720 4030 synodi
2770 3957 2969 4013 Patres
3022 3958 3093 4012 ad
3126 3957 3351 4029 praxim
3383 3973 3543 4013 revo-

1895 4051 2082 4107 canda
2110 4065 2239 4106 esse
2286 4049 2659 4103 censuerunt.
2721 4046 3016 4102 Statutum
3076 4045 3327 4118 denique
3388 4046 3446 4101 in
3478 4061 3544 4102 eo

1896 4137 2138 4194 concilio
2193 4136 2303 4191 fuit
2357 4140 2441 4202 ut,
2500 4133 2739 4190 omissis
2769 4134 2980 4191 litteris
3032 4135 3339 4201 Gotthicis,
3399 4151 3547 4206 quas

1896 4226 2141 4284 Gulﬁlas
2175 4224 2485 4298 episcopus
2517 4222 2915 4291 adinvenerat,
2956 4224 3235 4296 deinceps
3265 4223 3546 4280 Gallicani

1898 4317 2267 4373 characteres
2299 4312 2740 4369 adhiberentur.

1895 4422 2137 4479 XCVIII.
2179 4422 2430 4478 Virorum
2457 4422 2773 4475 sanctorum
2802 4420 2865 4474 in
2894 4419 3189 4475 Germania
3217 4420 3412 4476 obitus.
3450 4423 3551 4474 lies

2539 4490 2619 4545 ibi
2654 4491 2901 4546 turbata.

1974 4581 2140 4638 Multi
2169 4580 2275 4635 viri
2327 4579 2585 4636 illustres
2616 4577 2707 4633 his
2736 4580 3101 4652 temporibus
3148 4580 3209 4635 in
3241 4579 3552 4636 Germania

1901 4672 2193 4735 obierunt;
2226 4669 2378 4724 inter
2409 4685 2555 4740 quos
2586 4667 2834 4723 celebris
2869 4668 2980 4724 luit
3024 4669 3352 4725 Fridericus
3379 4685 3553 4724 comes

128 4764 444 4823 occasione
465 4760 994 4834 arrepta,Urbauus
1019 4757 1430 4830 Berengarium
1452 4759 1792 4831 episcopum
1827 4780 1870 4844 D
1900 4770 1951 4817 et
1980 4761 2247 4821 march-io,
2280 4757 2550 4829 egregius
2583 4756 2912 4825 apostolicae
2935 4757 3090 4812 sedis
3111 4758 3399 4821 defensor,
3429 4755 3549 4827 qui,

124 4860 405 4921 Ausona,
430 4852 607 4923 cujus
630 4849 897 4907 Ecclesia
920 4847 1285 4906 antistitibus
1309 4846 1576 4904 diacesis
1595 4848 1795 4904 Tarra-

124 4944 414 5002 conensis
435 4957 579 4997 cura
597 4939 943 4996 demandata
963 4939 1174 5003 fuerat,
1193 4937 1687 4993 Tarraconensem
1711 4955 1799 4992 ar.

126 5032 602 5107 chiepiscopum,
636 5028 791 5101 quod
811 5027 1160 5097 jamdudum
1180 5025 1799 5093 meditabatur,statim

128 5119 524 5188 renuntiavit,
558 5117 729 5190 eique
757 5115 1001 5190 pallium
1030 5115 1339 5183 concessit,
1373 5115 1506 5170 dato
1541 5132 1609 5171 ea
1641 5116 1712 5171 de
1743 5133 1802 5171 re

131 5212 487 5285 diplomate.
522 5207 640 5263 Hoc
674 5207 824 5263 facto
841 5205 1249 5262 Narbonenses
1270 5202 1687 5277 archiepiscopi
1701 5206 1804 5277 jus

126 5316 313 5357 omne
324 5294 1019 5369 metropoliticum,quod
1040 5297 1161 5349 tam
1184 5293 1287 5349 diu
1304 5293 1801 5351 Tarraconensem

135 5387 509 5462 provinciam
539 5386 938 5447 exercuerant,
971 5383 1241 5439 amisere.

136 5496 356 5553 XCVII.
416 5476 731 5551 Concilium
784 5492 1112 5563 Legio‘nense
1139 5490 1219 5563 de
1258 5506 1424 5563 causa
1461 5490 1807 5563 episcopatus

474 5564 702 5621 triensi:
734 5567 788 5619 et
806 5561 870 5619 de
888 5563 1088 5635 ofﬁciis
1117 5561 1513 5618 ecclesiasticis.

1907 4856 1969 4907 ut
2000 4851 2104 4914 ait,
2128 4847 2434 4903 Bertoldus
2465 4846 2534 4900 ad
2559 4861 2779 4899 annum
2804 4846 3273 4917 scquentem,ubi
3294 4844 3463 4917 plura
3484 4846 3554 4901 de

1910 4957 1976 4996 eo
2008 4938 2202 5003 habet,
2232 4936 2323 4992 sed
2343 4936 2531 4990 habitu
2553 4934 2814 4991 saeculari
2836 4950 2984 4989 more
3024 4936 3200 4990 saurli
3229 4935 3557 5002 Sebastiani,

1908 5027 2277 5084 strenuissimi
2307 5025 2501 5080 militis
2532 5028 2726 5094 partes
2754 5022 2980 5095 agebat.
3004 5024 3187 5095 llujus
3203 5024 3397 5079 obitus
3420 5041 3557 5079 con-

1910 5116 2045 5190 tigit
2073 5116 2166 5170 die
2206 5132 2264 5171 III
2296 5113 2586 5170 Kalendas
2613 5110 2772 5167 Julii.
2808 5113 2953 5167 Eum
3001 5113 3160 5168 brevi
3203 5117 3438 5169 secutus
3471 5117 3560 5168 est

1910 5204 2239 5263 Willelmus
2260 5201 2581 5274 Hirsaugia
2596 5201 2779 5257 abbas
2793 5202 3331 5274 sanctissimus,qui
3349 5202 3559 5257 mediis

1913 5296 1971 5351 in
2029 5291 2557 5367 persecutionibus,
2590 5294 2651 5345 ut
2700 5289 2878 5346 habet
2909 5291 3039 5361 ejus
3070 5290 3206 5348 Vita
3240 5296 3445 5347 auctor
3498 5290 3559 5345 in

1912 5383 2070 5440 Actis
2099 5386 2435 5436 sanctorum
2466 5377 2689 5435 ordinis
2719 5378 3101 5450 Benedictini,
3132 5378 3345 5436 invicto
3367 5379 3563 5435 animo

1914 5488 2153 5529 causam
2185 5467 2478 5525 catholica
2500 5467 2766 5524 Ecclesia
2789 5485 2987 5541 agens,
3022 5467 3166 5524 nihil
3196 5485 3309 5524 non
3333 5469 3405 5524 ad
3436 5469 3565 5539 ejus

1914 5559 2313 5618 defensionem
2326 5556 2581 5613 audebat
2592 5557 2736 5613 adeo
2755 5563 2821 5613 ut
2836 5557 3181 5631 plerumque
3194 5557 3564 5613 innumeram

210 5660 452 5713 Interea
477 5670 615 5710 cum
637 5651 943 5709 occasione
959 5650 1369 5723 exsequiarum
1390 5648 1606 5705 Garsia
1628 5649 1806 5721 regis,
1915 5648 2339 5725 prepemodum
2392 5646 2585 5702 omnis
2618 5647 2967 5703 conditionis
3000 5646 3326 5713 hominum,
3361 5646 3459 5717 qui
3494 5644 3564 5700 ad

142 5750 209 5801 ut
240 5748 493 5802 narrant
516 5741 823 5816 Hispanici
862 5742 1197 5813 scriptores,
1232 5737 1551 5812 Reynerius
1582 5738 1808 5810 legatus
1918 5756 2052 5796 eum
2085 5735 2520 5809 confugiebant,
2546 5735 2985 5792 multitudinem
3012 5737 3066 5790 in
3092 5734 3442 5791 monasterio
3462 5748 3569 5788 suo

146 5831 871 5906 apostolicus,Bernardus
891 5826 1809 5901 Toletiarchiepiscopus,aliique
1919 5827 2221 5900 receperit,
2254 5830 2311 5882 et
2332 5823 2561 5882 aluerit.
2590 5823 2692 5880 Hic
2720 5842 2777 5880 ιιι
2810 5826 3003 5881 Nonas
3025 5824 3165 5880 Julii
3199 5823 3343 5879 abiit
3365 5823 3434 5877 ad
3469 5838 3566 5877 su-
