3972 6380
175 472 253 555 89
1538 486 1550 493 “
1769 472 1984 540 VITA.

3496 452 3579 547 ob

178 614 183 619 '
241 610 353 673 ΟΠ.
386 611 572 672 Ivonis
598 610 896 673 “Carnoteni
917 608 1212 673 ordinatio.
1244 613 1393 686 'Quo'
1412 627 1557 671 anno
1583 611 1750 687 facta.
1852 608 1909 679 Α
1940 608 2119 671 denti.
2152 609 2297 672 Cum
2326 608 2613 701 enimille
2642 602 2819 675 fuerit
2847 613 2969 700 sub,
3000 599 3183 678 ’ﬂnem
3213 597 3575 701 Novembris,

214 702 496 763 .Multum
526 704 703 761 etiam
734 703 1017 762 laboravit
1044 704 1177 777 pius
1206 704 1467 777 pontifex
1511 703 1620 761 hoc
1646 706 1816 760 'anno

173 809 275 869 pro
304 793 553 851 ecclesia
580 794 1135 867 Carnotenéi,quam
1165 794 1479 851 Gaufridus
1510 794 1818 866 episcopus

173 883 492 954 multorum
524 882 837 940 criminum
870 899 1023 953 reus,
1051 888 1117 940 ut
1146 901 1215 940 ex
1260 883 1452 941 Ivonis
1485 883 1735 957 epistola
1786 885 1820 939 8

174 977 348 1046 patet,
383 972 790 1030 labefactabat.
823 973 927 1029 Hic
948 973 1074 1044 jam
1106 976 1239 1029 ante
1269 971 1494 1045 aliquot
1531 989 1716 1028 annos
1747 972 1819 1028 ab

174 1063 419 1135 Hugone
448 1061 648 1119 Diensi
680 1060 835 1119 sedis
850 1061 1248 1134 apostolicaein
1260 1061 1462 1118 Galliis
1478 1060 1821 1134 legato.loco

177 1154 373 1206 motus
402 1150 682 1217 fuerat;at
701 1150 921 1222 injuria
951 1167 1012 1206 se
1041 1151 1492 1207 condemnatum
1524 1154 1819 1218 causatus,

178 1239 423 1299 Romam
453 1239 722 1307 tetendit,
758 1239 858 1294 ubi
903 1255 1039 1295 cum
1088 1238 1287 1295 nullus
1339 1239 1467 1311 ejus
1520 1242 1826 1296 accusator

177 1326 626 1400 comparuisset,
659 1327 795 1384 dato
825 1344 1006 1400 supra
1048 1344 1260 1400 corpus
1306 1327 1460 1385 beati
1505 1327 1659 1384 Petri
1705 1344 1824 1383 cor-

175 1433 316 1489 pore
361 1421 750 1485 sacramento,
781 1433 914 1472 eum
966 1434 1000 1472 a
1046 1417 1316 1474 Simonia
1367 1416 1498 1473 labe
1529 1422 1825 1490 utcunque

174 1508 495 1581 purgatum
525 1505 842 1578 Gregorius
882 1505 981 1561 VII
1013 1506 1135 1563 sedi
1166 1520 1300 1562 sua:
1332 1505 1683 1562 restituerat.
1716 1505 1823 1562 Ve-

179 1612 312 1651 rum
338 1594 638 1651 renovatis
668 1598 870 1667 postea
898 1599 1103 1652 contra
1130 1595 1298 1651 illum
1331 1594 1823 1663 accusationibus,

177 1700 314 1742 cum
344 1682 754 1755 ejusvcrimina
783 1683 1014 1740 Urbano
1054 1682 1226 1756 plane
1275 1682 1689 1752 innotuissent,
1722 1701 1827 1740 nec

175 1772 277 1829 ille
306 1789 435 1830 sese
456 1772 530 1829 ab
556 1771 640 1828 eis
669 1771 991 1829 innocuum
1023 1772 1268 1845 probare
1297 1771 1599 1837 valuisset,
1623 1789 1828 1828 rursus

177 1879 208 1918 e
240 1879 351 1918 sua
380 1861 519 1918 sede
550 1861 892 1918 auctoritate
935 1861 1229 1933 pontiﬁcis
1280 1861 1486 1933 pulsus
1535 1865 1645 1927 est,
1677 1862 1829 1917 facta

1928 706 1995 758 ut
2023 702 2260 775 quidem
2294 694 2561 787 constat,
2578 707 2651 763 ab
2682 694 2913 765 Urbano
2945 694 3003 765 in
3058 709 3225 787 Italia
3250 694 3576 787 ordinatus,

1929 791 1995 846 in‘
2021 809 2189 849 suam
2215 787 2514 851 dicacesim
2545 786 2679 853 ante
2709 798 3012 871 sequentis
3047 800 3185 857 anni
3219 801 3429 875 saltem
3462 802 3579 859 ini-

1927 882 2031 949 tia,
2066 899 2332 940 reversus
2363 902 2491 942 esse
2520 903 2638 943 non
2666 880 2875 960 potuit.
3552 956 3555 963 γ

1999 971 2216 1029 Verum
2241 974 2348 1031 etsi
2375 975 2497 1031 hzec
2525 977 2727 1033 omnia
2756 994 2876 1032 rem
2908 977 3146 1034 omnino
3186 964 3302 1036 non
3351 980 3578 1039 evince-

1932 1066 2081 1128 rent,
2116 1065 2271 1118 certa
2300 1068 2494 1120 tamen
2522 1080 2650 1146 esse
2678 1065 2908 1123 videtur
2930 1084 3000 1124 ex
3029 1050 3341 1145 ipsiusmet
3389 1066 3580 1146 Ivonis

1931 1149 2288 1208 testimonio.
2322 1151 2377 1208 Is
2406 1153 2562 1234 enim
2603 1144 2853 1234 epistola
2892 1156 2965 1211 67
3014 1157 3245 1234 Urbano
3296 1144 3593 1233 pontifici,

1933 1255 2106 1311 quem
2154 1241 2433 1298 adversus
2477 1232 2540 1299 se
2588 1230 2857 1300 nonnihil
2898 1230 3259 1303 commotum
3291 1230 3580 1323 audierat,

1934 1328 2219 1396 scribens,
2253 1334 2420 1403 rogat
2467 1348 2622 1399 eum,
2657 1336 2722 1388 ut
2749 1334 2873 1405 jam
2901 1338 3175 1409 transacto
3222 1340 3482 1409 septenio,
3514 1355 3584 1396 ex

1935 1433 2050 1488 quo
2098 1419 2318 1475 vineam
2359 1419 2468 1501 sibi
2515 1424 2863 1478 commissam
2886 1440 2987 1495 pro
3024 1441 3120 1481 suo
3144 1442 3302 1501 posse
3328 1429 3586 1485 excolue-

1935 1516 2040 1574 rat,
2073 1504 2246 1563 liceat
2274 1510 2508 1566 tandem
2542 1510 2653 1565 sibi
2685 1516 2870 1568 octavo
2901 1530 3047 1570 anno
3091 1531 3221 1571 eam
3270 1515 3581 1590 dimittere.

1936 1596 2011 1650 At
2040 1594 2089 1651 si
2121 1613 2274 1652 anno
2307 1599 2467 1664 1092,
2498 1616 2615 1672 quo
2655 1598 2917 1673 plerique
2964 1604 3195 1659 Ivonem
3246 1606 3584 1662 ordinatum

1939 1684 2121 1742 fuisse
2168 1686 2392 1754 volunt,
2440 1692 2663 1761 septem
2711 1707 2896 1747 annos
2943 1692 3585 1771 adjiciamus,.omnino

1938 1775 2634 1847 completos,habebimus
2664 1779 2841 1835 finem
2874 1781 3012 1859 anni
3046 1783 3203 1851 1099,
3226 1800 3343 1856 quo
3372 1785 3467 1842 Ivo
3496 1803 3584 1843 oc-

1937 1866 2124 1919 tavum
2153 1865 2242 1920 sui
2293 1867 2665 1939 episcopatus
2696 1885 2916 1947 annum
2965 1869 3288 1947 incmperit.
3321 1873 3468 1947 Nam
3499 1876 3609 1931 uti

178 1949 640 2019 Carnotensihus
670 1953 953 2022 potestate
995 1949 1175 2007 alium
1219 1950 1545 2008 antistitem
1595 1952 1656 2007 in
1701 1952 1829 2022 ejus
1862 1987 1912 2053 Β
1940 1958 2164 2010 certum
2218 1961 2325 2023 est,
2376 1972 2579 2013 mense
2624 1945 2937 2015 Novembri
2986 1945 3181 2037 Romae
3213 1945 3590 2022 consecratus

176 2039 379 2111 locum
410 2039 841 2109 substituendi;
871 2039 971 2112 qui
1005 2039 1206 2097 statim
1248 2040 1513 2096 unanimi
1543 2058 1833 2099 consensu
1863 2039 1910 2053 ”
1942 2045 2049 2098 est.
2080 2041 2295 2099 Verum
2327 2044 2385 2099 id
2417 2045 2531 2101 dici
2562 2062 2678 2127 non
2709 2050 2920 2120 potest,
2950 2065 3084 2105 cum
3125 2049 3253 2122 jam
3302 2054 3447 2108 tunc
3484 2052 3589 2127 Ur-

178 2129 621 2201 Ivonem,quem
655 2128 773 2185 illis
799 2128 1075 2187 Urbanus.
1098 2130 1627 2197 commendaverat,
1652 2130 1836 2204 elege-

181 2222 340 2289 runt.
363 2219 439 2274 At
469 2218 704 2283 Ivonem
733 2234 1074 2279 consecrare
1103 2219 1392 2277 recusavit
1409 2218 1716 2276 Richerius
1733 2222 1835 2276 Se-

183 2306 467 2379 nonensis
496 2306 1004 2379 metropolitanus,
1033 2308 1136 2380 qui
1167 2309 1551 2366 contendebat
1572 2309 1836 2366 Gaufridi

181 2396 720 2463 exauctorationem
767 2400 970 2462 contra
998 2412 1252 2454 canones
1301 2399 1513 2454 factam
1558 2398 1740 2455 fuisse
1763 2399 1835 2455 ob

190 2485 272 2559 id,
309 2486 466 2560 quod
497 2485 627 2556 eius
656 2502 845 2542 causa:
877 2486 1130 2558 cognitio
1159 2486 1417 2559 primum
1448 2505 1483 2545 a
1502 2504 1564 2544 se
1595 2488 1839 2562 suisque

182 2574 779 2647 comprovincialibus
809 2574 1099 2649 episcopis
1146 2576 1270 2635 ﬁeri
1321 2577 1639 2650 debuisset,
1675 2583 1837 2635 ante-

184 2681 369 2737 quam
402 2665 475 2720 ad
504 2663 869 2737 pontificium
903 2664 1162 2722 tribunal
1194 2661 1532 2724 deferretur.
1568 2668 1713 2724 Hinc
1742 2673 1839 2725 Ivo

188 2752 333 2810 nihil
352 2769 416 2810 se
428 2753 585 2826 apud
606 2752 1335 2813 Richeriumobtenturum
1357 2756 1476 2812 fore
1495 2756 1836 2829 praevidens,

188 2843 494 2911 Urbanum
523 2842 689 2911 adiit,
722 2859 758 2899 a
787 2859 923 2915 quo,
959 2848 1023 2899 ut
1069 2843 1318 2917 ipsemet
1345 2846 1622 2918 pontifex,
1656 2847 1714 2904 in
1747 2846 1839 2902 lit-

187 2932 331 2989 teris
362 2950 432 2989 ea
460 2933 533 2991 de
564 2949 626 2989 re
666 2932 817 2990 datis
868 2936 1138 3001 testatur,
1174 2936 1326 2991 salva
1371 2936 1616 2993 ecclesiae
1662 2938 1840 2992 Seno-

193 3020 360 3081 nensi
396 3022 581 3079 debita
608 3022 938 3089 obedientia,
964 3030 1341 3081 consecratus
1369 3028 1485 3093 est;
1517 3029 1574 3081 et
1604 3025 1841 3098 quidem

200 3113 311 3168 sub
343 3113 522 3169 ﬁnem
554 3112 919 3180 Novembris,
954 3116 1019 3168 ut
1048 3113 1107 3171 in
1139 3112 1211 3169 iis
1238 3112 1447 3171 litteris
1476 3114 1841 3187 exprimitur,

199 3200 303 3271 sed
332 3201 559 3273 absque
579 3198 761 3256 ullius
777 3199 915 3256 anni
946 3199 1536 3273 designatione.Unde
1556 3203 1844 3260 incertum

1943 2130 2133 2187 banus
2164 2132 2477 2191 defunctus
2505 2126 2898 2210 esset,nempe
2923 2129 3123 2193 mense
3138 2138 3294 2196 Julio
3324 2126 3591 2212 ejusdem

1945 2220 2083 2276 anni
2115 2213 2189 2277 ad
2224 2220 2399 2278 caelos
2447 2228 2810 2297 assumptus.
2841 2226 2965 2283 Imo
2996 2243 3131 2282 eum
3179 2228 3302 2284 haec
3348 2216 3595 2302 epistola

1946 2312 2078 2381 post
2107 2309 2405 2367 Natalium
2436 2312 2649 2369 Christi
2683 2314 3078 2387 festivitatem,
3112 2321 3177 2372 ut
3222 2316 3470 2390 ipsemet
3497 2320 3591 2376 Ivo

1945 2397 2025 2453 ibi
2058 2397 2298 2468 indicat,
2333 2401 2550 2474 scripta
2582 2403 2775 2470 fuerit,
2808 2404 2880 2459 ad
2931 2422 3153 2460 annum
3202 2396 3360 2473 1111,
3385 2404 3592 2482 proin—

1947 2486 2135 2558 deque
2166 2486 2341 2571 longe
2367 2495 2501 2561 post
2530 2490 2747 2548 Urbani
2797 2492 3023 2549 obitum
3054 2494 3389 2573 deﬁ'erenda
3416 2500 3590 2573 esset,

1947 2577 2101 2648 quod
2136 2594 2275 2634 sane
2306 2570 2475 2635 nemo
2500 2579 2947 2637 dixerit.0mnia
2963 2598 3095 2639 vero
3107 2568 3278 2655 juxta
3301 2568 3591 2642 calculum

1948 2670 2214 2722 nostrum
2248 2668 2512 2740 apprime
2543 2668 2655 2725 sibi
2687 2670 3230 2748 conc_ordant.Hanc
3248 2674 3464 2747 quippe
3478 2675 3595 2748 epi-

1950 2753 2161 2829 stolam
2200 2748 2366 2812 initio
2399 2757 2536 2812 anni
2564 2759 2723 2824 1099,
2756 2746 2872 2832 quo
2904 2758 3096 2815 adhuc
3132 2761 3363 2834 vigebat
3402 2746 3594 2821 Urba-

1951 2858 2085 2911 nus,
2119 2845 2191 2899 ab
2226 2845 2392 2902 Ivone
2422 2847 2702 2919 scriptam
2738 2834 2919 2905 fuisse
2970 2836 3410 2928 dicimus,icum
3454 2856 3613 2927 tunc,

1950 2948 2170 2988 annum
2205 2935 2296 2990 sui
2328 2928 2726 3009 episcopatus,
2758 2937 3050 3009 siquidem
3085 2923 3403 3016 anno'109‘1
3439 2940 3595 3017 ince-

1952 3020 2057 3092 pit,
2086 3026 2355 3079 octavum
2388 3024 2706 3081 inchoaret.
2742 3026 2854 3081 Res
2904 3027 3081 3082 etiam
3128 3026 3186 3082 in
3236 3045 3305 3084 ea
3350 3029 3599 3102 epistola

1953 3108 2135 3168 relata
2165 3106 2316 3169 anno
2349 3113 2488 3169 1099
2511 3114 2878 3182 conveniunt,
2911 3116 3207 3195 coronatio
3246 3134 3453 3196 nempe
3501 3135 3596 3175 re-

1952 3198 2043 3272 gis
2075 3200 2326 3275 Philippi
2371 3220 2402 3259 a
2433 3203 2681 3259 Rodulfo
2712 3203 3148 3277 archiepiscopo
3175 3206 3503 3263 Turonensi
3534 3207 3595 3263 in

199 3290 354 3362 apud
386 3293 661 3347 auctores
702 3290 920 3345 mansit
961 3307 1077 3362 quo
1126 3307 1279 3347 anno
1327 3291 1405 3349 sit
1446 3293 1848 3365 consignanda
1889 3362 1916 3365 __
1955 3291 2301 3362 praecedenti
2351 3293 2509 3349 festo
2545 3292 2876 3349 Nativitatis
2926 3292 3140 3349 Christi
3189 3286 3497 3363 celebrata,
3540 3300 3598 3353 et

199 3380 392 3439 Ivonis
422 3378 806 3447 consecratio,
841 3396 1019 3451 quam
1051 3379 1171 3447 alii,
1204 3398 1356 3436 anno
1388 3382 1545 3450 1090,
1575 3362 1845 3439 nonnulli
1875 3362 1918 3429 (ἶ
1955 3380 2201 3436 Joannis
2227 3382 2537 3453 cujusdam
2564 3382 2865 3455 juvenisin
2891 3366 3598 3463 Aurelianensemepiscm

198 3486 330 3529 vero
363 3469 524 3536 1091,
556 3473 659 3525 aut
683 3468 860 3524 etiam
892 3469 1159 3541 sequenti
1190 3471 1402 3527 factam
1453 3470 1633 3528 fuisse
1663 3471 1845 3545 scrip-

201 3548 425 3618 sérunt.
988 3572 992 3577 ‘

268 3648 443 3706 Hanc
464 3646 737 3707 Labbeus
766 3664 919 3703 anno
949 3648 1080 3703 1091
1129 3648 1515 3720 consignavit,
1547 3651 1702 3722 quod
1750 3652 1846 3707 lvo

199 3738 293 3795 die
322 3736 923 3808 13-Novembris,quas
952 3753 1020 3793 eo
1051 3753 1202 3793 anno
1225 3739 1283 3794 in
1315 3738 1679 3795 Dominicam
1700 3739 1844 3796 inci-

197 3827 473 3895 debat,ab
496 3825 729 3883 Urbano
759 3831 1133 3884 consecratus
1159 3827 1339 3884 fuisse
1369 3828 1603 3885 dicitur.
1627 3829 1696 3885 Et
1725 3829 1848 3903 qui-

198 3915 413 3985 dem,si
444 3917 591 3973 bene
619 3914 774 3971 idem
808 3920 1012 3972 auctor
1038 3917 1442 3989 Stampensem
1467 3918 1756 3991 synodum
1775 3920 1846 3976 ad

200 4021 427 4064 annum
454 4005 1127 4071 1092.revocavit,lvonis
1160 4006 1467 4077 ordinatio,
1497 4024 1621 4081 quae
1649 4026 1850 4065 mense

196 4093 765 4155 Novembriexeunte
780 4095 934 4151 facta
961 4100 1069 4165 est,
1088 4095 1159 4152 ad
1188 4097 1602 4168 praecedentem
1621 4115 1845 4154 annum

198 4183 534 4244 necessario
583 4183 783 4240 referri
831 4184 1034 4253 debet;
1077 4188 1301 4241 certum
1353 4187 1569 4258 quippe
1606 4186 1664 4242 in
1694 4186 1847 4244 hanc

197 4274 490 4347 synodum
510 4288 546 4329 a
563 4272 831 4331 Richerio
853 4272 1297 4345 metropolitano
1311 4280 1684 4331 convocatam
1703 4276 1845 4333 fuis-

198 4379 267 4427 se
279 4365 353 4423 ad
373 4361 819 4419 reseindendam
840 4362 1029 4440 Ivonis
1045 4361 1493 4435 ordinationem,
1517 4380 1695 4436 quam
1710 4382 1844 4422 con-

200 4457 288 4522 tra
299 4466 557 4513 canones
574 4451 785 4515 factam
801 4451 1001 4522 fuisse,
1010 4455 1074 4507 ut
1093 4469 1227 4509 mox
1243 4453 1849 4518 dicebamus,conten-

197 4542 396 4598 debat.
430 4540 603 4597 Favet
631 4539 768 4597 huic
798 4540 1022 4597 calculo
1053 4558 1169 4596 una
1201 4542 1404 4598 charta
1434 4560 1468 4598 a
1495 4542 1697 4599 Jureto
1719 4543 1846 4600 lau-

198 4631 495 4702 data,qu£e
525 4630 663 4687 data
688 4629 905 4705 dicitur
932 4647 1079 4687 anno
1104 4648 1217 4688 xxv
1247 4631 1438 4688 Ivonis
1467 4634 1805 4704 episwpatus
1824 4652 1846 4697 ,-

1954 3486 2094 3542 pum
2127 3470 2448 3538 electio,die
2478 3466 2815 3527 Sanctorum
2838 3470 3405 3529 Innocentiummam
3421 3473 3598 3546 hujus

1953 3561 2010 3614 et
2039 3559 2165 3630 ejus
2197 3559 2391 3615 aemuli
2440 3559 2770 3616 Sanctionis
2817 3561 3054 3639 nomine
3101 3563 3597 3639 consecrationem

1953 3647 2263 3703 Sausseius
2297 3663 2365 3703 ex
2412 3636 3116 3704 Monumentis'Ecclesiae
3163 3636 3599 3708 Aurelianensis

1956 3736 2025 3791 ad
2061 3752 2277 3791 annum
2312 3736 2452 3791 1099
2482 3751 2542 3791 re
2573 3726 2704 3808 ipsa
2733 3734 3115 3809 consignavit,
3149 3724 3451 3810 septennio
3484 3740 3599 3797 sci-

1954 3822 2108 3891 licet,
2145 3829 2210 3880 ut
2238 3823 2582 3893 observavit,
2614 3816 2747 3899 post
2777 3825 2967 3882 Ivonis
3014 3825 3325 3905 Carnoteni
3372 3828 3602 3907 ordina-

1956 3913 2194 3970 tionem.
3180 3902 3183 3905 ’
3380 3902 3393 3995 ί
3436 3924 3439 3927 ’
3539 3902 3545 3907 ”

2024 4005 2114 4072 At,
2148 4002 2398 4076 inquies,
2430 4003 2767 4077 Sigebertus
2796 4008 3000 4061 auctor
3032 4004 3245 4078 gravis,
3279 4004 3380 4077 qui
3409 4005 3599 4063 Ivonis

1956 4098 2121 4150 satatc
2151 4093 2451 4164 vivebat,ej
2463 4111 2532 4149 us
2563 4093 2987 4150 ordinationem
3020 4095 3089 4150 ad
3122 4112 3343 4150 annum
3371 4096 3511 4151 1092
3540 4095 3600 4152 in

1955 4181 2240 4239 Chronico
2272 4200 2378 4238 suo
2409 4181 2625 4238 retulit.
2656 4183 2897 4252 Verum,
2930 4182 3038 4239 etsi
3080 4182 3174 4239 hic
3223 4182 3385 4240 locus
3435 4183 3516 4240 ita
3540 4183 3600 4239 in

1957 4271 2256 4328 nonnullis
2305 4271 2576 4344 Sigiberti
2634 4269 3066 4345 exemplaribus
3122 4272 3428 4344 habeatur,
3491 4272 3602 4330 hoc

1956 4365 2150 4416 tamen
2184 4360 2647 4417 additamentum
2689 4377 2818 4417 esse
2864 4364 3024 4434 patet
3052 4378 3120 4418 ex
3149 4361 3280 4417 aliis
3309 4361 3599 4436 exempla-

1956 4450 2144 4517 ribus,
2177 4450 2235 4505 in
2270 4449 2485 4522 quibus
2514 4450 2634 4507 haec
2672 4442 2850 4507 verba
2879 4467 2994 4506 non
3044 4454 3403 4523 comparent.
3435 4451 3604 4508 Certe

1956 4539 2365 4594 desiderantur
2394 4539 2453 4594 in
2486 4539 2663 4595 Mirati
2697 4532 2970 4609 editione,
3004 4557 3130 4613 quas
3167 4540 3389 4597 caeteris
3432 4557 3601 4597 accu-

1957 4626 2136 4684 ratior
2167 4632 2273 4683 est.
2324 4630 2396 4682 At
2440 4628 2730 4683 fateamur
2778 4629 2833 4684 id
2883 4645 2916 4684 a
2960 4629 3261 4701 Sigeberto
3313 4629 3602 4703 scriptum

199 4720 340 4793 quin
371 4723 434 4777 et
460 4720 591 4793 ipso
620 4719 715 4776 Ivo
744 4719 805 4775 in
836 4719 1019 4777 altera
1045 4719 1461 4793 cbarta,quam
1493 4721 1648 4777 idem
1679 4722 1847 4779 Jure-
1878 4737 1923 4803 Β
1950 4717 2157 4786 fuisse.
2192 4717 2247 4772 Is
2277 4733 2438 4784 sane,
2473 4717 2625 4772 sicut
2653 4722 2710 4771 et
2739 4717 2891 4774 alius
2923 4717 3169 4790 quilibet
3205 4727 3425 4787 auctor,
3459 4718 3600 4797 scri-

198 4814 295 4869 tus
323 4808 774 4877 refert,totidem
793 4809 883 4866 sui
911 4809 1281 4883 episcopatus
1297 4827 1481 4867 annos
1499 4827 1848 4869 commemo-

202 4897 464 4965 ωλι,Βὶ
497 4897 570 4977 ab
601 4912 753 4957 anno
784 4899 923 4955 1115
953 4902 1055 4955 aut
1082 4899 1503 4972 sequenti,quo
1536 4900 1845 4958 defunctus

201 4986 291 5045 Ivo
342 4986 581 5055 dicitur,
612 4986 997 5043 detrahantur
1027 4986 1164 5043 anni
1207 4986 1290 5042 illi
1321 4987 1529 5060 viginti
1561 4989 1845 5062 quinque,

199 5092 348 5149 quos
375 5074 436 5132 in
467 5074 809 5149 episcopatu
822 5075 1089 5150 integros
1109 5075 1370 5150 exegisse
1399 5081 1502 5133 aut
1530 5077 1736 5135 saltem
1764 5078 1849 5134 in-

199 5164 443 5232 choasse
472 5164 777 5231 fatendum
822 5169 931 5235 est,
963 5165 1294 5223 invenietur
1334 5183 1486 5222 anno
1532 5167 1697 5235 1091,
1731 5185 1846 5241 quo

200 5254 444 5327 proinde
471 5254 916 5326 ejusordinatio
938 5253 1275 5329 consignari
1304 5255 1495 5311 debet.
1528 5255 1630 5311 His
1673 5274 1847 5330 argu-

200 5342 769 5407 mentisaddendum
801 5348 889 5400 est
917 5348 1084 5401 vetus
1115 5344 1573 5399 instrumentum
1609 5346 1679 5401 ab
1696 5346 1851 5419 digi-

196 5429 294 5490 dio
324 5424 424 5489 Bri
450 5431 514 5489 in
544 5432 803 5513 Historia
829 5433 1145 5493 Perticensi
1179 5431 1452 5501 relatum,
1485 5448 1600 5505 quo
1633 5434 1850 5492 Rober-

198 5526 294 5578 tus
336 5521 410 5578 de
456 5520 712 5578 Belismo
764 5521 1070 5580 ecclesiam
1120 5522 1306 5579 sancti
1357 5522 1643 5579 Leonardi
1700 5523 1848 5580 Beli-

200 5611 453 5668 smensis
471 5610 780 5677 monachis
805 5611 1415 5685 Majoris-Monasterii
1433 5610 1676 5668 tradidit
1695 5628 1848 5670 anno

202 5699 458 5770 1092.;cui
491 5699 734 5772 quidem
766 5700 977 5758 chartae
1006 5699 1462 5773 subscripsitlvo
1483 5700 1611 5771 jam
1629 5700 1851 5772 episco-

201 5806 330 5862 pus,
365 5789 733 5863 pruindeque
762 5794 1134 5849 consecratus
1187 5806 1341 5847 anno
1385 5788 1591 5847 saltem
1643 5807 1851 5865 praece~

1954 4807 2091 4864 bere
2140 4805 2330 4880 potuit
2362 4806 2594 4863 Ivonem
2642 4823 2795 4862 anno
2821 4807 2962 4862 1092
2991 4806 3377 4864 Carnotenam
3404 4794 3631 4865 sedem.

1955 4896 2175 4963 iniisse,
2212 4895 2426 4968 quippe
2474 4912 2610 4952 cum
2653 4896 2762 4951 sub
2813 4896 3193 4968 praecedentis
3242 4895 3381 4953 anni
3424 4896 3602 4955 fidem

1954 4987 2161 5061 Capua:
2195 4987 2254 5042 in
2305 4983 2467 5042 Italia
2496 4985 2568 5042 ab
2619 4985 2851 5042 Urbano
2878 4972 3254 5045 consecratus
3283 4987 3479 5056 fuerit,
3511 5004 3602 5044 re-

1953 5093 2089 5132 vera
2114 5076 2348 5133 nonnisi
2380 5091 2532 5132 anno
2564 5075 2702 5130 1092
2741 5076 2931 5149 potuit
2978 5093 3095 5132 suae
3150 5075 3418 5135 Ecclesiae
3466 5094 3604 5153 pos-

1956 5166 2281 5221 sessionem
2312 5166 2492 5221 adire.
2524 5164 2652 5220 Haec
2685 5166 2964 5223 adversus
2993 5183 3092 5222 eos
3125 5167 3226 5239 qui
3280 5165 3472 5224 Ivonis
3510 5184 3602 5223 or-

1958 5253 2318 5311 dinationem
2350 5253 2503 5310 ultra
2532 5270 2752 5309 annum
2784 5255 2918 5310 1091
2947 5254 3243 5312 differunt.

2029 5346 2102 5398 At
2131 5342 2248 5409 alii,
2270 5347 2336 5397 ut
2364 5342 2687 5398 Souchetus
2717 5342 2777 5398 in
2809 5344 2971 5401 Notis
3001 5345 3073 5400 ad
3101 5330 3601 5419 Ivonisepistolas,

1960 5432 2136 5489 aliam
2185 5430 2594 5488 difficultatem
2634 5437 2887 5489 movent.
2922 5433 2964 5489 li
2997 5420 3215 5509 quippe
3245 5436 3608 5493 contendunt

1959 5522 2150 5579 Ivonis
2178 5521 2605 5577 ordinationem
2636 5521 2793 5579 ultra
2820 5539 3042 5580 annum
3074 5525 3213 5581 1090
3240 5523 3459 5582 differri
3488 5543 3605 5583 non

1958 5629 2150 5686 posse,
2182 5609 2357 5683 idque
2389 5611 2639 5684 probant
2662 5628 2731 5669 ex
2753 5629 2819 5669 eo
2850 5614 3004 5686 quod
3056 5631 3207 5671 anno
3260 5615 3399 5671 1115
3447 5615 3605 5672 obie-

1959 5704 2057 5773 rit,
2090 5719 2221 5757 cum
2241 5701 2363 5773 jam
2399 5718 2585 5759 annos
2615 5719 2725 5758 xxv
2754 5692 3123 5778 episcopatus
3154 5704 3360 5761 saltem
3378 5703 3602 5776 attigis-

1961 5798 2069 5850 set.
2115 5791 2353 5858 Deinde,
2404 5788 2652 5862 ipsemet
2681 5807 2770 5865 ep.
2804 5794 2908 5850 268
2936 5791 3170 5851 Waloni
3215 5792 3604 5850 Bellovacensi
