3972 6358
405 341 435 392 '1
447 332 490 412 ὅ,
1700 326 1770 392 Β.
1819 326 2071 396 URBAN

2255 327 2510 394 mea.
3253 412 3260 418 .
3737 317 3821 386 re

401 474 451 522 et
481 466 799 520 Lanuinum
821 482 946 522 cum
975 481 1164 522 eorum
1189 467 1372 530 sociis,
1403 467 1741 537 pervenisse;
1787 467 1902 536 qui,
1935 481 2054 521 con-
2085 469 2140 534 Α
2169 466 2365 522 morize
2397 463 2663 538 magistri
2696 460 2986 520 Brunonis
3017 460 3372 520 successisse
3410 459 3825 534 Cognovimus.

400 558 604 625 tempta
647 554 950 610 mundialis
993 556 1182 623 gloriae
1228 556 1489 619 uanitate,
1511 555 1618 610 soli
1643 557 1746 610 Deo
1780 555 2054 626 elegerant

401 644 665 698 militare.
701 644 905 698 Horum
930 644 1130 715 itaque,
1164 643 1245 716 pii
1293 643 1574 716 principis
1623 645 1798 698 verba
1848 644 2052 711 refero,

403 731 738 788 desiderium
768 749 861 803 ego
885 748 1226 802 cognoscens,
1257 742 1309 788 et
1343 735 1585 805 ipsorum
1611 734 1822 788 meritis
1861 741 1912 788 et
1938 749 2058 804 prc-

403 821 556 876 cibus
611 821 758 893 apud
811 823 982 877 Deum
1037 821 1294 892 adjuvari
1361 821 1694 890 desiderans,
1751 821 1818 878 ab
1867 838 2056 878 eorum

404 910 672 966 charitate
717 911 908 966 multis
952 911 1205 983 precibus
1254 911 1484 980 obtinui,
1533 919 1593 967 ut
1640 912 1698 966 in
1747 919 1895 967 terra
1933 927 2058 967 mea

406 999 587 1055 locum
633 1000 743 1055 sibi
787 1000 1145 1056 habitabilem
1169 1001 1456 1070 eligerent,
1487 1001 1547 1056 in
1577 1017 1682 1073 quo
1718 999 1789 1056 ad
1815 1003 2054 1056 servien-

404 1087 536 1142 dum
564 1089 669 1144 Deo
699 1089 889 1160 qualia
917 1089 1117 1145 vellent
1143 1089 1457 1146 habitacula
1481 1093 1883 1162 praepararent.
1905 1090 2055 1146 Tum

408 1175 494 1232 eis
524 1175 717 1254 locum
751 1177 1077 1234 solitarium
1109 1180 1373 1251 assignat
1413 1177 1566 1235 inter
1612 1179 1787 1234 Arena
1818 1181 1868 1234 et
1895 1179 2055 1250 oppi-

405 1265 538 1320 dum
565 1267 788 1332 Stilum,
819 1284 951 1322 cum
985 1271 1097 1322 tota
1123 1268 1290 1334 silva,
1318 1273 1452 1336 etc.,
1477 1285 1578 1339 per
1606 1268 1773 1324 leucae
1815 1270 2056 1340 spatium

401 1353 462 1408 in
495 1354 762 1410 circuitu.
793 1355 979 1427 Hujus
1011 1357 1187 1412 eremi
1219 1355 1521 1413 ecclesiam
1553 1356 1806 1413 dedicari
1831 1355 2058 1413 curavit

403 1441 558 1498 idem
593 1444 876 1516 Itogerius
907 1461 1060 1500 anno
1118 1446 1269 1513 1094,
1303 1445 1458 1518 quod
1501 1445 1572 1501 ab
1619 1445 2056 1519 archiepiscopo

405 1531 1260 1601 Panormitano,assistentibus
1291 1533 1422 1591 aliis
1452 1535 1710 1608 quinque
1741 1535 2054 1608 episcopis,

405 1619 633 1700 factum.
655 1622 857 1690 fuisse,
891 1621 1148 1680 declarat
1177 1622 1237 1679 in
1268 1623 1454 1680 altera
1479 1624 1700 1693 charta,
1735 1641 1864 1696 quae
1901 1625 2060 1680 edita

405 1713 493 1762 est
525 1726 558 1763 a
587 1709 814 1764 Boccho
846 1709 1061 1782 Pyrrho
1083 1715 1240 1766 tomo
1261 1711 1335 1767 ΙΙΙ
1357 1710 1568 1768 Siciliae
1595 1711 2056 1767 sacrm.Primam

408 1812 544 1852 vero
573 1797 701 1867 ejus
733 1797 1018 1870 principis
1047 1797 1422 1855 donationem
1455 1798 1708 1855 ﬁrmavit
1736 1803 1792 1855 et
1821 1799 2059 1871 amplia-

412 1884 494 1940 vit
523 1885 864 1942 Theodorus
896 1886 1316 1958 Squillacensis
1347 1888 1611 1956 antistes,
1645 1887 1705 1944 in
1733 1889 1900 1958 cujus
1930 1887 2065 1943 dim-

415 1974 532 2030 cesi
563 1974 676 2030 sita
705 1980 828 2032 erat
857 1992 1006 2032 nova
1035 1975 1136 2032 illa
1163 1975 1584 2042 Carthasia,uti
1615 1995 1685 2033 ex
1713 1977 1842 2048 ejus
1862 1976 2067 2033 charta

414 2067 575 2134 patet
623 2063 778 2132 data,
811 2065 904 2120 die
953 2064 1021 2120 16
1071 2065 1403 2122 Decembris
1455 2065 1634 2137 hujus
1681 2065 1840 2133 anni,
1887 2082 2066 2138 quam

413 2149 590 2206 simul
623 2168 757 2206 cum
789 2151 1018 2224 Rogerii
1049 2153 1361 2209 donatione
1409 2153 1675 2210 Urbanus
1723 2159 1854 2226 post
1897 2154 2068 2210 bien-

417 2239 671 2307 nium,et
697 2241 934 2296 tandem
966 2241 1262 2298 Paschalis
1284 2243 1414 2314 ejus
1435 2259 1739 2299 successor
1759 2241 2064 2298 conﬁrma-

415 2333 648 2396 verunt,
685 2333 747 2384 ut
775 2330 969 2385 videre
998 2335 1089 2386 est
1119 2331 1270 2403 apud
1305 2330 1612 2404 Ughellum
1662 2336 1820 2388 torno
1853 2331 1923 2388 IX
1955 2332 2067 2388 Ita-

421 2416 512 2472 liae
543 2435 740 2474 sacrae.

490 2507 702 2572 Quanti
734 2512 930 2564 autem
964 2509 1295 2565 Brunonem
1329 2509 1526 2565 fecerit
1554 2509 1844 2578 Urbanus,
1893 2527 1962 2566 ex
2003 2527 2070 2567 eo

420 2600 578 2668 patet
605 2597 1028 2668 quod,vacante
1058 2604 1198 2654 tunc
1232 2598 1511 2671 temporis
1545 2598 2071 2672 RhegiensiEccle-

421 2686 526 2754 sia,
559 2703 688 2757 quae
729 2686 1022 2760 praecipua
1050 2691 1140 2743 est
1170 2687 1448 2743 Calabriae
1482 2688 1918 2761 metropolis,ad
1941 2705 2070 2745 eam

423 2773 619 2846 ipsum
651 2775 891 2830 evehere
916 2777 1109 2832 modis
1138 2776 1414 2832 omnibus
1452 2782 1698 2832 conatus
1744 2778 1936 2844 fuerit,
1969 2778 2071 2834 sed

424 2863 661 2918 frustra.
690 2862 793 2917 Vir
821 2863 1037 2936 quippe
1067 2870 1307 2921 sanctus
1336 2865 1702 2922 Carthusiam
1728 2883 1895 2923 suam
1947 2883 2071 2922 om-

425 2951 600 3006 nibus
632 2951 825 3008 saaculi
851 2953 1238 3026 dignitatibus
1257 2939 1681 3027 anteponebat;
1712 2956 1830 3012 imo
1855 2962 1914 3012 et
1942 2973 2072 3012 eam

425 3039 779 3113 praetulisset
825 3041 940 3113 ipsi
987 3041 1164 3098 etiam
1217 3043 1510 3116 pontificis
1541 3045 1866 3113 comitatui,
1901 3045 1950 3102 si
1988 3043 2074 3100 illi

425 3129 636 3186 fuisset
659 3129 1199 3203 permissum,quod
1225 3131 1347 3204 ipse
1369 3137 1728 3190 contestatur
1748 3133 1807 3190 in
1829 3133 2077 3206 epistola

2165 553 2255 609 Sit
2284 571 2420 626 ergo
2452 554 2512 608 in
2546 559 2596 609 te
2626 554 2891 624 ejusdem
2912 553 3019 608 viri
3042 551 3472 625 spiritus,idem
3503 549 3582 606 sit
3609 548 3825 606 eremi-

2165 643 2290 696 ticae
2323 623 2447 697 vitae
2484 623 2670 714 vigor,
2701 637 2904 697 eorum
2951 623 3184 697 morum
3231 645 3288 697 et
3334 638 3638 712 gravitatis
3687 655 3831 694 con-

2167 731 2416 798 stantia;
2460 731 2597 802 quia
2645 748 2774 800 nos,
2833 729 3160 804 opitulante
3225 727 3494 797 Domino,
3539 725 3833 800 quidquid

2167 821 2530 876 auctoritatis
2559 825 2616 876 et
2639 819 2944 892 potestatis
2974 819 3164 892 ipsius
3196 817 3460 892 Magistri
3506 815 3834 890 probabilis

2167 909 2454 982 sapientia
2483 915 2541 966 et
2578 907 2782 982 religio
2826 908 2901 964 ab
2947 906 3268 981 apostolica
3314 907 3453 962 sede
3503 903 3834 978 promeruit

2169 997 2571 1071 personaliter,
2603 997 2712 1054 hoc
2757 997 2864 1053 tibi
2912 997 3116 1054 eodem
3159 1001 3217 1052 te
3260 995 3472 1068 spiritu
3503 994 3832 1051 comitante

2166 1087 2560 1164 concedimus.
2599 1109 2627 1136 »
2659 1091 2822 1142 Certe
2851 1102 2967 1142 non
2999 1085 3334 1141 Brunonem
3383 1083 3578 1154 modo,
3612 1082 3715 1139 sed
3771 1084 3832 1138 et

2165 1175 2359 1248 ipsum
2397 1175 2723 1232 Lanuinum
2755 1175 3108 1248 quandoque
3137 1173 3409 1230 Urbanus
3441 1173 3514 1228 ad
3546 1188 3610 1229 se
3630 1187 3827 1228 accer-

2167 1265 2351 1336 sebat,
2383 1272 2444 1320 ut
2467 1281 2534 1321 ex
2567 1265 2722 1321 brevi
2755 1266 2885 1336 ejus
2916 1263 3164 1336 epistola
3195 1263 3574 1320 manifestum
3605 1266 3713 1318 est.

2168 1371 2423 1426 LXXXII.
2460 1371 2708 1428 Urbanus
2739 1369 3347 1496 ϐαηιὲαγῆῗςιῶέηυίδίι.
3373 1399 3439 1410 —-
3463 1367 3832 1439 Privilegium

2897 1484 2911 1497 .
2945 1441 3146 1498 Basoli.

2238 1531 2442 1587 Visum
2469 1536 2554 1587 est
2577 1531 2808 1586 Urbano
2829 1531 2984 1586 circa
3013 1530 3192 1602 hujus
3221 1529 3361 1584 anni
3393 1527 3823 1593 medium,cum

2171 1621 2220 1676 ei
2257 1621 2452 1676 Romae
2486 1621 2574 1675 vix
2613 1619 2900 1692 respirare
2949 1618 3170 1685 liceret,
3205 1617 3534 1691 provincias
3577 1617 3831 1690 Rogerio

2169 1715 2223 1764 et
2255 1709 2590 1764 Boamumto
2621 1709 2918 1779 subjectas
2949 1707 3129 1774 adire,
3165 1712 3228 1761 ut
3258 1705 3336 1760 ibi
3372 1705 3546 1778 paulo
3579 1703 3831 1761 liberius

2171 1815 2364 1854 rerum
2415 1797 2944 1853 ecclesiasticarum
2996 1812 3198 1852 curam
3249 1799 3464 1867 ageret.
3499 1798 3661 1851 Certe
3691 1809 3830 1850 cum

2175 1887 2285 1942 sub
2317 1887 2576 1943 medium
2601 1886 2820 1942 mensis
2839 1885 3088 1958 Augusti
3117 1885 3227 1940 hoc
3249 1901 3406 1940 anno
3423 1883 3483 1938 in
3513 1883 3838 1956 Campania

2173 1974 2464 2031 exstitisse
2488 1978 2722 2030 constat
2749 1990 2815 2029 ex
2846 1973 3149 2046 privilegio
3190 1971 3376 2028 sancti
3424 1971 3640 2038 Basoli,
3673 1971 3836 2044 quod

2175 2064 2464 2120 Sinuessae
2493 2063 2696 2119 datum
2745 2067 2835 2119 est
2881 2063 2992 2120 hoc
3039 2079 3192 2119 anno
3231 2061 3325 2118 die
3371 2078 3509 2117 xvm
3540 2059 3840 2117 Kalendas

2174 2153 2556 2226 Septembris,
2592 2151 2926 2208 Burchardo
2957 2151 3222 2223 ejusdem
3253 2150 3359 2206 loci
3395 2149 3591 2206 abbati
3623 2148 3835 2206 inscri-

2177 2247 2368 2315 ptum.

2181 2351 2472 2406 LXXXIII.
2519 2350 2580 2405 S.
2633 2349 2883 2404 Anselmo
2923 2347 3114 2403 scribit
3157 2363 3257 2420 pro
3313 2347 3549 2420 Fulcone
3587 2346 3842 2416 episcopo

2461 2421 2850 2477 Bcllovacensi.
2873 2451 2942 2460 ——
2973 2419 3216 2476 Anselmi
3245 2419 3544 2490 responsio.

2250 2509 2426 2566 Paulo
2457 2515 2611 2577 ante,
2645 2527 2852 2582 nempe
2883 2509 3030 2582 ipsis
3079 2507 3354 2564 Kalendis
3397 2506 3670 2579 Augusti,
3698 2522 3841 2562 nam

2179 2617 2248 2657 ex
2279 2615 2472 2655 rerum
2511 2599 2660 2654 serie
2689 2599 2743 2654 id
2776 2599 2886 2656 hoc
2917 2614 3069 2654 anno
3101 2597 3320 2653 factum
3353 2595 3536 2652 fuisse
3583 2599 3838 2660 constat,

2180 2688 2436 2761 pontifex
2471 2705 2539 2743 ex
2571 2689 2711 2744 urbe
2733 2689 2932 2760 Capua
2956 2687 3028 2742 ad
3061 2686 3297 2742 beatum
3325 2683 3672 2740 Anselmum
3693 2688 3840 2738 tunc

2181 2777 2462 2850 temporis
2497 2778 2835 2832 Beccensem
2855 2777 2913 2832 in
2936 2773 3366 2832 Northmannia
3393 2773 3666 2830 abbatem
3692 2771 3841 2828 scri-

2182 2869 2396 2939 pserat,
2432 2870 2496 2920 ut
2521 2865 2572 2921 ei
2607 2863 2920 2921 Fulconem
2959 2863 3424 2920 Bellovacensem
3469 2860 3842 2934 episcopum,

2183 2961 2353 3011 antea
2384 2954 2738 3012 monachum
2771 2959 3110 3010 Beccensem
3144 2958 3204 3008 et
3237 2951 3424 3024 ipsius
3452 2949 3715 3006 Anselmi
3745 2949 3837 3004 di-

2181 3043 2494 3118 scipulum,
2527 3043 2993 3111 commendaret;
3027 3042 3168 3114 quia
3197 3059 3330 3098 vero
3358 3038 3456 3096 ille
3495 3039 3565 3096 ad
3601 3042 3839 3096 tantum

2183 3151 2335 3189 onus
2365 3133 2779 3190 sustinendum
2810 3131 3076 3204 impar,si
3108 3129 3270 3186 solus
3298 3134 3474 3196 esset,
3505 3127 3842 3194 videbatur,

428 3219 499 3272 ad
531 3235 670 3274 suos
702 3218 1142 3277 Carthusienses
1173 3221 1524 3295 conscripta,
1547 3222 1604 3277 in
1631 3239 1748 3295 qua
1779 3205 2078 3296 siciloqui-
2107 3205 2150 3274 C
2191 3223 2355 3278 beato
2387 3223 2582 3278 abbati
2615 3221 2856 3277 mandat
2885 3219 3165 3292 pontifex,
3191 3223 3256 3273 ut
3283 3218 3336 3274 ei
3366 3218 3512 3290 ipse,
3539 3221 3641 3273 aut
3660 3221 3845 3284 certe,

428 3311 526 3362 tur
557 3323 571 3364 :
603 3307 676 3362 De
706 3323 808 3374 me,
850 3311 1068 3379 fratres,
1118 3311 1324 3378 scitote,
1360 3312 1620 3383 quoniam
1665 3312 1809 3367 mihi
1855 3314 2082 3368 unicum

423 3400 544 3468 post
575 3397 749 3451 Deum
777 3401 854 3452 est
879 3397 1209 3454 desiderium
1239 3399 1496 3455 veniendi
1531 3399 1602 3454 ad
1643 3416 1754 3468 vos,
1789 3408 1838 3456 et
1865 3400 2080 3472 quando

423 3489 633 3556 potero,
662 3501 820 3557 opere
847 3486 1170 3559 adimplebo.
1206 3487 1381 3544 Plura
1427 3488 1506 3545 ibi
1549 3487 1728 3545 habet
1766 3489 1836 3545 de
1874 3489 2080 3546 mundi

431 3578 767 3647 contemptu
795 3581 852 3630 et
877 3593 1078 3632 eorum
1127 3576 1404 3634 felicitate
1451 3576 1550 3650 qui
1599 3577 1875 3636 omnibus
1923 3580 2080 3636 curis

431 3663 680 3736 exempti
711 3665 810 3720 uni
838 3663 954 3720 Deo
984 3665 1044 3720 in
1078 3665 1394 3722 solitudine
1415 3683 1618 3722 vacare
1638 3668 2082 3740 possunt.Simi-

427 3749 527 3812 lia.
559 3752 678 3808 imo
707 3759 764 3810 et
794 3753 967 3826 plura
997 3754 1308 3821 habentur,
1340 3754 1397 3808 in
1432 3754 1614 3812 altera
1661 3757 1789 3826 ejus
1835 3757 2082 3830 epistola

429 3841 501 3894 ad
537 3841 910 3912 Radulphum
955 3842 1213 3897 Viridem
1263 3847 1403 3898 tunc
1453 3845 1848 3916 praepositum,
1883 3851 2082 3918 postea

428 3927 934 4000 archiepiscopum
968 3930 1338 3998 Remensem,
1373 3947 1548 3988 suum
1579 3932 1742 4004 olim,
1777 3951 1910 3990 cum
1932 3935 1991 3990 in
2013 3953 2083 3992 ea

429 4017 574 4071 urbe
603 4019 1506 4084 moraretur,familiarem.Porro
1536 4022 1607 4077 ad
1655 4021 1811 4078 hunc
1858 4041 2080 4081 annum

432 4105 723 4162 Brunonis
744 4107 816 4162 ad
847 4105 1234 4179 Rhegiensem
1265 4107 1830 4183 archiepiscopatum
1855 4111 2082 4170 electio-

431 4210 772 4266 nem,quam
801 4195 1022 4267 vulgati
1055 4201 1322 4252 auctores
1369 4214 1520 4254 anno
1571 4199 1708 4256 1095
1737 4202 2081 4276 consignare

429 4283 638 4350 solent,
672 4284 800 4340 ideo
831 4301 1189 4353 revocamus,
1209 4287 1362 4358 quod
1396 4286 1503 4343 hoc
1536 4288 1904 4348 solummodo
1926 4310 2079 4349 anno

427 4373 540 4430 sub
575 4373 788 4428 Urbani
813 4374 1155 4445 pontificatu
1178 4375 1344 4432 sedes
1369 4375 1468 4432 illa
1488 4394 1669 4435 vacua
1693 4379 2079 4450 fuerit,morte

429 4461 655 4517 Scilicet
681 4461 970 4534 Arnulphi
1010 4463 1456 4538 archiepiscopi,
1489 4465 1603 4535 cui,
1636 4474 1940 4526 recusante
1991 4471 2077 4526 di-

2189 3329 2256 3368 eo
2289 3309 2812 3384 impedito,aliquis
2840 3326 2909 3366 ex
2939 3309 3066 3380 ejus
3097 3307 3398 3372 fratribus,
3432 3322 3664 3378 semper
3695 3305 3846 3362 assi-

2189 3405 2306 3456 stat
2333 3399 2493 3457 illius
2520 3399 2777 3474 episcopi
2799 3400 3335 3467 monitor,corrector
3361 3399 3522 3469 atque
3547 3395 3850 3452 consultor.

2190 3490 2340 3544 Tum
2372 3488 2678 3546 certiorem
2711 3505 2846 3544 eum
2877 3487 3125 3561 facit,se,
3159 3485 3446 3558 quidquid
3487 3485 3547 3540 in
3578 3483 3851 3556 ejusdem

2189 3577 2445 3650 episcopi
2494 3577 2860 3634 ordinatione
2909 3576 3187 3632 vitiosum
3238 3575 3491 3648 irrepere
3547 3577 3848 3646 potuerat,

2189 3665 2769 3740 indulsisse.Denique
2796 3665 2956 3721 varia
2981 3663 3258 3721 Anselmo
3291 3663 3522 3738 negotia
3551 3678 3850 3718 commen-

2189 3755 2308 3820 dat,
2343 3774 2468 3828 quie
2499 3757 2558 3811 in
2585 3756 2715 3827 ejus
2744 3754 2990 3828 epistola
3018 3741 3509 3826 explicantur.'At
3553 3751 3658 3820 ibi,
3690 3750 3852 3807 sicut

2189 3851 2247 3900 et
2273 3845 2330 3900 in
2363 3844 2492 3901 aliis
2523 3845 2744 3918 passim
2778 3843 2994 3900 Urbani
3036 3841 3322 3916 epistolis,
3355 3843 3663 3899 observare
3709 3838 3853 3896 licet

2190 3932 2348 3989 illius
2379 3932 2834 3990 sollicitudinem
2865 3937 2921 3988 et
2952 3949 3152 3989 curam
3193 3932 3252 3988 in
3283 3929 3646 3989 accersendis
3677 3929 3750 3986 ad
3785 3946 3852 3986 se

2187 4021 2327 4076 viris
2358 4022 2546 4077 doctis
2576 4025 2632 4078 et
2665 4021 2802 4095 piis,
2831 4022 2930 4095 qui
2963 4039 3098 4078 eum
3147 4022 3220 4078 ad
3265 4021 3642 4094 pontificatus
3669 4035 3855 4075 onera

2189 4109 2536 4168 sustinenda
2559 4111 2651 4182 adj
2663 4111 3253 4184 uvarent.Respondit
3282 4114 3416 4183 post
3433 4108 3670 4180 aliquod
3693 4111 3852 4164 tem-

2189 4216 2299 4272 pus
2329 4198 2546 4255 Urbani
2573 4197 2784 4256 litteris
2815 4200 3224 4269 Anselmus,ut
3247 4199 3300 4254 ei
3330 4199 3401 4254 de
3431 4196 3725 4263 Fulconis,
3745 4213 3854 4270 per

2190 4304 2364 4360 quem
2396 4287 2528 4344 illas
2573 4293 2894 4362 acceperat,
2922 4289 3204 4345 electione
3234 4286 3522 4344 rationem
3554 4287 3847 4342 redderet.

2189 4376 2252 4432 Ei
2303 4376 2423 4433 viro
2471 4394 2782 4435 assensum
2827 4395 3002 4434 suum
3053 4375 3374 4449 praebuisse
3425 4380 3721 4432 asseverat
3763 4390 3852 4432 co-

2188 4470 2370 4522 actum
2397 4469 2730 4523 Francorum
2759 4469 2904 4536 regis
2935 4475 2985 4522 et
3015 4467 3149 4521 cleri
3181 4465 3598 4534 Bellovacensis,
3633 4466 3850 4520 instan-

431 4549 713 4644 gnitatem
745 4551 906 4644 illam
938 4551 1226 4644 Brunone,
1253 4554 1607 4644 substitutus
1639 4562 1728 4613 est
1757 4559 1866 4614 sub
1898 4558 2078 4629 hujus
2106 4579 2155 4644 υ
2188 4557 2286 4623 tia,
2317 4573 2443 4612 cum
2473 4571 2715 4644 assensu?
2743 4555 3014 4644 Bernensis
3063 4554 3477 4627 archiepiscOpi,
3507 4555 3661 4610 nullo
3704 4556 3847 4610 resi-

431 4636 569 4694 anni
622 4641 796 4696 ﬁnem
850 4641 1194 4715 Rangerius.
1262 4643 1364 4700 Hic
1431 4645 1648 4719 quippe
1706 4646 2076 4720 privilegium
2106 4636 2148 4644 ”
2185 4649 2394 4712 stente;
2431 4645 2512 4700 ita
2542 4649 2628 4711 ut,
2663 4643 2798 4712 nisi,
2832 4642 3024 4716 inquit
3044 4643 3132 4700 vir
3161 4649 3422 4716 sanctus,
3456 4645 3554 4699 hoc
3581 4645 3846 4716 facerem,

430 4728 715 4786 Theodori
731 4729 1150 4803 Squillacensis
1165 4732 1419 4807 episc0pi
1437 4753 1614 4808 supra
1632 4734 2078 4792 laudatumcon-

427 4820 680 4874 ﬁrmavit
709 4821 802 4876 die
843 4822 910 4876 17
938 4822 1270 4878 Decembris
1318 4840 1470 4879 anno
1521 4825 1677 4890 1090,
1710 4825 2076 4898 archiepisco-

421 4925 526 4980 pus
557 4910 866 4981 Rhegiensis
895 4911 1111 4980 electus,
1152 4929 1219 4967 ac
1265 4911 1540 4984 deinceps
1584 4913 1654 4968 ad
1688 4929 1908 4969 annum
1945 4917 2081 4970 1106

428 4997 603 5053 variis
628 4999 889 5055 conciliis
903 5000 1222 5072 etpublicis
1238 5001 1645 5056 instrumentis
1659 5002 2080 5074 subscripsisse

430 5090 791 5142 memoratur
818 5089 928 5144 sub
962 5088 1379 5162 archiepiscopi
1423 5087 1609 5156 titulo,
1643 5094 1707 5144 ut
1752 5091 1946 5148 videre
1991 5098 2082 5148 est

431 5177 587 5247 apud
620 5176 928 5250 Ughellum
957 5183 1115 5234 tomo
1147 5177 1219 5233 IX
1255 5175 1426 5231 Italiae
1477 5193 1675 5233 sacrae.
1716 5178 1932 5237 Verum
1970 5181 2080 5238 etsi

432 5264 628 5320 Bruno
661 5265 821 5322 nulla
850 5268 1098 5340 fulgeret
1127 5264 1428 5338 dignitate,
1462 5265 1642 5322 nihilo
1673 5271 1868 5325 tamen
1891 5269 2083 5326 minor

433 5354 542 5410 fuit
571 5357 724 5428 apud
758 5357 1088 5429 pontiﬁcem
1121 5355 1250 5426 ejus
1281 5354 1616 5425 auctoritas,
1651 5363 1716 5414 ut
1744 5363 1951 5432 praeter
1979 5377 2082 5416 cm-

437 5447 562 5500 tera
583 5446 789 5518 probat
809 5442 1169 5500 Paschalisll
1186 5441 1432 5515 epistola
1444 5445 1514 5500 ad
1542 5444 1870 5504 Lanuinum
1893 5447 2080 5523 ipsius

439 5533 500 5590 in
522 5534 802 5590 Calabrici
827 5532 1165 5589 monasterii
1187 5531 2080 5614 rcgiminesuccessorem,quem

439 5624 524 5712 sic
543 5624 802 5702 pontifex
830 5621 1148 5704 alloquitur
1175 5640 1190 5684 :
1226 5645 1254 5679 (ς
1283 5623 1362 5687 Te
1393 5622 1452 5692 in
1479 5622 1673 5688 locum
1703 5631 1916 5696 sancta;
1959 5645 2081 5695 me.

2189 4739 2359 4790 Deum
2389 4735 2638 4789 timerem
2668 4733 3160 4804 o/fcndere.0uare
3193 4733 3526 4807 pontiﬁcem
3553 4735 3743 4806 rogat,
3777 4737 3847 4788 ut

2189 4822 2342 4880 datis
2395 4821 2466 4877 ad
2517 4820 3042 4895 archiepiscopum,
3075 4823 3340 4896 aliosque
3386 4821 3694 4896 provinciae
3736 4821 3849 4876 Re-

2190 4911 2410 4968 mensis
2440 4910 2878 4980 antistites,imo
2908 4917 2963 4968 et
3002 4913 3074 4968 ad
3107 4912 3541 4970 Bellovacenses
3574 4925 3844 4984 proceres

2189 5001 2320 5058 aliis
2349 4999 2582 5068 litteris,
2612 5000 2921 5059 Fulconem
2963 5003 3088 5074 jam
3139 5003 3396 5059 secundo
3429 5002 3675 5057 Romam
3707 5015 3846 5072 pro-

2189 5093 2406 5146 fectum
2438 5090 2712 5146 adversus
2745 5089 3061 5148 malevolos
3081 5089 3350 5147 homines
3370 5107 3406 5146 a
3422 5089 3639 5162 quibus
3659 5087 3848 5144 ferme

2188 5178 2647 5252 opprimebatur,
2705 5197 2815 5237 sua
2864 5180 3209 5236 auctoritate
3257 5177 3641 5235 communiat.
3691 5177 3848 5234 Tum

2188 5267 2540 5342 compatitur
2567 5269 2654 5324 vir
2679 5273 2920 5325 sanctus
2953 5269 3012 5324 in
3039 5269 3150 5324 hac
3178 5266 3445 5340 epistola,
3494 5282 3624 5337 qua:
3651 5268 3744 5321 est
3770 5265 3845 5322 33

2187 5357 2322 5415 libri
2373 5375 2436 5427 ιι,
2488 5356 2747 5430 pontiﬁci
2801 5357 2858 5412 in
2909 5357 3102 5412 medio
3144 5354 3588 5412 tribulationum
3630 5353 3844 5427 posito,

2188 5447 2434 5520 ideoque
2460 5445 2572 5518 ipsi
2603 5462 2742 5502 suas
2772 5459 3132 5516 suorumque
3161 5443 3409 5499 fratrum
3440 5459 3640 5516 preces
3672 5441 3846 5516 polli-

2189 5542 2374 5604 cetur,
2397 5543 2458 5591 ut
2486 5536 2539 5590 ei
2567 5539 2721 5588 Deus
2749 5534 2958 5605 mitiget
2989 5549 3024 5589 a
3051 5532 3242 5589 diebus
3271 5533 3433 5590 malis
3461 5531 3628 5590 donec
3661 5531 3842 5605 fodio.

2186 5629 2280 5688 tur
2302 5623 2582 5705 peccatori
2608 5624 2784 5700 fovea.
2817 5621 3079 5704 Denique
3109 5621 3542 5709 prasiditﬂuod
3566 5623 3708 5692 Deus
3731 5635 3848 5716 nos!
