3972 6410
82 524 158 590 *ῖῖ
1674 528 1881 597 VITA.

3398 527 3487 595 78

82 664 352 734 relinquet
381 663 593 734 virgam
608 667 952 735 peccatorum
979 678 1141 737 super
1168 669 1370 721 sortem
1409 665 1684 737 fastorum
1702 684 1723 728 ;
1752 674 1807 739 Α
1837 670 2142 723 auctorum
2172 664 2348 721 etiam
2377 663 2690 739 aequalium
2721 664 3075 723 testimoniis
3104 663 3197 721 vix
3232 663 3481 738 intelligi

82 754 211 825 quia
261 751 636 809 hmeditatem
688 769 847 809 suam
896 770 1007 810 non
1061 753 1418 825 deretinquet,
1466 763 1516 810 et
1551 760 1729 826 portae

80 843 249 913 inferi
302 858 418 899 non
485 843 856 914 praevalebunt
925 845 1181 900 adversus
1255 861 1395 899 eam.
1466 845 1727 917 Denique

79 931 451 1005 privilegium
482 948 586 1004 pro
618 948 725 988 suo
755 932 1029 989 Beccensi
1063 933 1419 989 monasterio
1448 932 1724 1006 postulat,

79 1021 231 1094 quod
256 1037 332 1077 an
366 1037 626 1093 unquam
655 1020 1053 1095 impetraverit
1098 1022 1387 1078 incertum
1418 1027 1526 1080 est.
1576 1022 1726 1087 Quid

75 1127 208 1167 vero
249 1114 453 1182 postea
498 1109 734 1167 Fulconi
785 1111 1092 1185 contigerit
1121 1112 1181 1167 in
1231 1112 1725 1185 consequentibus

77 1199 361 1255 dicemus.

76 1307 358 1363 LXXXIV.
410 1305 704 1377 Conﬁrmat
738 1309 1034 1378 privilegia
1065 1309 1320 1366 Ecclesia:
1370 1309 1720 1363 Raveltensis.

141 1380 529 1453 Episcoporum
557 1378 1057 1453 ordinationestx
1083 1381 1168 1435 his
1196 1382 1335 1453 forte
1363 1381 1725 1452 Berengarius

148 1451 386 1506 Venusii.
421 1456 505 1505 An
533 1450 900 1506 Guitmundus
927 1451 1154 1507 Aversa.
1196 1450 1203 1453 ’
1540 1450 1550 1452 ἡ
1603 1457 1610 1463 ’

139 1556 368 1613 Interea
396 1556 685 1624 Urbanus,
720 1573 854 1612 cum
886 1558 1042 1629 apud
1064 1557 1369 1614 Salernum
1402 1563 1575 1626 esset,
1610 1559 1722 1615 Ra-

67 1644 343 1702 vellensis
368 1660 474 1701 seu
507 1644 869 1702 Rebellensis
896 1645 1183 1715 Ecclesiae,
1218 1664 1397 1719 quam
1418 1648 1618 1703 Victor
1646 1648 1723 1704 III

68 1736 194 1806 ejus
223 1734 573 1791 decessorin
605 1733 994 1806 episcopalem
1027 1735 1225 1791 sedem
1243 1741 1519 1803 erexerat,
1552 1735 1723 1809 privi-

66 1822 216 1894 legia
248 1822 637 1889 confirmavit,
664 1822 797 1878 dato
810 1822 1233 1895 diplomatedie
1262 1824 1389 1897 ipso
1421 1825 1718 1881 Nonarum

66 1912 426 1967 Octobrium.

131 1998 367 2056 Creavit
394 2000 570 2055 etiam
621 1999 890 2056 Urbanus
944 2002 1203 2057 diversos
1256 2003 1560 2076 episcopos
1619 2021 1722 2077 per

66 2089 209 2146 illud
242 2094 505 2161 tempus,
538 2106 603 2145 ex
634 2090 850 2161 quibus
882 2095 1087 2147 Petrus
1128 2091 1189 2147 in
1220 2092 1505 2149 Chronico
1552 2094 1717 2149 Casi-

64 2180 229 2235 nensi
282 2177 431 2233 libro
464 2195 541 2245 ιν,
599 2195 726 2251 cap.
755 2182 812 2247 7,
875 2180 1021 2235 duos
1062 2180 1263 2237 laudat
1318 2198 1385 2237 ex
1416 2182 1717 2239 Casinensi

66 2267 421 2323 monasterio
449 2271 809 2339 assumptos,
841 2269 1218 2325 Benedictum
1249 2269 1472 2327 scilicet
1501 2270 1558 2326 in
1583 2272 1716 2328 Sar-

61 2357 220 2413 dinia
249 2355 471 2423 insula,
502 2360 560 2412 et
586 2357 953 2430 Raynaldum
986 2357 1211 2427 Caietae,
1245 2360 1346 2432 qui
1393 2360 1501 2417 hoc
1540 2378 1712 2431 anno,

62 2451 123 2501 ut
151 2445 315 2502 idem
345 2448 552 2503 auctor
579 2444 755 2502 habet
784 2446 972 2518 capite
988 2447 1276 2519 sequenti,
1310 2449 1491 2505 altare
1515 2449 1715 2505 Sancti

63 2535 314 2600 Erasmi,
347 2539 405 2590 et
457 2551 608 2590 anno
657 2536 925 2608 sequenti
971 2553 1041 2592 ex
1088 2538 1361 2611 anonymi
1410 2539 1712 2607 Chronico,

62 2623 369 2681 ecclesiam
400 2623 598 2679 Sancti
628 2625 871 2680 Andreae
894 2625 955 2681 in
987 2643 1151 2682 sacro
1182 2631 1380 2683 monte
1408 2637 1712 2684 censecra-

63 2713 158 2768 vit.
189 2713 315 2769 Hoc
344 2713 549 2768 eodem
582 2730 756 2782 anno,
790 2717 853 2768 ut
874 2714 1001 2785 jam
1053 2715 1329 2784 diximus,
1390 2715 1714 2790 Rangerius

65 2801 412 2875 Rhegiensis
441 2800 704 2857 Ecclesiae
720 2803 975 2874 regimen
994 2804 1272 2877 suscepit.
1305 2810 1359 2860 Is
1380 2807 1636 2877 primum
1653 2806 1712 2860 in

9 2926 18 2949 υ
64 2890 263 2960 Maiori
298 2890 649 2948 Monasterio
676 2908 854 2964 pr0pe
875 2892 1139 2949 Turonos
1157 2895 1482 2951 monachus
1504 2896 1711 2962 fuerat,

64 2980 210 3037 unde
242 2983 461 3035 Cavam
493 2980 833 3049 translatus,
868 2981 1098 3037 Urbano
1131 2989 1301 3039 notus
1347 2985 1475 3053 fuit,
1510 3002 1543 3039 a
1574 3001 1710 3057 quo,

67 3076 125 3125 ut
152 3070 336 3127 habet
365 3068 645 3142 Ughellus
679 3073 832 3137 tomo
867 3070 941 3126 ΙΧ
974 3071 1148 3128 Italiae
1170 3090 1369 3144 sacrae,
1403 3073 1713 3131 cardinalis

64 3164 180 3214 tum
239 3157 594 3230 Rhegiensis
644 3158 1118 3233 archiepiscopus
1169 3163 1355 3217 factus
1403 3168 1509 3220 est.
1556 3163 1713 3218 Idem

66 3253 262 3303 auctor
294 3253 456 3303 torno
486 3246 561 3302 VI
591 3248 794 3303 scribit
824 3249 1080 3305 amicum
1113 3252 1299 3306 sancti
1332 3251 1623 3308 Vincentii
1643 3252 1715 3307 de

67 3336 349 3393 Volturno
409 3335 518 3391 hoc
573 3351 808 3409 quoque
846 3354 1000 3394 anno
1059 3345 1318 3397 creatum
1352 3342 1423 3397 ab
1482 3341 1713 3397 Urbano

1836 760 2045 829 potest.
2078 756 2257 812 Nemo
2288 756 2527 827 quidem
2547 754 3170 812 neseitGuitmundum
3201 770 3305 811 seu
3332 754 3483 811 Wit-
3548 824 3555 835 ‘

1835 846 2124 901 mundum
2154 862 2185 901 e
2217 845 2499 901 monacho
2530 845 2729 901 Sancti
2760 845 3047 912 Leufredi,
3077 845 3151 901 ob
3181 844 3403 917 scripta
3421 844 3482 901 in

1836 935 2169 1007 Berengarii
2201 951 2425 991 errores
2456 934 2741 991 celebrem
2771 933 2831 990 in
2862 936 3224 991 Aversanum
3256 934 3482 1007 episco-

1835 1040 1975 1096 pum
2008 1022 2381 1096 assumptum
2396 1024 2599 1081 fuisse.
2632 1024 2692 1079 Id
2708 1024 2865 1081 enim
2879 1027 3089 1097 praeter
3115 1022 3478 1094 Ordericum,

1835 1113 1928 1168 Ivo
1958 1112 2330 1171 Carnotensis
2359 1114 2626 1182 antistes,
2660 1114 2829 1186 epist.
2847 1115 2938 1183 78;
2970 1111 3302 1170 Willelmus
3332 1112 3480 1170 Mal-

1833 1202 2257 1259 mesburiensis
2286 1206 2343 1257 et
2359 1201 2456 1257 alii
2487 1217 2690 1276 graves
2708 1206 2974 1259 auctores
2985 1201 3208 1275 passim
3231 1201 3486 1260 afﬁrma-

1832 1295 1992 1346 runt.
2024 1295 2099 1346 At
2130 1290 2288 1346 Idem
2314 1290 2408 1346 Ivo
2424 1290 2638 1347 decreti
2669 1295 2832 1363 parte
2846 1308 2922 1359 IV,
2948 1308 3073 1363 cap.
3099 1290 3225 1360 213;
3250 1290 3484 1348 Gratia-

1832 1397 1966 1445 nus,
2022 1380 2158 1435 dist.
2191 1381 2245 1446 8,
2277 1396 2402 1452 cap.
2434 1381 2489 1435 5:
2511 1379 2574 1435 Si
2586 1380 3049 1447 consuetudinem,
3082 1382 3141 1435 et
3163 1378 3261 1435 alii
3292 1379 3486 1436 decre-

1829 1474 1955 1524 tum
1988 1468 2290 1540 proferunt
2311 1484 2380 1523 ex
2406 1468 2665 1541 Gregorii
2694 1469 2794 1524 VII
2810 1469 3059 1542 epistola
3088 1469 3160 1525 ad
3181 1468 3483 1526 Witmun-

1832 1559 1970 1613 dum
2007 1560 2364 1614 Aversanum
2396 1557 2635 1630 scripta,
2668 1558 2727 1613 in
2747 1574 2919 1630 quem
2953 1556 3193 1614 titulum
3223 1574 3479 1615 errorem

1830 1646 2140 1719 irrepsisse
2162 1663 2335 1702 nemo
2356 1645 2585 1715 dixerit,
2609 1647 2657 1702 si
2690 1645 2961 1703 consulat
2984 1646 3213 1704 codices
3244 1663 3389 1703 mss.
3419 1651 3480 1704 et

1831 1736 2037 1804 editos,
2072 1736 2132 1791 in
2155 1735 2374 1791 Baluzii
2397 1734 2551 1791 notis
2583 1735 2654 1791 ad
2673 1735 3478 1802 GratianumlaudatoaQuid

1830 1824 2038 1897 igitur?
2069 1823 2116 1880 si
2148 1824 2408 1878 divinare
2440 1822 2593 1889 licet,
2626 1827 2728 1878 aut
2779 1823 2893 1878 duo
2924 1822 3085 1878 fuere
3130 1821 3476 1878 Guitmundi

1827 1913 2105 1969 Aversani
2136 1911 2411 1985 episcopi,
2447 1915 2512 1967 ut
2541 1912 2876 1984 suspicatus
2904 1915 2993 1967 est
3031 1909 3333 1983 Ughellus,
3377 1914 3479 1966 aut

1829 2009 1981 2059 certe
2002 2002 2315 2076 Gregorius
2330 2020 2361 2057 n
2371 2007 2596 2057 ostrum
2609 2001 3035 2057 Guitmundum
3049 1999 3238 2073 primo
3249 2002 3476 2056 Aversa:

1828 2094 1991 2149 urbis
2018 2092 2356 2165 episcopum
2390 2090 2622 2157 creavit,
2656 2096 2713 2146 et
2732 2091 2998 2147 Urbanus
3018 2089 3289 2146 eumdem
3313 2086 3476 2162 pallii

1827 2182 2199 2239 concessione
2231 2178 2650 2252 archiepiscopi
2668 2178 2839 2235 titulo
2871 2183 2928 2235 et
2952 2178 3172 2235 honore
3188 2178 3477 2236 condeco-

1828 2272 1995 2340 ravit;
2027 2276 2153 2327 tum
2186 2274 2250 2325 ut
2278 2274 2512 2326 tantum
2543 2268 2841 2325 hominem
2873 2267 3071 2340 aliqua
3098 2266 3480 2341 praerogativa

1827 2359 2107 2434 singulari
2142 2358 2481 2426 illustraret;
2495 2374 2650 2426 cum,
2671 2356 3173 2413 utNorthmannis
3197 2354 3479 2429 principi-

1825 2450 1956 2517 bus,
1990 2448 2092 2521 qui
2119 2448 2270 2503 hanc
2300 2446 2504 2503 urbem
2544 2449 2952 2502 exstruxerant
2999 2450 3056 2502 et
3098 2444 3479 2518 potissimum

1825 2537 2113 2607 colebant,
2147 2540 2377 2610 gratum
2436 2534 2669 2591 faceret.
2703 2534 2867 2591 Certe
2915 2534 3227 2591 Ordericus
3283 2533 3480 2590 innuit

1824 2627 2123 2683 Urbanum
2155 2623 2350 2681 nescio
2383 2622 2525 2696 quid
2557 2622 2874 2696 singularis
2896 2621 3186 2695 privilegii
3214 2638 3283 2678 ea
3311 2637 3476 2680 occa-

1824 2717 1985 2772 sione
1996 2713 2423 2771 Guitmundum
2438 2712 2495 2766 in
2514 2711 3054 2767 Northmannorum
3072 2710 3322 2785 gratiam
3347 2726 3480 2772 con.

1822 2806 2091 2862 cessisse.
2153 2806 2278 2859 Ilaec
2332 2803 2481 2866 urbs,
2543 2801 2756 2873 inquit,
2819 2809 3056 2873 tempore
3103 2801 3295 2857 Leonis
3348 2800 3417 2855 IX
3441 2816 3477 2855 a

1822 2895 2234 2964 Northmannis,
2268 2892 2554 2965 qui-primo
2584 2891 2840 2963 Apuliam
2856 2890 3201 2946 incoluerant
3227 2892 3475 2946 constru-

1822 2993 1906 3041 cta
1936 2993 2031 3054 est,
2063 2987 2116 3038 et
2145 3000 2179 3037 a
2227 2982 2506 3045 Romanis,
2539 2983 2672 3052 quia
2716 2979 2785 3035 ab
2812 2979 3052 3035 adversis
3096 2980 3210 3035 sibi
3252 2978 3478 3035 cratibus

1825 3073 2221 3144 (ediﬁcabatur,
2263 3070 2510 3125 Adversis
2538 3070 2750 3125 dicta...
2778 3068 2993 3125 divitiis
3021 3068 3277 3141 opulenta
3302 3067 3476 3124 σίδαι-
3543 3114 3555 3126 .

1822 3166 2146 3236 pinorum...
2174 3160 2673 3216 Nort/imannorum
2699 3160 2913 3230 optione
2938 3159 3045 3214 soli
3066 3171 3231 3231 papae
3256 3165 3481 3227 gratan-

1825 3257 1908 3307 ter
1962 3251 2158 3316 obedit,
2216 3267 2251 3305 a
2295 3264 2397 3320 quo
2453 3247 2848 3303 Guitmundum
2910 3247 3208 3319 sophistam
3257 3246 3480 3318 mystici

1823 3341 2031 3397 decoris
2057 3340 2229 3412 pallio
2261 3339 2555 3409 insigniter
2574 3335 2892 3393 redimitum
2916 3336 3230 3408 pontiﬁcem
3248 3336 3477 3406 accepit.

69 3426 243 3480 fuisse
273 3424 619 3480 cardinalem
642 3426 1021 3498 presbyterum
1067 3429 1284 3487 Sanctae
1324 3430 1511 3485 Crucis
1541 3433 1603 3485 in
1625 3432 1717 3486 Je-
1749 3416 1792 3482 C
1828 3430 1933 3493 Qui
1966 3429 2332 3501 archipraesul
2361 3444 2483 3482 eam
2511 3425 2609 3481 diu
2633 3428 2797 3494 remit,
2822 3429 2874 3481 et
2902 3426 3210 3497 apostolicis
3249 3424 3480 3496 privile-

69 3514 334 3579 rusatem,
392 3514 495 3586 qui
546 3518 747 3586 postea
778 3516 835 3570 in
893 3517 1321 3574 fEserniensem
1380 3518 1717 3591 episcopum

70 3608 438 3676 assumptus,
485 3604 723 3660 demum
778 3604 974 3662 Casini
1024 3608 1387 3680 temporibus
1435 3607 1639 3663 Calixti
1669 3608 1718 3664 Il

65 3693 234 3748 obiit.
854 3716 857 3719 -

135 3783 223 3838 Ad
252 3782 409 3838 hunc
423 3782 599 3838 etiam
618 3798 862 3852 annum,
885 3784 971 3840 uti
986 3785 1231 3855 videtur,
1256 3787 1507 3843 revocari
1530 3790 1725 3859 potest

66 3870 401 3943 Berengarii
432 3872 719 3943 promotio
758 3874 829 3928 ad
887 3873 1251 3931 Venusinum
1296 3877 1717 3949 episcopatum.

69 3959 162 4017 llic
186 3960 255 4016 in
275 3959 531 4017 Uticensi
555 3962 751 4018 Sancti
768 3962 985 4019 Ebrulfi
1001 3966 1353 4021 monasterio
1376 3966 1723 4021 Northman-

68 4049 167 4105 nias
198 4048 319 4106 sub
350 4049 519 4105 beato
549 4050 905 4108 Theoderico
937 4053 1143 4109 abbate
1171 4054 1472 4122 educatus,
1502 4055 1720 4110 Rober-

66 4143 181 4194 tum
216 4137 567 4195 Theoderici
592 4157 1014 4209 successorem,
1050 4159 1225 4215 quem
1258 4144 1556 4200 Osbernus
1588 4143 1723 4199 inva

32 4244 221 4306 ,sore
250 4228 609 4284 monasterio
669 4230 943 4286 excedere
992 4237 1280 4304 coegerat,
1331 4232 1391 4287 in
1447 4232 1721 4304 Apuliam

73 4317 262 4372 fuerat
274 4317 644 4384 secutus,ubi
659 4335 792 4374 cum
809 4319 1139 4391 permultos
1161 4337 1346 4378 annos
1368 4324 1723 4381 monasterio

73 4408 295 4461 Sancta:
327 4404 632 4461 Trinitatis
663 4408 818 4479 apud
850 4408 1170 4465 Venusium
1202 4411 1549 4482 praefuisset,
1593 4416 1723 4468 tan-

77 4494 227 4562 dem,
266 4492 352 4550 uti
383 4494 695 4551 Ordericus
727 4496 933 4553 Vitalis
956 4500 1130 4555 refert
1158 4499 1305 4556 libro
1321 4518 1442 4569 vm,
1475 4518 1573 4574 pro
1600 4504 1725 4557 vitae

78 4586 269 4639 merito
296 4586 347 4638 et
377 4584 659 4655 sapientia
688 4585 935 4642 doctrina
964 4588 1034 4643 ad
1070 4591 1449 4660 pontiﬁcatum
1470 4595 1729 4664 praefata:

79 4672 225 4727 urbis
254 4689 290 4727 a
317 4687 464 4744 papa
522 4673 734 4729 Urbano
786 4685 1065 4746 promotus
1108 4682 1205 4733 est.
1259 4683 1420 4736 Tunc
1471 4686 1665 4736 tamen
1693 4698 1729 4736 a

1826 3521 1936 3589 giis
1966 3520 2033 3575 ab
2062 3520 2215 3574 omni
2242 3518 2562 3572 mortalium
2589 3516 2872 3571 exactione
2901 3516 3044 3571 liber
3064 3515 3295 3586 plausit.
3346 3516 3480 3569 Haec

1828 3607 2188 3679 coniiciendo
2216 3606 2370 3661 dicta
2391 3603 2528 3672 sint,
2561 3604 2746 3659 donec
2772 3603 2987 3676 aliquis
3029 3602 3277 3660 certiora
3321 3602 3481 3658 inve-

1828 3698 1970 3753 niat.
2004 3695 2150 3751 Huic
2182 3694 2542 3750 Guitmundo
2574 3691 2878 3764 rescripsit
2906 3692 3198 3759 Urbanus,
3231 3690 3302 3745 de
3333 3688 3478 3745 reci-

1830 3784 2057 3859 piendis
2082 3781 2919 3850 excommunicatorum,modo
2936 3778 3308 3853 resipuerint,
3330 3778 3480 3835 elee-

1830 3874 2112 3947 mosynis.
2141 3875 2323 3939 Quam
2357 3870 2689 3944 epistolam,
2723 3874 2825 3926 aut
2844 3873 2997 3927 certe
3026 3869 3321 3942 insignem
3351 3868 3479 3939 ejus

1830 3970 2075 4038 partem,
2108 3963 2261 4018 circa
2288 3960 2513 4017 Julium
2549 3976 2835 4029 mensem,
2885 3960 2985 4016 sed
3034 3975 3187 4015 anno
3230 3957 3477 4026 incerto,

1831 4054 2106 4126 scriptam
2116 4095 2129 4119 ,
2159 4052 2275 4121 Ivo,
2291 4055 2493 4123 etpost
2506 4066 2640 4106 eum
2654 4050 2967 4106 Gratianus
2980 4048 3041 4105 in
3072 4046 3319 4105 decretis
3332 4046 3481 4117 suis,

1831 4142 2099 4199 retulere.

1949 4247 2211 4306 Lxxxv.
2242 4247 2381 4303 Mors
2403 4246 2759 4329 Adalberonis
2786 4246 3022 4318 episcopi
3053 4224 3355 4303 Wirnbur-

2585 4333 2752 4374 encas.

1901 4410 2118 4467 Verum
2147 4425 2213 4465 eo
2244 4413 2506 4481 tempore
2536 4335 2651 4479 (ξυο
2694 4406 2874 4463 variis
2906 4404 3181 4463 Ecclesiis
3223 4405 3282 4463 in
3314 4401 3484 4461 Italia

1834 4504 2098 4573 pastores
2124 4496 2460 4569 providebat
2491 4496 2780 4564 Urbanus,
2814 4494 3114 4569 egregium
3137 4511 3205 4552 ac
3231 4493 3487 4552 invictis-

1836 4591 2052 4644 simum
2085 4587 2183 4642 sed
2194 4586 2240 4642 is
2252 4585 2581 4657 apostolica:
2595 4588 3086 4658 propugnatorem
3101 4584 3160 4639 in
3173 4583 3489 4640 Germania

1836 4674 2481 4745 amisit,Ada1beronem
2496 4674 3244 4746 scilicetWirzburgensem
3266 4671 3490 4745 episco-

74 4760 227 4854 plebe
280 4762 513 4854 electum
565 4760 869 4820 Venusina:
916 4766 1070 4822 urbis
1124 4773 1492 4842 episcopatum
1530 4787 1726 4826 susce-
1758 4788 1804 4854 D
1837 4785 2001 4841 pum,
2035 4764 2136 4838 qui
2166 4763 2299 4819 licet
2326 4780 2355 4818 e
2378 4763 2568 4854 patria
2593 4763 2838 4819 extorris
2858 4762 3132 4854 fuerit,et
3152 4760 3490 4833 frequenter

41 4881 53 4897 ε
75 4849 232 4919 pisse
245 4838 459 4905 asserit
474 4851 628 4906 idem
658 4854 1114 4911 auctorlibrom.
1148 4838 1217 4912 Et
1247 4838 1482 4931 quidem
1508 4864 1730 4915 utrum-

77 4954 189 5007 que
221 4940 413 5010 potest
443 4955 803 4998 esseverum.
833 4945 905 4999 At
920 4945 1135 5001 mirum
1168 4947 1424 5004 esthunc
1446 4953 1731 5022 Berenga-

80 5026 163 5080 riu
174 5044 231 5081 m
245 5026 320 5081 ab
333 5025 577 5099 Ughello
609 5030 666 5085 in
680 5031 940 5105 catalogo
952 5033 1385 5092 Venusinorum
1400 5037 1728 5094 antistitum

81 5120 239 5171 tomo
269 5116 369 5172 VII
410 5116 585 5173 Italiae
618 5136 792 5176 sacrae
823 5124 1174 5181 recensitum
1208 5144 1323 5182 non
1354 5128 1549 5183 fuisse.

154 5205 381 5261 Laudat
412 5206 565 5262 idem
589 5207 896 5268 Ordericus
929 5212 1133 5269 Vitalis
1164 5214 1313 5271 libro
1344 5234 1399 5272 ιν
1420 5217 1732 5273 Guitmun-

82 5293 226 5348 dum
259 5295 845 5356 monachum’Crucis
879 5302 1366 5372 SanctiBuderni,
1400 5322 1500 5360 seu
1535 5307 1731 5362 Sancti

84 5383 355 5438 Leul'redi
390 5384 446 5439 in
467 5385 913 5458 Northmannia,
928 5408 1101 5464 quem
1122 5395 1451 5465 postvarias
1472 5396 1736 5452 fortunas

58 5473 398 5543 'Gregorius
427 5473 525 5530 VII
574 5477 917 5535 cardinalem
963 5487 1163 5539 sancta
1202 5486 1462 5542 Romam?
1489 5487 1737 5541 Ecclesiae

77 5563 351 5632 prec/wit,
382 5566 435 5618 et
486 5564 736 5622 Urbanus
775 5584 923 5641 papa
959 5572 1083 5643 jam
1126 5574 1415 5645 probatum
1463 5577 1523 5629 in
1546 5574 1737 5629 multis

83 5652 563 5722 metropolitanum
612 5656 826 5713 Aversis
871 5662 1025 5716 urbis
1069 5663 1386 5719 solemniter
1435 5665 1732 5720 ordinavit.

84 5736 385 5797 Consentit
412 5741 617 5800 Calixti
646 5745 811 5804 bulla
825 5750 980 5823 apud
1000 5750 1310 5827 Ughellurn
1342 5758 1499 5811 torno
1520 5754 1542 5811 Ι
1562 5751 1736 5810 Italia:

86 5843 287 5902 sacris,-
315 5832 419 5894 sed
450 5848 572 5912 qua
599 5834 825 5911 ratime
852 5838 913 5899 id
944 5842 1213 5918 componi
1242 5844 1429 5922 possit
1448 5861 1584 5905 cum
1605 5842 1737 5906 aliis

1839 4876 1869 4912 e
1900 4874 2007 4911 sua
2035 4855 2172 4911 sede
2203 4852 2429 4926 pulsus,
2453 4850 2733 4907 ecclesias
2749 4856 2946 4907 tamen
2960 4851 3250 4918 dedicare,
3284 4864 3489 4906 mona-

1840 4945 2019 5001 steria
2049 4948 2397 5009 restaurare,
2434 4945 2537 4996 aut
2564 4940 2635 4996 de
2668 4956 2814 4995 novo
2845 4941 3111 5007 condere,
3145 4939 3377 5011 aliaque
3393 4938 3488 4995 sui

1841 5034 2062 5090 ordinis
2097 5031 2298 5089 munia
2328 5045 2588 5087 exercere
2619 5046 2733 5085 non
2752 5029 2995 5085 destitit.
3025 5029 3142 5084 Etsi
3171 5032 3290 5101 post
3320 5030 3488 5084 innu-

1841 5142 2013 5191 mera,
2056 5129 2121 5177 ut
2177 5122 2258 5177 ait
2314 5118 2638 5186 Bertoldus,
2691 5122 2747 5173 et
2774 5117 3065 5174 consentit
3109 5118 3252 5173 Vitae
3311 5117 3490 5190 hujus

1843 5217 2063 5282 auctor,
2118 5212 2390 5283 pericula,
2436 5218 2488 5265 et
2542 5210 2722 5264 varias
2770 5208 3188 5279 persecutiones,
3246 5208 3309 5261 in
3352 5208 3493 5263 bona

1842 5303 2172 5375 confessione
2199 5300 2343 5355 diem
2372 5301 2569 5355 clausit
2588 5306 2892 5354 extremum
2914 5296 3008 5353 die
3025 5301 3188 5353 sexta
3206 5295 3492 5368 Octobris,

1846 5391 2111 5464 sepultus
2157 5389 2216 5443 in
2266 5389 2623 5443 monasterio
2681 5384 3081 5454 Lambacensi,
3116 5384 3269 5458 quod
3303 5403 3338 5441 a
3368 5385 3493 5442 suis

1844 5480 2186 5553 parentibus
2208 5478 2508 5532 conditum
2538 5482 2595 5532 et
2620 5476 2823 5532 multis
2844 5493 2878 5531 a
2908 5474 3154 5531 sehonis
3184 5473 3498 5547 locupleta-

1843 5576 1992 5639 tum,
2025 5567 2213 5626 ordini
2244 5565 2617 5621 Benedictino
2655 5566 2974 5621 addixerat.
3009 5564 3151 5636 Ejus
3196 5563 3393 5620 Vitam
3424 5563 3495 5618 ab

1845 5665 2082 5716 auctore
2112 5654 2352 5730 suppari
2384 5654 2669 5710 monacho
2693 5652 3074 5712 Lamhacensi
3092 5652 3370 5726 scriptam
3397 5652 3497 5709 de-

1844 5750 2044 5806 dimus
2074 5748 2224 5803 inter
2253 5748 2397 5801 Acta
2425 5746 2762 5801 sanctorum
2807 5743 3031 5801 ordinis
3088 5743 3145 5801 S.
3180 5740 3498 5816 Benedicti,

1849 5844 2012 5921 parte
2041 5838 2113 5921 II,
2146 5834 2343 5898 seaculi
2371 5834 2470 5896 VI.
