3972 6364
427 419 505 478 79
1731 393 1805 456 B.
1849 386 2108 454 URBAN

2281 375 2530 444 ΡΑΡΑΞ.
3743 363 3840 434 80

427 539 436 544 ’
479 529 778 604 ἛΧΧΧἯ.
811 540 1206 598 Canonicorum
1227 535 1567 607 regularium
1589 527 1998 586 Aroasiensium
2095 525 2152 589 Α
2182 515 2384 574 fraude
2414 513 2484 568 ad
2519 508 2888 607 suas-partes
2906 500 3246 607 attraheret,
3267 497 3505 607 adeo
3535 494 3847 571 Romanos

593 666 598 674 .
658 657 666 666 ρ
715 654 758 680 ,ι
833 672 838 677 ,
1103 585 1394 668 instita-vtio.
1643 631 1669 662 ι
1945 661 1950 668 ,
2095 585 2111 589 ﬁ

2279 601 2509 676 eipsius
2557 595 2824 654 factionis
2874 593 2948 650 a‘d
3003 591 3064 646 id
3111 588 3340 645 facinus
3389 585 3720 652 adduxerit,
3770 586 3848 640 ut

500 724 835 782 Illustratus
863 719 1040 777 etiam
1070 717 1182 774 fuit
1204 715 1314 772 hoc
1343 728 1495 770 anno
1520 705 1740 766 Urbani
1769 702 2070 780 pontifica-
2183 673 2392 754 turrem
2419 688 2736 751 Crescentii,
2763 684 2849 740 sic
2878 686 3006 782 tum
3137 677 3344 751 Angeli
3371 673 3678 782 castellum
3727 689 3850 782 ap:

427 821 526 874 tus
554 811 924 870 institutione
954 805 1370 877 canonicorum
1385 762 2077 874 regulariumcongrega-
2185 783 2498 877 pellebant,
2530 791 2656 850 quae
2681 783 2900 832 eatenus
2923 771 3142 877 dominre
3166 781 3330 840 papa?
3373 764 3675 866 obediebat,
3713 762 3853 877 dolo

432 852 526 874 oua
557 852 923 870 luDlﬂ-vuvlvmlv
955 852 1441 877 ηιγ-ιαινθοιοιιηιεν..τι..---.⁷
1495 852 1606 856 ν--γνή
1653 852 1690 857 ρ,
1725 852 1734 854 ἡ
1880 852 1915 867 υ
1983 852 2016 864 ν
2187 852 2204 858 _

430 903 608 961 tionis
636 897 1024 966 Aroasiensis,
1069 895 1153 954 sic
1209 892 1379 950 dictae
1409 852 1482 946 ab
1531 884 1775 944 Aroasia
1820 879 2078 956 principe
2185 881 2398 945 captam
2425 869 2646 924 diruere
2677 863 3024 922 tentaverint.
3073 859 3423 932 Magnopere
3467 852 3680 911 enituit
3728 852 3853 908 hac

2361 959 2372 966 ·
2601 954 2636 966 ι’
2711 953 2722 964 ·
2872 951 2951 966 nn
2995 949 3029 966 ’κ
3090 946 3272 966 γηεμ--
3327 943 3612 966 __-n___.1-
3661 942 3845 966 ε--ει..

437 942 1024 966 υιυωημημωνμυη,
1069 942 1152 954 -.-
1214 942 1375 950 -ηψ
1415 942 1475 946 π
1537 942 1544 943 ,
1595 942 1600 943 ,
1749 942 1754 944 _
1821 942 1841 956 ,
2009 942 2029 951 ,
2246 942 2256 945 _

435 990 792 1050 monasterio
823 987 884 1043 in
945 983 1179 1042 dimcesi
1227 975 1611 1045 Atrebatensi,
1669 971 1826 1047 quod
1871 968 1982 1028 sub
2017 983 2081 1022 se
2189 959 2493 1019 occasione
2521 953 2724 1028 optimi
2750 949 3044 1026 pontificis
3084 946 3280 1004 animo
3327 943 3615 1018 profunde
3661 942 3857 998 insita.

2525 1046 2539 1050 _
2723 1043 2734 1050 .
3028 1043 3038 1050 .
3349 1033 3384 1050 ..
3507 1033 3571 1050 π
3620 1030 3820 1050 .-.λαμ

435 1079 642 1154 viginti
672 1077 938 1136 abbatias
969 1073 1110 1129 olim
1143 1069 1423 1128 habuisse
1450 1064 1806 1140 perhibetur.
1852 1059 2082 1154 Primus

439 1186 644 1228 eorum
675 1165 1040 1240 praepositus,
1085 1160 1348 1218 nondum
1403 1156 1562 1214 enim
1619 1159 1759 1210 tunc
1805 1145 2086 1220 temporis

445 1239 742 1316 canonicis
755 1253 1122 1328 regularibus
1135 1250 1376 1306 abbates
1389 1259 1634 1319 praeesse
1643 1239 2086 1302 consueverant,

443 1347 555 1406 fuit
584 1323 974 1411 Hildemarus,
1006 1341 1108 1414 qui
1130 1355 1262 1395 cum
1277 1336 1505 1393 duobus
1531 1331 1662 1390 aliis
1690 1325 1948 1388 eremitis
1961 1323 2091 1414 fun-

447 1437 721 1494 damenta
749 1431 944 1506 posuit
971 1411 1150 1501 hujus
1179 1424 1422 1494 ordinis,
1442 1422 1612 1493 cujus
1641 1411 2092 1506 viterausterita-

444 1531 562 1584 tem
593 1501 821 1596 egregie
838 1518 1116 1577 describit
1145 1515 1404 1573 Jacobus
1429 1530 1464 1568 a
1484 1509 1740 1566 Vitriaco
1763 1505 1820 1596 in
1839 1501 2096 1596 Historia

443 1586 810 1675 occidentali,
843 1607 1032 1680 capite
1065 1607 1154 1672 23,
1187 1607 1244 1660 et
1275 1607 1405 1674 post
1435 1616 1572 1656 eum
1624 1594 1868 1653 Locrius
1896 1595 1953 1646 et
1997 1586 2096 1645 alii

443 1702 664 1777 passim
697 1676 1312 1759 auctoreslaudarunt;
1331 1690 1431 1746 sed
1455 1689 1574 1748 haec
1611 1685 1799 1742 fusius
1827 1676 2096 1754 persequi

447 1808 564 1850 non
600 1789 851 1862 pertinet
879 1787 952 1842 ad
986 1786 1254 1842 nostrum
1283 1777 1642 1842 institutum.

632 1907 1098 1967 LXXXVII-VIII.
1140 1905 1349 1960 Erectio
1379 1901 1616 1958 abbatis?
1645 1897 1923 1954 Tauniaci.

529 2021 693 2077 Circa
721 2019 875 2074 idem
906 2019 1140 2086 tempus
1169 2010 1414 2068 ecclesia
1443 2009 1667 2065 Sanctae
1713 2001 1928 2070 Mariae,
1974 2016 2100 2074 quis

461 2125 698 2182 corpore
710 2105 894 2163 sancti
909 2101 1186 2176 Hippoliti
1201 2097 1474 2170 martyris
1490 2093 1926 2182 nobilitabatur,
1945 2089 2101 2162 apud

461 2179 824 2268 Tauniacum
855 2195 1180 2249 Santonum
1207 2187 1510 2261 oppidum,
1542 2199 1572 2238 e
1603 2179 1852 2238 clericali
1875 2179 1947 2234 ad
1981 2193 2103 2232 mo-

433 2287 754 2358 nasticum
786 2282 1050 2338 ordinem
1081 2277 1364 2335 translata
1395 2278 1505 2335 est;
1531 2270 1846 2328 constituto
1877 2266 1954 2322 ibi
1974 2281 2105 2321 cum

461 2377 590 2434 aliis
620 2369 1148 2446 Angeriacensibus
1181 2362 1483 2444 monachis
1506 2361 1698 2433 primo
1731 2358 1941 2432 abbate
1970 2353 2105 2410 Ful-

465 2465 673 2532 cherio,
707 2462 817 2518 sub
849 2455 1116 2515 clientela
1147 2439 1484 2511 monasterii
1517 2445 1980 2522 Angcriacensis,
2013 2442 2106 2498 cui

460 2571 608 2610 nova
635 2553 756 2607 hmc
787 2547 1023 2605 abbatis
1051 2545 1317 2616 subjecta
1344 2555 1644 2597 remanere
1673 2534 1938 2591 debebat.
1980 2533 2112 2588 Haec

460 2645 613 2700 facta
627 2640 842 2698 estGau
851 2629 1406 2692 fridiTauniacensis
1418 2627 1573 2685 domi
1583 2622 2112 2696 ni,loci‘conditoris

463 2731 822 2806 praescripto,
857 2727 956 2798 qui
981 2729 1045 2780 ut
1064 2723 1122 2778 id
1147 2723 1344 2795 ipsum
1378 2717 1448 2775 ab
1467 2709 1696 2792 Urbano
1723 2732 1872 2786 papa
1893 2712 2114 2768 obtine-

465 2800 574 2890 ret,
605 2800 852 2874 Romam
879 2814 1120 2870 adierat.
1147 2811 1276 2874 ‘Qua
1305 2809 1374 2864 de
1402 2823 1464 2863 re
1497 2822 1662 2878 papa,
1697 2805 1761 2858 ut
1807 2801 2024 2876 legitur
2052 2800 2113 2856 in

466 2908 646 2966 veteri
676 2906 1088 2968 instrumento,
1119 2899 1273 2956 valde
1312 2898 1642 2968 lsetiﬁcatus,
1684 2909 1754 2949 ea:
1791 2891 2116 2947 auctoritate

475 3001 752 3056 beatorum
783 2995 934 3049 Petri
961 2995 1010 3047 et
1042 2990 1226 3055 Pauli,
1258 2992 1309 3043 et
1337 3003 1456 3054 sua,
1497 2981 1761 3058 quidquid
1781 2981 1848 3036 de
1892 2980 2117 3036 ecclesia

473 3090 656 3161 ﬁebat,
689 3089 737 3141 et
766 3083 924 3139 danti
953 3079 1190 3136 Gofrido
1223 3075 1464 3161 scilicet,
1507 3078 1555 3130 et
1601 3072 1890 3144 accipienti
1935 3067 2118 3124 Odoni

473 3153 670 3249 abbati
701 3167 1132 3244 Angeriacensi,
1163 3153 1454 3234 diligenter
1481 3162 1701 3226 annuit,
1731 3159 1943 3216 secutus
1963 3160 2120 3214 ante-

2192 1046 2606 1112 mansuetudo,
2639 1043 2927 1116 quicum,
2980 1043 3048 1094 ut
3091 1033 3467 1110 prosequitur
3507 1030 3850 1099 Bertoldus,

2191 1139 2356 1214 facile
2416 1138 2639 1192 Romam
2695 1149 2818 1190 cum
2858 1129 3102 1186 exercitu
3163 1129 3394 1189 intrare,
3443 1131 3499 1180 et
3553 1121 3855 1178 rebellium

2195 1227 2594 1286 mutumaciam
2621 1222 2845 1279 domare
2883 1217 3164 1291 potuisset,
3208 1215 3386 1286 mgis
3415 1229 3541 1268 cum
3589 1225 3856 1268 mansue-

2198 1317 2385 1374 tudine
2403 1330 2635 1371 causam
2662 1327 2824 1367 suam
2852 1321 3010 1380 agere
3057 1303 3289 1377 delegit,
3323 1302 3578 1359 cedendo
3623 1300 3860 1358 scilicet

2199 1407 2489 1481 patienter
2517 1399 2798 1474 temporis
2827 1393 3148 1468 iniquitati,
3193 1392 3388 1466 potius
3437 1405 3615 1463 quam
3662 1387 3859 1444 armis

2202 1479 2555 1550 dimicando.
2589 1489 2740 1546 Illud
2770 1490 2965 1542 tamen
2994 1483 3222 1539 facinus
3269 1479 3536 1547 Henrico,
3585 1479 3690 1550 qui
3719 1481 3859 1534 tum

2205 1586 2454 1643 Mantua:
2489 1579 2823 1644 incubabat,
2856 1575 3118 1630 animum
3163 1570 3394 1642 adjecit.
3437 1573 3560 1624 lmo
3610 1567 3864 1624 Mantua

2207 1676 2334 1746 ipsa
2355 1676 2483 1744 post
2500 1669 2838 1725 diuturnam
2855 1663 3126 1720 undecim
3145 1659 3437 1716 mensium
3459 1656 3862 1724 obsidionem,

2208 1745 2351 1818 feria
2379 1761 2542 1815 sexta
2575 1757 2934 1815 Parasceves,
2963 1749 3057 1806 die
3089 1749 3149 1804 11
3181 1746 3397 1820 Aprilis
3426 1750 3617 1820 capta.
3640 1745 3866 1801 civium

2211 1847 2558 1924 proditione,
2593 1849 2655 1900 ut
2689 1841 2964 1898 Domnizo
3015 1839 3210 1905 habet,
3244 1835 3470 1908 aliquot
3507 1833 3778 1890 civitates
3813 1833 3869 1889 ei

2208 1921 2409 1994 vicinae
2443 1936 2652 2006 rejecto
2682 1927 3028 2003 Welphonis
3051 1927 3238 1993 ducis,
3273 1942 3376 1981 seu
3397 1921 3700 1980 Mathildis
3731 1923 3870 1996 ejus

2211 2043 2439 2100 sponsae
2469 2021 2750 2086 dominio,
2782 2017 3014 2074 Henrici
3047 2019 3241 2088 partes
3272 2013 3548 2087 amplexa:
3597 2013 3866 2068 fuerunt.

2212 2099 2373 2172 Unde
2403 2113 2502 2186 qui
2538 2110 2782 2168 rebelles
2811 2108 3007 2163 Romae
3039 2108 3223 2172 erant,
3255 2101 3662 2158 insolentiores
3701 2099 3868 2168 facti,

2212 2205 2528 2262 Guibertum
2556 2198 2988 2258 ha’resiarcham
3043 2210 3200 2268 quem
3243 2191 3574 2264 jamdudum
3629 2192 3870 2264 expule-

2213 2297 2360 2362 rant,
2420 2294 2621 2349 iterum
2665 2289 2886 2343 Romam
2937 2285 3150 2340 intrare
3199 2290 3252 2338 et
3277 2287 3528 2338 sanctam
3573 2281 3874 2345 ecclesiam

2213 2385 2346 2449 suis,
2377 2397 2488 2437 non
2536 2373 3018 2440 benedictionibus,
3049 2371 3140 2428 sed
3182 2370 3660 2428 maledictionibus
3719 2371 3873 2444 infe-

2215 2481 2360 2532 stare
2386 2469 2776 2544 permiserunt.

2217 2580 2326 2636 XC.
2366 2577 2618 2635 Urbanus
2647 2575 2707 2629 in
2737 2573 3035 2644 Campania
3064 2575 3328 2644 versatur.
3368 2567 3670 2644 "fuel-inus
3701 2567 3878 2644 abbas

2290 2649 2692 2734 Hirsaugiensis
2721 2640 2973 2700 nuntius.
3001 2641 3362 2712 Privilegium
3401 2641 3657 2696 Ecclesiae
3705 2640 3877 2701 Cata-

2290 2736 2498 2778 mensis
2504 2761 2516 2774 .

2293 2828 2562 2885 Urbanus
2589 2824 2811 2880 interea
2845 2820 3037 2877 varias
3067 2816 3399 2890 Campania:
3435 2815 3705 2891 regiones
3735 2835 3882 2890 per-

2225 2917 2486 2992 agrabat,
2521 2915 2634 2970 huc
2677 2912 2932 2983 illucque
2991 2925 3092 2982 pro
3147 2911 3480 2980 temporum
3527 2908 3885 2966 necessitate

2225 3019 2552 3066 eammeam
2580 3003 2834 3058 coactus.
2869 2998 3032 3065 Quod
3065 3013 3197 3052 cum
3234 2995 3472 3052 referret
3511 2995 3885 3055 Trithemius

2226 3095 2310 3153 sic
2341 3093 2646 3150 exclamat:
2680 3091 2720 3147 0
2750 3094 3012 3161 tempora,
3045 3102 3076 3142 ο
3102 3090 3320 3142 mores!
3352 3086 3554 3152 Romae,
3603 3087 3662 3140 in
3693 3085 3886 3142 cathe-

2225 3185 2327 3241 dra
2351 3184 2529 3240 sancti
2553 3181 2702 3238 Petri
2735 3178 3058 3250 Wigbertus
3101 3175 3317 3232 sedebat
3367 3174 3596 3242 idolum,
3633 3183 3685 3233 et
3713 3191 3888 3239 ver-us

471 3279 731 3346 cessarem
782 3277 934 3316 suum
984 3255 1647 3346 Ildebrandu.m,__magnm
1691 3253 1743 3346 et
1771 3245 2116 3346 admirandae
2145 3254 2188 3321 α
2228 3272 2687 3332 argumenti“:
2713 3245 2934 3324 ηαιιξιγη
2955 3265 3221 3322 manendi
3249 3265 3426 3321 locum
3465 3267 3680 3336 poterat
3724 3267 3884 3324 inue-

470 3336 774 3412 sanctitatis
807 3351 1006 3415 virum,
1036 3347 1150 3418 qui,
1181 3345 1314 3400 dum
1343 3343 1520 3398 adhuc
1546 3342 1766 3408 viveret,
1792 3338 1889 3393 hoc
1937 3336 2118 3408 ipsum

475 3443 694 3515 Gofrido
747 3439 1064 3496 concessisse
1115 3434 1478 3510 cognoscitur.
1548 3431 1730 3502 Itaque
1777 3425 2118 3494 auctoritate,

473 3538 542 3589 ut
568 3532 627 3587 in
653 3530 854 3602 eadem
886 3526 1086 3582 charta
1111 3522 1348 3596 legitur,
1367 3520 1508 3578 sedis
1535 3517 1842 3590 apostolica:
1871 3523 1922 3594 et
1944 3515 2122 3588 privi-

475 3623 618 3692 legio
646 3597 766 3676 Οᾶο
798 3614 1115 3672 monachos
1145 3591 1212 3669 ab
1242 3611 1302 3666 in
1330 3611 1456 3665 loco
1483 3603 1755 3672 instituit,
1789 3619 1860 3660 ex
1907 3591 2122 3676 quibus

477 3727 684 3777 unum,
718 3703 1082 3763 Fuléherium
1104 3699 1360 3764 nomine,
1377 3693 1726 3752 Ramnulfus
1739 3693 2122 3767 episcOpusin

478 3801 749 3856 abbatem
775 3792 1088 3859 benedixit,
1122 3791 1260 3845 data
1287 3786 1562 3844 omnibus
1595 3786 1876 3857 potestate
1906 3785 1972 3838 ut
1991 3781 2122 3854 qui-

479 3903 711 3960 cunque
745 3883 979 3951 vellent,
1003 3879 1233 3954 possint
1263 3893 1420 3932 novae
1454 3873 1537 3929 illi
1565 3872 1808 3928 abbatis:
1839 3871 1993 3926 bona
2019 3887 2128 3926 sua

481 3977 759 4034 conferre.
792 3973 922 4029 Haec
953 3989 1021 4028 ex
1051 3970 1176 4041 ipso
1207 3966 1385 4022 veteri
1418 3963 1810 4037 instrumento
1843 3957 2126 4016 delibavi-

481 4083 636 4134 mus,
669 4062 900 4137 quodin
931 4057 1164 4116 archivo
1179 4051 1592 4127 Angeriacensi
1622 4054 1906 4117 servatur,
1927 4047 2128 4106 datum

478 4172 624 4212 anno
655 4153 813 4220 1090,
848 4151 1146 4206 indictione
1202 4160 1324 4199 xm.
1377 4141 1652 4216 Gofridus
1709 4142 1904 4196 autem
1953 4137 2131 4209 hujus

480 4241 724 4298 abbatizs
755 4235 1076 4302 institutor,
1111 4235 1163 4287 is
1197 4231 1323 4302 ipse
1351 4233 1440 4285 est
1469 4227 1753 4282 adversus
1783 4242 1958 4298 quem
1989 4224 2135 4281 alter

480 4329 753 4388 Gofridus
785 4320 1310 4386 Vindociniabbas,
1342 4317 1442 4373 lib.
1469 4334 1554 4383 ιιι,
1575 4315 1746 4388 epist.
1779 4315 1868 4386 32,
1899 4313 2137 4387 scripsit

483 4420 554 4477 ad
568 4415 946 4474 Ramnulfum
961 4413 1177 4467 Santon
1187 4423 1388 4464 ensem
1403 4406 1680 4480 episcopu
1690 4421 1950 4477 m,quem
1971 4407 2138 4477 rogat

483 4514 550 4565 ut
578 4504 834 4563 nullasci
865 4500 1135 4556 inducias
1149 4495 1606 4568 concedat,quin
1628 4493 1790 4567 prius
1821 4493 1932 4549 sibi
1951 4510 2138 4550 secum

485 4598 616 4653 dum
639 4593 850 4651 domini
865 4604 1026 4662 papa:
1053 4589 1325 4643 decretum
1351 4583 1718 4642 satisfecerit.
1759 4582 1868 4640 Sed
1899 4599 2022 4638 rem
2066 4582 2138 4638 de

488 4703 607 4760 qua
638 4684 832 4756 agitur
861 4696 974 4736 non
1006 4677 1270 4750 explicat.

561 4806 839 4866 LXXXIX.
873 4803 1190 4860 Henriciani
1219 4807 1398 4859 Roma
1425 4800 1750 4872 praevalent.
1783 4799 2064 4856 Mantuam

1194 4873 1438 4946 capiunt.

557 4988 825 5060 Dominus
851 5001 995 5057 papa
1018 4999 1076 5038 eo
1119 4990 1376 5054 tempore,
1410 4979 1466 5035 id
1497 4982 1585 5035 est
1617 4977 1754 5034 anni
1778 4979 1906 5035 1091
1948 4976 2134 5043 initio,

494 5083 560 5136 ut
589 5074 838 5132 Bertoldi
871 5073 1060 5129 verbis
1090 5075 1242 5140 utar,
1274 5072 1335 5125 in
1350 5069 1601 5142 partibus
1619 5067 1938 5140 Campanim
1957 5085 2138 5124 mara-

494 5171 673 5234 batur,
717 5169 767 5221 et
823 5165 890 5219 ab
947 5163 1197 5218 omnibus
1257 5159 1550 5216 Calholicis
1600 5157 1782 5216 debila
1839 5157 2142 5212 reverentia

492 5257 788 5324 colebatur,
812 5254 1061 5320 uidelicet
1117 5270 1146 5307 a
1171 5249 1764 5321 Constrmtinopolitano
1793 5248 2138 5318 imperatore,

493 5355 544 5403 et
569 5363 604 5401 a
653 5346 906 5416 Philippo
955 5345 1288 5398 Francorum
1335 5356 1476 5411 rege,
1530 5338 1768 5408 aliisque
1803 5335 2144 5392 diversorum

494 5451 788 5506 regnorum
803 5433 1286 5506 principibus,tam
1315 5428 1693 5486 ecclesiasticis
1723 5441 1892 5498 quam
1917 5425 2144 5481 saecula-

495 5525 667 5590 ribus,
725 5529 942 5594 excepto
1002 5521 1411 5576 Teutonicorum
1466 5529 1652 5586 regno,
1710 5513 1812 5568 ubi
1856 5512 2023 5568 multi
2075 5527 2146 5567 ex

497 5613 791 5670 Cal/colicis
824 5613 881 5667 in.
909 5615 1126 5683 partem
1153 5607 1746 5665 excommunicatorum
1783 5601 2034 5656 avaritia.
2053 5600 2142 5656 de-

494 5704 639 5776 cepti
667 5705 854 5774 sponte
875 5717 974 5756 sua
1003 5717 1061 5758 se
1089 5697 1513 5755 transtulerunt.
1545 5692 1794 5749 Omnem
1824 5688 1986 5746 enim
2005 5693 2146 5746 tunc

494 5785 766 5859 movebat
793 5789 1046 5871 lapidem
1075 5787 1378 5850 Henricus.
1412 5787 1479 5844 ut
1506 5779 1744 5862 quosvis
1771 5777 1947 5842 etiam
1967 5778 2024 5841 vi
2047 5783 2154 5840 aut

2225 3367 2350 3422 nire
2378 3365 2580 3418 tutum!
2611 3360 2681 3414 Et
2694 3357 2931 3431 quidem
2955 3371 3088 3411 cum
3100 3358 3240 3410 tunc
3271 3351 3603 3410 Willelmus
3631 3352 3884 3412 Hirsau-

2228 3451 2448 3529 giensis
2476 3451 2682 3517 abbas,
2712 3447 2804 3502 vir
2833 3445 3142 3503 sanctitate
3182 3460 3412 3500 morum
3465 3447 3523 3499 et
3547 3443 3662 3499 ﬁde
3691 3441 3752 3498 in
3786 3461 3886 3502 se-

2231 3545 2366 3600 dem
2385 3538 2764 3614 apostolicam
2796 3535 3068 3608 insignis,
3102 3533 3510 3592 Gebehardum
3539 3531 3894 3590 monasterii

2231 3631 2322 3688 sui
2355 3629 2604 3704 priorem
2636 3627 2705 3683 ad
2737 3625 3034 3682 Urbanum
3064 3624 3296 3679 misisset
3323 3638 3447 3678 cum
3473 3621 3894 3694 supplieatoriis

2233 3721 2457 3785 litteris,
2481 3717 2766 3790 postulans
2793 3714 2922 3780 sibi,
2955 3713 3036 3769 vel
3065 3727 3264 3786 parum
3279 3709 3494 3782 aliquid
3515 3710 3896 3782 reliquiarum

2237 3811 2380 3866 beati
2409 3809 2556 3864 Petri
2583 3804 2875 3862 destinari:
2906 3802 3157 3874 benigne
3186 3799 3422 3874 quidem
3471 3798 3896 3859 Gebehardum

2236 3897 2460 3970 excepit
2491 3895 2765 3970 pontifex,
2798 3893 2897 3948 sed
2943 3891 3220 3948 Guiberto
3274 3889 3520 3945 Romam
3563 3889 3902 3960 obtinente,

2237 3989 2296 4046 ei
2321 4005 2440 4044 non
2469 3983 2664 4059 potuit
2701 3983 3025 4056 quidquam
3078 3997 3147 4036 ex
3177 3977 3573 4052 apostolorum
3623 3975 3900 4054 reliquiis

2241 4079 2476 4135 donare.
2509 4075 2925 4131 Verumtamen
2954 4087 3026 4126 ne
3055 4068 3302 4126 nuntius
3347 4069 3417 4124 ad
3449 4071 3571 4124 tam
3619 4074 3900 4124 sanctum

2239 4168 2430 4224 virum
2461 4165 2560 4240 qui
2593 4165 2665 4220 ob
2695 4161 2854 4220 sedis
2895 4159 3224 4234 apostolicae
3273 4173 3511 4214 causam
3556 4157 3902 4230 frequenter

2241 4256 2566 4330 exagitatus
2587 4255 2782 4310 fuerat
2809 4267 3030 4308 vacuus
3059 4249 3297 4317 rediret,
3325 4246 3472 4304 alias
3502 4263 3650 4320 quas
3690 4263 3899 4302 secum

2241 4348 2394 4404 ferre
2434 4345 2811 4402 consueverat
2857 4339 3114 4412 pontifex
3159 4340 3498 4396 sanctorum
3551 4335 3792 4392 exuvias
3843 4335 3900 4391 ei

2243 4435 2485 4494 tradidit
2515 4430 2885 4504 Hirsaugiam
2915 4429 3084 4485 beato
3104 4425 3302 4484 abbati
3333 4425 3696 4482 deferendas.
3729 4425 3901 4487 Certe

2245 4521 2530 4582 nonnulla
2559 4519 2814 4576 vidimus
2844 4516 3062 4589 passim
3095 4531 3298 4572 eorum
3313 4519 3643 4588 temporum
3674 4513 3904 4570 instru-

2172 4623 2220 4688 D
2250 4619 2468 4681 menta,
2502 4610 2678 4668 etiam
2697 4609 2758 4664 in
2789 4605 2994 4664 Galliis
3023 4604 3378 4678 conscripta,
3401 4621 3528 4677 quas
3556 4603 3693 4659 data
3739 4601 3901 4660 dice-

2251 4705 2468 4762 bantur
2491 4700 2702 4758 Urbano
2729 4705 2934 4754 sancta?
2964 4700 3226 4752 Romana:
3267 4694 3526 4750 Ecclesia
3567 4691 3907 4765 prwsidente

2244 4794 2342 4851 sub
2365 4789 2734 4864 persecutione
2761 4786 2982 4842 Henrici
3010 4785 3257 4857 tyranni,
3311 4787 3414 4840 aut
3443 4783 3554 4840 sub
3601 4779 3906 4838 similibus

2245 4879 2536 4947 formulis,
2571 4894 2696 4950 quis
2729 4877 2883 4932 idem
2909 4873 3041 4930 aliis
3071 4872 3262 4930 verbis
3277 4871 3697 4944 exprimebant.
3733 4868 3907 4926 Haud

2245 4977 2444 5029 tamen
2476 4967 2603 5025 sine
2632 4967 2850 5022 honore
2861 4967 3004 5030 erat,
3020 4962 3197 5019 etiam
3211 4961 3273 5017 in
3289 4959 3383 5017 his
3401 4957 3693 5034 angustiis
3705 4957 3910 5030 ponti-

2250 5062 2362 5126 fex,
2394 5074 2565 5131 quem
2599 5056 2702 5111 viri
2735 5054 3045 5125 utriusque
3059 5050 3283 5108 ordinis
3311 5049 3666 5106 illustriores
3695 5063 3904 5105 earum

2251 5148 2555 5221 regionum
2568 5161 2716 5218 quas
2729 5143 3016 5198 invisebat
3029 5145 3094 5196 ut
3104 5139 3428 5214 plurimum
3444 5136 3903 5194 comitabantur.

2253 5241 2340 5295 lta
2367 5237 2477 5292 hoc
2501 5251 2652 5291 anno
2683 5233 2795 5290 sub
2826 5231 3003 5288 ﬁnem
3035 5229 3258 5287 mensis
3285 5225 3573 5298 Januarii,
3601 5241 3730 5282 cum
3753 5242 3906 5299 papa

2256 5327 2504 5386 Urbanus
2529 5325 2734 5396 Capua?
2782 5325 2938 5390 esset,
2979 5319 3064 5376 uti
3109 5324 3308 5376 narrat
3353 5319 3558 5374 Petrus
3607 5315 3903 5372 Diaconus

2251 5415 2400 5474 libro
2429 5430 2488 5471 Iv
2514 5411 2780 5469 Chronici
2811 5409 3168 5475 Casinensis,
3201 5425 3326 5481 cap.
3358 5407 3412 5477 9,
3448 5404 3786 5480 Raynaldus
3809 5402 3905 5460 Bi-

2251 5505 2458 5572 vellus,
2493 5503 2593 5576 qui
2623 5505 2884 5558 castrum
2915 5499 3254 5556 Fractarum
3286 5495 3459 5570 paulo
3492 5500 3626 5552 ante
3648 5494 3707 5550 in
3738 5493 3901 5549 Casi-

2255 5612 2466 5654 nenses
2493 5594 2550 5650 vi
2608 5593 2920 5658 invaserat,
2953 5591 3040 5646 ibi
3089 5587 3397 5644 astantibus
3446 5587 3637 5642 multis
3687 5583 3906 5640 clericis

2253 5691 2416 5759 atque
2441 5683 2720 5741 nobilibus
2753 5680 3048 5752 Capuanis,
3080 5675 3314 5751 publice
3359 5673 3654 5738 Orderisio
3701 5671 3905 5730 abbati

2255 5775 2598 5840 discalceatis.
2617 5769 2844 5850 pedibus
2871 5769 3137 5850 satisfecit
3178 5783 3248 5828 ae
3291 5763 3720 5847 indulgentiam
3767 5775 3903 5844 pro-
