3972 6358
437 399 518 474 ea
1561 391 1566 397 ’
1744 407 1814 472 Β.
1859 399 2157 472 URBANI
2199 403 2252 469 11
2291 403 2543 472 pune.

3705 404 3856 477 ‘84

440 569 615 612 nemo
639 551 851 610 melius
880 547 1031 608 hanc
1051 567 1175 608 rem
1188 546 1781 624 exposuitquamipse
1802 544 2086 618 Bogerius
2111 536 2168 608 Α
2197 545 2675 620 ordinavit.Apud
2703 550 3049 620 Syracusam
3060 561 3194 604 vero
3219 543 3858 620 adjiciens,Rogerium

439 642 504 698 in
541 641 717 698 variis
757 638 1164 696 instrumentis
1207 655 1277 694 ea
1323 636 1624 694 occasione
1669 635 1970 704 confectis,
2017 651 2086 690 ex

408 771 417 776 —
440 731 658 804 quibus
670 747 856 786 unum
882 727 1156 784 interalia
1182 727 1408 800 insigne
1421 726 1819 797 selegimus,in
1833 724 2084 798 gratiam

413 819 784 879 .Catanensis
825 819 1095 875 Ecclesim
1146 819 1370 883 datum,
1402 817 1556 888 quod
1589 817 1878 888 integrum
1912 815 2087 870 refert

442 909 712 966 Bocchus
740 907 1087 981 Pyrrhus.ln
1115 923 1183 963 eo
1215 906 1499 979 Rogerius
1518 909 1767 960 testatur
1787 903 2085 958 Urbanum

443 1015 538 1055 ore
558 1015 656 1056 suo
683 1000 1048 1064 sanctissimo,
1077 996 1234 1052 haud
1283 994 1529 1051 dubium
1582 993 1817 1066 quando
1859 1009 1994 1048 eum
2025 991 2084 1046 in

445 1087 706 1144 Siciliam
745 1089 1107 1153 convenerat,
1159 1085 1244 1140 uti
1293 1101 1362 1140 ex
1409 1083 1716 1140 Malaterra
1763 1083 1833 1138 ad
1865 1097 2086 1136 annum

449 1178 592 1234 1088
619 1175 897 1243 diximus,
930 1173 1042 1230 sibi
1072 1171 1416 1245 praecepisse
1443 1173 1500 1226 et
1519 1185 1756 1242 rogasse
1787 1172 1852 1224 ut
1879 1167 2086 1223 Siciliae

447 1265 839 1324 Ecclesiarum
881 1279 1082 1318 curam
1131 1260 1472 1334 susciperet,
1513 1275 1702 1330 quare,
1745 1256 1958 1328 inquit,
1988 1273 2090 1328 per

445 1355 660 1411 diversa
687 1353 893 1410 Siciliae
941 1353 1057 1408 loca
1098 1351 1296 1407 idonea
1339 1350 1591 1406 ecclesias
1620 1347 1892 1418 aediﬁcavi
1927 1348 2090 1418 jussu

443 1445 650 1500 summi
673 1442 945 1514 pontiﬁcis
973 1440 1270 1514 apostolici,
1301 1446 1353 1495 ct
1373 1439 1644 1510 episcopos
1672 1437 1876 1492 ibi/lem
1924 1435 2089 1491 collo-

444 1535 630 1590 cavi...
661 1533 778 1604 ipso
807 1531 1064 1586 laudante
1087 1537 1141 1585 et
1185 1528 1524 1595 concedente,
1559 1535 1610 1582 et
1651 1529 1791 1598 ipsos
1820 1526 2091 1597 episcopos

441 1629 804 1679 consecrante.
847 1621 1012 1676 Tunc
1061 1620 1243 1674 donat
1295 1617 1429 1690 pius
1485 1617 1756 1688 princeps
1811 1612 2090 1686 Ansgerio

442 1711 716 1784 episcopo
746 1709 926 1766 simul
979 1713 1037 1764 et
1082 1707 1278 1763 abbati
1327 1708 1531 1762 urbem
1579 1707 1985 1762 Catanensem.
2026 1701 2091 1757 In

445 1799 631 1856 altera
659 1798 1064 1870 charta,quam
1082 1795 1240 1853 idem
1263 1795 1528 1852 Bocchus
1562 1794 1816 1868 Pyrrhus
1840 1791 2090 1858 exhibet,

446 1888 752 1962 Rogerius,
775 1891 907 1959 post
951 1885 1268 1942 recensitas
1299 1885 1514 1940 multas
1563 1881 1906 1974 donationes
1933 1881 2096 1938 Cata-
2122 1909 2171 1974 B

447 1976 616 2034 nensi
639 1975 905 2032 Ecclesiae
927 1993 961 2031 a
985 1992 1048 2031 se
1084 1975 1288 2040 factas,
1323 1973 1630 2046 subjungit
1676 1973 1978 2028 Urbanum
2033 1987 2094 2026 se

447 2067 768 2140 suppliciter
796 2081 1065 2122 exorasse
1093 2067 1160 2119 ut
1189 2081 1358 2120 suam
1401 2080 1470 2119 ea
1510 2063 1581 2118 de
1631 2079 1690 2118 re
1728 2059 2095 2118 constitutio-

450 2173 585 2214 nem
617 2154 1010 2213 conﬁrmaret.
1043 2153 1204 2220 Quod
1256 2154 1328 2209 ab
1377 2169 1442 2209 eo
1472 2152 1797 2224 praestitum
1837 2167 1963 2206 esse
1993 2149 2092 2218 ait,

433 2246 588 2302 .dira
607 2245 934 2302 intentante
963 2243 1023 2298 in
1049 2242 1182 2300 illos
1211 2242 1312 2330 qui
1341 2259 1462 2298 eam
1491 2250 1605 2298 tam
1627 2242 1961 2330 bene/actam
1980 2242 2094 2330 vio-

449 2337 648 2403 larent,
679 2335 765 2390 vel
793 2332 1008 2405 aliquid
1053 2332 1180 2388 inde
1224 2324 1618 2396 subtraherent,
1665 2333 1763 2386 aut
1797 2324 2096 2385 monachos

445 2425 530 2481 ibi
550 2425 654 2480 Deo
683 2425 976 2480 servientes
1005 2438 1244 2492 unquam
1287 2420 1687 2494 per-turbarent.
1734 2419 1816 2474 Ea
1851 2421 1939 2474 est
1969 2417 2098 2490 ipsa

447 2513 611 2571 bulla
655 2529 836 2586 quam
867 2529 1046 2584 supra
1079 2529 1243 2567 num.
1275 2511 1348 2565 9O
1395 2509 1788 2565 laudavimus.
1832 2507 2097 2580 Ansgerio

446 2619 690 2677 episcopo
719 2607 770 2658 el
789 2602 976 2658 abbati
1005 2601 1321 2657 Cataniensi
1346 2599 1475 2656 ideo
1516 2598 1814 2670 inscripta,
1849 2598 2005 2668 quod
2036 2597 2095 2652 in

445 2691 687 2750 ecclesia
717 2693 938 2748 Sanctae
986 2689 1227 2762 Agathze
1259 2687 1575 2746 cathedrali
1617 2687 1886 2743 monachi
1922 2687 2096 2742 Bene-

445 2781 650 2838 dictini
679 2781 1094 2837 canonicorum
1125 2777 1274 2846 loco,
1297 2777 1449 2834 sicut
1476 2781 1533 2832 et
1563 2777 1620 2832 in
1645 2775 1941 2849 plerisque
1967 2775 2097 2832 aliis

449 2869 659 2928 Siciliae
690 2868 982 2935 Ecclesiis,
1032 2871 1172 2923 tunc
1202 2867 1577 2934 haberentur,
1626 2865 1899 2937 idemque
1945 2866 2100 2921 esset

451 2975 655 3018 corum
709 2958 891 3014 abbas
923 2956 1022 3029 qui
1062 2960 1120 3013 et
1169 2955 1480 3029 episcopus
1514 2973 1527 3010 :
1561 2971 1686 3027 qua:
1734 2953 2098 3011 consuetudo

453 3048 747 3120 hodieque
777 3045 1050 3104 subsistit
1069 3045 1126 3101 in
1149 3043 1596 3117 metropolitana
1614 3043 1858 3100 ecclesia
1885 3042 2101 3098 Montis

455 3136 668 3211 regalis
697 3140 755 3192 et
801 3134 862 3191 in
891 3132 1220 3191 Cataniensi
1268 3132 1524 3190 Ecclesia
1570 3149 1758 3205 usque
1809 3133 1880 3188 ad
1920 3133 2100 3187 ﬁnem

454 3223 653 3282 seculi
683 3223 894 3282 decimi
922 3223 1067 3280 sexti
1089 3223 1395 3281 observata
1415 3222 1945 3293 fuerat.Ansgerius
1963 3237 2098 3277 vero

454 3313 550 3370 hic
580 3312 874 3381 laudatu’s,
908 3311 1007 3384 qui
1048 3329 1078 3368 e
1109 3309 1462 3368 monasterio
1507 3312 1730 3366 Sanctae
1760 3309 2095 3382 Euphemias

445 3405 818 3476 assumptus,
848 3400 1070 3458 celebre
1093 3403 1294 3474 postea
1309 3398 1730 3456 monasterium
1752 3398 1981 3454 Catenae
1998 3415 2098 3454 ex-

453 3490 652 3548 citavit
695 3499 828 3547 cum
878 3489 1245 3563 amplissimo
1299 3488 1540 3562 templo,
1599 3488 1774 3560 quod,
1832 3481 1899 3543 ιη
1929 3487 2101 3544 refert

452 3581 721 3639 Bocchus
750 3581 1026 3662 Pyrrhus,
1058 3581 1116 3636 in
1146 3584 1256 3638 tota
1287 3581 1480 3636 Sicilia
1508 3581 1818 3635 maximum
1847 3583 1953 3636 est.

449 3689 642 3747 XCIII.
686 3691 1037 3764 Episcopatus
1082 3706 1116 3744 a
1160 3689 1384 3761 Rogerio
1437 3688 1702 3764 instituti.
1745 3687 1930 3742 Troini
1953 3685 2100 3742 sedes

959 3761 1257 3817 Messanam
1287 3761 1580 3815 translata.

519 3849 796 3912 Quaenam
819 3865 953 3904 vero
977 3849 1194 3904 fuerint
1213 3849 1382 3904 sedes
1399 3846 1510 3902 illae
1543 3846 1902 3918 episcopales
1919 3864 1953 3900 a
1983 3847 2096 3902 Ro-

449 3937 610 4008 gerio
657 3937 867 3992 comite
907 3952 1009 4008 per
1037 3937 1095 3991 id
1125 3940 1358 4008 tempus
1389 3935 1448 3989 in
1471 3933 2098 4003 Siciliainstitutaa,aut

450 4023 644 4097 potius
677 4025 979 4087 restitutae,
1004 4024 1172 4080 docet
1192 4040 1299 4079 nos
1326 4023 1616 4080 Robertus
1641 4021 1980 4078 Troinensis
1995 4040 2095 4080 seu

449 4112 844 4168 Messanensis
874 4111 1206 4185 episcOpus,
1237 4111 1297 4166 in
1328 4111 1583 4184 quadam
1615 4110 1816 4166 charta
1846 4127 1949 4182 pro
1981 4129 2099 4167 mo-

450 4199 704 4258 nasterio
718 4201 780 4256 Li
787 4199 1200 4273 parensi,apud
1223 4200 1519 4256 Bocchum
1533 4199 1774 4272 Pyrrum
1797 4199 1858 4254 in
1891 4201 2097 4256 notitia

450 4288 714 4346 Ecclesia
744 4287 1224 4358 Pactensis,tomo
1252 4289 1326 4344 III
1354 4287 1562 4344 Siciliae
1593 4305 1769 4344 sacrae
1801 4287 2002 4356 relata,
2034 4289 2094 4346 in

449 4394 568 4450 qua
588 4376 700 4434 illae
727 4382 1105 4434 recensentur
1132 4377 1226 4434 his
1256 4377 1449 4433 verbis
1482 4378 1766 4432 :Primum
1804 4377 2096 4446 Tragiven-

443 4483 560 4524 sem
585 4467 868 4522 ecclesiam
894 4467 957 4522 in
979 4467 1282 4539 pristinum
1307 4473 1508 4522 statum
1535 4466 1772 4520 restituit
1812 4467 2094 4534 Rogerius,

447 4557 510 4612 in
535 4572 641 4627 qua
670 4555 954 4612 dominum
1009 4563 1060 4612 et
1114 4555 1478 4611 venerabilem
1523 4555 1808 4610 Robertum
1845 4557 2094 4626 primum

2195 639 2480 694 decanum
2554 636 2818 693 Ecclesiae
2884 637 3342 704 Troinensis....,
3420 636 3479 692 in
3546 634 3861 709 provincia

2194 731 2385 782 ortum
2439 725 2872 798 pontiﬁcalibus
2942 725 3145 781 infulis
3207 724 3610 782 sublimavit...
3674 725 3858 797 Apud

2193 817 2464 872 Sanctam
2491 815 2816 871 Eufemiam
2866 815 3220 870 monachum
3253 816 3568 886 quemdam
3609 815 3860 871 natione

2194 905 2514 962 Brittonem
2545 904 2809 961 Ecclesiae
2841 903 3148 961 Catanensi
3181 903 3440 960 ordinari
3469 905 3714 960 curavit.
3733 926 3764 955 ››
3799 905 3860 960 Is

2194 1000 2283 1051 est
2311 994 2596 1068 Angerius
2627 995 2698 1051 de
2745 1011 2860 1066 quo
2905 993 3076 1049 modo
3104 992 3510 1065 loquebamur.
3554 993 3857 1049 Monaste-

2197 1085 2346 1140 rium
2382 1101 2514 1140 vero
2539 1085 2759 1141 Sanctae
2791 1082 3088 1148 Eufemiae,
3122 1083 3272 1154 quod
3323 1082 3419 1138 hic
3461 1087 3858 1153 memoratur,

2197 1192 2310 1246 prae
2341 1173 2562 1229 caeteris
2585 1177 2711 1228 erat
2739 1172 2986 1238 celebre,
3020 1173 3078 1227 in
3111 1189 3225 1244 quo
3253 1173 3542 1230 Robertus
3583 1173 3858 1228 Wiscar-

2197 1264 2308 1320 dus
2338 1264 2656 1319 Robertum
2689 1263 2961 1318 abbatem
2994 1262 3325 1318 Uticensem
3347 1277 3377 1316 e
3407 1279 3515 1318 suo
3545 1267 3856 1319 monastev

2197 1353 2282 1408 rio
2305 1353 2375 1408 ab
2394 1351 2662 1408 invasere
2681 1351 2916 1424 pulsum
2931 1351 3474 1418 constituerat,cum
3498 1351 3629 1408 aliis
3650 1369 3861 1408 mona-

2197 1442 2324 1498 chis
2357 1441 2456 1514 qui
2489 1459 2663 1497 suum
2696 1441 2967 1498 abbatem
3009 1457 3041 1496 e
3087 1441 3449 1498 Normannia
3488 1441 3674 1497 secuti
3723 1440 3857 1498 fue-

2198 1535 2349 1586 rant.
2383 1530 2526 1586 Hinc
2556 1531 2772 1586 factum
2795 1534 2860 1585 ut
2879 1547 2946 1586 eo
2968 1529 3026 1585 in
3055 1529 3364 1596 loco,sicut
3393 1535 3451 1587 et
3479 1531 3634 1600 apud
3667 1530 3857 1586 Sane-

2199 1625 2319 1676 tam
2376 1619 2721 1676 Trinitatem
2775 1619 3038 1687 Venusii,
3073 1623 3129 1676 et
3193 1621 3475 1676 Sanctum
3506 1619 3858 1676 Michaelem

2201 1709 2401 1776 Meliti,
2436 1726 2561 1781 quae
2599 1709 2775 1765 etiam
2807 1709 2922 1765 duo
2973 1708 3330 1765 monasteria
3375 1709 3530 1765 idem
3576 1708 3860 1782 princeps

2202 1799 2451 1855 Roberto
2479 1799 2734 1870 regenda
2749 1797 3608 1866 commiserat,consuetudines
3624 1815 3865 1856 monas-

2203 1887 2332 1945 terii
2367 1888 2561 1944 Sancti
2586 1886 2800 1944 Ebrulfi
2827 1887 3117 1944 Uticensis
3160 1887 3511 1960 vigerent,ut
3541 1887 3861 1945 Ordericus

2201 1976 2408 2033 Vitalis
2432 1975 2928 2033 observavitlibro
2957 1994 3018 2032 ιιι
3049 1975 3193 2033 Hist.
3229 1975 3652 2032 ecclesiasticae.

2274 2067 2406 2123 Jam
2436 2082 2572 2122 vero
2603 2065 2652 2122 si
2683 2065 2912 2122 Boccho
2943 2066 3120 2138 Pyrro
3153 2065 3484 2129 credamus,
3514 2058 3860 2123 Troinensis

2205 2155 2372 2212 sedes
2401 2154 2770 2228 episcopalis,
2803 2155 2896 2209 cui
2941 2160 3081 2210 tunc
3114 2154 3401 2211 Robertus
3449 2159 3712 2227 praeerat,
3747 2156 3862 2212 hoc

2205 2246 2460 2318 ipso,aut
2489 2247 2643 2299 certe
2674 2260 2826 2299 anno
2856 2243 3201 2316 praecedenti
3247 2244 3599 2312 Messanam,
3645 2249 3861 2318 agente

2204 2334 2407 2390 eodem
2438 2331 2682 2404 Rogerio
2703 2331 2935 2402 comite,
2955 2331 3242 2388 translata
3261 2336 3350 2390 est
3374 2351 3388 2402 ;
3420 2337 3479 2390 et
3499 2333 3739 2405 quidem
3765 2337 3862 2392 Ur-

2205 2425 2336 2479 bani
2361 2423 2680 2490 consilio,ut
2709 2422 2767 2476 id
2798 2421 2923 2493 ipse
2955 2421 3238 2495 Rogerius
3267 2424 3519 2477 testatur
3542 2421 3600 2477 in
3634 2422 3862 2478 instru-

2207 2515 2401 2568 mento
2432 2511 2585 2584 apud
2619 2511 2892 2567 eumdem
2920 2515 3217 2567 auctorem
3244 2509 3446 2574 relato,
3470 2510 3528 2566 in
3561 2528 3678 2584 quo
3697 2511 3862 2568 idem

2206 2601 2476 2674 princeps
2506 2598 2898 2672 pontificalem
2918 2601 3115 2655 sedem
3138 2599 3196 2655 in
3214 2598 3460 2656 ecclesia
3479 2599 3661 2656 sancti
3684 2599 3860 2658 Nico-

2205 2689 2278 2746 lai
2291 2706 2486 2762 ,quam
2511 2689 2635 2761 ipse
2657 2689 2938 2744 Messanae
2953 2705 3057 2745 con
3067 2693 3415 2760 struxerat,a
3431 2706 3492 2746 se
3523 2689 3861 2747 institutam

2206 2779 2388 2834 fuisse
2419 2777 2840 2842 testatur.0uin
2871 2782 2928 2834 et
2958 2777 3217 2851 plerique
3246 2778 3674 2851 episcoporum,
3711 2795 3864 2852 quos

2207 2884 2276 2923 ex
2299 2866 2608 2922 Malatcrra
2637 2867 2908 2940 superius
2938 2865 3330 2935 laudavimus,
3358 2867 3469 2924 hoc
3513 2867 3692 2924 etiam
3731 2869 3864 2942 ipso

2207 2973 2359 3012 anno
2389 2955 2710 3012 consecrati
2739 2955 3020 3012 dicuntur
3056 2957 3212 3029 apud
3242 2957 3517 3012 eumdem
3557 2957 3863 3014 Bocchum

2205 3045 2473 3118 Pyrrum,
2527 3061 2734 3117 nempe
2779 3044 3106 3102 Gerlandus
3153 3045 3474 3119 Agrigenti,
3525 3046 3866 3118 Stephanus

2209 3134 2470 3200 Mazarae,
2501 3137 2559 3190 et
2594 3135 2908 3207 Ansgerius
2936 3136 3162 3191 Catenae
3191 3153 3204 3203 ;
3238 3134 3522 3207 Rogerius
3553 3137 3866 3208 Syracusis

2209 3240 2360 3278 anno
2395 3222 2532 3279 1093
2561 3222 2866 3279 ordinatus
2895 3227 3004 3279 est.
3031 3223 3112 3280 De
3154 3222 3246 3278 his
3286 3222 3648 3280 antistitibus
3677 3228 3738 3280 et
3763 3241 3864 3282 eo-

2209 3329 2340 3368 rum
2367 3311 2767 3383 sedibus,cum
2797 3317 3126 3385 opportuna
3145 3311 3254 3368 erit
3275 3312 3524 3378 occasio,
3557 3311 3680 3370 suis
3711 3311 3863 3371 locis

2210 3401 2419 3457 iterum
2452 3401 2735 3457 dicemus.

2208 3506 2400 3580 XCIV.
2427 3507 2754 3580 Monasteria
2781 3512 3056 3579 reparata.
3089 3509 3352 3578 Privileg.
3397 3510 3630 3563 manust.
3666 3509 3858 3580 Lipar.

2311 3579 2370 3633 5.
2404 3578 2596 3648 Ληρεῑὶ
2623 3578 2874 3634 Militens.
2914 3579 3178 3649 Privilcg.
3219 3579 3474 3648 generale
3511 3578 3746 3651 Rogerzil

2278 3667 2560 3723 Caeterum
2589 3665 2746 3722 haud
2769 3667 2966 3724 minus
2989 3667 3234 3724 sollicite
3255 3667 3562 3740 religiosus
3581 3667 3864 3742 princeps

2207 3755 2578 3813 monasteriis
2603 3756 2966 3828 reparandis,
2988 3773 3054 3812 ac
3093 3757 3468 3813 restituendis
3506 3755 3862 3831 episcopati-

2207 3847 2318 3901 bus
2348 3845 2744 3912 incumbebat;
2768 3847 2833 3900 ut
2852 3845 3102 3917 probant
3130 3846 3288 3902 varia
3316 3847 3445 3916 ejus
3463 3845 3865 3906 instrumenta

2208 3934 2360 4006 apud
2379 3933 2674 3988 Bocchum
2697 3933 2962 4006 Pyrrum.
2996 3936 3118 3999 Qua
3141 3933 3198 3988 in
3221 3951 3280 3990 re
3304 3933 3619 4008 Rogerium
3634 3935 3860 3994 Urbani

2204 4021 2883 4078 ordinationemsecutum
2903 4023 3082 4080 fuisse
3110 4028 3266 4096 patet
3302 4041 3372 4080 cx
3403 4023 3633 4080 duabus
3664 4024 3862 4096 ipsius

2205 4111 2426 4167 chartis
2449 4129 2588 4178 ;una
2615 4111 2880 4167 videlicet
2902 4129 3004 4184 pro
3027 4112 3378 4168 monasterio
3408 4113 3630 4168 Sanctae
3657 4113 3858 4170 Mariae

2204 4202 2274 4256 de
2291 4199 2496 4266 Mili,et
2523 4217 2590 4256 ex
2621 4198 2806 4256 altera
2835 4218 2938 4274 pro
2972 4201 3324 4258 monasterio
3345 4201 3416 4257 de
3449 4201 3593 4258 Itala
3617 4219 3719 4257 seu
3752 4203 3856 4260 Gi-

2201 4289 2340 4357 tala,
2375 4305 2552 4362 prope
2585 4289 2936 4358 Messanam,
2997 4307 3125 4362 quae
3157 4289 3369 4346 chartae
3410 4290 3741 4346 referuntur
3792 4292 3855 4349 in

2203 4383 2366 4452 parte
2394 4395 2451 4433 ιν
2473 4377 2680 4434 Siciliae
2712 4395 2910 4445 sacrae,
2935 4378 3034 4434 ubi
3065 4379 3137 4435 de
3185 4377 3457 4436 abbatiis.
3493 4379 3666 4435 Porro
3697 4379 3857 4437 inter

2201 4467 2316 4524 alia
2346 4466 2718 4536 monasteria,
2743 4483 2870 4538 quae
2900 4470 3040 4522 tunc
3069 4467 3346 4539 temporis
3367 4470 3693 4524 restaurata
3723 4467 3852 4524 fue-

2199 4559 2356 4627 runt,
2390 4553 2632 4611 celebris
2681 4559 2805 4610 erat
2851 4555 3086 4611 abbatia
3112 4555 3306 4612 Sancti
3335 4554 3734 4612 Bartholomzei
3787 4557 3852 4614 in

443 4645 728 4701 constituit
765 4646 1108 4717 episcopum;
1137 4643 1331 4700 deinde
1378 4644 1810 4714 Agrigentinum,
1869 4647 1918 4699 et
1973 4646 2088 4700 Μα-
2121 4657 2167 4723 D
2199 4645 2394 4702 insula
2442 4643 2635 4717 Lipari
2685 4644 2815 4710 sita,
2848 4645 2942 4700 cui
2973 4643 3128 4700 idem
3183 4645 3465 4723 Rogerius
3504 4662 3656 4702 anno
3707 4648 3852 4703 1088

443 4749 761 4800 marensem;
785 4741 1066 4806 sequenter
1111 4736 1295 4788 autem
1347 4732 1722 4798 Catanensem,
1752 4748 1816 4787 ac
1835 4733 2092 4788 ultimum
2123 4719 2155 4723 —
2196 4737 2428 4808 fratrem
2455 4734 2805 4790 Ambrosium
2827 4733 3100 4805 praefecit,
3124 4733 3282 4788 hunc
3309 4719 3506 4806 ipsum
3538 4750 3714 4806 quem
3744 4734 3854 4791 Ur-

443 4824 851 4896 Syracusanam
889 4825 1169 4880 constituit
1210 4821 1510 4890 ecclesiam,
1562 4825 1670 4877 etc.
1717 4821 1888 4877 Plura
1917 4822 2091 4878 habet

443 4911 760 4968 Gaufridus
781 4912 1110 4980 Malatcrra,
1126 4911 1275 4967 libro
1298 4928 1374 4978 IV,
1407 4912 1600 4982 cap.7,
1622 4910 1720 4966 ubi
1741 4910 1972 4968 exhibet
1993 4929 2090 4968 no-

442 4999 606 5056 mina
623 4999 1053 5073 episcoporum,
1085 4999 1185 5070 qui
1219 4999 1392 5072 primi
1427 4999 1534 5055 has
1564 4999 1730 5055 sedes
1762 5000 2084 5057 obtinuere.

443 5089 648 5160 Comes,
677 5087 890 5161 inquit,
921 5090 1173 5145 ecclesias
1217 5105 1318 5160 per
1362 5089 1674 5144 universam
1720 5089 1971 5144 Siciliam
1998 5106 2085 5146 re-

434 5183 668 5252 parat...
698 5181 762 5236 In
789 5178 925 5234 urbe
949 5179 1306 5250 Agrigentina
1337 5178 1740 5250 pontiﬁcalibus
1769 5179 1965 5250 infulis
1989 5196 2084 5234 ca-

438 5267 691 5324 thedram
743 5269 1073 5325 sublimat...
1135 5290 1164 5320 «
1206 5268 1350 5324 Huic
1405 5267 1670 5324 Ecclesiae
1727 5267 2085 5324 Gerlandum

439 5359 775 5431 quemdam,
829 5357 1513 5432 nationejAllobrogem”
1541 5359 1753 5424 virum,
1799 5361 1866 5413 ut
1894 5358 2082 5424 aiunt,

439 5463 662 5520 magnis
691 5446 992 5502 charitatis
1013 5451 1072 5503 et
1099 5445 1509 5504 ecclesiasticis
1537 5445 1866 5519 disciplinis
1896 5444 2087 5500 erudi-

437 5540 583 5605 tum,
606 5536 946 5609 episcopum
964 5537 1241 5592 ordinans
1259 5536 1706 5610 praefecit.Haud
1729 5534 2080 5606 secus,apud

435 5627 728 5683 Mazaram
775 5625 988 5694 facere;
1009 5626 1296 5682 addens...
1348 5625 1710 5698 Stephanum
1763 5623 2079 5696 quemdam

435 5716 982 5788 Rothomagensem,
1025 5715 1280 5774 honestae
1327 5715 1453 5772 vitae
1484 5714 1696 5782 virum,
1740 5713 2078 5787 episcopum

2200 4824 2390 4880 banus
2421 4820 2594 4877 Militi
2627 4821 2682 4876 in
2709 4819 3258 4878 Calabriahocanno
3276 4822 3530 4879 existens
3541 4821 3849 4896 privilegio

2199 4911 2436 4967 donavit
2465 4927 2529 4965 ιιι
2559 4927 2743 4966 nonas
2781 4910 2964 4966 Junii.
2987 4909 3151 4966 Circa
3200 4911 3356 4966 idem
3403 4915 3639 4984 tempus
3681 4911 3848 4968 aliud

2197 4998 2566 5073 privilegium
2599 4998 2846 5055 indulsit
2865 4999 3119 5072 pontifex
3141 5000 3495 5056 monasterio
3521 5001 3851 5058 SanctiAn-

2196 5088 2307 5161 geli
2335 5087 2662 5154 Militensis,
2704 5089 2860 5160 quod
2904 5087 3080 5161 paulo
3121 5093 3255 5146 ante
3310 5089 3591 5162 Rogerius
3644 5106 3849 5148 comes

2193 5177 2626 5240 exstruxerat.N
2635 5176 2784 5233 ullas
2813 5178 3050 5250 quidem
3081 5179 3312 5250 praefert
3331 5177 3718 5252 chronologiaa
3738 5196 3852 5236 no-

2195 5271 2282 5322 tas
2312 5267 2420 5322 hoc
2449 5265 2728 5338 diploma,
2763 5267 2822 5322 in
2854 5268 2982 5339 ejus
3015 5267 3370 5342 apographo,
3403 5268 3560 5341 quod
3589 5269 3662 5324 ab
3692 5269 3843 5325 emi-

2194 5356 2436 5412 nentiss.
2472 5355 2538 5412 D.
2572 5355 2854 5412 cardinali
2901 5356 3175 5414 Goloredo
3225 5358 3581 5430 accepimus,
3614 5358 3715 5414 sed
3749 5375 3842 5415 re-

2193 5461 2324 5500 rum
2357 5450 2412 5500 et
2440 5443 2700 5500 locorum
2733 5445 3134 5501 convenientia
3162 5463 3268 5502 nos
3289 5445 3548 5516 adduxit,
3582 5451 3645 5501 ut
3689 5446 3841 5505 illud

2191 5533 2285 5590 hic
2316 5533 2490 5590 simul
2522 5550 2655 5588 cum
2679 5533 2808 5590 aliis
2829 5535 3058 5591 comitis
3081 5535 3310 5608 Rogerii
3334 5536 3651 5593 benefactis
3682 5553 3842 5593 com-

2191 5627 2955 5680 memoraremusﬂaterum
2989 5625 3142 5680 idem
3167 5625 3450 5698 Rogerius
3465 5625 3736 5699 generale
3762 5627 3836 5684 ab

2191 5713 2420 5771 Urbano
2455 5710 3119 5786 privilegiumhabebat,
3145 5718 3208 5771 ut
3238 5731 3598 5788 quaecunque
3628 5732 3836 5775 mona-
