3972 6446
139 519 208 595 Is
1726 522 1935 594 vus.
3453 499 3533 591 se

137 662 305 727 lteris
330 658 393 724 in
422 658 746 723 dltionibus
775 656 888 722 sibi
919 657 1173 723 subditis
1203 655 1483 737 dotasset,
1531 659 1770 722 omnino
1800 661 1860 731 Α
1887 658 2178 725 antistites
2198 664 2259 724 et
2287 659 2870 741 abbatcs,Leglonem
2901 656 3534 732 convenissent,conci-

136 757 311 817 libera
337 760 574 825 essent;
608 754 776 829 cujus
806 753 889 813 rei
919 753 1044 828 ipse
1061 752 1232 812 testis
1261 757 1350 811 est
1368 753 1430 810 in
1451 752 1654 811 charta
1676 768 1779 827 pro

137 845 487 906 monasterio
512 845 778 902 Boicensi
824 843 1254 901 Panormitanas
1305 842 1592 912 dioecesis,
1645 843 1782 898 data

137 954 284 995 anno
312 937 474 1004 4098,
505 935 567 991 in
598 951 715 1008 qua
758 933 953 990 locum
1014 932 1182 989 illum
1230 933 1486 990 declarat
1517 933 1583 989 ab
1630 933 1782 987 omni

139 1044 291 1084 onem
319 1031 374 1083 et
420 1026 679 1082 servitute
724 1030 777 1079 et
828 1023 1080 1079 molestia
1130 1023 1365 1079 liberum
1410 1024 1567 1094 fore;
1614 1023 1776 1088 sicut,

141 1117 347 1189 inquit.
377 1133 412 1171 a
439 1115 659 1171 domino
711 1113 924 1170 Urbano
970 1112 1310 1168 sanctissimo
1339 1127 1482 1184 papa
1542 1111 1779 1166 Romano

137 1208 441 1279 potestatem
467 1207 521 1260 et
563 1203 837 1258 cautelam
892 1203 1097 1274 accepi,
1151 1203 1212 1256 ut
1267 1202 1605 1257 monasteria
1658 1215 1782 1255 mea

140 1297 308 1352 libera
335 1296 576 1366 facerem
602 1292 671 1349 ab
700 1293 853 1348 omni
878 1307 1127 1364 persona.
1158 1290 1272 1347 Sed
1296 1290 1423 1362 jam
1456 1289 1526 1345 ad
1561 1288 1779 1346 Urbani

140 1390 436 1460 gestorum
467 1381 679 1440 seriem
703 1381 1108 1438 revertendum
1139 1383 1247 1435 est.

203 1475 360 1532 XCV.
396 1474 654 1531 Ecclesiae
681 1471 910 1527 Corsica:
937 1472 1180 1542 episcopo
1201 1470 1401 1525 Pisano
1432 1468 1707 1540 subjectae.

204 1568 328 1632 Quo
353 1568 551 1621 autem
582 1560 680 1617 ille
712 1565 842 1635 post
888 1558 1224 1616 absolutum
1255 1556 1568 1614 concilium
1599 1558 1778 1613 Bene-

136 1661 451 1712 ventanum
482 1650 819 1725 porrexerit,
848 1666 965 1705 non
997 1649 1237 1705 omnino
1265 1645 1469 1720 liquet.
1489 1646 1546 1701 Si
1578 1662 1780 1701 verum

139 1746 287 1800 esset
308 1740 466 1814 quod
498 1739 581 1795 ait
609 1737 890 1812 Ughellus
918 1737 979 1794 in
1008 1734 1328 1810 praemissis
1356 1735 1429 1790 ad
1450 1733 1780 1806 catalogum

139 1832 480 1888 Pisanorum
510 1827 940 1901 episcoporum,
975 1830 1133 1882 temo
1161 1824 1238 1881 III
1264 1823 1439 1880 Italiae
1472 1839 1670 1888 sacrae,
1690 1823 1786 1879 Ur-

138 1922 356 1976 banum
386 1916 611 1973 bullam
640 1915 701 1971 in
734 1915 955 1971 Pisanae
986 1912 1251 1970 Ecclesiae
1282 1912 1531 1986 gratiam
1559 1930 1621 1968 ιιι
1654 1911 1784 1967 Kal.

1889 754 2036 815 lium
2066 755 2147 815 ibi
2177 754 2636 815 celebrarunt.ln
2668 755 2979 830 eo-agitata
3004 759 3092 812 est
3113 754 3309 811 Didaci
3342 752 3539 813 Sancti

1888 846 2087 904 Jacobi
2119 846 2375 921 episcopi
2406 864 2603 913 causa,
2628 863 2806 919 quam
2829 846 3192 911 Urbanus,ut
3211 862 3280 901 ex
3300 847 3428 917 ejus
3449 845 3541 900 lit-

1888 937 2029 992 teris
2061 954 2240 1010 supra
2284 937 2542 993 laudatis
2591 940 2773 1009 patet,
2828 936 3204 1008 potissimum
3254 935 3538 1008 Reynerio

1890 1028 2419 1082 commendaverat.
2452 1028 2523 1082 Et
2553 1026 2787 1098 quidem
2810 1029 3012 1081 Petrus
3035 1024 3539 1096 abbas,quem,uti

1890 1115 2167 1184 diximus,
2201 1116 2546 1183 Riehardus,
2580 1131 2734 1171 anno
2765 1114 2926 1181 l088,
2963 1115 3019 1169 in
3051 1114 3204 1170 hanc
3226 1114 3425 1170 sedem
3449 1131 3542 1170 or-

1888 1205 2078 1261 dinari
2109 1222 2322 1277 passus
2380 1205 2586 1271 fuerat,
2618 1205 2678 1260 in
2700 1204 2811 1261 hac
2842 1204 3066 1275 synodo
3133 1208 3541 1260 exauctoratus

1890 1298 2080 1350 est.At
2111 1295 2365 1351 Didacus
2398 1295 2598 1351 sedem
2631 1311 2796 1351 suam
2815 1311 2929 1349 non
2962 1294 3198 1366 recepit,
3233 1294 3351 1350 sive
3382 1294 3539 1366 quod

1888 1401 1958 1439 ea
1986 1383 2265 1455 indignus
2296 1387 2470 1451 esset,
2523 1383 2662 1449 sive,
2704 1384 2858 1456 quod
2893 1383 3131 1454 quidem
3161 1382 3539 1439 verisimilius

1890 1477 2000 1534 est.
2032 1474 2087 1528 id
2120 1472 2246 1529 ausi
2279 1489 2394 1528 non
2425 1472 2643 1528 fuerint
2672 1472 2891 1540 Patres,
2926 1487 2998 1527 ne
3018 1472 3241 1528 Alfonsi
3267 1472 3541 1544 regis,cui

1890 1562 1988 1619 ille
2018 1562 2243 1618 invisus
2275 1564 2420 1626 erat,
2472 1560 2737 1617 animum
2791 1578 2857 1616 eo
2887 1564 3056 1631 pacto
3108 1562 3538 1616 exacerbarent.

1890 1653 2079 1717 Quare
2103 1653 2230 1723 ejus
2260 1650 2527 1707 Ecclesiae
2558 1666 2700 1705 cura
2728 1648 2943 1705 Didaco
2985 1649 3274 1705 Gelmindi
3327 1650 3540 1706 iterum

1890 1740 2211 1798 commissa
2238 1740 2349 1796 fuit
2377 1758 2390 1807 ;
2420 1740 2624 1806 donec,
2659 1738 2743 1794 uti
2775 1738 3062 1808 conjicere
3092 1742 3201 1806 est,
3262 1742 3543 1795 statueret

1891 1830 2149 1903 pontifex
2178 1830 2317 1901 quid
2347 1829 2496 1885 facto
2519 1845 2665 1900 opus
2695 1830 2867 1883 esset.
2892 1827 2956 1883 Id
2979 1832 3131 1883 certe
3153 1827 3349 1901 colligi
3371 1843 3543 1900 posse

1891 1919 2123 1976 videtur
2152 1935 2220 1975 ex
2249 1918 2507 1974 Historia
2535 1916 3006 1989 Compostellana
3054 1917 3326 1988 superius
3385 1918 3543 1984 data,

138 2008 317 2076 Junii,
350 2006 506 2102 apud
532 2006 944 2102 Beneventum
1001 2002 1273 2102 dedisse;
1307 2002 1364 2101 id
1426 2005 1581 2102 certe
1613 2000 1782 2102 ngbis
1815 2037 1864 2102 Β
1894 2009 2064 2080 cujus
2087 2006 2590 2081 fragmentum,uti
2600 2006 2728 2076 jam
2751 2003 2991 2078 polliciti
3012 2007 3546 2079 sumus,inAppen-

140 2100 448 2155 constaret.
478 2096 550 2150 At
578 2110 711 2149 cum
740 2093 896 2149 idem
929 2099 1129 2148 auctor
1166 2091 1317 2147 hanc
1346 2091 1537 2163 ipsam
1564 2089 1786 2146 bullam
1816 2089 1862 2102 ⁸
1896 2097 2023 2153 dice
2044 2097 2384 2153 referemus.
2419 2095 2497 2150 Ex
2522 2111 2589 2151 ea
2608 2111 2744 2151 vero
2766 2093 2952 2167 liquet
2973 2094 3333 2151 Dalmatium
3366 2096 3543 2152 abba-

139 2191 338 2261 postea
370 2185 654 2257 integram
685 2181 1012 2239 exhibuerit
1037 2198 1093 2237 ιν
1121 2180 1391 2238 Kalendas
1410 2180 1552 2237 Julii
1579 2180 1784 2246 datam,

140 2293 228 2333 res
258 2276 319 2331 in
346 2275 565 2330 incerto
596 2275 813 2328 manet.
848 2271 1009 2327 Hanc
1030 2286 1164 2328 vero
1187 2270 1454 2326 ultimam
1480 2267 1786 2325 lectionem

140 2364 302 2422 alteri
336 2362 756 2437 praeferendam
788 2377 915 2417 esse
963 2358 1280 2432 plusquam
1327 2356 1626 2432 probabile
1674 2360 1783 2413 est.

139 2453 398 2521 Nam,uti
428 2469 499 2509 ex
527 2451 710 2507 altera
739 2466 875 2506 mox
894 2448 1133 2505 laudata
1153 2447 1314 2504 bulla
1331 2447 1787 2521 patet,Urbanus

138 2543 320 2602 Mileti
351 2542 413 2597 in
442 2539 709 2597 Calabria
749 2542 873 2595 erat
902 2556 966 2594 ιιι
1008 2539 1201 2594 Nonas
1233 2537 1412 2593 Junii.
1441 2539 1512 2592 At
1540 2537 1633 2591 vix
1663 2536 1785 2591 fieri

138 2630 415 2706 potuerit,
447 2633 512 2685 ut
540 2632 662 2685 tam
693 2627 853 2685 brevi
885 2626 1164 2698 temporis
1190 2624 1513 2693 intervallo,
1554 2628 1785 2681 tantum

140 2724 272 2790 iter,
304 2735 517 2792 nempe
542 2735 609 2773 ex
638 2716 957 2789 Campania
986 2714 1047 2771 in
1078 2714 1403 2771 Calabriam
1425 2714 1785 2781 ulteriorem,

142 2808 473 2868 confecerit.
507 2806 726 2863 Deinde
755 2806 946 2879 prima
968 2803 1061 2860 die
1106 2803 1245 2861 Julii
1270 2804 1535 2861 Urbanus
1557 2808 1784 2876 Capuae,

143 2900 502 2973 proindeque
532 2911 709 2968 prope
735 2896 1125 2951 Beneventum
1154 2892 1668 2949 versabatur.Hine
1699 2908 1786 2947 ve-

142 2987 390 3046 risimile
417 2989 508 3041 est
537 3000 674 3040 eum
705 2981 972 3039 absoluto
1003 2981 1246 3038 concilio
1276 2980 1602 3037 Calabriam
1636 2980 1786 3036 invi-

144 3079 290 3135 sisse
316 3094 331 3145 ;
362 3075 617 3147 indeque
643 3088 962 3141 reversum,
1011 3070 1305 3144 insignem
1352 3071 1503 3127 hanc
1540 3070 1785 3138 bullam,

144 3184 259 3241 qua
288 3163 536 3221 Corsieaa
565 3160 832 3218 Ecclesiae
864 3160 934 3217 ad
968 3159 1343 3233 apostolicam
1381 3160 1577 3216 sedem
1610 3159 1787 3232 perti-

144 3262 351 3313 nentes
379 3252 593 3310 Pisano
622 3249 894 3323 episcopo
926 3249 1339 3320 subjiciuntur,
1364 3248 1669 3305 Beneventi
1690 3249 1788 3304 de-

1895 2189 2015 2243 tem
2043 2203 2113 2242 ex
2141 2185 2364 2242 familia
2410 2183 2797 2250 Cluniacensi,
2830 2186 2964 2256 post
2992 2183 3168 2239 unius
3199 2183 3337 2239 anni
3365 2185 3546 2240 inter-

1893 2275 2134 2342 vallum,
2167 2274 2404 2363 omissis
2434 2273 2648 2329 Didaco
2680 2277 2738 2329 et
2758 2273 2946 2363 Petro,
2988 2275 3312 2329 auctoritate
3339 2279 3548 2331 sanctae

1896 2369 2158 2425 Romanae
2202 2361 2477 2432 Ecclésiée,
2531 2361 3068 2435 Compostellanum
3119 2379 3221 2419 seu
3271 2363 3548 2420 Iriensem

1895 2456 2233 2530 episcopum
2263 2453 2502 2509 tandem
2534 2452 2872 2507 ordinatum
2906 2452 3107 2507 fuisse.

1967 2545 2144 2600 Porro
2171 2540 2361 2597 multa
2383 2539 2443 2595 in
2474 2539 2585 2595 hac
2617 2538 2963 2611 Legionensi
2988 2540 3211 2612 synodo
3243 2541 3314 2595 de
3345 2539 3554 2597 ofﬁciis

1892 2629 2309 2690 ecclesiasticis
2340 2632 2564 2685 statuta
2613 2628 2815 2696 fuisse,
2872 2629 3190 2683 Rodericus
3239 2628 3555 2686 Toletanus

1894 2722 2044 2779 libro
2072 2738 2150 2786 v1,
2183 2736 2309 2792 cap.
2365 2719 2455 2787 30,
2490 2718 2675 2773 Lucas
2721 2717 3033 2783 Tudensis,
3067 2720 3125 2771 et
3176 2715 3275 2777 alii
3330 2717 3550 2788 passim

1897 2813 2160 2866 auctores
2191 2806 2497 2880 scripsere,
2529 2806 2685 2878 quod
2715 2806 2786 2861 de
2818 2804 3546 2862 mutationcOfﬁciiMuza-

1894 2898 2074 2955 rabici
2106 2897 2164 2952 in
2198 2898 2549 2958 Romanum,
2582 2895 2641 2949 in
2674 2893 2805 2950 aliis
2830 2894 3123 2967 Hispaniae
3141 2894 3403 2951 conciliis
3416 2896 3543 2966 jam

1895 2988 2203 3061 imperata,
2233 2982 2500 3041 nonnulli
2524 2983 3000 3057 interpretantur,
3031 2988 3206 3056 atque
3236 2984 3351 3041 huc
3381 3001 3541 3040 revo-

1896 3077 2013 3132 cari
2048 3064 2218 3148 posse
2248 3077 2474 3146 putant,
2527 3071 2584 3127 id
2636 3073 2792 3145 quod
2824 3090 2859 3127 a
2914 3072 3184 3129 Patribus
3239 3074 3541 3129 decretum

1897 3165 2078 3221 fuisse
2104 3163 2405 3230 dicitur,ut
2428 3163 2726 3217 secundum
2754 3163 3001 3233 regulam
3026 3165 3086 3218 S.
3147 3161 3344 3219 Isidori
3381 3162 3546 3217 eccle-

1896 3255 2115 3311 siastica
2143 3252 2326 3323 ofﬁcia
2373 3252 2433 3305 in
2480 3251 2761 3321 Hispaniis
2790 3254 3128 3318 regerentur.
3161 3253 3234 3305 At
3265 3250 3420 3306 hunc
3459 3248 3543 3305 lo-

145 3347 324 3403 disse.
352 3343 522 3398 'Hanc
550 3357 683 3397 vero
712 3339 958 3412 gratiam
989 3338 1334 3411 Dagbertus,
1364 3338 1612 3395 Pisanus
1649 3343 1791 3393 tunc
1838 3409 1864 3412 Δί
1903 3361 2039 3399 cum
2054 3342 2124 3397 ad
2150 3338 2582 3396 Muzarabicum
2605 3338 2872 3394 Ofﬁcium
2887 3338 3549 3411 nihilpertineremonct

145 3433 432 3507 temporis
462 3430 727 3497 antistes,
755 3432 1047 3485 meruerat
1075 3427 1149 3484 ob
1179 3444 1348 3483 suam
1369 3432 1427 3483 et
1445 3426 1791 3485 Pisanorum
1824 3409 1867 3475 (ἶ
1906 3433 2013 3506 piae
2037 3430 2329 3488 memorias
2352 3427 2667 3485 cardinalis
2688 3427 2985 3501 Aguirius,
3017 3409 3115 3500 qui
3138 3428 3437 3484 contendit
3455 3427 3549 3483 bis

148 3524 363 3580 civium
394 3518 735 3576 fidelitatem
765 3514 1145 3573 inEcclesiam
1178 3516 1523 3584 Romanam,
1560 3516 1654 3571 cui
1684 3515 1795 3571 dil-

144 3611 429 3669 ﬁcillimis
457 3607 575 3665 illis
609 3607 969 3679 temporibus
996 3621 1227 3679 semper
1255 3604 1642 3661 addietissimi
1674 3605 1795 3661 fue-

140 3706 302 3757 runt.

310 3787 495 3845 XCVI.
533 3786 811 3843 Restitutio
844 3785 1261 3841 Tarraconensis
1292 3783 1625 3854 metropolis.

214 3878 395 3936 Paulo
430 3880 560 3949 post
590 3890 798 3946 nempe
829 3873 972 3946 ipsis
1004 3871 1281 3929 Kalendis
1300 3870 1461 3939 Julii,
1482 3889 1613 3928 cum
1639 3872 1795 3928 idem

142 3968 431 4042 pontifex,
464 3971 528 4020 ut
558 3981 693 4020 mox
740 3962 1101 4031 dicebamus,
1136 3966 1290 4017 esset
1327 3961 1559 4034 Capuae,
1583 3962 1796 4016 Tarra-

144 4071 465 4115 conensem
492 4052 814 4110 Ecclesiam
837 4050 897 4107 in
921 4050 1234 4124 pristinam
1259 4067 1427 4106 suam
1450 4050 1797 4123 dignitatem

138 4147 385 4206 omnino
408 4143 683 4201 restituit.
703 4141 1024 4217 Dalmatius
1047 4156 1255 4212 nempe
1276 4139 1672 4196 Narbonensis
1687 4157 1802 4196 me-

137 4235 556 4310 tropolitanus,
584 4232 816 4303 rejectis
847 4248 882 4286 a
902 4229 1177 4303 pontiﬁce
1207 4245 1355 4301 quas
1376 4229 1703 4301 proferebat
1726 4229 1798 4284 ad

126 4327 233 4398 jus
262 4339 447 4381 suum
478 4319 901 4377 stabiliendum
931 4316 1209 4390 Stephani
1243 4334 1402 4390 papa:
1435 4316 1800 4390 litteris,quze

1902 3520 2095 3577 verbis
2125 3517 2269 3574 nihil
2302 3517 2459 3573 aliud
2492 3516 2785 3588 designari
2817 3532 2994 3589 quam
3021 3516 3331 3589 epistolam
3363 3516 3549 3573 sancti

1906 3608 2114 3667 Isidori
2144 3608 2217 3663 ad
2254 3606 2672 3661 Landefredum
2713 3604 3055 3677 episcopum
3114 3607 3550 3662 Cordubensem

1905 3696 2272 3770 scriptam,in
2290 3712 2406 3766 qua
2417 3693 2649 3766 singula
2664 3693 2856 3749 ofﬁcia
2879 3710 3200 3765 eorumque
3223 3694 3550 3753 sanctiones

1907 3783 2300 3860 particulatim
2334 3781 2714 3855 explicantur.
2748 3781 2971 3854 Quippe
3000 3799 3132 3837 cum
3156 3782 3277 3837 haec
3298 3782 3371 3837 ob
3394 3782 3552 3837 Mau-

1907 3892 2105 3932 rorum
2128 3873 2456 3929 invasiones
2477 3870 2576 3926 diu
2598 3870 2656 3925 in
2680 3870 2976 3943 Hispaniis
2996 3871 3258 3944 neglecta
3270 3871 3427 3926 haud
3451 3871 3556 3931 du-

1904 3964 2070 4020 bium
2099 3961 2369 4031 fuissent,
2411 3977 2480 4015 ea
2528 3958 2732 4033 synodi
2782 3960 2980 4016 Patres
3034 3961 3105 4015 ad
3138 3960 3363 4032 praxim
3395 3976 3554 4015 revo—

1907 4054 2094 4111 canda
2123 4068 2251 4109 esse
2298 4052 2670 4106 censuerunt.
2733 4048 3028 4105 Statutum
3087 4047 3339 4121 denique
3399 4049 3459 4104 in
3490 4064 3557 4104 eo

1909 4140 2151 4197 concilio
2205 4139 2316 4194 fuit
2369 4143 2453 4205 ut,
2512 4136 2751 4193 omissis
2782 4136 2992 4194 litteris
3044 4138 3351 4205 Gotthicis,
3411 4154 3559 4209 quas

1909 4229 2154 4288 Gullilas
2187 4227 2497 4300 episcopus
2530 4226 2927 4293 adinvenerat,
2969 4226 3247 4299 deinceps
3276 4225 3559 4283 Gallicani

1910 4320 2279 4376 characteres
2311 4315 2752 4372 adhiberentur.

136 4415 358 4487 spuria:
392 4415 498 4469 aut
532 4410 740 4468 saltem
771 4406 1141 4481 interpolata;
1169 4407 1414 4462 inventae
1437 4411 1594 4475 sunt,
1628 4423 1782 4462 causa

1911 4425 2149 4482 XCVIII.
2191 4425 2441 4481 Virorum
2469 4425 2786 4477 sanctorum
2814 4423 2877 4477 in
2906 4421 3201 4478 Germania
3229 4422 3425 4479 obitus.
3462 4424 3563 4477 [tes

139 4503 392 4569 cecidit;
427 4516 564 4557 cum
597 4496 758 4554 nullo
790 4494 1077 4570 probabili
1133 4494 1525 4551 instrumento
1558 4497 1803 4568 probare
2551 4493 2632 4548 ibi
2666 4494 2913 4549 turbatae.

144 4591 446 4666 potuisset
472 4589 969 4644 Tarraconensem
994 4584 1362 4656 metropolim
1385 4583 1586 4656 aliqua
1605 4589 1802 4639 aucto-
1986 4584 2152 4641 Multi
2181 4583 2286 4638 viri
2340 4582 2597 4638 illustres
2629 4580 2719 4636 bis
2748 4581 3113 4655 temporibus
3161 4583 3221 4637 in
3253 4582 3564 4639 Germania

142 4681 319 4737 ritate
350 4675 673 4751 apostolica
699 4693 817 4732 sum
848 4674 1117 4730 Ecclesiae
1148 4674 1474 4745 subjectam
1507 4672 1806 4729 fuisse.Ea
1914 4675 2205 4739 obierunt;
2239 4673 2391 4727 inter
2421 4688 2567 4742 quos
2598 4669 2847 4726 celebris
2881 4671 2992 4726 luit
3036 4671 3364 4727 Fridericus
3392 4687 3564 4726 comes

147 4769 458 4827 occasione
477 4764 1006 4838 arrepta,Urbanus
1031 4761 1444 4834 Berengarium
1465 4763 1805 4834 episcopum
1839 4783 1883 4847 Β
1912 4773 1965 4821 et
1992 4764 2259 4823 marchio,
2292 4759 2562 4833 egregius
2595 4758 2924 4829 apostolicae
2947 4759 3103 4815 sedis
3124 4760 3411 4823 defensor,
3441 4758 3561 4829 qui,

144 4863 420 4924 Ausone,
447 4856 620 4927 cujus
641 4853 910 4911 Ecclesia:
932 4850 1297 4910 antistitibus
1322 4850 1588 4908 dimcesis
1608 4852 1809 4907 Tarra-

146 4948 429 5005 conensis
451 4961 592 5001 cura
609 4942 955 5000 demendata
976 4942 1187 5007 fuerat,
1206 4941 1701 4996 Tarraconensem
1724 4958 1812 4995 ar.

148 5036 616 5110 chiepiscopum,
650 5030 804 5105 quod
825 5030 1172 5101 jamdudum
1194 5028 1813 5095 meditabatur,statim

150 5123 538 5191 renuntiavit,
571 5122 742 5194 eique
769 5119 1013 5194 pallium
1044 5118 1352 5186 concessit,
1385 5118 1519 5173 dato
1553 5135 1621 5173 ea
1654 5119 1725 5175 de
1756 5136 1815 5174 re

153 5215 501 5289 diplomate.
535 5211 654 5267 Hoc
687 5211 837 5267 facto
854 5209 1261 5266 Narbonenses
1283 5205 1700 5280 archiepiscopi
1714 5209 1817 5281 jus

147 5319 331 5361 omne
345 5298 1032 5372 metropoliticum,quod
1053 5300 1175 5353 tam
1196 5296 1299 5353 diu
1317 5297 1815 5354 Tarraconensem

155 5391 523 5466 provinciam
554 5390 951 5451 exercuerant,
984 5386 1253 5442 amisere.

155 5499 371 5558 XCVII.
431 5482 745 5555 Concilium
798 5496 1125 5567 Legionense
1152 5493 1235 5567 de
1271 5509 1438 5567 causa
1473 5495 1820 5567 _episc0patus

486 5568 716 5625 mensis
747 5570 801 5623 et
818 5565 883 5623 de
901 5567 1101 5639 ofﬁciis
1131 5565 1526 5621 ecclesiasticis.

229 5663 467 5717 Interea
491 5673 628 5714 cum
652 5655 955 5713 occasione
972 5654 1382 5727 exsequiarum
1403 5651 1619 5709 Garsiae
1642 5653 1819 5725 regis,

158 5755 227 5805 ut
256 5752 508 5806 narrant
532 5745 835 5820 Hispanici
874 5745 1210 5817 scriptores,
1245 5741 1564 5815 Reynerius
1596 5741 1821 5814 legatus

164 5835 884 5912 apostolicumBernardus
905 5832 1089 5891 Toleti
1105 5830 1823 5905 archiepiscopus,aliique

1919 4859 1983 4910 ut
2012 4854 2117 4918 ait,
2141 4850 2445 4906 Bertoldus
2477 4848 2546 4903 ad
2571 4864 2792 4903 annum
2816 4849 3285 4920 sequentem,ubi
3308 4848 3475 4920 plura
3496 4848 3566 4903 de

1923 4960 1989 4998 eo
2020 4941 2214 5007 habet,
2245 4939 2336 4995 sed
2356 4939 2543 4993 habitu
2565 4938 2827 4994 saeculari
2848 4953 2997 4992 more
3037 4940 3213 4992 sancti
3242 4938 3569 5005 Sebastiani,

1920 5031 2290 5087 strenuissimi
2320 5028 2512 5084 militis
2544 5032 2738 5098 partes
2766 5026 2992 5098 agebat.
3018 5028 3200 5097 Hujus
3215 5027 3409 5082 obitus
3433 5044 3569 5082 con-

1922 5119 2057 5193 tigit
2086 5119 2179 5173 die
2218 5135 2277 5174 ιιι
2309 5116 2599 5173 Kalendas
2625 5114 2785 5171 Julii.
2820 5116 2965 5171 Eum
3016 5116 3173 5172 brevi
3216 5120 3451 5172 secutus
3483 5120 3572 5171 est

1924 5207 2252 5265 Willelmus
2274 5205 2594 5278 Hirsaugise
2609 5205 2791 5261 abbas
2805 5204 3344 5277 sanctissimus,qui
3362 5205 3572 5261 mediis

1925 5299 1985 5354 in
2042 5295 2570 5369 persecutionibus,
2603 5298 2665 5349 ut
2712 5293 2891 5350 habet
2922 5294 3051 5365 ejus
3082 5293 3219 5351 Vitas
3253 5298 3458 5351 auctor
3512 5294 3573 5348 in

1925 5385 2083 5443 Actis
2112 5388 2449 5439 sanctorum
2480 5382 2702 5439 ordinis
2731 5382 3113 5453 Benedictini,
3144 5382 3357 5439 invicto
3380 5382 3575 5438 animo

1927 5491 2165 5532 causam
2198 5471 2491 5528 catholicae
2514 5471 2780 5528 Ecclesia:
2802 5489 3000 5546 agens,
3035 5472 3180 5528 nihil
3208 5489 3322 5528 non
3346 5472 3418 5527 ad
3449 5472 3578 5543 ejus

1928 5562 2326 5622 defensionem
2340 5560 2595 5616 audebat
2606 5561 2750 5618 adeo
2769 5568 2835 5619 ut
2850 5562 3195 5636 plerumque
3207 5562 3220 5615 i
3232 5580 3262 5616 n
3274 5578 3577 5616 numerum

1929 5650 2353 5729 propemodum
2405 5650 2598 5706 omnis
2631 5652 2981 5708 conditionis
3012 5651 3340 5717 hominum,
3374 5649 3473 5720 qui
3507 5649 3577 5703 ad

1931 5761 2065 5801 eum
2099 5739 2534 5812 confugiebant,
2558 5739 2999 5797 multitudinem
3024 5742 3080 5795 in
3105 5737 3455 5795 monasterio
3475 5753 3583 5791 suo

1932 5830 2234 5905 receperit,
2268 5834 2323 5887 et
2345 5827 2573 5885 aluerit.
2604 5827 2705 5884 Hic
2735 5846 2791 5885 ιιι
2824 5830 3017 5886 Nonas
3039 5829 3179 5885 Julii
3213 5827 3356 5884 abiit
3378 5826 3446 5880 ad
3482 5841 3580 5880 su-
