3972 6360
360 423 448 534 9".

1664 424 1735 492 B.
1779 423 2084 528 URBA.NI-
2112 421 2175 490 Il
2211 420 2466 488 ΡΑΡΑΞ.

3683 408 3798 486 88

360 579 554 652 peros,
581 579 758 639 quem
782 567 921 650 post
949 579 1136 625 unum
1165 579 1450 642 mensem,
1485 561 1818 634 diescilicet
1841 565 2008 620 sexta
2034 561 2090 652 Α
2115 559 2420 652 οὺθάινενῖ.
2452 559 2621 624 etiam
2647 555 2840 652 multae
2867 553 3018 652 villae
3046 571 3116 626 ea:
3162 553 3398 652 integra
3419 567 3480 614 se
3504 551 3791 628 religioni
3801 593 3810 597 -

359 651 632 730 Augusti,
663 659 902 713 secutus
930 658 1019 712 est
1047 657 1287 711 sanctus
1316 655 1664 712 Altmannus
1694 653 2006 732 episc0pus

360 734 752 813 Pataviensis,
775 745 945 817 cujus
975 743 1110 820 Vita
1134 760 1164 799 e
1200 733 1484 799 monacho
1516 740 1872 818 Gotwicensi
1902 758 2006 796 an-

363 829 585 908 onymo
607 832 954 906 conscripta,
971 832 1087 889 alia
1105 831 1176 888 ab
1195 849 1263 889 ea
1283 849 1461 905 quam
1480 830 1866 904 Tegnagellus
1887 828 2010 885 vul-

364 923 543 996 gavit.
573 921 729 979 edita
755 926 846 978 est
873 923 1146 994 Augusta;
1173 916 1630 989 Vindelicorum,
1688 937 1841 975 anno
1875 920 2012 974 1619

366 1011 548 1068 simul
574 1027 709 1068 cum
737 1001 872 1067 Vita
899 1009 1084 1067 sancti
1103 1009 1426 1066 Gebehardi
1446 1008 1932 1086 Salisburgensis,
1956 1011 2014 1065 et

365 1100 554 1158 sancti
584 1099 967 1156 Adalberonis
996 1093 1429 1171 Herbipolensis
1457 1098 1890 1172 episcoporum,
1913 1094 2014 1166 qui

367 1197 572 1248 omnes
585 1189 644 1246 in
665 1189 960 1246 catholica:
973 1187 1238 1245 Ecclesiae
1254 1187 1589 1244 defensione
1603 1177 2015 1260 perditissimis

369 1279 444 1337 iis
472 1280 837 1354 temporibus
861 1278 1111 1358 maxime
1141 1277 1497 1334 claruerunt.
1520 1275 1701 1332 Paulo
1723 1280 1855 1334 ante
1879 1273 2016 1329 Wil-

370 1364 616 1427 lelmum
645 1363 909 1426 abierant
933 1355 1049 1424 duo
1070 1355 1167 1422 alii
1191 1366 1430 1423 abbatcs
1447 1365 1622 1422 etiam
1645 1365 1718 1428 ob
1737 1365 1864 1419 vitae
1888 1381 2020 1420 san-

371 1450 902 1526 ctitatem,etfidem
921 1455 980 1510 in
1001 1443 1384 1528 apostolicam
1404 1455 1600 1510 sedem
1625 1451 2012 1521 celeberrimi,

371 1543 781 1620 Wolphelmus
805 1543 1024 1601 scilicet
1042 1542 1560 1624 Brunwillarensis
1586 1543 1644 1597 in
1663 1542 1900 1598 dioecesi
1921 1545 2019 1596 Co-

371 1631 640 1704 loniensi,
664 1628 756 1691 die
779 1627 850 1690 ’21
885 1632 1126 1706 Aprilis,
1155 1636 1215 1708 et
1245 1624 1593 1688 Benedictus
1632 1631 1925 1696 Clusinus
1958 1631 2019 1685 in

373 1724 643 1782 faucibus
675 1722 901 1796 Alpium
934 1721 1029 1778 die
1057 1722 1119 1776 31
1149 1719 1310 1777 Maii.

447 1813 648 1870 Mense
665 1805 925 1886 Augusto
947 1810 1306 1883 sequenti,ut
1333 1809 1512 1879 tradit
1532 1807 2024 1876 Bertoldus,Wel-

376 1894 772 1976 pho,Bavaria3
785 1888 1244 1966 dux,Henricum
1268 1897 1326 1953 in
1341 1896 1804 1970 Longobardiam
1817 1913 2022 1954 conve-

380 1991 488 2060 nit,
511 1994 646 2047 cum
667 2005 734 2046 eo
755 2004 954 2062 pacem
987 1987 1263 2064 initurus,
1282 1986 1331 2044 si
1355 1985 1453 2042 ille
1473 1987 1802 2042 Wibertum
1828 1986 2026 2042 dimit-

381 2086 504 2139 tere
521 2084 578 2138 e't
595 2079 750 2136 bona
769 2068 898 2151 quae
911 2077 1022 2134 sibi
1036 2076 1254 2148 injuste
1267 2073 1460 2132 ablata
1480 2075 1708 2131 fuerant
1726 2075 2031 2132 restituere

382 2163 762 2226 voluisset.At
791 2156 1074 2223 renuente
1095 2165 1203 2221 has
1221 2163 1585 2221 conditiones
1618 2164 1883 2236 Henrico,
1913 2165 2032 2223 dux

386 2259 448 2315 in
476 2256 883 2315 Alemanniam
913 2271 1178 2312 reversus
1232 2258 1342 2326 est,
1369 2253 1469 2308 ubi
1501 2253 1684 2312 turba:
1727 2255 1808 2310 ita
1837 2270 2030 2310 excre-

385 2349 614 2416 verunt,
639 2343 706 2402 ut
728 2343 903 2419 paulo
933 2347 1066 2418 post
1094 2343 1164 2400 de
1206 2359 1354 2399 novo
1376 2359 1508 2414 rege
1539 2342 1803 2416 eligendo
1835 2347 2030 2401 actum

389 2435 486 2495 sit.
519 2435 684 2502 Quod
715 2451 776 2492 re
803 2433 933 2507 ipsa
961 2433 1179 2488 factum
1218 2429 1444 2500 fuisset,
1489 2430 1680 2504 inquit
1704 2431 2032 2498 Bertoldus,

389 2513 835 2599 δί’έιαονιιηιὶῑαὴι
858 2523 1091 2599 pigritia
1134 2521 1248 2578 sive
1285 2522 1665 2592 malevolentia
1697 2537 1802 2592 non
1864 2523 2034 2595 impe-

391 2597 554 2672 disse.
589 2615 674 2670 Ita
693 2605 818 2668 ille.
895 2601 932 2620 "
985 2597 1007 2691 ’-

431 2723 436 2730 ’
492 2703 711 2760 'XGIX.
743 2705 954 2760 Novum
985 2702 1044 2756 in
1073 2700 1362 2773 Germania
1394 2701 1677 2773 religionis
1705 2718 1899 2771 genus.

464 2777 887 2846 Mirumautem
909 2792 1002 2842 est
1019 2791 1141 2842 tam
1153 2771 1513 2844 calamitosis
1533 2787 1896 2861 temporibus
1913 2804 2040 2844 suc-

399 2875 730 2936 crevissein
762 2875 1106 2932 Alemannis
1121 2893 1328 2931 novam
1350 2875 1577 2946 vivendi
1608 2877 1878 2944 formam,
1913 2894 2039 2949 quae

401 2964 750 3041 apostolicos
762 2979 952 3022 mores
963 2963 1368 3021 aemulabatur.
1386 2967 1452 3021 1Ιὶ
1465 2964 1620 3020 enim
1634 2967 1736 3021 etsi
1745 2965 1938 3021 habitu
1949 2981 2046 3021 nec

401 3057 595 3116 clerici
600 3070 702 3111 nec
710 3055 965 3111 monachi
974 3054 1347 3122 viderentur,u
1357 3059 1380 3110 t
1392 3053 1545 3109 idem
1553 3053 1856 3110 Bertoldus
1869 3069 2068 3121 narrat

401 3141 670 3204 oculatus
689 3136 1228 3216 testis,ne‘quaquam
1258 3145 1438 3200 tamen
1457 3145 1536 3199 eis
1557 3143 1802 3215 dispares
1824 3151 2044 3200 erant...

401 3236 500 3307 qui
525 3234 974 3290 abrenuntiantes
999 3232 1215 3300 saeculo,
1242 3249 1300 3288 se
1329 3237 1382 3287 et
1408 3249 1510 3289 sua
1539 3234 1607 3288 ad
1614 3234 2050 3306 congregationes

403 3332 514 3382 tam
537 3323 865 3380 clericorum
892 3309 1058 3393 quam
1084 3321 1478 3378 monachorum
1505 3323 1842 3393 regulariter
1867 3324 2050 3378 viven-
2077 3353 2121 3421 Ο

403 3411 547 3470 tium
572 3411 915 3470 devotissime
941 3411 1309 3477 contulerunt,
1338 3413 1398 3467 ut
1439 3410 1536 3466 sub
1581 3427 1770 3467 eorum
1798 3411 2047 3468 obedien-

405 3501 486 3560 ea
511 3502 870 3560 communiter
890 3488 1080 3555 vivere
1107 3501 1158 3556 et
1180 3500 1258 3556 eis
1284 3501 1489 3556 servire
1516 3508 1873 3556 mererentur.
1919 3503 2052 3556 Haec

404 3595 494 3651 est
519 3586 714 3664 religio
743 3587 1032 3664 quadrata,
1065 3606 1100 3644 a
1127 3587 1305 3663 Paulo
1359 3589 1761 3646 Beruriedensi
1824 3588 1881 3644 in
1921 3588 2054 3644 Vita

403 3679 664 3756 Gregorii
686 3679 782 3738 VII
799 3678 1242 3754 laudata,quam
1265 3695 1398 3735 cum
1421 3677 1912 3747 nonnulli,nescio
1933 3694 2050 3752 quo

404 3770 518 3828 acti
547 3767 728 3826 livore
749 3785 854 3824 seu
900 3767 1220 3824 invidentia
1261 3767 1589 3840 vituperare
1620 3767 1747 3823 ausi
1779 3768 2049 3839 fuissent,

401 3858 555 3916 tueri
584 3853 898 3930 aggressus
918 3859 1006 3912 est
1025 3855 1412 3918 Urbanus.cui
1435 3857 1590 3928 apud
1603 3857 1891 3913 Teutones
1912 3874 2050 3930 apo-

403 3946 614 4005 stolica
641 3944 928 4018 legatione
956 3943 1241 4024 fungenti,
1273 3943 1354 4017 pii
1391 3945 1520 4016 ejus
1551 3943 1800 4001 instituti
1835 3945 2050 4001 sancti-

405 4039 496 4093 tas
525 4033 704 4108 probe
730 4037 867 4089 nota
888 4032 1094 4088 fuerat.
1128 4031 1290 4088 Unde
1322 4032 1429 4089 hoc
1461 4049 1614 4089 anno
1646 4032 1806 4089 illam
1837 4032 2048 4090 solem-

403 4124 560 4182 niter
575 4121 922 4197 approbavit
933 4127 988 4176 et
999 4119 1541 4189 c'onfirmavit,datis
1564 4137 1632 4178 ea
1653 4123 1722 4178 de
1743 4138 1804 4178 re
1827 4122 1900 4177 ad
1922 4139 2052 4178 mo-

403 4209 793 4270 nasteriorum
828 4209 1172 4284 praepositos
1205 4208 1436 4267 litteris.
1467 4209 1613 4266 Cum
1633 4227 1768 4266 vero
1789 4227 1942 4267 anno
1964 4229 2050 4268 se-

404 4301 627 4377 quenti,
663 4305 728 4358 ut
746 4301 902 4357 idem
931 4302 1132 4356 auctor
1150 4299 1346 4368 habet,
1370 4299 1552 4356 laicus
1570 4299 1810 4372 quidam
1834 4317 2047 4357 novum

403 4392 463 4447 id
492 4390 724 4450 vivendi
753 4396 942 4463 genus
967 4389 1286 4461 professus,
1328 4389 1401 4444 ab
1432 4405 1499 4446 eo
1529 4392 1747 4445 temere
1798 4389 2045 4446 resiliis-

405 4479 676 4551 set,hunc
698 4478 970 4534 Urbanus
996 4476 1230 4550 scriptis
1247 4477 1318 4533 ad
1336 4477 1744 4534 Gebehardum
1765 4481 2046 4534 Constan-

403 4555 872 4642 tize'episcopum
903 4566 1159 4640 legatum
1191 4583 1367 4644 suum
1399 4566 1630 4635 litteris,
1675 4567 2047 4626 anathemate

402 4656 561 4715 feriri
587 4657 880 4731 praecepit,
912 4655 1027 4711 nisi
1058 4655 1497 4730 quamprimum
1527 4660 1812 4730 apostasiav
1845 4675 1958 4713 suae
1989 4663 2045 4714 et

2114 649 2580 716 contradidernnt,
2610 665 2770 721 seque
2797 649 3040 716 invicem,
3060 649 3352 708 sanctitate
3377 662 3596 705 nierum
3617 661 3785 720 pra!-

2115 741 2302 796 venire
2331 739 2728 795 incessabiliter
2755 737 3101 806 studuerunt,
3134 736 3224 794 Sic
3265 737 3452 810 utique
3479 737 3642 806 Deus,
3671 752 3786 792 ex-

2116 828 2329 884 clamat
2367 826 2984 897 Bertholdus,sanctam
3011 843 3172 882 suam
3204 827 3501 886 Ecclesium
3530 827 3592 881 in
3616 826 3786 898 peri-

2117 918 2298 976 culoso
2330 920 2567 988 tempore
2605 917 2942 972 mirabiliter
2971 915 3252 972 consolari
3279 914 3538 984 dignatus
3566 919 3646 970 est
3658 932 3684 969 :
3715 922 3792 970 ut

2118 1006 2183 1074 de
2210 1007 2508 1062 multorum
2527 1007 2876 1062 conversoine
2915 1005 3325 1078 gauderet,quae
3351 1005 3418 1062 de
3446 1019 3781 1062 excommu-

2121 1097 2433 1152 nicatorum
2460 1098 2743 1152 aversione
2760 1095 2983 1166 jamdiu
3011 1111 3118 1150 non
3149 1095 3377 1152 cessavit
3407 1093 3606 1152 dolere.
3649 1094 3787 1150 Huc

2124 1185 2182 1240 ni
2215 1184 2402 1254 fallor,
2418 1185 2672 1242 revocari
2689 1185 2859 1241 debet
2870 1185 3023 1256 quod
3035 1183 3304 1240 Gerohus
3322 1183 3382 1242 in
3396 1183 3790 1256 Syntagmate

2124 1274 2205 1330 De
2235 1278 2391 1330 statu
2433 1273 2700 1329 Ecclesiae
2722 1273 2878 1344 apud
2901 1271 3319 1345 Tegnagellum
3366 1272 3544 1342 edito,
3577 1271 3788 1340 refert,

2126 1379 2252 1435 cap.
2287 1362 2374 1428 16,
2407 1361 2626 1418 multos
2647 1361 2885 1418 clericos
2904 1365 2962 1418 et
2981 1361 3302 1418 monachos
3323 1361 3626 1420 occasione
3648 1379 3791 1435 per-

2128 1451 2446 1508 secutionis
2461 1450 2758 1524 amplexos
2771 1451 2953 1508 fuisse
2965 1451 3144 1507 vitam
3164 1451 3524 1524 asperiorem
3537 1451 3596 1509 in
3619 1451 3793 1525 agris

2129 1540 2490 1618 suburbanis
2511 1544 2568 1598 et
2597 1539 2973 1596 monasteriis
3003 1539 3457 1613 campestribus.

2343 1660 2402 1712 C.
2434 1657 2829 1713 Paviliacensis
2856 1659 3180 1713 monasterii
3207 1661 3556 1737 restauratio.

2164 1788 2176 1797 -
2205 1763 2267 1818 In
2299 1761 2502 1818 Galliis
2533 1767 2798 1836 reparato
2829 1779 2934 1837 per
2961 1763 3285 1820 Galterium
3335 1765 3559 1822 Sanctia
3587 1765 3793 1823 Trini-

2132 1851 2270 1906 tatis
2300 1851 2372 1906 de
2403 1851 2730 1917 Monte,seu
2749 1855 2976 1909 Sancta:
3005 1851 3330 1908 Catharinze
3357 1870 3536 1928 prope
3566 1855 3794 1912 Rotho-

2054 1936 2103 2002 B
2131 1957 2371 2014 magum
2393 1941 2688 2008 abbatem,
2723 1937 3102 1999 Paviliacensi
3122 1945 3344 1998 Sanctae
3393 1945 3796 2001 Austrebertee

2138 2029 2515 2099 monasterio,
2548 2031 2704 2102 quod
2737 2048 2770 2086 a
2799 2030 3222 2087 Northmannis
3253 2033 3512 2088 dirutum
3574 2033 3792 2104 fuerat,

2139 2119 2410 2176 Urbanus
2441 2119 2750 2176 Guillelmo
2773 2119 3210 2194 archiepiscopo
3232 2121 3800 2196 Rothomagensi,ad

2141 2209 2310 2280 cujus
2331 2207 2622 2265 diiecesim
2645 2209 2808 2266 locus
2825 2207 2922 2265 ille
2943 2209 3290 2282 pertinebat,
3313 2210 3550 2285 scripsit
3571 2215 3635 2267 ut
3653 2229 3800 2270 eum

2141 2297 2211 2352 ad
2233 2297 2398 2370 pium
2425 2297 2571 2354 illud
2602 2315 2750 2371 opus
2779 2299 3239 2371 promovendum
3269 2302 3325 2356 et
3369 2299 3802 2358 absolvendum

2141 2386 2619 2459 excitaret,atque
2640 2387 2782 2443 adeo
2797 2386 3083 2444 universis
3096 2387 3194 2460 qui
3208 2388 3398 2444 eidem
3416 2389 3678 2446 coenobio
3693 2390 3805 2447 ali-

2142 2475 2284 2546 quid
2298 2477 2860 2550 conferrent,quarta
2871 2493 2928 2532 m
2941 2476 3418 2550 poenitentiarum
3435 2479 3508 2554 ab
3521 2479 3803 2554 episcopo

2145 2568 2246 2620 aut
2269 2563 2606 2639 presbytero
2639 2565 2718 2638 inj
2731 2569 3038 2622 unctarum
3069 2571 3293 2638 partem
3323 2567 3805 2626 relaxavit.Dataa

2145 2656 2285 2710 sunt
2306 2653 2613 2725 pontificiis
2637 2653 2838 2711 litterae
2863 2655 3093 2712 Cessimi
3115 2672 3129 2724 ;
3153 2655 3250 2711 alii
3271 2655 3538 2731 legerunt
3557 2659 3810 2716 Cossinii

2147 2743 2292 2798 forte
2316 2743 2530 2809 Casini,
2566 2743 2640 2799 ιν
2671 2743 2809 2799 ldus
2841 2742 3108 2800 Octobris
3138 2743 3316 2816 hujus
3349 2746 3510 2822 anni,
3543 2763 3690 2820 quas
3720 2745 3807 2804 la-

2148 2831 2265 2903 pidi
2319 2847 2350 2886 e
2379 2829 2690 2889 ruderibus
2719 2831 2974 2888 ecclesiae
3004 2838 3193 2889 erecto
3225 2831 3548 2908 insculptas
3581 2853 3740 2892 unus
3774 2854 3807 2893 e

2154 2919 2369 2976 nostris
2390 2919 2788 2992 descripsit.ln
2809 2919 3012 2977 eodem
3035 2919 3227 2993 lapide
3263 2921 3565 2996 diplomati
3605 2925 3806 2996 ponti-

2155 3009 2288 3064 ﬁcio
2313 3009 2628 3080 subjuncta
2656 3013 2781 3066 erat
2809 3008 2918 3066 loci
2950 3009 3186 3066 donatio
3216 3011 3368 3067 facta
3415 3011 3666 3069 Galterio
3697 3014 3804 3070 ab-

2158 3096 2276 3152 bati
2307 3113 2408 3169 per
2435 3097 2720 3154 Thomam
2752 3099 2824 3154 de
2872 3097 3074 3171 Pacisy
3117 3097 3363 3156 militem
3381 3116 3402 3162 ;
3432 3101 3524 3156 cui
3581 3102 3805 3158 instru-

2158 3190 2356 3242 mento
2378 3185 2724 3243 Guillelmus
2754 3187 3228 3262 archiepiscopus
3245 3191 3302 3245 et
3327 3188 3424 3244 alii
3445 3190 3550 3246 viri
3574 3190 3808 3250 nobiles

2159 3275 2581 3348 subscripsisse
2608 3275 2971 3332 dicebantur.

2263 3390 2347 3446 CI.
2375 3390 2583 3449 Urbani
2611 3392 2811 3449 litterae
2828 3407 2930 3464 pro
2962 3391 3016 3447 S.
3042 3393 3316 3466 Cypriane
3345 3395 3676 3452 Pictavensi.
3725 3379 3730 3385 ’

2232 3499 2367 3553 Erat
2398 3497 2668 3555 Urbanus
2698 3498 2809 3554 hoc
2857 3515 3033 3568 anno,
3065 3499 3149 3555 uti
3180 3517 3250 3555 ex
3280 3503 3539 3573 tempore
3569 3503 3815 3559 ordina-

2160 3586 2338 3643 tionis
2361 3587 2550 3643 Ivonis
2576 3587 2880 3643 Carnoteni
2914 3586 3269 3661 colligimus,
3314 3591 3470 3663 apud
3517 3590 3814 3650 Altarium

2161 3676 2304 3733 Latii
2339 3676 2543 3732 urbem
2565 3675 2732 3731 initio
2753 3675 3334 3751 Novembris,ibiquev
3345 3696 3401 3736 1v
3430 3679 3626 3737 Nonas
3646 3681 3817 3754 ejus-

2159 3766 2294 3821 dem
2317 3763 2537 3822 mensis
2557 3763 2780 3820 litteras
2803 3764 3100 3838 Raynaldo
3113 3765 3517 3824 abbatiSancti
3539 3769 3817 3842 Cypriani

2159 3853 2516 3936 Pictavensis
2562 3853 2870 3920 concessit,
2899 3854 3116 3926 quibus
3145 3855 3196 3912 ei
3237 3856 3546 3913 conﬁrmat
3583 3859 3822 3930 quiquid
3868 3907 3876 3918 .

2151 3943 2300 4016 juris
2331 3945 2383 3997 et
2410 3944 2684 4022 canonica
2709 3945 2986 4015 potestatis
3029 3943 3277 4002 habebat
3308 3947 3370 4001 in
3413 3947 3639 4003 ecclesia
3667 3948 3816 4005 San-

2159 4034 2260 4088 ctae
2292 4032 2478 4088 Crucis
2507 4032 2652 4104 apud
2679 4034 2929 4105 Englam.
2967 4034 3079 4089 llac
3131 4035 3402 4094 cautione
3454 4053 3600 4095 usus
3628 4041 3718 4092 est
3749 4039 3814 4095 in

2160 4119 2269 4177 hoc
2317 4121 2594 4194 rescripto
2625 4121 2902 4195 pontifex,
2932 4122 3173 4193 veritus,
3205 4129 3478 4182 monente
3506 4129 3678 4182 lvone
3705 4128 3814 4200 qui

2156 4212 2283 4264 tum
2318 4208 2377 4265 in
2425 4209 2839 4267 Carnotensem
2889 4212 3228 4284 episcopum
3289 4211 3510 4270 electus
3539 4215 3600 4270 in
3645 4215 3818 4274 curia

2158 4298 2373 4354 Urbani
2403 4305 2528 4356 erat
2557 4299 2732 4373 paulo
2779 4305 2913 4374 post
2949 4300 3021 4356 ab
3053 4317 3120 4357 eo
3147 4303 3602 4372 consecrandus,
3633 4321 3728 4374 ne,
3757 4307 3812 4363 si

2158 4387 2454 4460 Raynaldo
2473 4389 2592 4446 haec
2612 4389 2858 4446 ecclesia
2870 4387 3216 4462 simpliciter
3235 4391 3812 4462 conccderetur,eam

2157 4475 2254 4532 ille
2286 4477 2473 4550 pulsis
2521 4477 2746 4534 clericis
2775 4479 2875 4550 qui
2918 4479 2995 4534 ibi
3046 4479 3336 4553 degebant
3384 4481 3455 4537 ad
3489 4483 3815 4541 monachos

2156 4568 2516 4624 transferret.
2548 4568 2612 4625 Id
2643 4572 2836 4624 tamen
2869 4567 3042 4641 paulo
3084 4573 3216 4642 post
3243 4570 3505 4628 evenisse
3523 4571 3815 4631 discimus

2161 4674 2229 4714 ex
2275 4657 2402 4730 ipso
2453 4656 2643 4735 Ivone,
2694 4656 2866 4730 epist.
2898 4658 2969 4712 36
2999 4658 3072 4714 ad
3125 4658 3355 4716 Petrum
3407 4660 3813 4720 Pictavensem

404 4743 552 4805 tanti
584 4723 874 4820 sacrilegii
901 4745 1121 4802 crimen
1152 4723 1494 4818 poenitentia
1523 4723 1811 4821 condigna
1831 4747 2053 4804 diluere
2083 4723 2130 4790 Β
2162 4723 2500 4820 episcopum
2528 4765 2541 4816 ;
2565 4727 2625 4802 in
2656 4723 2774 4819 qua
2802 4746 3054 4820 graviter
3081 4747 3360 4806 adversus
3391 4749 3550 4810 hunc
3578 4751 3811 4808 antisti-

405 4839 732 4893 conaretur.
767 4825 930 4901 Hinc,
963 4839 1260 4891 crescente
1285 4833 1415 4890 novi
1433 4835 1562 4906 ejus
1584 4835 1842 4891 instituti
1871 4835 2044 4905 fama,

406 4923 520 4981 non
551 4922 742 4982 solum
773 4923 1069 4980 innumeri
1096 4924 1204 4979 viri
1225 4928 1282 4980 et
1301 4922 1779 4996 mulieres,quiin
1803 4925 2048 4982 urbibus

402 5017 507 5070 aut
523 5012 585 5069 in
607 5012 1100 5069 monasteriorum
1121 5011 2048 5079 viciniiscommorabantur,illud

400 5107 522 5160 tam
537 5105 806 5160 sanctum
829 5101 1192 5176 propositum
1222 5100 1610 5174 arripuerunt,
1627 5101 1728 5174 qui
1751 5103 1860 5160 sub
1882 5103 2047 5159 cleri-

401 5207 606 5251 corum
635 5195 692 5250 et
745 5189 1169 5248 monachorum
1212 5189 1561 5258 obedientia,
1619 5191 2046 5266 mancipiorum

403 5297 564 5338 more
592 5279 666 5338 iis
696 5280 1023 5354 quotidiani
1055 5279 1220 5353 pensi
1253 5279 1554 5336 servitium
1605 5279 2044 5354 persolvebant;

401 5385 604 5428 verum
635 5369 812 5426 etiam
841 5369 1043 5426 eadem
1073 5368 1301 5425 vivendi
1333 5369 1521 5425 forma
1548 5369 1607 5425 in
1637 5368 1792 5426 villis
1821 5374 1879 5426 et
1906 5369 2048 5427 locis

405 5458 758 5533 agrestibus,
781 5462 1016 5530 recepta
1038 5459 1145 5513 fuit
1175 5476 1188 5527 ;
1215 5459 1334 5528 ubi,
1355 5463 1502 5516 teste
1529 5459 1728 5516 eodem
1753 5458 2042 5529 Bertoldo,

403 5550 542 5622 ﬁliae
565 5550 896 5605 rusticorum
925 5549 1234 5606 innumera
1261 5550 1515 5622 conjugio
1546 5553 1596 5604 et
1643 5550 1838 5606 steculo
1895 5548 2048 5604 abre-

402 5639 679 5704 nuntiare,
707 5645 758 5694 et
793 5637 892 5692 sub
923 5637 1156 5710 alicujus
1182 5639 1468 5694 sacerdotis
1498 5638 1802 5695 obedientia
1847 5638 2046 5706 vivere,

405 5732 456 5782 et
486 5729 762 5798 religiosis
808 5744 929 5783 cum
980 5744 1190 5784 summa
1239 5728 1517 5785 devotione
1545 5744 1654 5785 non
1708 5731 2050 5784 cessaverunt

2155 4841 2273 4913 tem
2305 4835 2682 4908 conqueritur
2709 4836 2864 4908 quod
2898 4841 3030 4908 post
3057 4837 3376 4910 expetitum
3407 4839 3508 4895 diu
3538 4845 3596 4897 et
3625 4841 3812 4914 impe-

2156 4931 2376 4982 tratum
2407 4924 2683 4981 clericum
2715 4924 2852 4982 huic
2881 4924 3156 4999 Englensi
3185 4926 3440 4984 ecclesiae
3483 4929 3809 5002 praeﬁcien-

2157 5015 2321 5081 dum,
2347 5013 2614 5070 eumdem
2649 5018 2852 5092 postea
2879 5013 3212 5088 repulisset,
3228 5019 3293 5072 ut
3311 5017 3370 5073 in
3388 5032 3458 5074 ea
3476 5017 3813 5080 institueret

2157 5101 2478 5160 monachos
2506 5101 2700 5158 Sancti
2729 5102 3020 5176 Cypriani.
3051 5104 3224 5173 Tum,
3278 5105 3536 5163 laudatis
3586 5106 3812 5165 Urbani

2157 5208 2226 5247 ea
2257 5192 2327 5247 de
2360 5208 2419 5248 re
2447 5191 2680 5258 litteris,
2713 5208 2811 5248 eas
2862 5193 3281 5250 monachorum
3331 5211 3520 5252 causa:
3549 5197 3812 5268 patroci-

2159 5279 2283 5336 nari
2319 5297 2432 5336 non
2456 5281 2664 5336 debere
2695 5280 3013 5350 contendit,
3033 5283 3188 5354 quod
3209 5299 3272 5340 se
3299 5284 3374 5341 ab
3389 5283 3520 5358 ipso
3531 5285 3812 5358 pontiﬁce

2159 5369 2461 5426 rescivisse
2493 5372 2876 5438 contestatur,
2899 5371 2991 5428 cui
3024 5387 3124 5429 eas
3149 5371 3404 5443 dictanti,
3427 5391 3683 5447 praesens
3705 5377 3811 5434 ad-

2160 5459 2368 5525 fuerat,
2410 5457 2797 5536 nonquidem
2827 5477 2863 5514 a
2892 5460 3084 5530 latere,
3116 5465 3182 5517 ut
3209 5479 3273 5520 se
3323 5463 3669 5520 emendasse
3700 5481 3810 5536 pu-

2157 5547 2300 5604 tavit
2328 5547 2565 5604 Juretus
2593 5548 2652 5603 in
2677 5548 2830 5606 notis
2864 5550 2935 5606 ad
2967 5549 3118 5606 hanc
3149 5549 3340 5608 Ivonis
3365 5551 3810 5624 epistolam,sed

2158 5627 2355 5706 Alatri,
2390 5641 2455 5693 ut
2484 5641 2704 5694 veteres
2761 5638 2989 5694 codices
3019 5639 3318 5708 habent,et
3371 5643 3614 5700 omnino
3645 5641 3808 5700 evin-

2161 5731 2301 5784 cunt
2323 5726 2573 5795 laudataa
2605 5727 2820 5786 Urbani
2849 5727 3072 5796 litterae.
