3972 6384
173 474 255 559 se
1538 488 1550 495 -
1769 474 1842 540 Vl

1964 514 1984 541 .
3497 452 3579 545 et

176 616 183 622 ’
243 613 357 676 Gil.
388 614 572 675 Ivonis
598 613 896 676 "Cernotem'
917 611 1211 674 ordinatio.
1244 615 1393 689 ‘Quo'
1412 629 1557 673 anno
1583 612 1750 688 facta.
1852 609 1910 680 Α
1939 608 2297 674 denthCum
2326 609 2613 700 enimille
2641 602 2819 675 fuerit
2847 613 2969 700 sub.
3000 600 3183 693 ﬁnem
3213 596 3575 699 Novembris,

214 706 498 766 [Multum
527 707 705 765 etiam
735 706 1017 765 laboravit
1045 706 1177 780 pius
1207 706 1467 779 pontifex
1510 705 1620 762 hec
1646 708 1816 762 'anno

1929 706 1996 759 ut
2023 703 2261 776 quidem
2294 695 2562 791 constat,
2578 707 2651 764 ab
2683 695 2913 765 Urbano
2944 695 3004 765 in
3058 709 3225 787 Italia
3250 695 3577 787 ordinatus,

172 813 278 871 pro
306 796 554 854 ecclesia
580 796 1136 870 Carnotenéi,quam
1165 796 1479 853 Gaufridus
1510 796 1818 869 episcopus
1928 792 1985 848 in
2022 810 2188 850 suam
2215 788 2514 852 dieeoeéim
2545 788 2679 854 ante
2709 799 3012 871 sequentis
3048 799 3186 857 anni
3219 800 3429 875 saltem
3462 801 3580 858 ini-

172 886 493 957 multorum
525 886 837 943 criminum
870 901 1023 954 reus,
1052 890 1118 942 ut
1146 903 1214 942 ex
1261 886 1452 943 Ivonis
1485 884 1735 958 epistola
1786 887 1820 941 8
1927 883 2032 950 tia,
2066 900 2333 941 reversus
2364 902 2492 942 esse
2521 904 2638 943 non
2666 880 2874 961 potuit.

173 980 351 1048 patet,
384 975 790 1033 labefactabat.
823 975 927 1031 Hic
948 976 1075 1046 jam
1106 979 1239 1031 ante
1269 974 1495 1047 aliquot
1531 990 1717 1030 annos
1747 974 1818 1029 ab

175 1066 421 1138 Hugone
450 1064 649 1121 Diensi
681 1063 835 1121 sedis
851 1064 1176 1137 apostolica:
1190 1064 1247 1119 in
1260 1063 1462 1120 Galliis
1478 1062 1821 1137 legato.loco

176 1157 376 1209 motus
403 1152 683 1221 fuerat;at
703 1153 922 1224 injuria
952 1169 1012 1209 se
1043 1153 1492 1210 condemnatum
1525 1155 1820 1219 causatus,

178 1242 425 1301 Romam
454 1242 724 1309 tetendit,
759 1241 858 1297 ubi
904 1258 1039 1297 cum
1089 1241 1288 1297 nullus
1340 1241 1468 1312 ejus
1521 1244 1826 1297 accusator

177 1329 627 1403 comparuisset,
660 1331 796 1386 dato
826 1347 1007 1402 supra
1049 1346 1260 1402 corpus
1308 1328 1461 1386 beati
1505 1329 1659 1386 Petri
1706 1346 1825 1385 eor-

177 1435 318 1493 pore
363 1423 750 1487 sacramento,
782 1436 916 1474 eum
967 1436 1001 1474 a
1047 1419 1317 1476 Simonis:
1368 1418 1499 1475 labe
1530 1423 1826 1492 utcunque

174 1511 496 1584 purgatum
527 1507 843 1581 Gregorius
883 1507 981 1564 VII
1014 1509 1136 1565 sedi
1183 1526 1301 1563 suae
1333 1507 1684 1564 restituerat.
1716 1507 1825 1563 Ve-

179 1615 314 1654 rum
340 1597 640 1654 renovatis
669 1600 871 1670 postea
900 1602 1103 1654 contra
1132 1597 1300 1653 illum
1332 1596 1825 1664 accusationibus,

177 1704 316 1745 cum
346 1685 755 1759 ejus_crimina
784 1685 1015 1743 Urbano
1055 1685 1228 1758 plane
1276 1685 1690 1753 innotuissent,
1723 1702 1829 1742 nec

177 1775 279 1832 ille
308 1792 438 1833 sese
458 1776 531 1845 ab
558 1774 643 1831 eis
671 1774 992 1832 innocuum
1024 1775 1269 1847 probare
1298 1773 1600 1839 valuisset,
1624 1791 1830 1830 rursus

178 1882 210 1921 e
242 1882 355 1921 sua
382 1864 520 1921 sede
552 1865 894 1921 auctoritate
937 1864 1230 1936 pontificis
1281 1863 1488 1936 pulsus
1536 1867 1646 1929 est,
1679 1864 1831 1919 facta

2000 973 2216 1029 Verum
2241 975 2349 1032 etsi
2376 975 2497 1032 haec
2526 977 2727 1033 omnia
2756 994 2877 1033 rem
2908 978 3147 1034 omnino
3187 997 3302 1035 non
3351 979 3579 1038 evince-

1932 1067 2082 1129 rent,
2116 1066 2272 1119 certa
2301 1068 2495 1121 tamen
2523 1081 2650 1145 esse
2678 1065 2908 1123 videtur
2931 1084 3000 1124 ex
3028 1050 3341 1145 ipsiusmet
3390 1070 3581 1145 Ivonis

1933 1151 2288 1209 testimonio.
2322 1153 2378 1209 Is
2407 1153 2562 1234 enim
2604 1144 2854 1228 epistola
2893 1157 2965 1211 67
3014 1156 3246 1234 Urbano
3296 1144 3593 1233 pontifici,

1934 1257 2107 1313 quem
2154 1242 2434 1299 adversus
2478 1232 2541 1299 se
2588 1234 2856 1300 ncnnihil
2899 1232 3259 1303 commotum
3291 1249 3581 1323 audierat,

1935 1329 2220 1397 scribens,
2254 1335 2420 1404 rogat
2468 1349 2623 1400 eum,
2658 1337 2723 1388 ut
2750 1335 2874 1406 jam
2902 1337 3176 1391 transacto
3223 1340 3482 1409 septemc,
3515 1355 3585 1395 ex

1936 1435 2050 1490 quo
2099 1421 2318 1476 vineam
2361 1420 2468 1501 sibi
2517 1424 2864 1478 commissam
2886 1440 2989 1499 pro
3025 1441 3121 1481 suo
3145 1442 3303 1501 posse
3329 1429 3587 1499 excolue-

1936 1517 2041 1576 rat,
2074 1506 2247 1565 liceat
2275 1498 2509 1567 tandem
2543 1510 2654 1566 sibi
2685 1516 2871 1569 octavo
2902 1498 3048 1571 anno
3092 1498 3222 1571 eam
3270 1498 3582 1589 dimittere.

1938 1598 2013 1652 At
2041 1596 2091 1652 si
2122 1615 2275 1653 anno
2309 1600 2468 1665 1092,
2500 1616 2616 1673 quo
2657 1599 2919 1674 plerique
2965 1604 3196 1659 lvonem
3247 1606 3585 1662 ordinatum

1940 1685 2122 1743 fuisse
2170 1687 2394 1754 volunt,
2442 1693 2664 1762 septem
2713 1708 2898 1747 annos
2944 1692 3586 1771 adjiciamus,.omnino

1940 1776 2636 1849 completos,habebimus
2665 1780 2843 1836 ﬁnem
2875 1781 3012 1859 anni
3047 1783 3204 1852 1099,
3228 1801 3344 1856 quo
3374 1785 3468 1842 Ivo
3497 1803 3585 1843 oc-

1938 1868 2126 1921 tavum
2154 1866 2244 1922 sui
2294 1868 2667 1940 episcopatus
2697 1885 2918 1947 annum
2968 1869 3289 1947 incceperit.
3321 1874 3469 1947 Nam
3500 1876 3586 1931 uti

179 1953 643 2023 Camotensibus
671 1956 955 2025 potestate
997 1952 1177 2010 alium
1221 1953 1547 2011 antistitem
1596 1954 1657 2010 in
1703 1955 1830 2024 ejus
1864 1989 1913 2055 B
1941 1960 2165 2012 certum
2219 1961 2327 2024 est,
2378 1973 2580 2014 mense
2626 1946 2939 2015 Novembri
2988 1946 3183 2037 Romae
3214 1966 3590 2021 consecratus

178 2043 382 2115 locum
412 2042 843 2110 substituendi;
874 2041 973 2116 qui
1007 2043 1207 2100 statim
1251 2043 1515 2099 unanimi
1544 2060 1834 2101 consensu

180 2133 624 2205 Ivonem,quem
657 2131 776 2188 illis
801 2131 1078 2191 Urbanus.
1100 2132 1629 2199 commendaverat,
1654 2132 1838 2206 elege-

182 2225 343 2280 runt.
366 2223 441 2277 At
471 2222 706 2289 lvonem
736 2237 1076 2279 consecrare
1105 2221 1394 2279 recusavit
1410 2221 1718 2279 Richerius
1735 2224 1836 2278 Se-

184 2309 470 2369 nonensis
500 2309 1006 2383 metropolitanus,
1035 2311 1138 2383 qui
1169 2311 1553 2368 contendebat
1575 2312 1837 2368 Gaufridi

184 2399 722 2465 emuctorationem
769 2403 972 2465 contra
1001 2415 1254 2456 canones
1304 2401 1514 2457 factam
1560 2400 1742 2457 fuisse
1765 2401 1837 2457 ob

193 2488 275 2558 id,
311 2489 469 2563 quod
500 2489 629 2559 eius
658 2505 848 2546 causae
879 2488 1132 2561 cognitio
1162 2489 1419 2562 primum
1450 2507 1485 2546 a
1505 2506 1567 2547 se
1597 2490 1841 2564 suisque

187 2577 782 2650 comprovincialibus
812 2576 1101 2651 episcopis
1148 2579 1273 2635 fieri
1323 2579 1642 2652 debuisset,
1678 2585 1839 2637 ante-

189 2684 373 2740 quam
405 2668 477 2724 ad
507 2666 872 2740 pontificium
907 2667 1165 2725 tribunal
1196 2664 1535 2726 deferretur.
1571 2669 1716 2726 Hinc
1745 2674 1841 2727 Ivo

191 2756 337 2815 nihil
355 2773 419 2813 se
431 2757 588 2829 apud
609 2755 945 2815 Richerium
958 2757 1339 2815 obtenturum
1359 2758 1478 2815 fore
1497 2758 1839 2832 previdens,

192 2846 497 2921 Urbanum
526 2845 691 2914 adiit,
725 2863 760 2902 a
789 2863 926 2919 quo,
961 2852 1025 2902 ut
1072 2847 1321 2919 ipsemet
1347 2848 1624 2921 pontifex,
1659 2849 1717 2906 in
1751 2849 1843 2904 lit-

191 2935 335 2993 teris
366 2953 436 2992 ea
463 2936 536 2994 de
568 2952 629 2992 re
669 2935 819 2992 datis
872 2940 1141 3005 testatur,
1177 2939 1329 2994 salva
1374 2938 1619 2996 ecclesiae
1665 2939 1843 2995 Seno-

195 3024 363 3099 nensi
399 3026 585 3083 debita
611 3025 941 3093 obedientia,
967 3033 1344 3085 consecratus
1372 3031 1488 3095 est;
1520 3031 1577 3083 et
1607 3027 1845 3100 quidem

204 3116 317 3172 sub
348 3116 526 3172 ﬁnem
558 3114 923 3184 Novembris,
958 3119 1021 3171 ut
1052 3117 1109 3173 in
1142 3116 1214 3172 iis
1241 3115 1450 3173 litteris
1479 3116 1844 3189 exprimitur,

203 3204 307 3275 sed
336 3204 563 3276 absque
583 3201 761 3259 ullius
781 3203 918 3259 anni
949 3202 1540 3276 designatione.Unde
1559 3206 1847 3262 incertum

1944 2047 2051 2100 est.
2082 2043 2297 2100 Verum
2329 2044 2386 2100 id
2419 2045 2532 2101 dici
2565 2063 2680 2127 non
2711 2051 2922 2121 potest,
2952 2065 3086 2105 cum
3127 2050 3254 2123 jam
3303 2054 3448 2108 tunc
3485 2052 3590 2127 Ur-

1945 2132 2135 2189 banus
2166 2133 2479 2192 defunctus
2507 2126 2899 2210 esset,nempe
2925 2130 3125 2194 mense
3140 2138 3296 2195 Julio
3326 2126 3592 2212 ejusdem

1946 2221 2085 2279 anni
2117 2214 2190 2278 ad
2225 2221 2401 2279 ccelos
2449 2229 2811 2298 assumptus.
2844 2226 2967 2283 Imo
2999 2243 3133 2283 cum
3182 2228 3304 2285 haec
3350 2218 3596 2303 epistola

1948 2314 2079 2382 post
2109 2311 2407 2368 Natalium
2437 2313 2652 2370 Christi
2685 2314 3080 2387 festivitatem,
3113 2321 3179 2372 ut
3224 2316 3471 2390 ipsemet
3500 2319 3593 2376 Ivo

1947 2399 2026 2455 ibi
2059 2400 2300 2469 indicat,
2335 2402 2552 2475 scripta
2585 2404 2777 2471 fuerit,
2810 2404 2882 2460 ad
2933 2422 3156 2460 annum
3204 2407 3362 2473 1111,
3396 2404 3593 2481 proin-

1949 2488 2137 2560 deque
2167 2488 2338 2563 longe
2368 2496 2503 2563 post
2533 2492 2749 2549 Urbani
2800 2493 3027 2549 obitum
3056 2494 3391 2573 deti'erenda
3419 2500 3592 2573 esset,

1949 2579 2103 2649 quod
2138 2596 2278 2635 sane
2308 2597 2477 2637 nemo
2502 2581 2950 2638 dixerit.0mnia
2965 2599 3097 2639 vero
3108 2584 3280 2655 juxta
3303 2583 3593 2642 calculum

1950 2671 2217 2723 nostrum
2250 2669 2514 2742 apprime
2546 2669 2658 2726 sibi
2689 2671 3232 2728 concordant.Hanc
3250 2674 3466 2748 quippe
3481 2672 3597 2747 epi-

1952 2755 2164 2812 stolam
2203 2750 2368 2813 initio
2401 2758 2538 2814 anni
2567 2760 2725 2826 1099,
2759 2776 2875 2833 quo
2907 2759 3098 2816 adhuc
3134 2761 3365 2835 vigebat
3412 2763 3596 2821 Urba-

1953 2842 2194 2913 nus,‘ab
2229 2847 2395 2903 lvone
2424 2849 2704 2921 scriptam
2740 2836 2922 2905 fuisse
2973 2836 3412 2929 dicimus,_cum
3455 2856 3615 2927 tunc,

1954 2951 2173 2990 annum
2208 2937 2299 2991 sui
2331 2930 2729 3010 episcopatus,
2761 2937 3053 3017 siquidem
3088 2955 3240 2995 anno
3273 2940 3405 3017 109,1
3442 2940 3597 3017 ince-

1956 3022 2060 3095 pit,
2089 3028 2357 3081 octavum
2392 3025 2708 3082 inchoaret.
2745 3014 2857 3082 Res
2907 3027 3084 3082 etiam
3132 3027 3189 3083 in
3240 3046 3308 3085 ea
3334 3014 3602 3102 epistola

1956 3112 2138 3169 relata
2169 3108 2320 3170 anno
2353 3114 2491 3170 1099
2513 3115 2881 3183 conveniunt,
2914 3116 3211 3195 coronatio
3249 3134 3456 3195 nempe
3503 3106 3599 3175 re-

1956 3200 2047 3273 gis
2079 3202 2331 3276 Philippi
2373 3221 2406 3260 a
2436 3204 2684 3260 Rodulfo
2715 3190 3151 3278 archiepiscopo
3177 3190 3505 3282 Turonensi
3536 3207 3598 3263 in

204 3294 357 3365 apud
390 3297 664 3350 auctores
706 3293 924 3349 mansit
965 3310 1080 3364 quo
1129 3310 1282 3350 anno
1331 3294 1408 3351 sit
1450 3295 1851 3367 eonsignanda
1892 3363 1920 3367 __
1960 3292 2305 3363 praecedenti
2354 3294 2511 3349 festo
2548 3292 2879 3350 Nativitatis
2929 3292 3143 3350 Christi
3192 3286 3499 3364 celebrata,
3542 3299 3600 3353 et

204 3363 396 3442 Ivonis
426 3381 811 3450 consecratio,
844 3363 1022 3454 quam
1055 3382 1175 3450 alii,
1206 3400 1359 3439 anno
1391 3384 1549 3452 1090,
1578 3363 1849 3441 nonnulli
1879 3363 1922 3431 (εἶ
1958 3381 2204 3437 Joannis
2231 3383 2540 3454 cujusdam
2567 3382 2869 3456 juvenisin
2894 3368 3601 3463 Aurelianensemepis'cos

203 3489 335 3531 vero
367 3473 528 3539 1091,
560 3476 663 3528 aut
687 3471 864 3528 etiam
896 3471 1161 3544 sequenti
1194 3472 1405 3529 factam
1456 3474 1636 3531 fuisse
1666 3473 1849 3547 scrip—

206 3550 427 3622 serunt.
992 3574 995 3579 '

273 3651 447 3708 Hane
469 3649 740 3711 Labbeus
770 3667 923 3706 anno
953 3650 1084 3706 1091
1132 3650 1519 3722 consignavit,
1551 3653 1706 3725 quod
1756 3654 1850 3709 lvo

203 3742 298 3797 die
328 3742 397 3797 13
414 3739 927 3812 -Novembris,quae
957 3756 1023 3796 eo
1055 3757 1205 3796 anno
1228 3741 1286 3796 in
1318 3740 1683 3797 Dominicam
1705 3741 1848 3798 inci—

202 3830 478 3899 debat,ab
500 3828 733 3886 Urbano
763 3833 1137 3886 consecratus
1163 3830 1343 3887 fuisse
1373 3830 1607 3887 dicitur.
1631 3831 1701 3887 Et
1729 3832 1852 3904 qui-

203 3919 417 3989 dem,si
448 3920 596 3976 bene
623 3918 778 3974 idem
812 3922 1017 3975 auctor
1043 3919 1447 3991 Stampensem
1471 3920 1760 3993 synodum
1779 3922 1851 3977 ad

205 4024 432 4069 annum
459 4008 600 4065 1092
626 4008 1131 4073 revocavit,Ivonis
1164 4008 1471 4079 ordinatio,
1501 4027 1626 4083 quae
1652 4028 1854 4067 mense

201 4096 769 4165 Novembriexeunte
786 4097 937 4154 facta
966 4102 1074 4166 est,
1092 4098 1164 4155 ad
1192 4099 1607 4170 pracedentem
1626 4116 1849 4156 annum

203 4186 539 4248 necessario
588 4186 786 4243 referri
835 4186 1039 4256 debet;
1082 4190 1306 4243 certum
1358 4189 1573 4260 quippe
1612 4188 1669 4244 in
1700 4187 1852 4245 hanc

202 4276 495 4351 synodum
514 4291 550 4331 a
568 4275 836 4336 Rioherio
858 4275 1302 4348 metropolitano
1315 4282 1689 4333 convocatam
1708 4278 1849 4334 fuis-

204 4382 271 4429 se.
284 4367 358 4425 ad
379 4364 823 4429 rescindendam
844 4364 1034 4443 Ivonis
1050 4364 1498 4437 ordinationem,
1522 4383 1701 4439 quam
1715 4384 1849 4424 con-

206 4460 293 4525 tra
304 4470 563 4513 canones
578 4454 791 4511 factam
806 4453 1079 4524 fuisse,ut
1098 4471 1231 4511 mox
1247 4455 1607 4521 dicebamus,
1617 4472 1682 4512 co
1690 4461 1853 4512 nten-

203 4544 402 4601 debat.
436 4543 607 4600 Favet
635 4542 772 4600 huic
802 4542 1027 4600 calculo
1057 4560 1174 4599 una
1206 4544 1409 4600 charta
1439 4562 1473 4601 a
1500 4545 1702 4601 Jureto
1724 4545 1851 4601 lau-

204 4634 501 4706 data,qua3
530 4633 667 4690 data
692 4633 909 4707 dicitur
937 4650 1084 4690 anno
1110 4651 1222 4689 xxv
1252 4633 1442 4690 Ivonis
1471 4636 1810 4707 episcopatus
1830 4653 1851 4699 ,ο

1957 3487 2098 3543 pum
2130 3471 2451 3538 electio,die
2482 3475 2819 3527 sanctorum
2841 3466 3408 3529 Innocentiumznam
3424 3474 3601 3545 hujus

1957 3563 2014 3616 et
2042 3560 2169 3631 ejus
2202 3560 2395 3616 aemuli
2443 3560 2773 3616 Sanctionis
2821 3562 3057 3617 nomine
3104 3561 3601 3620 consecrationem

1957 3647 2267 3704 Sausseius
2301 3664 2370 3704 ex
2415 3637 3120 3704 Monumentis'Ecclesiaa
3166 3634 3603 3708 Aurelianensis

1959 3737 2029 3792 ad
2064 3753 2281 3792 annum
2316 3737 2456 3792 1099
2486 3752 2547 3792 re
2576 3736 2708 3809 ipsa
2737 3735 3119 3810 consignavit,
3153 3722 3455 3809 septennia
3488 3741 3603 3797 sci-

1958 3824 2112 3892 licet,
2148 3831 2214 3882 ut
2242 3823 2586 3893 observavit,
2619 3816 2751 3900 post
2781 3825 2970 3882 Ivonis
3018 3825 3327 3905 Carnoteni
3377 3827 3606 3905 ordina-

1960 3915 2198 3972 tionem.
2888 3904 2889 3907 “
3182 3902 3185 3905 ’
3390 3900 3396 3908 ’
3440 3922 3445 3927 ’
3542 3901 3549 3907 ”

2028 4006 2118 4073 At,
2150 4003 2403 4077 inquies,
2435 4003 2771 4078 Sigebertus
2801 4008 3005 4061 auctor
3037 4003 3249 4078 gravis,
3284 3992 3387 4077 qui
3413 4004 3603 4062 Ivonis

1960 4099 2125 4151 aetate
2154 4094 2537 4165 vivebat,ejus
2567 4094 2992 4151 ordinationem
3025 4094 3093 4149 ad
3127 4112 3347 4150 annum
3376 4095 3515 4150 1092
3544 4094 3605 4151 in

1959 4182 2245 4240 Chronico
2276 4201 2382 4240 suo
2414 4182 2630 4240 retulit.
2661 4184 2902 4252 Verum,
2935 4182 3043 4239 etsi
3085 4182 3179 4240 hic
3228 4182 3390 4240 locus
3440 4182 3520 4240 ita
3544 4182 3604 4239 in

1961 4273 2261 4329 nonnullis
2310 4273 2581 4346 Sigiberti
2639 4268 3071 4345 exemplaribus
3128 4272 3433 4343 habeatur,
3495 4271 3606 4329 hoc

1960 4366 2155 4417 tamen
2189 4361 2653 4418 additamentum
2694 4378 2822 4418 esse
2870 4365 3029 4435 patet
3057 4378 3125 4418 ex
3154 4360 3285 4417 aliis
3314 4360 3604 4435 exempla-

1961 4451 2149 4518 ribus,
2180 4451 2240 4506 in
2274 4450 2489 4523 quibus
2518 4451 2639 4507 haec
2678 4442 2855 4507 verba
2884 4468 2999 4507 non
3050 4444 3407 4523 comparent.
3440 4451 3609 4507 Certe

1961 4540 2370 4596 desiderantur
2399 4540 2458 4594 in
2490 4540 2669 4595 Miraei
2702 4539 2975 4610 editione,
3009 4556 3135 4613 quae
3171 4539 3393 4596 caeteris
3437 4557 3606 4597 accu-

1962 4628 2141 4684 ratior
2172 4633 2277 4684 est.
2329 4631 2402 4683 At
2446 4623 2735 4684 fateamur
2782 4628 2838 4684 id
2888 4646 2921 4683 a
2964 4628 3265 4701 Sigeberto
3318 4628 3606 4701 scriptum

205 4722 344 4796 quin
376 4727 438 4780 et
465 4722 595 4795 ipso
625 4722 720 4781 Ivo
748 4722 809 4778 in
841 4722 1024 4779 altera
1050 4722 1466 4794 charta,quam
1498 4723 1653 4780 idem
1684 4724 1852 4781 Jure-
1882 4738 1928 4805 D
1956 4718 2162 4787 fuisse.
2198 4717 2252 4773 Is
2283 4734 2443 4785 sane,
2478 4717 2630 4773 sicut
2659 4722 2715 4772 et
2745 4717 2896 4773 alius
2928 4717 3173 4790 quilibet
3210 4727 3430 4786 auclor,
3464 4717 3604 4797 scri-

206 4816 300 4873 tus
328 4811 779 4879 refert,totidem
798 4812 888 4869 sui
916 4811 1286 4885 episcopatus
1302 4829 1486 4869 annos
1504 4830 1853 4870 commemo-

208 4899 470 4968 rat.At,si
501 4901 575 4957 ab
606 4917 758 4958 anno
789 4902 929 4958 1115
958 4904 1059 4958 aut
1087 4901 1509 4973 sequenti,quo
1541 4902 1850 4959 defunctus

205 4989 299 5047 Ivo
347 4976 586 5057 dicitur,
618 4988 1002 5046 detrahantur
1032 4989 1169 5046 anni
1212 4988 1296 5044 illi
1328 4989 1535 5063 viginti
1566 4991 1850 5063 quinque,

207 5094 354 5152 quos
382 5077 441 5136 in
473 5077 815 5151 episcopatu
828 5078 1095 5152 integros
1115 5077 1376 5152 exegisse
1405 5083 1507 5135 aut
1535 5079 1742 5136 saltem
1769 5080 1855 5136 in-

207 5167 448 5235 choasse
476 5167 782 5234 fatendum
829 5170 936 5237 est,
968 5168 1300 5226 invenietur
1339 5184 1492 5225 anno
1538 5168 1702 5236 1091,
1736 5186 1851 5242 quo

208 5256 448 5329 proinde
477 5257 609 5328 ejus
631 5257 923 5314 ordinatio
945 5256 1280 5331 consignari
1310 5257 1501 5313 debet.
1534 5257 1636 5313 His
1678 5275 1852 5331 argu-

206 5346 421 5403 mentis
434 5345 775 5411 addendum
807 5351 895 5403 est
921 5350 1090 5404 vetus
1122 5347 1578 5402 instrumentum
1614 5348 1685 5402 ab
1703 5347 1857 5420 ,Ἐδί-

206 5432 300 5492 dio
330 5426 429 5491 Bri
455 5434 807 5499 inHistoria
835 5436 1150 5497 Perticensi
1185 5434 1458 5503 relatum,
1491 5451 1606 5506 quo
1639 5435 1856 5492 Rober-

206 5528 301 5580 tus
342 5525 418 5581 de
462 5523 717 5581 Belismo
769 5512 1076 5583 ecclesiam
1127 5524 1312 5581 sancti
1365 5523 1649 5580 Leonardi
1706 5524 1855 5580 Beli-

208 5614 459 5670 smensis
477 5613 785 5671 monachis
811 5613 1421 5687 Maioris-Monasterii
1438 5612 1682 5669 tradidit
1701 5629 1854 5671 anno

209 5702 465 5774 1092;cui
498 5701 740 5775 quidem
771 5704 983 5760 charta
1012 5701 1468 5775 subscripsitlvo
1490 5701 1617 5773 jam
1635 5701 1857 5774 episco-

208 5809 338 5865 pus,
372 5792 739 5866 pruindeque
769 5784 1141 5852 consecratus
1194 5808 1347 5849 anno
1392 5790 1597 5849 saltem
1649 5809 1857 5866 praece-

1960 4809 2096 4864 bere
2147 4807 2336 4880 potuit
2367 4807 2599 4863 Ivonem
2647 4823 2800 4861 anno
2828 4807 2967 4861 1092
2996 4806 3382 4863 Carnotenam
3408 4807 3635 4864 sedem.

1960 4897 2181 4965 iniisse,
2217 4895 2431 4969 quippe
2479 4912 2615 4951 cum
2659 4896 2768 4950 sub
2818 4895 3198 4968 prmeedentis
3247 4894 3385 4952 anni
3429 4894 3606 4954 ﬁdem

1959 4988 2166 5062 Capuae
2198 4987 2259 5042 in
2310 4983 2473 5043 Italia
2501 4985 2574 5041 ab
2624 4985 2856 5041 Urbano
2883 4972 3259 5043 consecratus
3287 4985 3484 5055 fuerit,
3515 5003 3607 5043 re-

1959 5093 2094 5133 vera
2120 5076 2353 5133 nonnisi
2385 5091 2537 5131 anno
2569 5074 2708 5129 1092
2747 5074 2937 5147 potuit
2983 5092 3101 5131 suae
3155 5074 3423 5133 Ecclesiae
3472 5093 3608 5152 pos-

1962 5166 2286 5222 sessionem
2318 5165 2498 5221 adire.
2530 5164 2657 5219 Hmc
2690 5164 2970 5222 adversus
2999 5182 3098 5221 eos
3130 5165 3231 5238 qui
3285 5164 3477 5223 Ivonis
3515 5182 3607 5222 or-

1964 5254 2323 5311 dinationem
2355 5252 2508 5309 ultra
2537 5269 2756 5308 annum
2789 5254 2924 5310 1091
2953 5252 3249 5311 dili’erunt.
3504 5328 3511 5335 ο

2035 5347 2107 5399 At
2136 5343 2255 5411 alii,
2276 5346 2341 5398 ut
2368 5341 2693 5397 Souchetus
2723 5341 2782 5397 in
2814 5344 2977 5399 Notis
3007 5344 3079 5399 ad
3106 5344 3606 5421 Ivonisepistolas,

1965 5432 2142 5490 aliam
2190 5430 2599 5489 difficultatem
2640 5436 2892 5489 movent.
2928 5433 2970 5489 Ii
3004 5420 3221 5509 quippe
3251 5435 3613 5492 contendunt

1965 5523 2157 5579 Ivonis
2184 5520 2610 5578 ordinationem
2642 5520 2799 5578 ultra
2826 5539 3049 5579 annum
3081 5525 3219 5580 1090
3246 5523 3465 5580 differri
3494 5542 3610 5581 non

1965 5629 2156 5687 posse,
2187 5610 2363 5683 idque
2394 5611 2645 5683 probant
2669 5627 2737 5668 ex
2758 5628 2824 5668 eo
2855 5613 3011 5685 quod
3062 5631 3212 5669 anno
3265 5614 3405 5669 1115
3452 5613 3610 5670 obie-

1965 5705 2062 5774 rit,
2096 5719 2229 5759 cum
2246 5702 2369 5773 jam
2405 5717 2591 5758 annos
2622 5719 2731 5757 xxv
2759 5703 3128 5776 episcopatus
3160 5703 3365 5759 saltem
3385 5701 3608 5775 attigis-

1968 5798 2075 5850 set.
2121 5791 2359 5857 Deinde,
2410 5788 2659 5861 ipsemet
2687 5806 2776 5863 ep.
2809 5793 2915 5848 268
2943 5791 3176 5849 Waloni
3221 5790 3610 5849 Bellovacensi
