3972 6394
323 462 394 555 ρί
1624 468 1693 532 Β.
1741 469 1958 535 uasa

2079 468 2128 534 II
2171 471 2416 537 PAPE.
3646 471 3730 538 93

323 607 575 684 aliisque
602 601 892 682 episcOpis
922 601 984 664 in
1011 601 1278 675 concilio,
1311 605 1398 662 uti
1426 600 1676 675 videtur,
1709 601 1964 664 Bellova-
1993 603 2051 673 Α
2077 602 2262 682 phum
2293 602 2798 682 archiepiscopum
2828 605 3174 667 Remensem
3225 605 3432 667 scribit
3476 604 3548 666 de
3587 622 3730 664 con-

323 698 483 757 censi
516 714 716 756 mense
745 695 1050 755 Decembri
1081 712 1234 752 anno
1266 695 1402 752 1114
1431 693 1630 752 habito
1660 711 1971 770 congrega-

324 790 400 846 tis
428 788 951 862 inscripta,discrte
976 786 1060 844 ait
1089 801 1150 844 se
1173 786 1301 858 jam
1325 786 1520 858 viginti
1545 786 1784 858 quinque
1807 787 1969 841 annis

323 881 382 936 in
425 881 738 951 episcopatu
782 885 1058 933 moratum
1102 877 1295 948 fuisse.
1345 874 1609 946 Denique
1654 873 1714 929 in
1767 875 1970 930 charta

323 969 578 1043 quadam
623 968 760 1024 data
811 967 1014 1023 eodem
1063 982 1216 1021 anno
1269 966 1426 1029 1114,
1479 963 1775 1020 Paschalis
1806 981 1966 1037 papa

321 1075 512 1116 annus
541 1075 635 1112 xvr
673 1072 807 1112 cum
857 1055 1048 1111 Ivonis
1079 1072 1191 1110 xxv
1223 1053 1611 1126 componitur.
1643 1053 1778 1118 Qua
1826 1069 1968 1108 sane

320 1145 772 1222 probantlvonis
789 1144 1216 1202 ordinationem
1239 1143 1310 1199 ad
1335 1159 1638 1198 summum
1659 1159 1814 1198 anno
1831 1143 1968 1198 1090

322 1237 532 1293 debere
561 1233 915 1307 consignari.
949 1233 1165 1288 Verum
1196 1231 1246 1286 si
1276 1229 1464 1286 Ivonis
1503 1230 1700 1286 obitus
1749 1231 1820 1286 ad
1867 1247 1967 1286 an-

321 1343 466 1383 num
497 1326 656 1394 1116,
689 1328 754 1380 ut
783 1321 1066 1380 nonnulla
1096 1319 1444 1378 Kalendaria
1471 1319 1706 1386 habent,
1741 1335 1966 1375 revoce-

319 1421 438 1485 tur,
459 1412 620 1470 nulla
648 1413 758 1469 erit
785 1411 939 1468 circa
967 1411 1096 1482 ejus
1122 1407 1494 1482 episcopatus
1522 1423 1674 1462 anno
1707 1405 1962 1462 difﬁcul-

318 1509 430 1560 tas.
463 1505 629 1560 Tunc
655 1501 868 1574 quippe
891 1499 1062 1555 etiam
1093 1513 1246 1553 anno
1279 1495 1410 1550 1091
1445 1494 1964 1562 ordinatus,annos

316 1592 523 1668 viginti
553 1592 815 1665 quinque
837 1589 1210 1662 episcopatus
1239 1601 1516 1642 emensus
1546 1601 1576 1640 e
1605 1585 1726 1640 vita
1771 1600 1964 1640 exces-

315 1684 464 1740 sisse
513 1681 625 1740 dici
671 1683 881 1754 potest.
930 1681 1004 1734 At
1052 1677 1261 1735 demus
1307 1693 1443 1732 eum
1493 1691 1646 1730 anno
1695 1674 1854 1740 1115,
1899 1677 1964 1728 ut

315 1772 664 1830 Carnotenia
710 1767 1125 1842 martyrolcgia
1170 1766 1508 1838 praferunt,
1559 1764 1794 1831 obiisse,
1827 1781 1962 1820 cum

315 1863 444 1934 ejus
493 1877 652 1917 mors
705 1855 1209 1915 consentientibus
1265 1854 1562 1924 omnibus,
1618 1853 1728 1910 sub
1785 1853 1962 1908 ﬁnem

315 1949 652 2009 Decembris
682 1935 1021 2044 contigerit;
1055 1945 1231 2002 etiam
1253 1945 1426 2044 juata
1457 1943 1637 2044 illum
1669 1941 1959 2044 calculum
1990 1979 2038 2044 B

315 2041 410 2098 Ivo
459 2055 681 2095 annum
731 2037 822 2093 sui
875 2035 1248 2108 episcopatus
1297 2031 1639 2088 vicesimum
1687 2031 1960 2102 quintum

315 2127 584 2202 attigisse
611 2126 895 2183 dicendus
925 2127 1034 2190 est,
1067 2139 1131 2178 ac
1181 2121 1427 2195 proinde
1456 2120 1583 2193 ipse
1613 2119 1787 2175 etiam
1819 2119 1959 2174 scri-

313 2220 450 2276 bere
481 2215 670 2290 potuit
694 2214 871 2290 paulo
901 2217 1034 2270 ante
1065 2216 1312 2268 mortem
1335 2226 1397 2266 se
1419 2211 1548 2281 jam
1575 2208 1778 2281 viginti
1797 2207 1963 2280 quin-

315 2324 427 2380 que
454 2303 916 2376 annos,rotundo
945 2303 1282 2370 numero,ut
1311 2300 1433 2355 ﬁeri
1465 2298 1706 2364 solet,in
1737 2297 1960 2370 episco-

312 2401 449 2470 patu
485 2397 774 2452 moratum
809 2393 1010 2450 fuisse.
1043 2390 1284 2447 Gravior
1312 2392 1402 2445 est
1431 2387 1614 2444 altera
1641 2384 1957 2456 diﬁcultas,

313 2486 364 2542 si
409 2485 690 2542 mendum
738 2481 969 2538 nullum
1015 2480 1076 2536 in
1125 2477 1459 2550 exemplum
1505 2476 1718 2532 charta
1749 2492 1784 2531 a
1813 2476 1960 2532 Sou-

310 2554 478 2632 cheto
511 2573 760 2630 laudata
793 2568 1110 2644 irrepserit.
1128 2571 1200 2625 At
1231 2585 1346 2624 non
1375 2571 1540 2623 tanta
1570 2564 1802 2622 videtur
1829 2581 1960 2621 esse

310 2663 490 2736 hujus
521 2661 828 2737 fragmenti
849 2659 1165 2716 auctoritas
1177 2661 1241 2713 ut
1262 2660 1553 2729 receptam
1576 2655 1650 2710 ab
1671 2653 1960 2711 universis

309 2751 670 2817 auctoribus,
703 2750 881 2806 etiam
913 2747 1193 2819 antiquis,
1229 2745 1332 2818 qui
1363 2761 1568 2800 omnes
1601 2741 1790 2799 Ivonis
1811 2741 1960 2798 ordi-

311 2841 606 2898 nationem
638 2839 793 2895 ultra
820 2854 1042 2894 annum
1089 2837 1228 2890 1090
1275 2835 1576 2900 differunt,
1607 2831 1958 2888 sententiam

309 2911 533 2988 elevare
562 2927 834 3002 possit.Si
866 2925 1002 2998 quis
1029 2929 1226 2980 tamen
1245 2923 1400 2979 hanc
1431 2925 1531 2978 aut
1562 2921 1785 2978 similes
1797 2919 1960 2977 char-

309 3022 402 3076 tas
429 3016 773 3074 indubitata
803 3014 1042 3072 omnino
1075 3011 1206 3068 fidei
1243 3027 1373 3068 esse
1419 3009 1768 3084 probaverit,
1799 3008 1958 3065 haud

310 3107 565 3164 multum
596 3105 1094 3178 refragabor,cum
1127 3101 1398 3158 Urbanus
1423 3099 1482 3155 in
1514 3097 1957 3172 Campania,ubi

309 3198 542 3254 Ivonem
572 3193 882 3258 ordinavit,
907 3208 1068 3264 aque
1093 3207 1246 3247 anno
1279 3189 1418 3246 1090
1445 3205 1514 3244 ac
1542 3187 1810 3260 sequenti
1830 3203 1958 3244 ver-

308 3289 472 3343 satus
503 3283 696 3355 fuerit,
729 3287 787 3338 et
815 3283 1160 3355 argumenta
1189 3296 1318 3352 qua
1360 3277 1714 3350 protulimus
1761 3277 1820 3333 id
1851 3293 1952 3350 po-

2082 695 2473 771 sanguinitate
2527 714 2653 770 qua
2709 697 2860 754 inter
2911 697 3194 756 Flandria
3253 696 3486 756 comitis
3533 695 3729 754 filium

2077 790 2132 842 et
2184 787 2362 843 ﬁliam
2432 787 2666 844 comitis
2719 788 3084 846 Rodonensis
3147 787 3565 857 intercedebat,
3623 786 3733 844 ubi

2076 881 2420 949 praesentem
2471 893 2532 932 se
2583 877 2765 935 fuisse
2813 878 2894 934 ait
2941 879 3001 934 in
3050 878 3213 935 curia
3257 879 3538 948 Romana,
3589 893 3732 934 cum

2075 983 2276 1022 eorum
2307 965 2664 1040 genealogis,
2691 967 2936 1038 jubente
2965 967 3197 1025 Urbano
3230 985 3398 1040 papa,
3431 965 3732 1024 examina-

2075 1059 2254 1110 retur.

2299 1143 2438 1200 CIII.
2472 1145 2756 1204 Flandriw
2777 1146 2916 1202 cieri
2943 1146 3169 1202 libertas
3195 1145 3494 1202 vindicata.

2145 1233 2404 1290 Turbata
2433 1250 2664 1307 quoque
2697 1235 2805 1290 fuit
2835 1233 2946 1290 hoc
2974 1251 3147 1302 anno,
3181 1238 3282 1290 aut
3307 1237 3561 1298 certe,ut
3591 1233 3728 1290 aliis

2074 1322 2281 1394 placet,
2313 1323 2602 1396 sequenti,
2635 1322 2920 1380 Flandria
2963 1323 3222 1380 Ecclesia
3270 1341 3304 1379 a
3343 1323 3596 1380 Roberto
3627 1339 3728 1378 co-

2073 1413 2234 1480 mite,
2267 1416 2654 1484 cognomento
2689 1412 2894 1479 Frisio,
2927 1413 3026 1485 qui
3056 1429 3296 1486 pravam
3341 1411 3730 1468 consuetudi-

2073 1517 2207 1556 nem
2252 1503 2371 1574 iam
2401 1501 2629 1558 dudum
2661 1501 3027 1574 antiquatam
3077 1517 3355 1558 renovare
3383 1517 3725 1575 aggressus,

2071 1589 2457 1646 constituerat
2486 1595 2570 1659 ut,
2599 1589 2833 1646 sublata
2861 1589 3090 1647 clericis
3121 1589 3374 1646 testandi
3425 1587 3727 1658 facultate,

2071 1695 2274 1736 eorum
2303 1678 2613 1736 hareditas
2643 1680 2783 1736 ﬁsco
2815 1679 3417 1736 attribueretur.Hane
3440 1677 3728 1751 injuriam

2071 1784 2220 1841 agre
2251 1767 2488 1825 omnino
2516 1767 2651 1824 tulit
2679 1768 2870 1825 clerus
2897 1768 3306 1837 Flandrensis;
3331 1785 3587 1842 cumque
3617 1784 3729 1824 nec

2069 1857 2350 1913 abbatum
2381 1873 2486 1913 nec
2515 1857 2921 1930 episcoporum
2952 1873 3154 1930 preces
3183 1861 3288 1913 aut
3311 1857 3535 1913 monita
3564 1857 3728 1930 apud

2072 1945 2344 2002 comitem
2376 1945 2776 2019 profecissent,
2805 1945 2922 2003 imo
2957 1961 3062 2002 nec
3087 1963 3222 2002 eum
3266 1945 3396 2018 ipsa
3435 1950 3728 2018 metropo-

2069 2033 2238 2091 litani
2271 2034 2578 2091 Remensis
2625 2035 2946 2092 auctoritas
2995 2051 3029 2090 a
3075 2035 3372 2108 proposito
3423 2035 3726 2092 retrahere

2069 2123 2372 2191 valuisset,
2405 2139 2500 2180 res
2529 2128 2622 2180 est
2649 2124 2724 2180 ad
2765 2123 3067 2180 Urbanum
3117 2123 3328 2180 deleta.
3361 2123 3468 2190 Qui
3515 2123 3726 2180 statim

2068 2212 2293 2269 litteras
2321 2213 2395 2270 ad
2426 2213 2743 2270 Robertum
2775 2213 3030 2286 scripsit,
3063 2217 3132 2268 ut
3161 2228 3296 2269 eum
3346 2231 3381 2269 a
3420 2212 3523 2270 tali
3551 2229 3728 2270 vexa-

2069 2302 2228 2358 tione
2281 2303 2632 2371 deterreret;
2693 2302 2840 2360 datae
2894 2307 3024 2359 sunt
3081 2302 3390 2359 Castraneti
3435 2317 3495 2359 ιν
3539 2302 3728 2359 Nonas

2068 2393 2392 2460 Decembris,
2425 2407 2524 2448 seu
2560 2396 2625 2447 ut
2653 2391 2831 2448 habet
2859 2391 3119 2460 Locrius,
3155 2392 3302 2464 apud
3329 2391 3594 2448 Sanctum
3622 2394 3730 2448 Pe-

2069 2489 2218 2536 trum
2245 2495 2390 2537 anno
2423 2479 2754 2536 1091.Certe
2774 2481 2902 2553 jam
2934 2496 3136 2537 mense
3153 2481 3460 2536 Novembri
3478 2481 3730 2537 Romam

2067 2569 2178 2626 hoc
2207 2586 2358 2626 anno
2391 2568 2641 2625 redierat
2670 2569 3018 2638 Urbanus,si
3052 2570 3148 2626 Ivo
3181 2569 3241 2625 in
3270 2567 3519 2643 cpistola
3543 2571 3618 2625 27
3649 2571 3727 2626 ad

2068 2659 2366 2716 Eudonem
2397 2659 2468 2714 de
2497 2675 2564 2714 eo
2599 2657 2792 2725 itineri
2826 2657 3025 2714 Italico
3053 2658 3351 2730 loquatur,
3383 2659 3444 2715 in
3493 2675 3609 2732 quo
3643 2660 3722 2716 ab

2069 2748 2299 2805 Urbano
2325 2746 2630 2804 ordinatus
2661 2747 2790 2802 fuit.
2823 2747 2917 2804 Sic
2965 2747 3180 2820 quippe
3227 2747 3404 2804 habet
3436 2765 3448 2802 :
3482 2749 3556 2804 De
3602 2749 3722 2822 ipso

2067 2853 2192 2894 vero
2242 2853 2408 2910 papa,
2468 2837 2534 2892 de
2595 2852 2698 2908 quo
2761 2837 3118 2910 quasiisti....
3185 2853 3370 2894 mense
3431 2838 3723 2895 Novembri

2065 2943 2192 2982 cum
2215 2943 2274 2982 eo
2303 2927 2530 2982 Romam
2553 2927 2782 2996 paciﬁce
2835 2927 3063 2997 intravi,
3093 2942 3277 2982 mense
3329 2927 3596 2984 Januario
3637 2929 3722 2983 ibi

2065 3031 2191 3072 eum
2231 3015 2440 3071 dimisi.
2487 3015 2570 3071 Ibi
2619 3015 2796 3070 adhuc
2833 3019 3104 3082 moratur,
3151 3023 3203 3071 et
3245 3014 3586 3072 adversariis
3616 3017 3722 3072 Ro-

2069 3121 2252 3161 mana
2287 3105 2562 3174 Ecclesiae,
2615 3108 2883 3176 quantum
2935 3105 3038 3160 Deo
3079 3103 3317 3162 donante
3341 3105 3604 3178 praevalet
3629 3107 3726 3162 ob-

2067 3193 2324 3250 luctatur.
2383 3193 2686 3249 Neminem
2733 3209 2867 3249 vero
2926 3209 3156 3250 movere
3202 3193 3374 3250 debet
3421 3194 3577 3266 quod
3627 3193 3728 3250 alii

2070 3282 2370 3339 Urbanum
2410 3284 2613 3348 Rom,
2646 3281 2742 3337 alii
2777 3285 2936 3338 extra
2986 3283 3209 3338 Romam
3240 3281 3314 3338 ob
3347 3281 3614 3338 Guiberti
3649 3283 3731 3338 fa-

307 3374 605 3434 tissimum
663 3351 932 3429 evincent
991 3351 1221 3426 Ivonem
1294 3370 1426 3422 ante
1493 3383 1714 3422 annum
1795 3365 1952 3434 1092,
1989 3351 2032 3419 C
2069 3371 2322 3428 ctionem
2351 3375 2492 3427 tunc
2521 3369 2812 3428 exstitisse
2842 3371 3204 3444 scripserint,
3237 3372 3416 3428 Romae
3445 3371 3602 3427 enim
3625 3389 3728 3430 no-

307 3465 463 3537 quod
493 3461 756 3536 plerique
787 3462 1157 3534 putaverunt,
1181 3460 1585 3514 consecratum
1613 3457 1684 3512 ab
1715 3455 1948 3512 Urbano

305 3553 510 3612 fuisse.

377 3641 640 3700 Pontifex
667 3639 956 3697 celebrata
985 3636 1176 3695 Ivonis
1209 3635 1576 3694 ordinatione
1626 3634 1948 3692 orationem

306 3733 379 3791 ad
411 3748 546 3790 eum
567 3729 795 3799 habuit,
821 3745 938 3802 qua
967 3727 1039 3796 ei,
1073 3743 1176 3802 pro
1207 3725 1584 3798 antiquorum
1616 3727 1949 3798 temporum

306 3839 487 3888 more,
513 3819 790 3894 praeclara
818 3819 888 3875 de
921 3834 1162 3874 munere
1193 3815 1306 3889 ipsi
1335 3814 1612 3887 imposito
1625 3814 1953 3871 monitade—

306 3911 538 3980 dit;hac
569 3909 724 3964 inter
751 3905 970 3964 Urbani
1000 3903 1280 3978 epistolas
1309 3903 1563 3972 dabitur,
1580 3903 1671 3958 cui
1703 3903 1951 3974 subjun-

305 4003 517 4074 gentur
545 3997 811 4068 ejusdem
840 3992 1134 4067 pontiﬁcis
1161 3991 1384 4062 littera,
1417 3992 1490 4048 ad
1537 3993 1952 4048 Carnotensem

305 4089 526 4146 clerum
575 4089 632 4142 et
678 4083 962 4158 populum
1013 4082 1240 4154 scripta
1271 4079 1366 4136 die
1395 4097 1493 4138 vm
1526 4079 1816 4136 Kalendas
1844 4079 1953 4136 De-

307 4175 652 4244 cembris,et
679 4172 936 4241 alia,die
967 4169 1254 4244 sequenti,
1271 4169 1343 4226 ad
1375 4169 1710 4226 Richerium
1743 4173 1954 4225 metro-

307 4265 632 4339 politanum
663 4263 872 4335 Capua
897 4262 1137 4328 data,ut
1165 4275 1265 4316 eos
1296 4259 1366 4315 de
1395 4259 1670 4316 Gaufredi
1693 4261 1956 4316 exaucto-

308 4355 530 4412 ratione
560 4357 627 4422 et.
648 4351 840 4408 Ivonis
868 4349 1238 4407 ordinatione
1285 4349 1560 4405 certiores
1615 4347 1849 4404 faceret.
1884 4349 1957 4404 At

306 4444 401 4502 his
434 4460 546 4498 non
578 4442 739 4498 stetit
780 4439 1110 4506 Ricberius,
1142 4437 1242 4510 qui
1277 4455 1432 4494 anno
1464 4437 1754 4510 sequenti,
1785 4435 1953 4493 insti-

307 4537 484 4608 gante
531 4531 909 4606 potissimum
959 4527 1229 4602 episcopo
1275 4525 1609 4595 Parisiensi,
1643 4525 1955 4583 concilium

309 4607 657 4696 Stampense
687 4637 754 4677 eo
786 4607 981 4676 animo
1011 4617 1342 4683 celebravit,
1375 4620 1442 4673 ut
1489 4617 1682 4673 Ivonis
1713 4617 1954 4674 ordina-

2057 3459 2215 3516 mine
2246 3459 2530 3533 plerique,
2565 3461 2818 3516 maxime
2855 3459 3138 3531 extranei,
3172 3459 3298 3516 loca
3345 3461 3525 3516 etiam
3576 3460 3726 3530 Urbi

2055 3547 2268 3616 vicina,
2298 3567 2426 3621 qua
2459 3549 2762 3606 Bertoldus
2793 3550 2978 3606 Sancti
3020 3551 3172 3606 Petri
3215 3553 3377 3606 terra
3426 3549 3716 3607 vocabulo

2059 3638 2365 3712 designare
2395 3637 3156 3710 solet,comprehendebant.
3175 3638 3455 3695 (laterum
3487 3638 3707 3696 Urbani

2060 3726 2302 3784 monitis
2333 3744 2451 3783 non
2481 3726 2678 3799 paruit
2707 3727 3015 3795 Robertus,
3039 3727 3222 3784 donec
3252 3744 3405 3784 anno
3437 3727 3706 3801 sequenti

2060 3833 2238 3872 causa
2268 3815 2339 3871 ad
2371 3814 2685 3871 concilium
2717 3815 3002 3872 Remense
3039 3815 3252 3888 delata,
3285 3815 3338 3872 ei
3369 3833 3401 3873 a
3436 3816 3708 3873 Patribus

2061 3903 2470 3961 denuntiatum
2503 3906 2613 3970 est,
2647 3907 2714 3960 ut
2742 3903 2855 3960 nisi
2887 3903 3022 3974 cito,
3055 3904 3372 3978 pontiﬁciis
3393 3922 3460 3962 ac
3491 3905 3710 3978 episco-

2060 4009 2272 4066 porum
2321 3991 2875 4050 commonitionibus
2927 3994 3372 4066 obtemperaret,
3415 3997 3472 4050 et
3517 3993 3713 4050 ablata

2062 4081 2416 4148 restitueret,
2466 4081 2593 4154 ipso
2643 4081 2770 4138 diro
2820 4082 3204 4149 anathemati,
3248 4086 3373 4140 tota
3418 4099 3551 4140 vero
3582 4083 3713 4156 ejus

2061 4175 2219 4228 terra
2274 4170 2582 4227 interdicto
2638 4169 3032 4228 ecclesiastico
3092 4171 3497 4244 subjiceretur.
3555 4173 3714 4236 Quas

2063 4261 2256 4318 minas
2284 4259 2380 4316 ille
2407 4259 2626 4316 veritus
2656 4261 2928 4318 Patribus
2959 4277 3025 4317 ac
3055 4259 3207 4318 clero
3225 4260 3394 4334 plene
3408 4261 3711 4332 satisfecit,

2063 4354 2131 4406 ut
2157 4367 2226 4406 ex
2255 4349 2383 4421 ejus
2413 4349 2642 4406 concilii
2672 4349 2820 4406 actis
2848 4348 3156 4420 discimus,
3175 4367 3304 4424 qua
3333 4368 3367 4407 a
3395 4349 3712 4408 Sirmundo

2064 4457 2133 4497 ex
2170 4439 2367 4496 codice
2416 4437 2764 4496 Montis-Dei
2808 4439 3102 4512 descripta
3148 4439 3416 4496 Labbeus
3459 4443 3619 4496 temo
3667 4441 3713 4498 Χ

2064 4528 2454 4586 Conciliorum
2487 4527 2757 4583 inseruit.

2207 4617 2344 4674 CIV.
2379 4617 2645 4673 Cervinus
2666 4617 2728 4672 in
2755 4616 2876 4672 sede
2906 4615 3258 4672 Ambianensi
3281 4615 3564 4688 ﬁrmatur.

307 4713 524 4770 tionem
557 4707 1151 4768 convelleret.Viden€
1161 4723 1204 4762 ω
1217 4723 1286 4762 ea
1296 4706 1368 4762 de
1397 4723 1458 4762 re
1486 4707 1752 4778 ejusdem
1766 4705 1955 4763 Ivonis
1985 4723 2032 4790 ι)
2133 4707 2220 4764 Ad
2250 4707 2408 4764 hunc
2420 4723 2652 4780 quoque
2665 4721 2888 4762 annum
2902 4705 3154 4762 revocari
3181 4707 3391 4764 debere
3403 4722 3714 4764 censemus

308 4799 589 4875 epistola,
621 4803 656 4856 8
680 4799 1082 4873 potissimum,
1116 4812 1245 4869 qua
1291 4798 1383 4852 est
1411 4797 1481 4851 ad
1516 4795 1715 4869 ipsum
1747 4795 1954 4852 Ricbe-

309 4890 485 4960 rium,
513 4894 573 4946 et
601 4891 670 4946 12
693 4889 926 4946 Urbano
956 4884 1217 4960 pontiﬁci
1251 4883 1552 4958 inscripta.
1578 4885 1731 4941 Irriti
1761 4889 1957 4942 tamen

308 4979 500 5038 Ivonis
545 4977 1016 5035 adversariorum
1069 4977 1318 5031 conatus
1365 4973 1548 5043 fuere,
1600 4978 1658 5030 et
1704 4975 1830 5047 ipse
1883 4975 1956 5032 ad

310 5073 558 5127 mortem
591 5083 779 5140 usque
822 5067 1238 5123 Carnotensem
1285 5061 1607 5120 Ecclesiam
1651 5063 1818 5130 rexit,
1852 5065 1955 5122 sed

311 5173 428 5214 non
459 5157 682 5228 absque
709 5153 987 5229 gravibus
1018 5154 1075 5208 et
1103 5151 1222 5208 fere
1253 5151 1544 5208 continuis
1573 5151 1756 5208 animi
1777 5169 1956 5227 angu-

313 5245 462 5314 stiis,
485 5248 546 5301 et
574 5241 1092 5310 sollicitudinibus,
1127 5257 1274 5314 quas
1306 5240 1546 5313 passim,
1581 5241 1957 5314 potissimum

313 5335 374 5390 in
405 5333 687 5408 epistolis,
720 5333 776 5401 3,
811 5334 878 5387 12
907 5335 963 5387 et
990 5333 1062 5386 25
1092 5331 1162 5385 ad
1213 5329 1409 5402 ipsum
1457 5329 1758 5388 Urbanum
1803 5331 1958 5388 datis

313 5425 755 5490 commemorat,
785 5421 846 5477 in
877 5421 949 5476 iis
982 5423 1176 5476 autem
1206 5435 1268 5476 se
1288 5421 1562 5476 uterinum
1591 5425 1640 5476 et
1667 5422 1961 5494 specialem

312 5513 455 5570 sedis
475 5513 780 5586 apostolica:
809 5511 992 5582 filium
1019 5525 1148 5566 esse
1175 5507 1478 5583 gloriatur,
1504 5511 1578 5567 ob
1609 5510 1719 5568 hoc
1751 5527 1960 5584 nempe

315 5603 470 5676 quod
503 5602 576 5658 ab
607 5603 736 5675 ipso
783 5599 1056 5674 pontifice
1102 5598 1310 5656 fuisset
1359 5604 1752 5658 consecratus.
1784 5601 1960 5670 Porro

315 5694 388 5749 ad
419 5693 744 5749 Romanum
777 5689 920 5746 illud
973 5689 1164 5746 Ivonis
1193 5688 1304 5745 iter
1333 5691 1657 5748 revocanda
1703 5694 1860 5759 sunt,
1895 5695 1962 5747 ut

316 5782 554 5854 quidem
584 5781 832 5850 videtur,
865 5795 932 5838 ea
962 5796 1088 5853 qua
1119 5779 1180 5835 in
1211 5777 1457 5852 epistola
1485 5780 1584 5834 211
1621 5780 1691 5835 ad
1743 5780 1958 5838 Rodul-

2065 4796 2392 4864 Gervini,ex
2421 4793 2708 4852 monacho
2742 4794 3082 4868 Remigiano
3095 4795 3326 4852 abbatis
3349 4795 3716 4853 Gentulensis

2066 4886 2406 4944 electionem
2437 4885 2499 4941 in
2527 4885 2986 4942 Ambianensem
3018 4885 3567 4959 episcopum,quam
3581 4901 3715 4941 cum

2067 4974 2334 5033 nonnulli
2349 4973 2672 5031 convellere
2687 4975 3193 5048 conarentur,ipse
3210 4975 3456 5032 Romam
3469 4991 3603 5031 cum
3623 4974 3718 5031 sui

2067 5063 2499 5138 metropolitani
2515 5061 2728 5121 litteris
2755 5081 2880 5121 com
2889 5063 3250 5122 mendatitiis
3263 5063 3721 5132 contendit,cau-

2067 5173 2194 5212 sam
2225 5171 2395 5212 suam
2427 5170 2618 5210 coram
2651 5153 2923 5227 pontiﬁce
2971 5155 3345 5212 defensurus.
3375 5145 3447 5210 Et
3478 5153 3716 5226 quidem

2066 5262 2202 5302 cum
2233 5248 2365 5316 post
2393 5243 2541 5300 duos
2583 5258 2815 5300 menses
2863 5259 3036 5300 nemo
3084 5247 3389 5300 accusator
3436 5243 3716 5300 adversus

2068 5351 2202 5390 eum
2217 5331 2927 5406 comparuisset,pontil'ex
2955 5333 3006 5404 ej
3017 5350 3086 5389 us
3101 5331 3443 5390 electionem
3456 5348 3716 5404 compro-

2066 5423 2242 5490 bavit,
2275 5421 2430 5478 datis
2461 5438 2528 5478 ea
2558 5421 2630 5476 de
2661 5436 2721 5476 re
2751 5419 2964 5478 litteris
2993 5421 3066 5478 ad
3097 5419 3382 5495 populum
3412 5424 3468 5478 et
3493 5419 3712 5476 clerum

2065 5510 2542 5577 Ambianensem,
2562 5509 2780 5582 quibus
2804 5509 2889 5566 eis
2921 5511 3164 5568 mandat
3188 5514 3254 5568 ut
3279 5527 3414 5567 eum
3445 5525 3550 5583 pro
3578 5525 3712 5566 vero

2068 5605 2125 5658 et
2151 5600 2412 5675 legitimo
2443 5602 2676 5672 pastore
2707 5599 3008 5657 haberent.
3043 5601 3181 5658 Post
3227 5601 3470 5656 modum
3499 5599 3713 5654 iterum

2069 5694 2402 5759 accusatus,
2421 5689 2635 5745 iterum
2665 5689 2842 5746 etiam
2856 5689 3051 5748 Roma
3067 5693 3352 5765 purgatus
3369 5687 3713 5757 est,etnovis

2066 5781 2277 5838 litteris
2307 5797 2340 5836 a
2368 5778 2641 5854 pontiﬁce
2661 5779 2988 5854 impetratis
3019 5781 3077 5837 in
3108 5797 3216 5838 sua
3245 5781 3383 5837 sede
3411 5777 3716 5836 conﬁrma-
