3972 6402
212 484 332 561 η93
1848 482 1901 555 ν

2016 492 2066 554 l3

3546 478 3658 559 79‘

254 627 372 685 tus.
392 623 610 693 Primis
640 623 787 683 data
810 626 951 685 sunt
972 640 1174 685 mense
1202 624 1525 697 Decembri,
1553 624 1655 691 sed
1676 642 1897 686 annum
1925 622 1983 692 Α
2012 643 2195 686 unum
2226 640 2257 686 e
2286 624 2427 687 ﬁliis
2457 626 2581 687 suis
2610 625 2900 701 amisisse,
2932 628 3053 705 qui,
3085 627 3144 688 in
3172 628 3370 705 praelia
3401 628 3649 703 occisus,

224 732 372 773 non
404 717 758 790 exprimunt.
814 718 977 774 Haud
1026 721 1221 775 tamen
1260 717 1533 775 videntur
1561 718 1714 777 ultra
1743 719 1900 777 hunc

255 823 480 864 annum
501 806 720 863 differri
738 824 930 880 posse.
952 809 1076 864 Non
1092 808 1248 864 enim
1271 809 1418 867 datae
1439 814 1578 865 sunt
1598 826 1748 865 anno
1766 810 1902 865 1093

256 900 524 953 exeunte.
547 896 695 952 Nam
712 896 822 952 hoc
840 897 967 970 ipso
984 915 1137 954 anno
1158 897 1440 959 Cervinus
1453 899 1580 970 jam
1593 899 1902 971 episcopus

257 985 611 1059 subscripsit
664 985 875 1042 chartae
933 1004 1036 1059 pro
1084 987 1327 1044 ecclesia
1380 988 1576 1044 Sancti
1626 988 1899 1057 Acheoli;

256 1075 374 1131 imo
394 1075 663 1131 interfuit
688 1075 932 1131 concilio
958 1077 1250 1144 Remensi,
1276 1078 1431 1149 quod
1454 1078 1514 1132 in
1539 1095 1715 1135 causa
1746 1083 1906 1135 Atre-

256 1164 521 1221 batensis
542 1165 806 1220 Ecclesiae
825 1182 1024 1222 mense
1039 1166 1246 1224 Martio
1267 1166 1623 1223 celebratum
1644 1172 1750 1236 est,
1776 1186 1902 1240 quae

257 1253 404 1310 ratio
448 1258 604 1311 vetat
633 1253 807 1310 etiam
863 1271 934 1310 ne
963 1255 1037 1310 ad
1087 1256 1263 1311 tinem
1311 1257 1449 1314 anni
1484 1258 1623 1312 1092
1651 1258 1903 1313 revocari

260 1344 640 1417 possint.Non
657 1343 811 1400 enim
826 1343 1141 1401 verisimile
1162 1348 1250 1401 est
1270 1346 1585 1402 Gervinum
1608 1346 1763 1402 intra
1782 1351 1903 1403 tam

260 1437 581 1507 angustum
612 1432 892 1505 temporis
919 1433 1173 1505 spatium
1201 1450 1336 1490 cum
1359 1435 1674 1507 pontiﬁciis
1696 1436 1905 1493 litteris

258 1527 352 1578 vix
383 1523 457 1578 ad
487 1522 687 1579 sedem
737 1538 905 1577 suam
938 1539 1255 1591 reversum,
1292 1541 1324 1579 a
1354 1525 1477 1580 suis
1526 1524 1902 1598 exagitatam,

262 1611 510 1669 concilio
532 1610 847 1667 Rhemensi
871 1611 1224 1679 interfuisse,
1247 1613 1445 1685 ibique
1467 1617 1806 1671 accusatum
1827 1614 1910 1670 Si-

236 1699 494 1768 ,moniaa,
526 1699 742 1756 iterum
773 1699 990 1757 adiisse
1019 1702 1287 1769 Romam,
1311 1703 1410 1759 ubi
1437 1720 1566 1760 sese
1584 1703 1766 1759 altera
1784 1704 1907 1760 vice

264 1793 593 1864 purgasset.
633 1789 764 1845 Hzec
791 1789 947 1846 enim
979 1790 1177 1847 omnia
1208 1792 1364 1848 intra
1393 1810 1493 1848 sex
1519 1810 1749 1850 menses
1782 1792 1906 1849 ﬁeri

262 1879 624 1949 debuissent,
648 1879 699 1935 si
729 1879 928 1951 primae
960 1879 1174 1936 Urbani
1200 1881 1402 1937 litterae
1434 1899 1633 1939 mense
1664 1883 1905 1938 Decem-

260 1969 352 2026 bri
379 1972 645 2035 exeunte,
669 1973 726 2024 et
747 1970 1015 2025 secundae
1035 1987 1236 2026 mense
1254 1970 1408 2027 Julio
1431 1973 1697 2043 sequenti
1722 1972 1908 2028 consi-
1936 1997 1985 2063 Β

240 2062 533 2131 ,εηθηιιιη
557 2058 766 2126 Quare,
792 2058 839 2114 si
871 2059 1017 2114 bene
1051 2059 1319 2131 conjicio,
1351 2060 1789 2118 convenientius
1818 2066 1909 2119 est

265 2145 499 2204 Gervini
532 2145 787 2227 primum
810 2147 919 2203 iter
950 2149 1279 2204 Romanum
1301 2149 1374 2204 ad
1405 2150 1582 2205 ﬁnem
1610 2151 1746 2206 anni
1773 2151 1903 2206 1091

262 2253 550 2303 revocare,
578 2237 901 2293 secundum
924 2238 995 2292 ad
1017 2254 1238 2293 annum
1262 2239 1417 2309 1093,
1441 2244 1573 2310 post
1593 2239 1907 2296 concilium

266 2325 615 2392 Rbemense,
627 2329 802 2398 atque
823 2342 889 2382 eo
902 2327 1073 2383 modo
1085 2326 1182 2384 hic
1193 2328 1440 2385 antistes
1457 2333 1733 2384 exeuntes
1755 2346 1908 2385 anno

262 2415 424 2483 4091,
456 2414 744 2487 vigesima
769 2414 990 2471 scilicet
1020 2417 1113 2471 die
1144 2415 1499 2484 Decembris,
1533 2418 1786 2490 acceptis
1836 2418 1907 2474 ab

265 2504 496 2560 Urbano
526 2500 763 2560 litteris
786 2505 969 2560 Roma
1000 2506 1312 2576 profectus,
1360 2506 1713 2563 Ambianum
1744 2507 1908 2564 initio

264 2593 571 2666 sequentis
598 2594 735 2649 anni
767 2594 1023 2662 redierit,
1047 2595 1146 2650 ubi
1179 2612 1311 2650 cum
1343 2595 1682 2668 aliquandiu
1716 2596 1907 2668 degis-

263 2687 373 2753 set,
405 2683 616 2740 iterum
648 2682 975 2756 exagitatus
1024 2688 1131 2739 est.
1179 2685 1346 2740 Forte
1377 2686 1533 2757 quod
1565 2685 1908 2742 clericorum

237 2771 816 2833 ~concubinariorum
840 2772 1127 2844 pravitati,
1153 2777 1217 2829 ut
1241 2773 1504 2830 Urbanus
1523 2774 1719 2831 innuit
1741 2776 1798 2830 in
1825 2792 1910 2831 se-

265 2860 480 2918 cundis
502 2859 618 2916 illis
640 2860 872 2927 litteris,
895 2862 1330 2927 adversaretur;
1363 2868 1465 2918 aut
1492 2868 1646 2919 certe
1679 2865 1751 2919 ob
1782 2865 1909 2936 ejus

262 2950 423 3019 vitia,
457 2967 571 3007 non
606 2949 763 3005 enim
813 2951 968 3023 apud
1016 2951 1325 3024 plerosque
1355 2953 1484 3023 ejus
1512 2954 1613 3007 aevi
1643 2958 1909 3009 auctores

262 3039 482 3111 optime
530 3039 734 3095 audiit.
785 3041 947 3096 Certe
993 3040 1051 3095 in
1101 3040 1344 3097 concilio
1376 3041 1691 3098 Rhemensi
1745 3042 1908 3098 initio

263 3128 402 3185 anni
422 3128 582 3195 1093,
614 3128 708 3201 cui
734 3146 868 3184 eum
902 3129 1238 3186 interfuisse
1260 3136 1506 3198 constat,
1524 3131 1795 3187 Simonize
1822 3148 1912 3188 ac-

263 3221 506 3274 cusatus
527 3222 645 3274 est:
681 3234 860 3290 quare
884 3218 1126 3274 Romam
1155 3220 1313 3275 adire
1334 3219 1655 3289 constituit,
1684 3220 1779 3276 ubi
1802 3220 1909 3276 hac

261 3307 435 3364 etiam
454 3306 637 3363 altera
655 3307 777 3363 vice
795 3311 1096 3379 purgatus,
1119 3307 1342 3364 litteras
1365 3326 1400 3364 a
1425 3308 1697 3365 Pontifice
1715 3309 1897 3381 impe-

261 3396 440 3451 travit
460 3396 629 3453 datas
647 3414 721 3452 xv
751 3364 1044 3453 Kalendas
1066 3364 1335 3470 Augusti,
1360 3414 1486 3469 quae
1507 3364 1760 3454 suoloco
1783 3364 1911 3471 pro-
1941 3364 1985 3432 α

266 3485 544 3541 ferentur.
577 3486 709 3542 Haec
755 3485 1113 3557 conjiciendo
1171 3486 1327 3542 dicta
1382 3486 1519 3556 sint,
1581 3488 1722 3543 dum
1777 3487 1913 3560 quis

267 3574 518 3631 certiora
558 3574 974 3647 deprehendat,
1037 3593 1151 3631 non
1203 3576 1359 3630 enim
1399 3576 1635 3632 difﬁcile
1665 3576 1775 3632 erit
1802 3577 1911 3634 has

266 3662 494 3720 litteras
518 3662 649 3720 aliis
671 3664 847 3720 etiam
878 3664 1049 3720 annis
1076 3663 1319 3736 illigare.

262 3769 373 3825 CV.
409 3769 660 3828 Urbanus
716 3773 873 3826 extra
924 3772 1372 3898 Urblgnatfestum
1425 3772 1638 3826 Natalis
1695 3773 1911 3827 Domini

954 3858 1014 3898 ce
1099 3859 1130 3897 r
1193 3885 1204 3895 .

954 3858 1185 3898 ceteorat
1193 3885 1204 3895 .

333 3930 452 3987 Hoc
482 3935 679 3987 autem
709 3947 862 3987 anno
893 3931 965 3987 ad
997 3931 1173 3987 ﬁnem
1192 3934 1479 4004 vergente,
1508 3935 1572 3987 ut
1599 3931 1907 3989 Bertoldus

259 4020 487 4084 scribit,
536 4020 797 4093 pontifex
841 4022 902 4075 in
948 4029 1154 4077 terram
1198 4023 1375 4076 sancti
1419 4022 1576 4077 Petri
1616 4038 1905 4089 reversus,

258 4113 425 4166 extra
446 4109 658 4165 Urbem
681 4110 894 4165 festum
916 4108 1139 4165 Natalis
1160 4108 1391 4165 Domini
1413 4109 1906 4183 celebravit,quod

258 4198 577 4254 Guibertus
620 4213 789 4271 prope
819 4198 1075 4254 Sanctum
1111 4201 1340 4253 Petrum
1376 4199 1752 4255 incastellatus
1781 4200 1908 4257 inde

258 4288 460 4360 absque
485 4288 779 4358 sanguinis
806 4289 1086 4359 effusione,
1120 4287 1275 4359 quod
1299 4286 1430 4360 pius
1454 4289 1708 4359 pontifex
1730 4289 1907 4344 maxi-

259 4392 352 4432 me
369 4376 741 4446 abhorrebat,
762 4375 898 4448 pelli
913 4394 1026 4432 non
1046 4375 1642 4448 potuisset.Henricus
1661 4377 1903 4443 interea,

261 4465 442 4527 nihilo
465 4464 662 4522 mitior
681 4464 866 4521 factus
887 4465 946 4520 in
971 4464 1392 4537 Langobardia,
1419 4464 1518 4520 ubi
1536 4465 1661 4536 jam
1687 4482 1721 4521 a
1742 4465 1905 4522 bien-

258 4554 355 4610 nio
386 4554 881 4625 commorabatur,
913 4553 1205 4626 susdeque
1236 4555 1435 4610 omnia
1477 4554 1757 4621 vertebat,
1799 4571 1904 4611 nec

258 4642 422 4712 locis,
446 4660 553 4699 nec
573 4643 839 4715 personis
859 4659 1123 4714 parcens,
1148 4647 1213 4698 ut
1242 4642 1630 4715 Welphonem
1659 4643 1708 4714 ej
1719 4660 1903 4715 usque

259 4733 569 4806 conjugem
590 4731 928 4788 Mathildem
949 4731 1022 4788 ab
1040 4731 1548 4802 Urbaniobsequio
1563 4731 1898 4788 dimoveret.
1930 4738 1978 4802 D

256 4822 362 4887 Sed
387 4822 631 4877 frustra:
666 4836 918 4892 cumque
949 4820 1169 4877 bellum
1202 4820 1391 4893 magis
1421 4837 1488 4876 ac
1520 4821 1709 4893 magis
1737 4838 1899 4877 exar-

259 4909 536 4976 desceret,
558 4908 1125 4982 impedivitWelpho
1155 4913 1339 4981 pater,
1373 4909 1471 4982 qui
1496 4910 1614 4966 dux
1643 4913 1767 4965 erat
1792 4910 1899 4966 Ba-

255 5014 547 5067 varorum,
581 5014 654 5054 ne
694 4997 978 5055 Henricus
1027 5015 1161 5054 cum
1200 5014 1335 5070 rege
1385 4998 1795 5072 Hungarorum
1826 5000 1897 5055 ad

258 5087 633 5161 colloquium,
691 5088 848 5160 quod
896 5087 1196 5144 communi
1241 5086 1482 5143 consilio
1548 5087 1895 5157 indixerant,

257 5181 451 5248 posset
478 5177 773 5234 accedere.

359 5265 498 5322 CVI.
529 5265 808 5322 Mathildis
833 5267 1065 5322 victoria
1093 5268 1155 5320 in
1184 5267 1566 5337 imperatorem
1595 5267 1787 5322 relata.

325 5354 627 5411 Conradus
658 5359 798 5410 tunc
825 5352 1126 5426 temporis,
1154 5355 1212 5409 id
1246 5358 1335 5410 est
1367 5355 1504 5410 anni
1546 5356 1678 5410 1092
1707 5355 1893 5424 initio,

258 5458 386 5498 cum
416 5442 666 5500 Henrico
697 5447 861 5516 patre
887 5460 996 5499 suo
1027 5444 1087 5498 in
1112 5442 1515 5516 Longobardia
1533 5445 1894 5516 versabatur,

256 5547 319 5586 eo
350 5535 595 5604 uterque
614 5531 896 5599 intentus,
929 5540 990 5588 ul
1009 5531 1343 5588 Adheleidis
1368 5532 1680 5597 comitissse
1701 5533 1899 5588 Tauri-

255 5621 449 5677 nensis
479 5622 766 5677 defunctae
797 5622 950 5678 bona
970 5622 1327 5690 invaderent,
1352 5639 1479 5694 quae
1504 5621 1777 5677 Friderici
1801 5639 1893 5679 c0-

254 5710 411 5766 mitis
426 5710 547 5767 ﬁlio
569 5711 953 5767 debebantur.
969 5712 1175 5768 Narrat
1189 5711 1462 5785 Sigonius
1486 5712 1894 5784 imperatorem

251 5797 356 5857 hoc
388 5817 542 5858 anno
575 5799 761 5857 multa
800 5799 926 5857 loca
967 5801 1207 5873 trajecta
1239 5800 1391 5858 Pado
1421 5816 1756 5873 occupasse,
1791 5803 1893 5858 sed

2007 719 2246 776 Veronae
2265 719 2530 793 sepultus
2550 719 2677 778 fuit.
2692 722 2765 778 At
2785 723 2915 794 ejus
2934 738 3145 779 nomen
3165 737 3280 777 non
3298 721 3655 790 refert,sicut

2010 825 2116 864 nec
2142 810 2437 877 Domnizo,
2473 828 2541 865 ex
2570 828 2684 883 quo
2736 810 2857 868 haec
2887 816 3194 869 mutuatus
3224 816 3330 868 est.
3364 812 3467 868 Hic
3494 828 3650 880 vero,

2010 898 2160 954 libro
2192 916 2232 955 ιι
2260 899 2403 955 Vitae
2455 899 2774 968 Mathildis,
2824 918 2950 973 cap.
2989 904 3044 969 7,
3078 900 3347 973 pluribus
3377 900 3656 957 describit

2012 986 2163 1043 bella
2189 1005 2315 1060 quae
2347 1005 2448 1061 per
2473 989 2580 1045 hos
2610 1006 2793 1046 annos
2822 991 2973 1046 inter
2992 990 3303 1045 Henricum
3333 993 3391 1047 et
3420 989 3653 1046 Mathil-

2011 1076 2142 1132 dem
2167 1081 2330 1150 gesta
2351 1082 2510 1145 sunt,
2534 1079 2906 1151 multumque
2927 1078 3128 1135 laudat
3147 1079 3432 1136 Joannem
3455 1096 3656 1152 quem-

2012 1166 2149 1222 dam
2180 1167 2451 1223 abbatem
2483 1184 2585 1223 seu
2620 1168 2947 1239 eremitam,
2980 1168 3080 1240 qui
3108 1167 3434 1240 victoriam,
3475 1185 3654 1242 quam

2012 1256 2322 1312 comitissze
2353 1256 2715 1328 praedixerat,
2739 1257 2790 1312 ei
2820 1257 2942 1313 suis
2965 1274 3325 1329 suorumque
3342 1258 3654 1314 monacho-

2014 1362 2143 1400 rum
2178 1345 2447 1418 precibus
2463 1363 2664 1403 mense
2685 1347 2915 1403 Octobri
2939 1363 3116 1419 prope
3137 1346 3457 1402 Canusium
3487 1346 3657 1403 dimi-

2013 1433 2167 1489 canti
2194 1435 2465 1490 obtinuit.
2487 1435 2636 1491 Eoin
2661 1434 3144 1506 praeliovexillum
3166 1434 3397 1491 Henrici
3419 1440 3654 1507 captum

2014 1527 2102 1579 est
2133 1540 2167 1579 a
2195 1522 2493 1579 Mathildis
2524 1523 2830 1590 militibus,
2862 1525 2964 1596 qui
3007 1524 3152 1580 illud
3201 1524 3261 1580 in
3300 1524 3655 1583 monasterio

2014 1613 2207 1668 Sancti
2240 1612 2528 1685 Apollonii
2558 1614 2971 1685 deposuerunt.

2406 1702 2574 1758 CVII.
2603 1703 2808 1760 Urbani
2821 1719 2952 1774 pars
2978 1704 3260 1775 praevalet.

2085 1791 2187 1847 Die
2207 1808 2307 1847 VIII
2327 1791 2619 1847 Kalendas
2630 1791 2845 1865 Aprilis
2858 1793 3008 1863 apud
3024 1797 3281 1848 castrum
3308 1793 3657 1867 Montigium

2014 1881 2358 1936 versabatur
2379 1881 2682 1947 Henricus,
2702 1885 2769 1937 ut
2791 1897 2859 1936 ex
2874 1898 2991 1937 uno
3008 1883 3136 1953 ejus
3167 1880 3481 1955 diplomate
3502 1884 3658 1956 apud

2016 1969 2326 2043 Ughellum
2382 1974 2541 2026 tome
2572 1971 2620 2024 V
2649 1970 2827 2026 Italiae
2880 1986 3057 2026 sacrm
3105 1970 3285 2026 relato
3332 1976 3510 2044 patet,
3542 1989 3658 2045 quo

2016 2060 2184 2115 Petro
2228 2059 2498 2131 episcopo
2547 2059 2812 2116 Comensi
2847 2061 3204 2116 Berinzonam
3235 2061 3413 2117 donat
3441 2064 3505 2117 ob
3532 2062 3664 2133 ﬁdei

2015 2164 2135 2206 suae
2190 2150 2554 2218 integritatem
2613 2152 2663 2204 et
2712 2150 3009 2220 puritatem
3052 2150 3287 2219 servitii,
3327 2149 3473 2206 nihil
3501 2151 3660 2208 enim

2017 2237 2300 2294 Henricus
2350 2238 2657 2293 omittebat
2688 2242 2753 2293 ut
2782 2238 3089 2311 episcopos
3120 2242 3176 2294 et
3204 2238 3350 2295 alios
3394 2256 3661 2312 proceres

2018 2327 2142 2383 suis
2190 2327 2454 2399 partibus
2503 2331 2808 2382 assereret.
2861 2327 2978 2383 Hoc
3020 2330 3216 2384 tamen
3247 2328 3558 2385 Comenses
3588 2328 3661 2385 ab

2018 2415 2282 2487 eligendo
2305 2416 2413 2472 sibi
2441 2415 2724 2471 catholico
2746 2415 3014 2488 episcopo
3038 2416 3348 2472 revocavit:
3368 2417 3504 2473 hinc
3528 2434 3661 2474 cum

2018 2504 2184 2560 Petro
2215 2504 2540 2560 Guidonem
2574 2504 3037 2571 subst‘ituissent,
3072 2506 3301 2562 Urbano
3332 2505 3663 2563 addictissi-

2018 2609 2205 2659 mum,
2237 2593 2395 2664 passi
2428 2610 2541 2648 non
2576 2596 2715 2648 sunt
2735 2597 2801 2649 ut
2823 2594 3194 2661 Landericus,
3220 2611 3395 2666 quem
3416 2594 3664 2667 impera-

2018 2686 2110 2736 tor
2130 2682 2426 2736 intrudere
2448 2681 2787 2749 conabatur,
2811 2681 3076 2738 Ecclesiae
3090 2682 3496 2738 sumthronum
3519 2684 3663 2740 obti-

2019 2772 2197 2825 neret.
2222 2771 2292 2825 Et
2317 2770 2554 2842 quidem
2580 2770 2627 2825 si
2659 2786 2757 2826 eos
2778 2771 3157 2842 excipias,qui
3182 2771 3514 2827 Simoniaca
3532 2771 3664 2830 labe

2019 2863 2120 2914 aut
2140 2858 2556 2915 Nicolaitarum
2588 2859 2793 2915 haeresi
2827 2858 3203 2915 contaminati
3228 2863 3412 2929 erant,
3447 2879 3663 2933 paucos

2018 2949 2276 3005 invenies
2330 2948 2428 3021 qui
2472 2947 2717 3004 Henrico
2749 2948 3099 3004 adhaeserint
3127 2967 3140 3017 ;
3175 2964 3308 3005 cum
3341 2951 3664 3009 econtrario

2018 3054 2086 3093 ex
2106 3038 2394 3094 universis
2415 3054 2562 3110 pene
2593 3036 2749 3094 orbis
2780 3037 3096 3094 Christiani
3114 3036 3379 3110 partibus
3408 3039 3665 3113 episcopi

2019 3131 2075 3183 et
2103 3127 2546 3199 archiepiscopi,
2573 3127 2747 3183 etiam
2766 3126 3189 3199 prmeipuarum
3214 3126 3467 3193 sedium,
3485 3127 3663 3185 simul

2021 3214 2154 3271 cum
2187 3215 2498 3271 abbatibus
2530 3219 2586 3271 et
2616 3215 2747 3271 aliis
2787 3215 3052 3271 omnium
3086 3216 3361 3272 ordinum
3392 3216 3663 3276 ﬁdelibus

2020 3304 2367 3361 Christianis
2405 3306 2476 3360 ad
2511 3305 2835 3371 Urbanum,
2892 3308 3174 3376 tanquam
3229 3306 3302 3361 ad
3360 3306 3663 3379 proprium

2020 3398 2339 3464 pastorem,
2371 3396 2428 3449 et
2456 3392 2786 3465 legitimum
2819 3409 3217 3449 successorem
3265 3393 3414 3450 Petri
3453 3411 3662 3451 conve-

2021 3480 2230 3537 nirent.
2263 3482 2427 3537 Tunc
2450 3482 2549 3553 qui
2576 3481 2634 3536 in
2654 3481 2997 3537 Alemannia
3013 3481 3242 3539 Urbano
3268 3483 3661 3553 adhaerebant,

2020 3570 2395 3626 Bertholdum
2429 3569 2754 3626 Gebehardi
2784 3570 3038 3642 episcopi
3065 3572 3525 3628 Constantiensis
3558 3572 3668 3628 fra-

2019 3663 2190 3727 trem,
2207 3659 2415 3714 ducem
2430 3657 2667 3714 nomine
2686 3662 2857 3713 tenus
2872 3675 2945 3713 an
2955 3662 3045 3713 tea
3056 3658 3662 3730 appellatum,Sueviae

2018 3748 2225 3802 ducem
2257 3746 2519 3802 unanimi
2548 3746 2811 3802 omnium
2842 3762 3090 3802 assensu
3120 3747 3569 3815 constituerunt,
3594 3750 3664 3805 ad

2016 3836 2405 3907 defensionem,
2437 3834 2630 3907 inquit
2665 3833 2993 3902 Bertoldus,
3025 3843 3228 3892 sanctae
3258 3838 3452 3892 matris
3480 3838 3660 3893 Eccle-

2015 3927 2119 3982 sia:
2145 3928 2335 3980 contra
2363 3923 2735 3980 schismaticos
2761 3941 2779 3977 :
2812 3922 3057 3980 Thiemo
3085 3940 3240 3987 vero,
3262 3940 3386 3992 seu,
3433 3927 3497 3980 ut
3525 3941 3657 3981 eum

2017 4013 2269 4087 appellat
2300 4012 2625 4079 Bertoldus,
2660 4011 2843 4080 Dimo,
2875 4011 3338 4084 Salisburgensis
3370 4017 3659 4087 metropo-

2015 4102 2158 4159 litan
2169 4120 2234 4159 us
2257 4119 2390 4158 cum
2414 4101 2703 4174 episcopis
2720 4101 3149 4157 Constantiensi
3164 4106 3221 4157 et
3234 4102 3659 4159 Wormaciensi

2015 4191 2351 4261 Udalricum
2383 4190 2443 4245 in
2496 4190 2898 4246 Pataviensem
2932 4190 3270 4263 episcopum
3302 4192 3662 4248 consecravit

2014 4281 2109 4337 die
2142 4281 2267 4353 ipso
2300 4280 2686 4346 Pentecostes,
2717 4296 2843 4351 quae
2877 4296 2969 4335 res
3001 4278 3276 4351 Bajoarite
3307 4277 3657 4353 Catholicos,

2015 4376 2079 4426 ut
2104 4369 2302 4425 subdit
2324 4369 2476 4425 idem
2496 4374 2715 4437 auctor,
2733 4370 2790 4423 in
2809 4369 2966 4425 sedis
2979 4368 3305 4440 apostolicae
3328 4368 3659 4426 obedientia

2013 4459 2335 4532 plurimum
2368 4458 2752 4515 conﬁrmavit.

2012 4566 2199 4623 CVIII.
2234 4567 2425 4622 Ericus
2472 4583 2571 4621 rea:
2620 4570 2896 4621 Dan-orum
2951 4566 3156 4622 Urbani
3183 4582 3331 4636 opem
3375 4567 3652 4638 implorat.

2365 4638 2670 4693 Lundensis
2722 4638 3037 4708 metmpotis
3085 4639 3297 4692 erectio.

2081 4727 2295 4784 Iisdem
2309 4726 2483 4781 etiam
2502 4726 2883 4798 temporibus,
2901 4726 3053 4797 quod
3077 4725 3290 4779 mirum
3309 4725 3467 4780 estin
3494 4728 3657 4783 tanta

2010 4815 2278 4873 Ecclesiae
2311 4816 2582 4870 Romanae
2624 4814 3058 4886 perturbatione
3088 4812 3422 4884 contigisse,
3451 4813 3655 4872 Ericus

2010 4907 2302 4963 Danorum
2325 4920 2422 4960 rex
2439 4904 2510 4959 ab
2535 4902 3057 4975 Hammaburgensi
3077 4900 3531 4975 archiepiscopo,
3550 4905 3653 4977 qui

2007 4995 2238 5053 Henrici
2270 4998 2466 5067 partes
2504 4992 2857 5062 sectabatur,
2888 4991 3214 5065 exagitatus
3245 4992 3314 5046 ad
3351 4992 3651 5050 Urbanum

2007 5085 2183 5151 venit,
2209 5088 2274 5140 ut
2304 5101 2368 5140 se
2384 5098 2676 5154 suumque
2691 5098 2935 5155 regnum
2954 5083 3156 5136 contra
3171 5079 3350 5152 hujus
3370 5080 3653 5139 antistitis

2006 5179 2249 5231 conatus
2281 5171 2596 5245 apostolico
2637 5169 2905 5243 praesidio
2935 5172 3244 5225 tutaretur.
3278 5169 3418 5225 Rem
3452 5175 3653 5228 narrat

2005 5268 2149 5319 Saxo
2181 5261 2630 5329 Grammaticus,
2681 5259 2829 5315 libro
2859 5276 2934 5314 xu
2980 5258 3244 5315 Historia:
3279 5258 3524 5327 Danicaa,
3558 5260 3651 5317 his

2005 5351 2194 5409 verbis
2219 5369 2231 5406 :
2264 5354 2418 5406 Forte
2449 5350 2838 5418 Amburgensis
2869 5350 3096 5405 antistes
3128 5349 3194 5406 ob
3242 5351 3434 5404 inanes
3462 5352 3512 5405 et
3538 5351 3649 5421 fal-

2003 5459 2090 5498 sas
2117 5442 2449 5513 suspicimus
2478 5440 2701 5495 Ericum
2729 5441 3096 5496 exsecratione
3141 5439 3489 5495 multandum
3528 5457 3648 5496 cen-

2002 5538 2205 5598 suerat,
2240 5529 2378 5601 quod
2408 5531 2611 5585 veritus
2643 5545 2741 5584 rex
2767 5529 3133 5600 appellatione
3158 5530 3483 5583 sententiam
3507 5543 3648 5600 pra:-

2001 5622 2266 5687 cucurrit,
2298 5622 2629 5690 Romamque
2657 5635 2687 5673 e
2714 5620 2939 5687 vestigio
2965 5619 3190 5690 petivit;
3216 5617 3310 5671 ubi
3327 5632 3516 5673 causte
3530 5631 3648 5674 suae

2003 5711 2255 5768 examine
2307 5708 2626 5780 diligentius
2683 5709 2885 5776 habito,
2929 5709 3202 5780 pontiﬁcis
3249 5707 3644 5761 accusationem

1999 5804 2248 5873 potenter
2266 5798 2504 5871 repulit;
2529 5801 2844 5873 cunctisque
2861 5797 3190 5871 defensionis
3206 5795 3454 5867 partibus
3468 5797 3649 5854 actore
