3972 6384
321 441 440 526 ευ
1666 456 1737 524 B.
1783 458 1968 526 nam

2117 457 2172 526 II
2212 460 2464 528 ΡΑΡιΕ.
3683 463 3768 533 96

357 606 610 686 superior
637 602 822 666 rediit.
852 597 968 663 Nec
997 597 1142 663 satis
1162 598 1272 660 fuit
1299 597 1466 660 Erice
1497 596 2002 689 archiepiscopum
2029 596 2088 668 Α
2114 597 2337 689 Domini
2362 594 2540 689 necari
2563 599 2690 660 Iesu
2719 597 2928 662 Christi
2955 598 3087 662 1091
3122 600 3431 663 indictione
3453 619 3546 676 xv,
3577 607 3764 663 swe-

361 684 672 773 inv'judicio
705 709 1032 769 superasse,
1065 691 1180 750 nisi
1213 691 1388 748 etiam
1419 707 1482 748 se
1519 705 1586 746 ac
1615 705 1734 746 suae
1762 684 2004 744 ditionis
2108 688 2320 750 sanetae
2367 684 2634 751 Romana:
2675 693 2934 753 Ecclesia
2971 711 3116 768 papa
3171 692 3408 764 Urbano,
3441 693 3540 750 sub
3579 699 3764 768 perse-

359 789 608 864 populos
637 788 710 845 ab
729 787 858 858 ejus
869 782 1278 857 jurisdictione
1297 781 1589 847 liberaret,
1613 779 1768 852 quod
1802 781 2004 850 postea

355 881 418 936 in
447 878 630 936 altero
662 877 924 934 Romano
953 873 1160 930 itinere
1191 870 1542 944 impetravit.
1577 870 1700 926 Huc
1731 869 1879 925 forte
1909 883 2001 923 se-

354 969 548 1026 cundo
577 957 842 1032 accessit,
867 963 1020 1036 quod
1047 959 1608 1033 Hammaburgensis
1635 959 1880 1016 antistes
1904 956 2002 1012 Ur-

353 1056 512 1128 bani,
546 1055 640 1113 cui
671 1071 788 1110 non
821 1053 1080 1125 parebat,
1131 1050 1433 1107 sententiae
1463 1050 1866 1121 obtemperare
1895 1062 1998 1102 no-

351 1146 790 1204 luisset.Erecta
801 1146 998 1198 autem
1019 1140 1077 1196 in
1097 1156 1304 1196 novam
1321 1137 1690 1210 metropolim
1704 1133 2000 1192 Lundensi

352 1235 516 1302 urbe,
550 1232 826 1304 deinceps
855 1247 970 1286 non
993 1229 1179 1286 Dania
1209 1228 1421 1298 solum,
1454 1228 1554 1284 sed
1587 1226 1764 1282 etiam
1793 1223 1998 1280 Suecia

349 1329 409 1381 et
436 1321 737 1396 Norvegia,
761 1323 896 1376 ante
920 1323 1144 1376 creatos
1173 1318 1245 1372 ab
1279 1316 1531 1390 Eugenio
1563 1316 1641 1370 III
1673 1312 1919 1386 Upsaliae
1941 1315 1999 1368 et

347 1412 631 1472 Nidrosiie
663 1408 1150 1482 arehiepiscopos,
1173 1406 1225 1462 ei
1247 1406 1520 1477 subjectae
1541 1405 1796 1470 fuerunt,
1817 1399 1996 1474 atque

348 1504 493 1560 adeo
521 1496 1153 1570 Hammaburgensium
1185 1493 1512 1550 antistitum
1537 1490 1853 1548 auctoritas
1882 1489 1994 1546 hac

345 1589 648 1649 occasione
676 1585 932 1643 multum
962 1584 1274 1640 imminuta
1297 1583 1428 1638 fuit.
1469 1582 1606 1638 Erat
1635 1584 1795 1638 tunc.
1829 1584 1898 1636 ut
1923 1596 1992 1636 ex

343 1681 548 1738 eodem
569 1671 962 1734 Grammatice
991 1671 1348 1746 colligimus,
1378 1672 1628 1727 Ascerus
1661 1667 1990 1725 Lundensis

341 1759 586 1826 antistes
616 1767 740 1840 qui,
765 1763 938 1838 paulo
969 1767 1286 1836 antequam
1309 1761 1514 1816 Ericus
1531 1759 1774 1815 Romam
1801 1757 1988 1831 primo

341 1857 826 1932 proﬁcisceretur,
859 1853 1037 1926 Egino
1068 1855 1450 1908 successerat.

675 1963 812 2018 CIX.
844 1961 1150 2033 Metropolis
1179 1961 1405 2015 Pisans?
1429 1957 1646 2014 erectio.

408 2055 625 2121 Novam
648 2068 883 2125 quoque
898 2050 1007 2106 hoc
1023 2049 1150 2126 ipso
1167 2065 1318 2104 anno
1342 2045 1710 2120 metrOpolim
1734 2045 1793 2100 in
1818 2043 1985 2100 Italia

335 2142 606 2200 excitavit
646 2141 937 2206 Urbanus,
988 2139 1262 2194 Pisanam
1312 2135 1553 2204 scilicet,
1595 2135 1690 2191 cui
1747 2133 1982 2190 Corticaa

334 2230 540 2302 insula;
556 2229 861 2304 episcopos
884 2231 1053 2304 antea
1082 2227 1306 2298 absque
1335 2224 1529 2280 medio
1559 2224 1855 2295 subjectos
1873 2223 1983 2279 Ro-

333 2338 510 2378 mano
539 2317 824 2394 pontiﬁci,
857 2317 1258 2389 suffraganeos
1288 2313 1636 2386 assignavit;
1669 2331 1805 2369 cum
1826 2330 1979 2368 anno

334 2407 679 2484 praecedenti
700 2405 968 2478 ejusdem
987 2402 1190 2459 insulae
1211 2402 1601 2459 Ecclesiarum
1625 2416 1826 2456 curam
1849 2399 1978 2456 Dai-

331 2499 497 2555 berto
517 2496 728 2566 Pisano
750 2493 1022 2566 episcopo
1046 2493 1172 2564 jam
1203 2490 1635 2547 demandasset.
1655 2488 1718 2546 Id
1750 2505 1884 2546 vero
1917 2505 1979 2546 se

329 2585 540 2656 fecisse
569 2583 826 2641 declarat
846 2579 1102 2655 pontifex
1131 2595 1264 2636 cum
1297 2579 1428 2636 cleri
1463 2577 1554 2635 sui
1585 2595 1874 2635 consensu
1904 2578 1978 2634 ad

329 2673 630 2746 Mathildis
651 2671 962 2729 comitissa:
977 2669 1334 2743 petitionem,
1357 2667 1754 2741 potissimum,
1770 2671 1980 2740 praeter

327 2764 474 2820 alias
503 2762 779 2825 rationes,
829 2761 901 2816 ob
952 2759 1228 2832 praeclara
1277 2758 1644 2828 Pisanorum,
1679 2773 1745 2812 ac
1773 2773 1976 2813 eorum

325 2851 584 2927 episcOpi
639 2848 912 2917 Daiberti,
945 2847 1037 2904 cui
1085 2846 1245 2920 pallii
1285 2847 1568 2902 honorem
1599 2845 1881 2913 concedit,
1913 2845 1974 2900 in

323 2942 527 3014 sedem
556 2939 933 3014 apostolicam
966 2937 1209 3006 merita;
1238 2935 1395 3009 quod
1423 2953 1632 3008 nempe
1661 2952 1892 3007 semper
1919 2939 1978 2990 et

322 3029 564 3104 ubique,
588 3029 763 3098 etiam
785 3027 936 3084 inter
955 3025 1180 3082 medias
1203 3024 1674 3098 persecutionum
1706 3029 1763 3080 et
1793 3023 1972 3080 bello-

323 3136 470 3191 rum
488 3121 886 3192 tempestates,
908 3115 1176 3172 Ecclesiae
1198 3115 1473 3170 Romanae
1495 3113 1698 3170 fideles
1723 3111 1974 3170 exstitis-

323 3213 472 3265 sent.
509 3207 668 3264 Bulla
688 3205 996 3262 erectionis
1015 3205 1173 3276 apud
1203 3201 1510 3276 Ughellum
1545 3203 1684 3274 data
1713 3205 1803 3258 est
1821 3204 1974 3258 Ana-

321 3296 470 3372 gniae
490 3297 600 3353 hoc
621 3313 774 3370 anno
803 3313 840 3350 x
861 3293 956 3350 die
975 3292 1266 3349 Kalendas
1291 3291 1448 3346 Maii.
1473 3290 1664 3363 Hujus
1687 3295 1972 3363 metropo-

321 3385 396 3457 lis
416 3387 766 3457 erectionem
799 3398 949 3456 aegre
967 3381 1231 3437 tulerunt
1257 3380 1584 3452 Januenses
1605 3381 1761 3452 quod
1783 3379 1970 3436 Corsi-

321 3454 500 3532 canos
521 3475 826 3548 episcopos
854 3454 1066 3528 I’isano
1094 3469 1342 3525 antistiti
1370 3469 1668 3540 subjectos
1699 3485 1827 3526 esse
1848 3467 1970 3524 nol-

319 3563 460 3620 lent.
492 3564 565 3618 At
591 3561 731 3618 licet
767 3557 1037 3617 nonnihil
1067 3557 1378 3614 immutata
1408 3556 1486 3614 sit
1514 3557 1634 3613 haec
1683 3557 1967 3631 suifraga-

320 3669 564 3710 neorum
593 3649 920 3725 dispositio,
955 3647 1115 3706 stetit
1140 3651 1337 3704 tamen
1370 3645 1786 3704 inconcussum
1821 3646 1966 3704 Pisae

317 3740 711 3816 privilegium“.

388 3831 496 3887 CX.
529 3829 894 3898 Privilegiam
919 3827 977 3883 S.
1028 3827 1253 3898 Sophia:
1297 3827 1698 3894 Benene-atina.
1731 3825 1896 3881 Aliud

769 3897 1160 3955 monachorum
1188 3897 1508 3953 Silvaniaci.
1681 3961 1688 3969 D

385 3991 519 4048 Jam
568 3988 642 4045 ab
691 3985 856 4044 initio
915 3985 1137 4043 mensis
1195 3985 1572 4058 praeedentis
1621 3987 1966 4044 versabatur

313 4068 592 4153 Anagniae
648 4077 938 4142 Urbanus,
999 4076 1084 4130 uti
1143 4078 1302 4147 patet
1329 4091 1399 4130 ex
1450 4073 1750 4147 privilegio
1807 4076 1962 4148 quod

315 4167 501 4243 pridie
526 4167 585 4223 in
601 4183 671 4224 ea
687 4167 848 4234 urbe,
867 4165 926 4222 Id
937 4182 1004 4222 us
1026 4163 1218 4221 Martii
1239 4163 1530 4220 concessit
1550 4162 1838 4220 Madelmo
1860 4165 1962 4222 ab-

313 4257 434 4314 bati
456 4247 804 4314 monasterii
836 4255 1060 4311 Sanctae
1091 4251 1317 4326 Sophia:
1359 4253 1514 4325 apud
1545 4251 1956 4312 Beneventum.

383 4347 580 4404 Mense
625 4343 807 4418 Aprili
853 4343 1072 4401 ibidem
1105 4341 1263 4398 aliud
1295 4341 1665 4416 privilegium
1713 4341 1962 4402 indulsit

312 4433 618 4492 monachis
648 4449 751 4490 seu
781 4432 1042 4489 eremitis
1072 4430 1430 4504 quibusdam
1455 4431 1556 4503 qui
1577 4436 1711 4488 ante
1741 4449 1962 4505 paucos

299 4540 516 4591 .annos,
542 4523 698 4596 apud
713 4519 1104 4578 Silvaniacum
1135 4518 1328 4576 locum
1349 4519 1669 4590 desertum,
1701 4520 1759 4578 in
1793 4522 1958 4578 Bitu-

308 4613 504 4686 rigum
535 4611 776 4678 finibus,
825 4608 1248 4666 monasterium
1280 4611 1616 4666 construere
1646 4615 1954 4683 cmperant.

2013 1970 2064 2037 B

2108 783 2324 837 cutione
2375 783 2599 839 Hererici
2651 785 2900 856 tyranni,
2959 784 3216 857 Philippo
3269 785 3335 840 in
3389 785 3624 841 Francia
3673 792 3761 841 re-

2108 874 2328 941 gnante,
2387 871 2616 928 bissexto
2679 873 2959 930 Kalendas
3013 875 3216 942 Martii,
3272 889 3367 946 ego
3424 874 3762 947 Rayndndus

2102 975 2376 1030 paganus,
2420 965 2527 1016 etc.
2582 962 2878 1018 Nonnulla
2908 963 3131 1020 confert
3161 963 3409 1022 .lmlreae
3429 965 3610 1037 priori
3637 979 3760 1021 nro-

2102 1048 2408 1105 nachorum
2432 1049 2738 1108 Silvan-iaei
2777 1053 2933 1124 infra
2962 1053 3148 1108 lucum
3175 1067 3338 1108 suum
3373 1053 3513 1126 quod
3531 1060 3761 1110 vocatur

2109 1137 2496 1194 Corniliacum.
2531 1140 2586 1196 Is
2630 1141 2756 1213 ipse
2810 1148 2902 1198 est
2955 1141 3217 1198 Andreas
3272 1139 3470 1198 Sancti
3507 1141 3760 1200 Joannis

2105 1225 2399 1284 Gualberti
2422 1227 3072 1286 Wallumbrosanorum
3097 1231 3520 1288 monachorum
3551 1248 3761 1304 paren-

2103 1314 2182 1372 tis
2212 1315 2556 1390 discipulus,
2591 1319 2693 1390 qui
2743 1318 2802 1374 in
2849 1319 3153 1376 Franciam
3187 1337 3220 1376 a
3249 1319 3462 1376 comite
3493 1320 3755 1393 quodam

2103 1402 2491 1474 Cabilonensi,
2515 1411 2581 1463 ut
2602 1407 2786 1479 aiunt,
2801 1407 3112 1476 adductus,
3126 1409 3208 1464 ibi
3229 1408 3486 1482 primum
3510 1408 3751 1480 insedit,

2101 1509 2167 1551 ac
2196 1498 2398 1567 postea
2429 1494 2650 1553 Cassiis
2669 1497 2963 1553 Benedicti
2996 1495 3240 1553 celebris
3269 1499 3424 1570 apud
3454 1497 3752 1572 Bituriges

2101 1583 2440 1640 monasterii
2484 1585 2712 1657 primus
2758 1585 2942 1642 abbas
2999 1602 3066 1641 ac
3113 1586 3378 1642 conditor
3418 1587 3546 1644 fuit;
3608 1588 3752 1660 Ejus

2099 1673 2370 1729 meminit
2422 1672 2732 1730 0rderieus
2789 1674 2989 1732 Vitalis
3042 1675 3152 1732 sub
3201 1677 3377 1732 ﬁnem
3430 1675 3565 1732 libri
3620 1693 3748 1734 vm.

2097 1765 2376 1818 Caeterum
2425 1762 2608 1818 abbas
2654 1763 2843 1820 factus
2885 1762 3045 1820 aliud
3089 1763 3485 1839 privilegium,
3539 1769 3748 1824 ut‘su‘o

2096 1849 2224 1906 loco
2255 1851 2541 1920 dicemus,
2586 1868 2738 1908 anno
2771 1852 2910 1908 1099
2959 1853 3030 1908 ab
3081 1853 3313 1910 Urbano
3369 1853 3747 1927 impetravit;

2095 1938 2488 1996 Silvaniacum
2505 1956 2768 2012 vero,seu
2791 1940 2986 2014 potius
3007 1940 3745 2018 Corneliacum(Cornilly),

2093 2028 2384 2102 hodieque
2429 2029 2540 2085 sub
2586 2025 2879 2102 prioratus
2913 2029 3088 2086 titulo
3118 2031 3397 2086 aCasalis
3444 2031 3746 2089 Benedicti

2091 2118 2329 2176 abbatia
2356 2119 2591 2192 pendet,
2609 2117 2670 2175 in
2695 2119 2912 2176 ducatu
2931 2119 3128 2176 Sancti
3157 2119 3365 2176 Aniani
3385 2120 3465 2193 (S.
3490 2121 3746 2196 Aignan)

2083 2209 2294 2264 "situm.

2091 2295 2225 2352 CXI.
2257 2299 2518 2371 Pontifex
2559 2299 2882 2371 Tarraconis
2927 2300 3331 2371 reparationem
3377 2303 3556 2371 urget.
3606 2303 3744 2358 Pri-

2233 2384 2236 2386 ‘
2444 2369 2702 2439 vilegium
2742 2369 2798 2426 S.
2829 2369 3116 2427 Laurentii
3144 2373 3376 2428 Aversae.

2159 2456 2364 2518 Prima;
2383 2455 2478 2513 die
2519 2456 2676 2524 Maii,
2711 2474 2834 2526 seu,
2868 2463 2934 2514 ut
2982 2459 3099 2516 alia
3155 2459 3335 2516 editio
3394 2459 3589 2528 habet,
3623 2461 3738 2519 sub

2087 2547 2265 2601 ﬁnem
2310 2545 2546 2618 Aprilis,
2595 2546 2864 2604 Urbanus
2895 2548 2966 2604 ad
2998 2549 3422 2623 Berengarium'
3452 2551 3738 2607 Tarraco-

2087 2651 2328 2691 nensem
2346 2633 2851 2708 archiepiscopum
2873 2637 3130 2710 scripsit,
3157 2655 3415 2712 eumque
3427 2639 3744 2713 reprehen-

2087 2724 2192 2792 dit,
2217 2725 2371 2796 quod
2388 2726 2845 2782 Tarraconensis
2865 2727 3031 2783 urbis
3052 2729 3402 2785 restauratio
3422 2728 3746 2802 negligere-

2085 2817 2201 2880 tur,
2235 2812 2504 2886 quamvis
2533 2813 2584 2870 ei
2637 2830 2816 2870 anno
2849 2815 3195 2888 prmcedenti
3249 2816 3362 2873 hac
3407 2817 3744 2878 conditione

2084 2900 2246 2974 pallii
2291 2901 2572 2958 honorem
2601 2901 2965 2973 contulisset,
3013 2909 3082 2960 ut
3123 2909 3243 2963 tam
3271 2905 3398 2978 ipse
3421 2923 3602 2978 quam
3635 2907 3738 2965 alii

2083 2989 2394 3062 provincias
2435 2989 2746 3062 optimates
2793 2991 2933 3048 huic
2981 2993 3142 3066 operi
3189 2993 3544 3052 absolvenda
3593 2997 3739 3054 totis

2082 3078 2312 3136 nisibus
2343 3078 2703 3137 insisterent.
2735 3080 2831 3136 Hie
2863 3080 3072 3138 litterae
3099 3083 3246 3138 datm
3267 3083 3547 3140 dicuntur
3574 3087 3733 3158 apud

2075 3167 2395 3224 Odoricum
2440 3169 2804 3243 Raynaldum
2851 3187 2929 3227 vn
2957 3171 3080 3228 Kal.
3129 3171 3304 3241 Maii;
3355 3171 3416 3230 in
3455 3173 3736 3234 Conciliis

2079 3274 2214 3314 vero
2253 3257 2548 3330 Hispanias
2591 3258 2916 3316 cardinalis
2955 3259 3221 3334 Aiguirii,
3265 3264 3428 3321 tome
3460 3263 3510 3319 II
3541 3266 3600 3319 et
3630 3265 3733 3332 III,

2000 3341 2044 3409 G
2083 3345 2230 3418 ipsis
2256 3344 2533 3407 Kalendis
2558 3340 3100 3419 ejusdem‘mensis.
3123 3349 3232 3404 Sed
3255 3366 3465 3422 parum
3487 3350 3736 3410 interest

2079 3439 2214 3492 utra
2263 3433 2433 3492 lectio
2489 3435 2568 3492 sit
2624 3433 2790 3491 alteri
2847 3436 3224 3508 praeferenda.
3282 3439 3529 3500 Easdem
3591 3456 3728 3498 vero

2076 3525 2353 3598 Anagniae
2379 3524 2546 3582 datas
2575 3522 2758 3580 fuisse
2794 3524 2940 3581 inde
2959 3523 3314 3598 colligimus,
3348 3527 3510 3600 quod
3535 3527 3730 3588 adhuc

2077 3613 2138 3670 in
2168 3630 2235 3670 ea
2264 3614 2406 3670 urbe
2436 3617 2563 3669 tum
2597 3613 2856 3686 pontifex
2886 3613 3187 3682 exstiterit,
3221 3616 3457 3689 quippe-
3485 3617 3585 3689 qui
3633 3618 3729 3677 die

2071 3702 2329 3774 septima
2349 3703 2614 3774 ejusdem
2634 3701 3098 3776 mensisinsigne
3115 3703 3486 3779 privilegium
3505 3706 3726 3764 ibidem

2074 3791 2366 3848 concessit
2397 3790 2751 3846 monasterio
2782 3791 2979 3848 Sancti
3011 3793 3308 3849 Laurentii
3341 3810 3520 3868 prope
3549 3797 3724 3854 Aver-

2075 3895 2202 3936 sam
2257 3878 2390 3948 sito,
2449 3879 2620 3950 cujus
2674 3878 2784 3935 loci
2842 3880 3026 3938 abbas
3055 3886 3114 3937 et
3170 3883 3442 3942 monachi
3497 3899 3638 3942 eum
3661 3886 3724 3944 in

2074 3968 2414 4042 angustiis;
2448 3984 2597 4040 quas
2673 3969 3121 4042 descripsimus,
3177 3972 3439 4044 positum
3491 3973 3726 4048 egregie

2073 4059 2440 4130 adjuverant.
2464 4057 2606 4130 Ejus
2635 4058 2923 4132 privilegii
2954 4059 3286 4133 exemplum
3315 4063 3470 4135 quod
3493 4073 3562 4118 ea
3592 4063 3723 4135 ejus

2072 4146 2185 4203 loci
2203 4145 2476 4202 archiviis
2498 4146 2570 4203 ab
2591 4147 2782 4204 amico
2819 4153 3018 4204 nostro
3041 4150 3108 4205 R.
3145 4149 3202 4204 P.
3235 4151 3452 4208 domno
3481 4151 3724 4211 Erasmo

2073 4253 2106 4292 a
2135 4235 2329 4292 Caieta
2359 4235 2552 4292 Casini
2600 4236 2820 4293 decano
2850 4238 3202 4311 accepimus,
3235 4254 3348 4297 suo
3372 4238 3499 4298 loco
3521 4241 3720 4314 profe-

2070 4329 2250 4382 retur.

2069 4432 2234 4490 CXII.
2262 4433 2446 4500 Falco,
2502 4433 2669 4490 abbas
2717 4434 2984 4503 Divensis,
3017 4431 3090 4490 ad
3135 4435 3417 4492 Urbanum
3443 4437 3714 4511 confugit.

2138 4522 2304 4580 Circa
2330 4519 2476 4577 illud
2507 4525 2744 4595 tempus
2775 4521 2950 4578 Fulco
2979 4525 3364 4580 exlmonacho
3420 4530 3476 4582 et
3523 4527 3718 4600 priore

2067 4610 2323 4670 Uticensi
2345 4611 2471 4683 jam
2504 4612 2575 4667 ab
2609 4611 2780 4667 annis
2820 4611 3026 4685 viginti
3057 4612 3284 4669 Sanctae
3313 4615 3508 4672 Mariae
3535 4632 3718 4689 supra

309 4703 435 4760 Duo
483 4717 551 4757 ex
596 4699 714 4756 illis
757 4699 828 4754 ad
889 4698 1221 4772 pontificem
1279 4701 1647 4754 accesserant
1689 4699 1957 4760 tuitionis
1985 4711 2036 4778 Β
2065 4702 2268 4760 Divam
2318 4701 2380 4756 in
2427 4689 2814 4756 Nortmannia
2859 4701 3062 4770 abbas,
3109 4719 3242 4758 cum
3289 4703 3714 4762 monasterium

309 4781 536 4846 litteras
563 4788 638 4846 ab
663 4805 730 4845 eo
759 4785 1150 4860 impetraturi,
1173 4785 1274 4842 sed
1307 4801 1408 4842 eas
1437 4787 1671 4844 nonnisi
1699 4787 1954 4862 interpo-

307 4871 423 4936 sita
446 4876 775 4935 conditione
798 4875 1043 4932 indulsit
1071 4875 1328 4948 prudens
1360 4874 1637 4947 pontifex,
1671 4879 1826 4950 quod
1850 4897 1955 4938 nec

307 4967 535 5038 locum,
548 4981 652 5022 nec
684 4964 1002 5022 monachos
1030 4963 1161 5020 illos
1182 4964 1362 5037 probe
1384 4963 1658 5021 novisset.
1682 4966 1800 5025 Has
1819 4985 1952 5028 vero

304 5056 530 5114 litteras
576 5055 708 5110 ideo
761 5055 832 5110 ad
882 5053 1038 5111 hunc
1087 5071 1330 5122 annum,
1364 5053 1499 5110 licet
1527 5055 1588 5110 in
1618 5057 1952 5132 apographo

306 5145 727 5220 praecedentem
779 5143 1108 5214 exhibeant,
1136 5142 1463 5212 referimus,
1503 5161 1616 5200 non
1655 5145 1848 5202 solum
1877 5148 1950 5205 ob

303 5233 686 5292 indictionem
715 5252 789 5290 xv
818 5233 899 5289 ibi
953 5236 1313 5302 annotatam,
1376 5237 1433 5288 et
1482 5235 1636 5306 quod
1687 5237 1950 5310 Anagnia:

304 5316 452 5382 datae
475 5323 613 5395 sint,
645 5341 706 5380 ιιι
738 5324 864 5380 Idus
892 5316 1121 5396 Aprilis,
1156 5322 1254 5378 ubi
1286 5327 1427 5378 tunc
1460 5323 1726 5382 Urbanus
1757 5344 1948 5384 versa-

303 5413 505 5482 batur;
530 5414 631 5470 sed
651 5412 826 5470 etiam
844 5413 1001 5486 quod
1020 5415 1188 5469 vetus
1208 5411 1667 5470 instrumentum
1685 5417 1950 5488 ejusdem

302 5503 413 5560 loci
461 5503 520 5558 in
579 5520 694 5576 quo
749 5502 927 5559 iidem
977 5501 1216 5558 omnino
1264 5501 1629 5562 characteres
1687 5505 1949 5562 chronici

302 5593 598 5666 leguntur,
648 5592 878 5649 dicatur
925 5592 1207 5665 scriptum
1257 5609 1409 5648 anno
1462 5593 1768 5665 bissextili,
1820 5612 1949 5668 quae

277 5689 440 5762 nota
469 5683 604 5740 huic
634 5699 788 5739 anno
821 5682 959 5738 1092
1007 5699 1121 5738 non
1163 5697 1292 5739 vero
1324 5683 1692 5756 praecedenti,
1721 5701 1950 5758 compe-

303 5775 422 5830 tere
446 5777 656 5846 potest.
681 5772 772 5830 Sic
804 5777 998 5831 autem
1030 5771 1242 5831 habet;
1284 5776 1442 5829 Anno
1471 5773 1538 5829 ab
1568 5775 1951 5834 Incarnatione

2067 4794 2174 4852 sibi
2195 4793 2604 4861 commissum,
2624 4797 2690 4848 ut
2710 4791 2885 4848 habet
2903 4793 3214 4850 0rderieus
3235 4794 3466 4864 Vit-alis,
3485 4795 3634 4854 libro
3644 4815 3712 4866 'x,

2062 4885 2238 4958 rigide
2256 4882 2505 4951 rexisset,
2528 4882 2828 4954 multisque
2854 4881 3028 4940 modis
3047 4885 3330 4941 ecclesiam
3353 4888 3724 4960 provexisset;

2061 4966 2340 5030 invidente
2363 4975 2414 5028 et
2464 4973 2764 5043 instigante
2793 4972 3020 5041 Seiane,
3051 4973 3277 5046 injuste
3298 4977 3627 5032 criminatus
3664 4985 3720 5034 et

2060 5063 2354 5136 depositus,
2400 5061 2472 5116 ad
2494 5060 2795 5118 Urbanum
2821 5061 3110 5136 confugit;
3146 5066 3301 5137 quod
3332 5063 3714 5138 quidem‘boc

2060 5169 2214 5209 anno
2243 5148 2560 5222 contigisse
2603 5167 2672 5206 ex
2718 5151 2922 5207 eodem
2955 5156 3190 5209 auctore
3211 5149 3573 5228 colligimus,
3609 5157 3716 5228 qui

2061 5239 2372 5298 Fuloonem
2425 5242 2558 5311 post
2606 5254 2793 5296 annos
2833 5244 3052 5314 septem
3085 5241 3297 5310 exsilii,
3345 5241 3712 5320 totidemque

2060 5333 2192 5403 post
2221 5345 2388 5386 suam
2412 5328 2836 5386 restitutionem
2868 5335 3118 5401 exactos,
3153 5349 3307 5390 anno
3340 5333 3497 5403 1106,
3529 5333 3622 5391 die
3645 5351 3708 5393 ιιι

2059 5417 2346 5474 Kalendas
2357 5416 2574 5490 Aprilis
2595 5433 2792 5474 senem
2811 5418 3030 5475 obiisse
3041 5418 3478 5479 commemdrat.
3501 5424 3708 5482 Socius

2057 5506 2284 5564 itineris
2314 5506 2367 5564 ei
2400 5523 2434 5562 a
2463 5506 2710 5580 Rogerio
2749 5507 2958 5564 abbate
2988 5508 3246 5568 Uticensi
3294 5512 3476 5569 datus:
3518 5513 3712 5571 fuerat

2057 5597 2312 5654 Joannes
2371 5595 2637 5668 ejusdem
2693 5595 2804 5652 loci
2863 5598 3206 5668 monachus,
3254 5599 3342 5656 vir
3388 5601 3603 5674 pietate
3650 5607 3726 5660 et-

2058 5684 2322 5744 dectrina
2340 5683 2607 5754 celebris,
2625 5701 2800 5758 quem
2827 5701 3001 5744 suum
3021 5687 3332 5746 0rderieus
3353 5691 3706 5765 magistrum

2056 5779 2114 5833 et
2142 5775 2202 5831 in
2232 5775 2443 5832 litteris
2471 5774 2652 5832 sacris
2675 5773 3070 5832 institutorem
3103 5776 3375 5852 appellat.
3419 5779 3474 5836 Is
3499 5783 3721 5840 tamen-
