3972 6366
236 355 308 419 97
1828 355 2034 419 VITA.
3562 357 3640 422 98

234 510 346 548 non
379 489 574 546 solum
596 489 669 546 ob
700 506 838 547 suas
868 489 1054 562 ipsius
1083 487 1392 564 praeclaras
1418 490 1582 546 dotes
1642 490 1878 547 Fulconi
1901 493 1960 576 ⁵Α
1994 491 2264 548 homines
2291 491 2474 548 facere
2505 490 2715 562 solent,
2738 489 3048 550 defendere
3067 495 3318 566 perrexit
3351 513 3363 552 :
3389 497 3489 552 sed
3507 497 3637 567 ejus

231 580 465 638 itineris
496 596 693 637 comes
725 579 1068 652 designatus
1111 579 1259 648 fuit;
1313 596 1514 636 verum
1571 581 1774 647 etiam,
1833 581 1883 653 si

235 669 384 728 bene
414 668 684 742 conjicio,
718 669 872 742 quod
907 668 1104 726 Remis
1135 673 1308 725 natus
1339 673 1396 726 et
1453 687 1484 726 e
1536 669 1884 726 scholastice

235 758 514 816 Remensi
548 758 876 814 monachus
909 759 1114 826 factus,
1165 759 1397 814 Urbano
1455 763 1629 815 notus
1687 759 1885 832 procul

245 847 424 903 dubio
455 851 514 903 et
544 851 746 920 gratus
776 864 902 902 esse
933 847 1246 916 sciebatur,
1278 850 1452 919 atque
1477 848 1621 904 adeo
1663 852 1890 921 poterat

239 937 368 1008 ejus
399 935 666 992 animum
701 936 757 992 in
788 935 1061 992 Fulconis
1093 935 1347 991 favorem
1378 934 1681 1004 inclinare,
1733 937 1886 1009 quod

238 1042 300 1081 re
332 1025 463 1099 ipsa
494 1026 716 1081 factum
745 1024 927 1080 fuisse
969 1024 1336 1096 conjicimus.
1398 1025 1544 1080 Nam
1603 1024 1700 1081 ille
1757 1029 1890 1098 post

236 1115 461 1188 aliquot
512 1131 697 1170 annos
755 1114 813 1169 in
887 1113 1242 1169 monasterio
1317 1114 1617 1171 Casinensi
1693 1119 1890 1170 trans-

239 1209 420 1272 actos,
456 1221 610 1260 anno
642 1205 802 1273 1099,
835 1207 900 1258 ut
928 1202 1005 1258 ibi
1030 1203 1315 1274 dicemus,
1349 1202 1542 1259 locum
1575 1221 1751 1259 suum
1801 1221 1886 1260 re-

240 1293 411 1368 cepit.

246 1400 432 1456 CXIII.
479 1399 809 1472 Conciliamg
837 1399 1151 1472 Sta/Inpense
1198 1401 1257 1454 in
1299 1417 1474 1472 eausa
1527 1401 1724 1456 Ivonis.
1783 1402 1888 1456 Pa-

313 1474 544 1527 risiense
567 1488 668 1544 pro
687 1471 740 1525 S.
778 1470 1027 1544 Cornelio
1054 1471 1470 1542 compemliensi.
1505 1473 1758 1544 Remense
1790 1489 1890 1544 pro

308 1545 459 1599 clero
489 1543 832 1598 Flandrensi.
854 1544 1234 1598 Suessionense
1254 1544 1507 1598 adversus
1528 1543 1889 1600 ltoscelinam.

309 1650 642 1708 lvointerea
671 1667 736 1707 ex
769 1649 954 1716 ltalia,
1003 1650 1100 1704 ubi
1150 1649 1221 1704 ab
1287 1650 1513 1704 Urbano
1573 1651 1889 1706 Carnoten-

244 1741 400 1797 sium
432 1739 744 1811 episcopus
775 1738 1080 1794 ordinatus
1118 1739 1324 1803 fuerat,
1360 1741 1561 1809 redux,
1617 1741 1805 1796 multa
1860 1757 1894 1796 a

239 1830 367 1885 suis
396 1827 630 1884 aemulis
663 1826 918 1902 pertulit,
954 1827 1328 1900 potissimum
1362 1846 1395 1882 a
1425 1829 1888 1901 comprovincia-

241 1918 401 1974 libus
432 1917 722 1992 episcopis
752 1916 852 1989 qui
883 1933 1017 1972 cum
1053 1917 1317 1974 Richerio
1347 1919 1668 1974 Senonensi
1703 1919 1890 1974 archi-

239 2008 516 2080 episcopo
547 2006 702 2080 apud
726 2007 999 2080 Stampas
1017 2022 1356 2070 convenere,
1385 2011 1449 2062 ut
1477 2023 1610 2062 eum
1629 2006 1895 2079 synodali

231 2096 463 2168 judicio
485 2099 961 2151 exauctorarent:
987 2100 1046 2151 at
1065 2094 1163 2149 ille
1189 2095 1580 2168 appellatione
1601 2097 1672 2151 ad
1696 2098 1892 2152 sedem

237 2184 621 2258 apostolicam
654 2183 1018 2256 interposita,
1051 2200 1254 2239 eorum
1297 2191 1562 2253 conatus,
1621 2191 1686 2240 ut
1742 2203 1895 2241 anno

240 2272 591 2347 praecedenti
623 2271 901 2340 diximus,
938 2272 1132 2328 irritos
1163 2273 1316 2329 fecit.
1349 2275 1432 2329 Ad
1460 2273 1618 2330 hunc
1662 2292 1896 2346 quoque

242 2380 468 2420 annum
497 2362 761 2418 Labbeus
805 2361 1004 2417 laudat
1060 2361 1376 2418 concilium
1434 2363 1781 2429 Parisiense,
1840 2369 1898 2419 et

254 2451 760 2509 conﬁrmationem
797 2451 854 2506 in
885 2468 951 2506 eo
982 2451 1193 2508 factam
1227 2451 1512 2525 privilegii
1546 2454 1729 2508 sancti
1759 2457 1894 2508 Gor-

249 2541 392 2598 nelii
423 2540 940 2614 Compendiensis;
975 2541 1074 2596 sed
1099 2539 1382 2597 chronica:
1422 2546 1590 2608 nota},
1652 2558 1778 2612 qua:
1838 2542 1897 2597 in

251 2631 408 2704 regis
439 2629 692 2702 Philippi
718 2629 939 2689 charta.
981 2647 1048 2684 ex
1106 2647 1221 2701 qua
1277 2629 1402 2685 sola
1455 2630 1635 2701 hujus
1691 2631 1898 2702 synodi

251 2719 530 2776 notitiam
561 2717 867 2785 habemus,
904 2719 1254 2784 referuntur,
1288 2718 1440 2774 sicut
1495 2719 1897 2792 episcoporum

253 2808 606 2882 scriptiones
638 2807 716 2862 ibi
750 2807 1048 2880 appositae,
1083 2807 1294 2864 melius
1316 2825 1468 2864 anno
1507 2811 1644 2864 1072
1699 2826 1901 2865 conve-

253 2896 452 2965 niunt,
484 2901 549 2952 ut
569 2896 696 2967 jam
725 2897 1051 2952 observavit
1081 2895 1359 2952 Marlotus
1398 2902 1554 2953 tomo
1586 2898 1633 2952 II
1690 2899 1899 2954 Metro-

253 2985 407 3057 polis
468 2984 833 3052 Remensis;
892 3002 997 3040 nec
1055 2985 1300 3041 dubium
1360 2986 1500 3058 quin
1561 2986 1668 3042 isto
1753 2987 1902 3044 cele-

250 3074 492 3133 bratum
524 3074 699 3132 fuerit
728 3074 836 3129 hoc
857 3074 1168 3130 concilium
1195 3090 1206 3128 :
1243 3091 1422 3146 quare
1452 3076 1765 3132 dicendum
1816 3082 1906 3134 est

252 3168 515 3220 erratum
533 3181 602 3220 ex
627 3164 1003 3220 amanuensis
1025 3164 1333 3220 oscitantis
1347 3165 1700 3236 provenisse.
1724 3165 1900 3221 Aliud

257 3253 418 3310 idem
449 3253 738 3317 Labbeus,
771 3253 922 3308 sicut
951 3259 1007 3308 et
1040 3252 1261 3326 Iperius
1293 3227 1365 3308 in.
1382 3253 1663 3310 Chronico
1718 3255 1903 3312 sancti
1936 3227 1978 3293 Ο

255 3341 500 3409 Bertini,
522 3341 837 3398 concilium
865 3341 1097 3398 exhibet
1117 3341 1224 3397 hoc
1245 3359 1398 3399 anno
1420 3343 1615 3399 Remis
1638 3344 1905 3400 habitum

257 3431 316 3488 in
335 3447 518 3486 causa
537 3429 770 3485 Roberti
788 3429 1090 3498 Flandriee,
1123 3432 1380 3502 comitis,
1400 3433 1522 3504 qui,
1547 3437 1611 3488 ut
1626 3433 1904 3503 diximus,

253 3520 347 3576 sui
378 3518 627 3575 dominii
657 3519 881 3575 clericis
908 3519 1241 3576 facultatem
1274 3521 1557 3576 condendi
1589 3526 1902 3579 testamen-

253 3613 383 3665 tum
414 3608 644 3665 auferre
673 3608 1044 3664 moliebatur.
1079 3612 1168 3675 At,
1203 3609 1336 3665 licet
1365 3615 1588 3665 certum
1619 3611 1696 3667 sit
1753 3612 1904 3668 hanc

251 3698 545 3770 synodum
566 3698 757 3770 reipsa
783 3699 978 3754 Remis
997 3704 1256 3754 coactam
1293 3699 1491 3762 fuisse,
1529 3699 1682 3755 haud
1709 3705 1902 3756 tamen

251 3787 493 3843 omnino
513 3791 743 3843 constat
771 3805 845 3842 an
877 3787 985 3842 hoc
1025 3793 1127 3842 aut
1172 3789 1436 3860 sequenti
1491 3805 1643 3844 anno
1700 3791 1905 3845 debeat

252 3875 618 3949 consignari.
671 3876 906 3948 Majoris
965 3877 1245 3932 momenti
1306 3877 1412 3932 fuit
1483 3877 1903 3935 Suessionense

251 3965 588 4030 concilium,
622 3965 775 4036 quod
802 3964 1132 4038 Itaynaldus
1168 3967 1482 4028 Remorum
1514 3967 1904 4040 metrOpolita-

259 4071 374 4110 nus
413 4054 525 4110 hoc
575 4071 726 4110 anno
783 4055 1137 4122 convocavit,
1192 4055 1474 4112 adversus
1509 4056 1900 4127 Roscelinum,

256 4143 575 4216 quemdam
624 4144 1148 4216 Compendiensem
1199 4143 1499 4213 clericum,
1550 4145 1651 4218 qui
1725 4164 1903 4204 novos

257 4249 485 4289 errores
514 4233 668 4288 circa
710 4231 1096 4288 sanctissima:
1144 4232 1448 4290 Trinitatis
1504 4253 1782 4308 personas
1837 4255 1904 4294 eo

257 4325 520 4394 tempore
551 4321 999 4378 disseminabat.
1040 4324 1197 4377 llunc
1229 4324 1580 4395 posteriores
1639 4330 1904 4383 auctores

257 4410 410 4466 Petri
441 4409 729 4465 Abaelardi
764 4409 1112 4483 magistrum
1145 4411 1529 4484 appellavere,
1571 4414 1689 4470 sive
1748 4418 1902 4488 quod

257 4498 452 4572 reipsa
480 4499 609 4570 ejus
635 4499 960 4574 discipulus
994 4501 1164 4556 fuerit
1192 4501 1550 4569 Abzelardus,
1594 4510 1695 4559 aut
1753 4510 1902 4560 certe

1995 586 2240 636 conatus
2273 581 2419 636 irriti
2454 583 2634 639 fuere.

1992 686 2177 742 CXIV.
2215 689 2460 745 Urbanus
2490 689 2738 760 Philippi
2766 691 2910 758 regis
2938 691 3278 747 adulterinas
3304 693 3525 760 nuptias
3555 693 3642 748 de-

2065 763 2314 815 testatur.
2338 763 2410 816 Iis
2440 763 2646 816 resistit
2667 764 2774 828 Ivo,
2799 767 2848 817 et
2870 764 2994 818 alii.
3053 769 3091 818 Α
3129 779 3232 834 quo
3253 763 3574 819 celebratas?

2071 848 2342 906 Urbanus
2366 867 2520 918 vero,
2544 841 2678 906 lQet
2709 851 2906 907 animo
2925 850 3079 906 lenis
3099 856 3156 907 et
3203 852 3364 924 pacis
3421 853 3642 910 studio-

1993 937 2272 994 sissimus
2305 939 2498 1007 fuerit,
2531 943 2705 1012 atque
2737 939 2796 994 in
2827 941 3057 1012 magnis
3089 946 3226 996 tunc
3285 943 3645 998 constitutus

1997 1028 2288 1099 angustiis
2319 1028 2578 1101 indigere
2606 1029 2902 1085 videretur
2935 1031 3125 1086 favore
3167 1029 3520 1104 principum,
3581 1035 3647 1087 ut

1998 1116 2258 1189 seipsum
2287 1118 2566 1174 adversus
2597 1117 2827 1174 Henrici
2861 1120 3104 1193 Augusti
3138 1120 3384 1192 ejusque
3434 1135 3642 1193 sequa-

1999 1205 2154 1261 cium
2169 1205 2432 1276 insidias,
2449 1210 2756 1274 tutaretur,
2773 1208 2925 1262 haud
2947 1212 3144 1263 tamen
3163 1201 3424 1280 unquam
3439 1222 3644 1265 eorum

1997 1295 2568 1363 vitiadissimulavit,
2601 1299 2703 1352 aut
2733 1297 3046 1352 obsecutus
3076 1302 3166 1352 est
3197 1298 3392 1370 pravis
3439 1315 3642 1354 eorum

1997 1384 2415 1452 voluntatibus,
2443 1390 2508 1440 ut
2537 1385 2648 1440 sibi
2681 1384 2813 1441 illos
2843 1385 3180 1442 devinciret.
3216 1386 3361 1442 Hinc
3379 1378 3648 1461 Philippo

2002 1474 2353 1529 Francorum
2388 1473 2526 1546 regi,
2586 1474 2684 1546 qui
2743 1473 2990 1531 dimissa
3047 1476 3286 1548 propria
3336 1493 3514 1533 uxore
3573 1478 3645 1533 ad

2000 1563 2238 1634 nuptias
2268 1561 2624 1618 adulterinas
2657 1562 2960 1618 convolare
2992 1564 3307 1633 nitebatur,
3339 1579 3645 1637 nunquam

2001 1655 2333 1707 assentatus
2364 1656 2451 1706 est
2476 1668 2488 1706 :
2518 1652 2840 1706 econtrario
2871 1652 3053 1706 vetuit
3086 1668 3154 1707 ne
3183 1651 3342 1709 ullus
3381 1661 3643 1726 unquam

2005 1741 2247 1796 antistes
2271 1740 2406 1796 huic
2425 1739 2680 1806 mulieri,
2703 1757 2878 1811 quam
2901 1740 3011 1794 sibi
3040 1758 3134 1795 rex
3153 1741 3426 1813 copulare
3443 1741 3650 1799 illicita

2002 1829 2249 1896 volebat,
2282 1846 2557 1885 coronam
2579 1817 2878 1902 imponere
2909 1831 3140 1896 audeat,
3160 1830 3474 1903 ipsumque
3493 1832 3648 1906 prin-

2003 1919 2189 1991 cipem
2219 1920 2614 1975 comminatus
2646 1924 2754 1985 est,
2789 1922 2933 1973 teste
2964 1919 3090 1990 ipso
3123 1918 3292 1975 Ivone
3330 1920 3500 1992 epist.
3553 1923 3645 1989 28,

2005 2008 2137 2073 sibi,
2171 2008 2283 2063 nisi
2316 2025 2347 2063 a
2379 2006 2533 2062 malo
2569 2007 2864 2079 proposito
2896 2007 3206 2076 recederet,
3242 2009 3426 2064 sacris
3469 2009 3648 2065 inter-

2004 2098 2322 2152 dicturum.
2352 2097 2421 2152 Et
2450 2097 2709 2168 quidem,
2744 2113 2875 2150 cum
2907 2113 3005 2151 rex
3045 2095 3225 2152 nullis
3283 2098 3524 2153 monitis
3584 2115 3650 2153 ac

2005 2187 2273 2259 precibus
2307 2203 2340 2241 a
2367 2185 2542 2240 semel
2563 2192 2839 2258 concepto
2866 2185 3108 2241 consilio
3130 2186 3407 2241 dimoveri
3432 2187 3652 2258 potuis-

2005 2281 2113 2346 set,
2147 2276 2218 2330 ab
2248 2275 2488 2346 HugOne
2519 2273 2707 2346 legato
2747 2274 3087 2346 apostolico,
3131 2275 3286 2346 quod
3346 2273 3651 2348 repudiata

2005 2363 2240 2436 propria
2269 2364 2518 2435 conjuge
2547 2363 2736 2430 Berta,
2770 2363 3036 2426 alteram,
3065 2362 3288 2418 scilicet
3306 2364 3646 2420 Bertradam

2007 2452 2276 2509 Fulcanis
2297 2451 2730 2524 Andegavensis
2755 2451 2986 2507 comitis
3010 2467 3267 2519 uxorem,
3302 2455 3652 2509 assentanti-

2007 2543 2119 2597 bus
2152 2541 2449 2597 nonnullis
2481 2540 2790 2611 episcopis,
2825 2539 3056 2610 publice
3087 2540 3197 2595 sibi
3229 2541 3648 2611 conjunxisSet,

2007 2631 2418 2687 communione
2450 2629 2711 2701 privatus
2741 2633 2848 2684 est.
2879 2631 3172 2694 Quantum
3205 2644 3338 2684 vero
3397 2629 3648 2686 desuda-

2006 2720 2155 2774 verit
2184 2719 2492 2791 religiosus
2523 2717 2799 2790 pontifex,
2833 2733 3128 2789 quamque
3149 2716 3434 2773 sollicitus
3457 2718 3648 2789 fuerit,

2010 2814 2074 2864 ut
2105 2825 2297 2880 regem
2330 2825 2363 2862 a
2389 2810 2552 2862 tanto
2583 2807 2856 2872 facinore,
2889 2823 3022 2862 eum
3054 2807 3174 2862 sive
3209 2823 3312 2880 per
3365 2808 3652 2881 seipsum,

2010 2899 2130 2953 sive
2162 2913 2264 2969 per
2295 2895 2460 2963 alios,
2481 2896 2792 2964 monendo,
2815 2895 3174 2951 obsecrando
3190 2900 3248 2951 et
3263 2896 3439 2952 etiam
3461 2897 3653 2954 minas

2010 2986 2352 3044 intentando
2383 2986 2722 3052 deterreret,
2757 2989 2936 3040 testes
2967 2989 3106 3039 sunt
3133 2986 3262 3056 ejus
3288 2984 3544 3057 epistola
3585 3003 3655 3042 ea

2011 3077 2082 3133 de
2113 3093 2194 3144 re,
2229 3079 2285 3131 et
2313 3073 2691 3131 conciliorum
2711 3075 2941 3130 decreta
2970 3091 3100 3145 quae
3129 3071 3462 3146 supersunt.
3491 3076 3655 3132 Certe

2013 3165 2312 3221 Urbanum
2331 3165 2402 3220 ad
2435 3180 2638 3220 omnes
2669 3163 2829 3235 regni
2863 3163 3338 3236 archiepiscopos
3363 3168 3421 3220 et
3439 3165 3657 3237 episco-

2013 3272 2117 3327 pos
2148 3271 2352 3327 graves
2383 3253 2454 3309 de
2485 3254 2591 3308 hoc
2617 3251 2847 3325 negotio
2880 3251 3102 3308 litteras
3133 3253 3440 3325 scripsisse
3485 3255 3654 3311 testis

2012 3349 2102 3400 est
2133 3344 2240 3400 hac
2273 3344 2330 3398 in
2364 3359 2424 3398 re
2455 3342 2611 3398 omni
2644 3341 2978 3414 exceptione
3018 3343 3207 3414 major
3235 3343 3328 3398 Ivo
3386 3346 3656 3400 CarnoteL

2015 3451 2146 3504 nus,
2183 3433 2279 3505 qui
2315 3449 2435 3496 eas,
2463 3437 2529 3487 ut
2558 3448 2626 3487 ex
2646 3433 2774 3503 ejus
2793 3430 3039 3503 epistola
3065 3434 3136 3486 25
3158 3433 3228 3487 ad
3259 3434 3452 3505 ipsum
3475 3432 3655 3490 Urba-

2013 3539 2155 3577 num
2185 3522 2320 3576 data
2349 3525 2573 3576 certum
2605 3525 2712 3591 est,
2746 3520 3278 3593 caeterisepiscopis
3307 3521 3660 3579 distribuen-

2013 3613 2117 3666 das
2173 3616 2486 3682 receperat.
2548 3610 2707 3665 Idem
2772 3614 3022 3664 testatur
3078 3609 3392 3665 0rdericus
3446 3597 3656 3668 Vitalis

2010 3700 2158 3755 libro
2191 3716 2291 3754 vm
2324 3698 2586 3754 Historiae
2617 3696 3042 3767 ecclesiasticae,
3077 3697 3174 3753 ubi
3207 3699 3444 3771 scripsit
3489 3701 3654 3772 pium

2013 3789 2345 3862 pontiﬁcem
2403 3804 2472 3843 ea
2519 3787 2822 3842 occasione
2879 3787 3081 3856 legatos
3147 3789 3452 3859 apostolica?
3514 3789 3656 3846 sedis

2012 3880 2068 3933 in
2094 3878 2331 3933 Galliam
2357 3877 2673 3942 destinasse,
2707 3880 2757 3930 et
2784 3892 2882 3947 per
2909 3875 3163 3948 epistolas
3219 3881 3270 3932 et
3318 3871 3656 3934 sacerdotum

2005 3968 2456 4040 praedicationem
2485 3982 2778 4022 erroneum
2808 3982 2989 4035 regem
3035 3968 3297 4037 arguisse,
3358 3967 3659 4024 obsecrasse

2011 4065 2063 4112 et
2091 4060 2416 4128 increpasse,
2447 4056 2541 4126 qui
2570 4055 2871 4123 legitimam
2917 4054 3207 4125 conjagem
3258 4055 3653 4127 repuliaverit,

2011 4145 2422 4218 adulteramque
2447 4145 2554 4198 sibi
2581 4150 2767 4198 contra
2798 4144 2972 4214 legem
3000 4145 3099 4198 Dei
3115 4146 3421 4201 sociaverit.
3485 4139 3652 4201 Haud

2009 4252 2141 4291 vero
2173 4233 2450 4307 praecipiti
2481 4231 2702 4304 impetu
2728 4249 2817 4287 res
2847 4233 3133 4287 tractabat
3163 4233 3658 4305 prudentissimus

2012 4324 2288 4396 pontifex,
2323 4324 2421 4379 sed
2454 4323 2652 4378 omnia
2676 4326 2902 4377 mature
2926 4321 3304 4394 ponderando
3330 4321 3476 4378 nihil
3493 4323 3661 4379 omits

2011 4413 2171 4468 tebat
2199 4430 2267 4467 ex
2296 4411 2388 4466 bis
2421 4427 2549 4482 qua:
2582 4411 2653 4466 ad
2688 4425 2877 4466 causae
2923 4411 3312 4483 cognitionem
3337 4412 3660 4468 conducere

2010 4502 2374 4558 videbantur.
2413 4500 2572 4555 Unde
2605 4499 2894 4572 susceptis
2928 4518 2962 4556 a
2995 4501 3205 4556 Comite
3256 4488 3660 4574 Andcgavensi

259 4589 332 4646 ob
362 4588 590 4645 similes
611 4606 840 4645 errores
869 4595 1116 4661 utroque
1148 4596 1566 4663 propugnatos.
1629 4594 1905 4657 Quaenam
1936 4598 1981 4661 ι)
2013 4590 2242 4662 legatis,
2275 4588 2374 4661 qui
2409 4589 2747 4644 Bertradam
2779 4590 3135 4660 repetebant,
3168 4591 3388 4661 gradus
3411 4601 3658 4647 consan-

257 4695 392 4734 vero
426 4678 644 4736 fuerint
672 4677 774 4732 illa
801 4678 947 4734 falsa
975 4679 1104 4750 ejus
1137 4680 1433 4751 dogmata,
1484 4681 1718 4754 exponit
1770 4701 1906 4738 san-

260 4771 388 4824 ctus
417 4766 730 4824 Anselmus
758 4767 906 4824 libro
932 4785 992 4839 II,
1027 4768 1196 4840 epist.
1233 4771 1294 4824 41
1329 4771 1400 4825 ad
1429 4769 1742 4826 Fulconem
1782 4772 1900 4844 epi-

259 4874 504 4930 scopum
535 4856 1021 4926 Bellovacensem,
1068 4861 1124 4913 et
1180 4857 1238 4914 in
1293 4859 1439 4915 libro
1497 4860 1577 4915 De
1634 4862 1904 4918 Incarna-

261 4946 414 5002 tione
444 4963 619 5019 quem
654 4946 883 5003 Urbano
907 4947 1166 5019 pontiﬁci
1191 4950 1567 5021 nuncupavit.
1591 4950 1649 5005 In
1669 4967 1735 5005 eo
1758 4951 1905 5006 libro

259 5035 575 5114 Anselmus
607 5035 983 5092 Roscelinum
1015 5045 1131 5092 tres
1165 5037 1221 5092 in
1254 5037 1368 5092 Deo
1392 5057 1670 5110 personas
1702 5041 1905 5096 eodem

264 5113 433 5180 modo
466 5129 584 5181 tres
612 5142 704 5181 res
736 5141 864 5180 esse
894 5124 1048 5180 sicut
1081 5130 1196 5182 tres
1252 5126 1489 5199 angelos
1547 5134 1904 5185 asserentem

263 5213 510 5283 refellit;
544 5219 673 5269 tum
704 5214 1036 5270 calumnias
1065 5215 1348 5272 adversus
1380 5217 1793 5289 Lanfrancum,
1851 5224 1907 5275 et

262 5303 435 5359 etiam
468 5303 529 5358 in
559 5304 820 5376 seipsum
854 5304 927 5360 ab
958 5321 1022 5360 co
1057 5302 1344 5360 nebulone
1374 5305 1642 5362 heretico
1692 5312 1907 5363 temere

259 5392 672 5449 disseminatas
703 5393 998 5456 confutat._
1018 5393 1072 5450 Is
1095 5411 1305 5468 nempe
1325 5393 1693 5466 impudenter
1724 5397 1911 5452 fuerat

261 5483 544 5538 mentitus
594 5487 788 5539 tantos
847 5499 1034 5539 causa:
1087 5501 1204 5539 suae
1261 5483 1654 5555 patrocinatos
1704 5485 1904 5542 fuisse.

261 5573 335 5627 At
365 5571 633 5628 haeresim
664 5589 832 5628 suam
866 5590 1059 5629 coram
1094 5573 1296 5645 synodi
1333 5573 1601 5628 Patribus
1641 5575 1908 5646 abjurare

266 5667 502 5719 coactus
523 5665 634 5730 est,
656 5678 832 5736 quam
851 5667 1044 5726 tamen
1067 5663 1116 5720 si
1148 5661 1304 5720 Ivoni
1323 5653 1632 5720 Credamus
1658 5665 1829 5740 epist.
1851 5668 1904 5736 7,

265 5751 323 5816 in
353 5751 711 5813 clandestinis
740 5751 1204 5835 disputationibus
1220 5757 1422 5834 postea
1451 5755 1516 5812 ut
1544 5753 1672 5834 ejus
1710 5754 1910 5816 farina:

2014 4677 2319 4752 guinitatis
2350 4694 2542 4732 coram
2569 4693 2631 4733 se
2661 4678 2988 4750 computari
3021 4695 3086 4733 ac
3117 4679 3349 4751 probari
3383 4679 3539 4748 fecit,
3595 4685 3662 4737 ut

2014 4770 2188 4824 refert
2221 4768 2312 4824 Ivo
2343 4766 2514 4838 epist.
2547 4768 2648 4821 211
2679 4767 2747 4821 ad
2784 4767 3098 4822 Radulfum
3151 4767 3660 4841 archiepiscopum

2013 4859 2380 4924 Remensem,
2402 4860 2717 4927 antequam
2739 4855 3063 4928 quidquam
3087 4851 3510 4929 pronuntiaret.
3530 4858 3658 4914 Non

2013 4948 2171 5003 enim
2205 4946 2300 5002 ille
2322 4945 2444 5001 fieri
2505 4945 2829 5017 quidquam
2891 4949 3106 5002 temere
3153 4946 3403 5016 volebat,
3463 4947 3546 5004 ita
3597 4951 3675 5003 ut

2018 5038 2128 5104 Ivo,
2162 5037 2282 5109 ipse
2316 5036 2558 5090 fortasse
2591 5034 2904 5105 aliquando
2956 5035 3270 5091 ferventior
3321 5053 3496 5109 quam
3557 5047 3664 5109 per

2015 5131 2186 5193 esset,
2220 5143 2286 5181 ac
2318 5142 2490 5180 moras
2520 5123 2851 5195 impatiens,
2875 5124 3003 5194 ejus
3020 5125 3128 5180 hac
3161 5125 3217 5180 in
3238 5142 3296 5181 re
3327 5125 3661 5182 tarditatem

2017 5219 2216 5271 notare
2247 5215 2510 5270 videatur
2539 5213 2708 5284 epist.
2741 5213 2830 5268 30.

2086 5304 2246 5359 Idem
2277 5304 2369 5360 Ivo
2399 5321 2433 5360 a
2455 5319 2588 5376 rege
2619 5303 2691 5358 ad
2724 5302 2960 5374 nuptias
2991 5303 3242 5360 Parisios
3261 5304 3542 5361 invitatus
3569 5322 3660 5362 re-

2020 5394 2147 5449 nuit
2175 5393 2272 5448 illo
2304 5393 2407 5458 ire,
2443 5393 2554 5447 nisi
2577 5392 2804 5448 divortii
2837 5409 3013 5448 causa
3029 5398 3198 5449 antea
3228 5389 3434 5450 fuisset
3459 5409 3662 5467 appro-

2019 5485 2156 5541 bata
2185 5484 2256 5538 ab
2287 5481 2575 5554 episcopis
2607 5483 2665 5537 in
2696 5481 2939 5537 concilio
2971 5482 3247 5554 generali,
3295 5489 3360 5538 ut
3415 5484 3663 5556 ipsemet

2021 5571 2264 5647 epistola
2294 5572 2358 5626 15
2387 5571 2458 5626 ad
2491 5571 2687 5644 ipsum
2720 5588 2914 5645 regem
2935 5571 3075 5628 data
3102 5572 3413 5628 declaravit
3437 5591 3450 5640 ;
3475 5574 3663 5628 imoet

2020 5682 2140 5720 suis
2170 5660 2427 5736 epistolae
2459 5677 2635 5734 quam
2660 5662 2779 5735 regi
2803 5662 3116 5736 scripserat
3150 5661 3480 5736 exemplum
3530 5659 3675 5720 aliis

2019 5752 2307 5833 episcopis
2338 5752 2439 5829 qui
2471 5752 2542 5810 ad
2569 5751 2676 5812 has
2707 5769 2938 5833 quoque
2960 5753 3195 5830 nuptias
3211 5751 3509 5815 convocati
3538 5750 3664 5835 fus:
