3972 6362
289 363 366 425 99
1587 353 1656 418 B.
1706 351 1914 422 URBA

2055 343 2098 419 il
2143 349 2392 419 PAPJE.

287 500 419 550 rant
447 491 627 558 misit,
653 503 790 548 omn
820 489 952 546 aliis
983 483 1212 556 litteris,
1243 486 1460 561 quibus
1500 505 1599 545 eos
1658 490 1930 546 monebat

284 586 344 639 ut
372 598 444 637 ne
470 582 660 652 ﬁerent
688 583 830 636 sicut
857 595 1020 635 canes
1056 579 1198 634 muti
1243 579 1452 634 latrare
1496 595 1606 632 non
1667 579 1925 644 valentes,

285 669 524 744 scripsit
550 669 726 725 etiam
757 671 828 726 de
857 669 1060 724 eadem
1077 685 1135 723 re
1157 667 1230 723 ad
1253 665 1619 739 Raynoldum
1642 666 1928 739 archiepi-

284 775 528 833 scopum
561 760 927 824 Remensem,
961 755 1053 812 cui
1079 772 1206 811 sese
1237 754 1466 833 adihas
1521 755 1758 826 nuptias
1813 771 1929 810 non

284 832 510 904 iturum
541 845 872 920 spopondit,
903 843 1264 916 nisiilleipse
1285 832 1553 900 ﬂesset
1603 843 1926 899 celebratu-

286 955 408 1005 rus,
441 937 620 1009 quod,
653 953 786 990 cum
819 935 1126 990 Remensis
1177 933 1435 1000 Ecclesia,
1495 932 1715 1004 inquit,
1769 933 1930 1002 regni

283 1027 534 1083 diadema
566 1025 776 1092 habent,
811 1023 958 1080 nihil
993 1023 1214 1094 absque
1242 1020 1403 1077 illius
1457 1020 1738 1078 antistitis
1791 1037 1926 1077 con-

284 1131 461 1171 sensu
477 1113 714 1169 deberet
725 1111 868 1168 ﬁeri.
885 1112 916 1167 J
924 1111 1200 1167 actitabat
1217 1110 1453 1182 quidem
1472 1109 1777 1182 Philippus
1789 1126 1924 1166 cau-

283 1221 412 1261 sam
442 1204 516 1260 ab
545 1202 778 1259 Urbano
796 1217 945 1273 papa
960 1199 1141 1256 fuisse
1161 1199 1488 1263 deﬁnitam,
1514 1199 1922 1272 approbatum-

285 1309 399 1366 que
415 1309 450 1348 a
468 1291 764 1365 Raynoldo
785 1288 1220 1362 archiepiscopo
1251 1289 1497 1360 ejusque
1513 1287 1921 1360 sulfraganeis.

281 1385 356 1438 At
381 1381 478 1438 his
495 1381 666 1437 dictis
687 1397 801 1435 non
826 1379 1099 1435 credebat
1129 1378 1244 1434 Ivo.
1275 1378 1343 1432 Et
1371 1381 1526 1433 certe
1557 1375 1924 1450 Raynoldum

285 1487 589 1543 nunquam
623 1467 874 1540 Philippi
896 1467 1120 1540 nuptiis
1148 1466 1518 1522 consensisse
1557 1465 1693 1539 plus
1743 1482 1923 1537 quam

282 1558 582 1633 probabile
609 1563 716 1614 est.
751 1558 810 1613 Id
844 1573 985 1613 sane
1016 1559 1238 1612 certum
1269 1560 1378 1622 est,
1426 1555 1534 1611 has
1589 1555 1826 1626 nuptias
1891 1571 1926 1610 a

283 1647 599 1721 Raynoldo,
622 1647 776 1718 quod
792 1650 986 1701 tamen
1000 1643 1369 1717 privilegium
1385 1647 1509 1700 erat
1523 1661 1641 1698 suae
1653 1641 1924 1698 Ecclesiae

281 1737 631 1800 antistitum,
665 1750 968 1806 nunquam
1010 1733 1192 1787 fuisse
1239 1731 1595 1800 celebratas;
1655 1732 1925 1788 Urbanus

281 1843 410 1884 vero
429 1842 544 1881 non
567 1825 949 1888 obscure,aut
969 1807 1262 1893 privatim,
1282 1821 1382 1876 sed
1404 1819 1596 1892 palam
1617 1819 1666 1875 ei
1685 1819 1921 1875 disertis

278 1915 472 1971 verbis
491 1929 606 1969 non
633 1911 814 1968 semel
843 1927 940 1966 eas
962 1910 1284 1965 detestatus
1305 1913 1412 1977 est,
1445 1913 1511 1964 ut
1539 1925 1607 1964 ex
1638 1909 1766 1981 ejus
1799 1909 1922 1982 epi-

280 2002 431 2060 stola
450 2003 521 2058 ad
545 2001 816 2057 eumdem
836 1997 1200 2071 Raynoldum
1222 2003 1574 2070 crateresque
1617 1996 1920 2070 provinciis

279 2091 585 2149 Remensis
609 2089 916 2162 episcopos
944 2089 1080 2144 data
1107 2091 1354 2152 constat,
1387 2086 1447 2142 in
1497 2104 1616 2158 qua
1669 2086 1922 2160 graviter

278 2180 414 2238 illos
442 2178 814 2252 reprehendit
833 2177 988 2250 quod
1017 2181 1254 2232 tantum
1283 2174 1626 2232 scandalum
1662 2192 1770 2231 sua
1815 2192 1919 2231 au-

279 2269 545 2326 ctoritate
574 2285 690 2324 non
713 2265 1172 2339 impedivissent.
1207 2266 1352 2332 Imo,
1385 2265 1434 2320 si
1450 2265 1722 2321 Orderico
1743 2265 1918 2320 {idem

278 2359 495 2415 habere
523 2357 678 2424 licet,
697 2355 896 2412 nullus
926 2354 1168 2411 antistes
1195 2353 1256 2409 in
1285 2352 1472 2410 Gallia
1493 2354 1644 2426 regis
1660 2353 1919 2425 cupidini

278 2448 548 2504 assensit.
584 2445 732 2514 Quin
764 2449 822 2502 et
841 2445 994 2500 idem
1028 2449 1232 2500 auctor
1247 2447 1378 2516 post
1404 2444 1581 2499 verba
1596 2460 1723 2516 quas
1747 2441 1918 2514 paulo

277 2537 550 2610 superius
569 2535 964 2601 laudavimus,
995 2532 1428 2590 Gallicanorum
1446 2531 1762 2606 prmsulum
1787 2531 1918 2587 reli-

276 2627 509 2700 gionem
527 2624 749 2692 laudat,
771 2623 924 2696 quod
942 2623 1152 2690 nullus,
1173 2627 1239 2677 ut
1256 2621 1497 2694 quidem
1513 2622 1637 2694 ipse
1654 2621 1918 2693 putabat,

273 2715 664 2772 exsecrabilem
691 2712 843 2768 hanc
871 2713 1330 2768 consecrationem
1347 2711 1606 2781 digna/us
1629 2712 1700 2766 sit
1719 2713 1917 2782 facere.

275 2806 318 2860 li
333 2805 510 2870 enim,
532 2802 616 2860 uti
631 2802 1022 2874 prosequitur,
1043 2803 1102 2856 in
1125 2802 1305 2869 rigore
1323 2804 1528 2854 stantes
1543 2799 1922 2855 ecclesiastica?

274 2891 753 2948 rectitudinis'Deo
781 2892 956 2960 magis
1013 2905 1180 2960 quam
1236 2888 1547 2944 hominibus
1600 2887 1920 2942 studuerunt

271 2983 488 3054 placere
507 2998 526 3042 ,·
556 2989 608 3036 et
630 2995 814 3036 omnes
845 2986 1058 3050 turpem
1099 2977 1352 3048 copulam
1397 2978 1737 3032 unanimiter
1777 2976 1918 3032 dete-

275 3072 407 3126 slali
433 3073 562 3126 sunt
586 3069 718 3142 pari
745 3067 1104 3124 anathemate.
1136 3067 1285 3122 Tum
1315 3065 1619 3139 subjungit
1684 3066 1836 3137 quod
1871 3065 1920 3121 si

277 3161 426 3216 forte
454 3164 595 3214 tunc
625 3156 930 3229 Philippus
959 3157 1020 3211 in
1051 3155 1288 3228 aliquod
1317 3155 1575 3228 oppidum
1605 3156 1686 3211 vel
1732 3155 1922 3211 urbem

3580 353 3698 417 [00

2045 490 2172 560 ejus
2204 490 2570 561 suffraganeo
2602 483 2726 542 ﬁeri
2772 504 2886 543 non
2947 483 3362 560 prohibuisset.
3419 490 3508 544 An
3567 489 3696 546 Odo

2042 577 2346 647 Bajocensi
2371 582 2472 633 aut
2491 564 2824 635 Willelmus
2846 577 3102 650 primum
3125 577 3493 634 interfuerint
3515 595 3697 651 spon-

2045 667 2273 723 salibus
2289 666 2537 740 Philippi
2558 671 2611 722 et
2630 667 2938 736 Bertradze,
2963 684 3216 739 quorum
3237 671 3438 740 postea
3459 667 3703 740 nuptias

2042 755 2500 812 Silvanectensis
2551 757 2860 828 episcopus
2919 756 3301 828 benedixerit,
3380 757 3696 812 incertum.

2037 843 2202 900 Certe
2238 844 2383 901 alios
2413 845 2589 900 etiam
2621 845 2926 918 episcopos
2955 845 3282 918 praestingit
3310 845 3383 901 ob
3424 845 3699 902 eamdem

2037 949 2160 989 rem
2192 933 2358 1007 Hugo
2391 932 2864 1003 Flaviniacensis,
2889 935 2989 1006 qui
3021 934 3229 991 asserit
3249 933 3586 1008 Philippum
3630 936 3698 992 in

2039 1023 2323 1092 episcopis
2348 1023 2508 1096 regni
2533 1022 2624 1078 sui
2650 1024 2931 1080 invenisse
2948 1041 3086 1098 quos
3097 1023 3212 1079 sibi
3227 1024 3502 1090 satiaret,
3525 1039 3694 1096 quas-

2033 1129 2140 1184 que
2152 1114 2466 1169 tantisacri
2472 1112 2620 1186 legii
2627 1115 2932 1170 ministros
2942 1112 3361 1186 efﬁceretmem
3369 1129 3441 1186 pe
3455 1113 3697 1184 Philip-

2033 1218 2170 1272 pum
2193 1208 2529 1259 Trecensem
2541 1203 2871 1270 episcopum
2893 1213 2946 1258 et
2972 1203 3299 1259 Wallerium
3315 1203 3695 1271 Meldensem,

2032 1293 2128 1348 cui
2145 1292 2215 1346 ob
2243 1293 2346 1347 hoc
2375 1294 2776 1364 episcopatum
2799 1293 2984 1358 dedit,
3033 1296 3094 1346 ut
3145 1292 3472 1349 sacrationi
3525 1293 3696 1363 cujus

2041 1381 2341 1437 Trecensis
2369 1389 2512 1436 esset
2533 1388 2834 1452 operator,
2859 1381 2946 1434 hic
2975 1380 3132 1455 foret
3161 1389 3587 1437 consentaneus
3632 1386 3694 1436 et

2033 1469 2322 1525 minister.
2351 1469 2420 1524 Et
2441 1469 2679 1541 quidem
2695 1468 2860 1525 testis
2873 1473 2962 1524 est
2974 1468 3066 1524 Ivo
3081 1469 3251 1542 epist.
3270 1471 3342 1524 66
3357 1473 3416 1525 et
3436 1485 3690 1542 sequen-

2032 1557 2192 1613 tibus
2223 1555 2555 1629 Philippum
2575 1573 2640 1612 ac
2659 1555 2925 1628 pellicem
2949 1557 3077 1626 ejus
3109 1556 3449 1612 Bertradam
3466 1555 3694 1628 episco-

2034 1650 2205 1720 putus
2237 1651 2292 1702 et
2315 1645 2580 1701 abbatias
2599 1645 2832 1701 venales
2850 1645 3196 1700 reddidisse.
3226 1647 3298 1700 At
3348 1644 3504 1700 idem
3565 1644 3684 1715 Ivo,

2031 1738 2234 1791 auctor
2263 1734 2511 1790 minime
2543 1739 2876 1806 suspectus,
2904 1733 3075 1807 epist.
3111 1735 3446 1790 “testatur
3465 1733 3690 1790 Walte-

2035 1825 2188 1880 rium
2221 1823 2573 1879 Meldenscm
2596 1823 2933 1896 episcopum
2958 1821 3286 1879 adulterino
3309 1822 3447 1878 huic
3476 1824 3686 1894 conju-

2032 1914 2146 1986 gio,
2167 1912 2371 1969 saltem
2392 1913 2732 1985 priusquam
2759 1913 2939 1974 fieret,
2969 1929 3082 1967 non
3105 1912 3492 1968 consensisse.
3518 1911 3688 1976 Unde

2031 2003 2329 2074 Hugonem
2354 2001 2424 2056 dc
2453 2001 2546 2057 his
2569 2001 2742 2058 rebus
2776 2018 2886 2058 non
2912 2001 3058 2057 satis
3085 2005 3350 2058 accurate
3373 2001 3687 2074 scripsisse

2029 2089 2374 2146 crediderim
2410 2088 2696 2158 ;maxime
2718 2106 2852 2144 cum
2877 2090 3000 2161 ipse
3023 2089 3292 2146 Urbanus
3336 2089 3397 2145 in
3428 2088 3682 2162 epistola

2020 2181 2144 2252 jam
2179 2197 2293 2235 non
2326 2177 2504 2234 semel
2537 2178 2774 2234 laudata
2805 2180 2878 2234 ad
2909 2178 3273 2251 Baynaldum
3326 2179 3677 2235 Remensem

2029 2267 2527 2340 archiepiscopum
2561 2267 2802 2340 ejusque
2834 2268 3256 2341 sull‘raganeos,
3289 2267 3347 2324 id
3399 2285 3432 2324 a
3487 2267 3674 2324 Silva-

2028 2357 2286 2413 nectensi
2317 2356 2588 2430 episcopo
2619 2357 2942 2430 praestitum
2984 2356 3167 2413 fuisse
3215 2357 3450 2414 disertis
3479 2357 3677 2414 verbis

2029 2447 2299 2502 a‘lirmet.

2305 2535 2462 2591 CXV.
2496 2535 2792 2591 Dedicalio
2821 2534 3080 2592 ecclesiae
3109 2536 3396 2593 Cavensis.

2101 2625 2178 2679 Ex
2203 2625 2406 2680 eadem
2437 2625 2647 2681 Urbani
2674 2624 2940 2696 epistola,
2991 2641 3119 2697 qua:
3178 2641 3380 2681 mense
3437 2623 3674 2680 Octobri

2029 2713 2165 2768 anni
2197 2713 2377 2784 hujus
2415 2713 2548 2768 1092
2566 2713 2702 2768 data
2729 2717 2835 2781 est,
2870 2717 3024 2769 certe
3045 2713 3339 2787 colligitur
3359 2713 3676 2769 divortium

2031 2801 2279 2876 Philippi
2315 2819 2447 2857 cum
2482 2805 2650 2857 Berta
2681 2803 2928 2874 conjuge
2952 2801 3060 2858 hoc
3091 2802 3219 2875 ipso
3279 2819 3432 2858 anno
3488 2801 3676 2858 conti-

2031 2893 2206 2964 gisse,
2227 2891 2380 2962 quod
2405 2895 2597 2948 tamen
2623 2890 2718 2948 alii
2740 2892 2961 2964 passim
2977 2897 3240 2948 auctores
3255 2896 3386 2964 post
3405 2890 3676 2948 Chronici

2031 2981 2390 3036 Turonensis
2419 2981 2762 3053 scriptorem
2797 2980 2947 3036 male
2980 2998 3130 3036 anno
3164 2981 3430 3052 sequenti
3479 2980 3674 3036 consi-

2029 3069 2628 3142 gnarunt.Conscntit
2657 3069 2883 3126 Clarius
2925 3074 3126 3125 auctor
3182 3068 3441 3142 mqualis.
3501 3069 3556 3125 Is
3613 3067 3678 3124 in

2027 3158 2309 3214 Chronico
2342 3158 2536 3214 Sancti
2557 3158 2706 3214 Petri
2738 3158 2862 3214 Vivi
2882 3157 3235 3215 Scnonensis
3263 3157 3478 3214 diserte
3495 3156 3702 3212 tradit.

277 3249 594 3317 advenisset,
633 3247 875 3303 cessabat
929 3247 1104 3302 omnis
1151 3247 1377 3315 clangor
1421 3261 1817 3317 campanarum
1871 3249 1922 3300 et
1952 3234 1994 3300 C
2032 3247 2366 3320 Philippum
2385 3264 2537 3303 anno
2558 3248 2973 3316 1092,dimissa
2995 3264 3169 3304 uxore
3199 3265 3307 3304 sua
3327 3247 3516 3314 Berta,
3539 3247 3675 3302 Ber-

277 3339 552 3408 generalis
579 3345 770 3393 cantus
809 3336 1152 3401 clericorum,
1189 3335 1344 3406 quod
1365 3335 1518 3406 apud
1542 3335 1801 3390 Senonas
1818 3350 1920 3405 per

278 3427 404 3484 dies
427 3427 544 3483 fere
573 3425 909 3499 quindecim
944 3424 1162 3480 factum
1187 3424 1368 3480 fuisse
1395 3427 1593 3479 narrat
1615 3424 1778 3497 Hugo
1801 3423 1922 3499 Fla-

278 3515 648 3584 viniacensis,
681 3515 782 3571 sed
813 3513 907 3570 hic
929 3517 1132 3569 auctor
1159 3529 1227 3569 ea
1256 3530 1382 3587 qua:
1413 3517 1549 3569 ante
1577 3516 1635 3570 et
1661 3516 1794 3586 post
1814 3516 1920 3568 Ur-

277 3605 415 3664 bani
437 3605 660 3662 obitum
679 3604 991 3677 contigere,
1016 3601 1195 3660 simul
1217 3601 1540 3659 confundit.
1566 3603 1682 3659 Hoc
1704 3601 1922 3676 quippe

278 3695 496 3752 factum
527 3698 615 3751 est
639 3711 772 3750 cum
793 3693 1099 3766 Philippus
1119 3697 1350 3750 mortuo
1375 3693 1624 3761 Urbano,
1649 3693 1722 3748 ad
1743 3692 1923 3748 vomi-

278 3790 404 3840 tum
435 3801 608 3845 suum
641 3799 930 3852 reversus,
963 3799 998 3838 a
1025 3781 1232 3854 legatis
1283 3781 1582 3838 Paschalis
1641 3797 1802 3853 papae
1861 3781 1920 3834 in

279 3872 524 3930 concilio
554 3872 876 3928 Pictavensi
909 3871 1090 3927 sacris
1121 3871 1470 3926 interdictus
1497 3869 1720 3926 fuisset.
1766 3868 1922 3924 Nihil

279 3968 478 4018 tamen
509 3959 754 4031 impedit
775 3957 1094 4030 quominus
1124 3957 1184 4012 id
1215 3959 1324 4013 sub
1356 3962 1604 4029 utroque
1651 3957 1924 4029 pontiﬁce

281 4049 557 4107 evenerit.
586 4049 732 4104 Nam
767 4046 1098 4102 Willelmus
1119 4046 1660 4102 Malmesburiensis
1683 4045 1833 4101 lib.v
1853 4045 1924 4100 de

286 4139 528 4196 Henrico
560 4152 712 4210 rege,
737 4137 820 4193 ait
837 4136 994 4208 quod
1017 4151 1149 4191 cum
1175 4134 1477 4208 Philippus
1504 4135 1576 4190 ab
1595 4133 1924 4207 Apostolico

282 4227 824 4285 excommunicatus
843 4225 1067 4292 fuisset,
1089 4225 1146 4279 in
1178 4239 1592 4296 quamcunque
1611 4223 1809 4280 villam
1830 4241 1923 4280 ve-

283 4318 454 4382 niret,
489 4315 632 4372 nihil
667 4315 745 4372 ibi
779 4315 942 4370 ﬁeret
969 4313 1148 4369 divini
1180 4314 1417 4370 servitii.

353 4410 513 4462 Certe
543 4403 854 4460 0rdericus
870 4403 994 4458 loco
1017 4401 1254 4458 laudato
1275 4402 1532 4458 Odonem
1551 4403 1926 4473 Bajocensem

285 4495 624 4568 episcopum
653 4491 1141 4565 praevaricationis
1167 4496 1422 4558 accusat,
1469 4493 1624 4564 quod
1674 4493 1926 4564 acceptis

286 4587 345 4640 in
372 4584 862 4655 compensationem
887 4582 1122 4654 infausti
1135 4581 1435 4652 famulatus
1450 4581 1702 4637 Madenti
1727 4581 1923 4654 oppidi

284 4671 566 4741 ecclesiis,
596 4671 985 4727 exsecrandum
1017 4670 1161 4726 hanc
1181 4669 1434 4742 Philippi
1469 4669 1622 4742 regis
1677 4675 1734 4726 et
1791 4671 1924 4726 Ber-

284 4762 462 4820 tradaa
482 4763 971 4834 desponsationem,
995 4760 1150 4832 quod
1183 4760 1369 4815 facere
1399 4759 1719 4815 renuebant
1752 4760 1928 4817 Fran-

285 4851 384 4906 cis:
417 4851 730 4916 antistites,
763 4849 1154 4906 celebraverit.
1193 4850 1306 4904 Hoc
1328 4864 1362 4903 a
1387 4847 1684 4905 Willelmo
1737 4850 1926 4905 archi-

285 4940 556 5013 episcoPO
579 4939 988 5012 Rotomagensi
1014 4939 1236 4994 factum
1261 4937 1440 4993 fuisse
1469 4937 1646 4994 tradit
1667 4938 1932 4995 Malmes-

286 5028 581 5085 burisnsis
604 5029 776 5084 modo
807 5027 1102 5094 laudatus,
1123 5027 1196 5081 ob
1225 5025 1402 5098 idque
1430 5044 1562 5082 eum
1597 5027 1668 5082 ab
1699 5027 1927 5084 Urbano

287 5117 471 5174 sacris
497 5116 867 5172 interdictum
898 5132 964 5171 ac
997 5115 1230 5171 nonnisi
1270 5119 1404 5186 post
1449 5114 1666 5172 multos
1722 5134 1926 5184 annos,

286 5207 678 5263 intercedente
707 5205 874 5262 beato
901 5203 1200 5274 Anselmo,
1219 5203 1556 5260 absolutum
1588 5203 1768 5260 fuisse
1785 5206 1926 5261 scri-

289 5296 392 5352 bit.
428 5295 493 5350 Et
521 5294 760 5367 quidem
791 5297 1014 5350 certum
1045 5298 1136 5350 est
1166 5293 1272 5349 has
1303 5295 1539 5366 nuptias
1569 5312 1603 5350 a
1631 5295 1928 5368 Raynoldo

291 5383 563 5440 Remensi
594 5383 1052 5455 archiepiscopo,
1081 5383 1153 5438 ad
1185 5399 1357 5456 quem
1389 5399 1458 5439 ex
1489 5384 1730 5455 antiqua
1772 5383 1930 5440 sedis

289 5490 408 5530 sua:
449 5471 827 5546 praerogativa
848 5472 906 5527 id
929 5471 1208 5540 muneris,
1243 5479 1308 5528 ut
1336 5472 1510 5528 habet
1530 5473 1645 5538 Ivo,
1677 5471 1932 5546 pertine-

289 5565 406 5629 bat,
440 5560 759 5618 celebratas
789 5577 904 5617 non
931 5561 1132 5618 fuisse.
1159 5562 1549 5636 Reprehendit
1569 5567 1765 5618 tamen
1785 5562 1930 5634 Ray-

292 5650 532 5718 noldum
566 5650 860 5725 Urbanus,
885 5651 1040 5728 quod
1060 5651 1120 5711 id
1150 5669 1185 5711 a
1212 5651 1629 5712 Silvanectensi
1662 5650 1933 5731 episcopo

2029 3337 2256 3392 tradam
2287 3335 2601 3409 accepisse,
2621 3354 2798 3410 quam
2821 3337 3146 3410 Philippus,
3167 3338 3249 3392 uti
3267 3337 3507 3394 tradunt
3527 3353 3674 3392 non-
3744 3390 3753 3399 _

2030 3425 2196 3495 nulli,
2229 3426 2423 3498 rapuit
2445 3425 2504 3480 in
2534 3425 2778 3483 ecclesia
2836 3427 3029 3482 Sancti
3083 3426 3350 3494 Joannis,
3399 3442 3530 3480 cum
3593 3424 3676 3480 ibi

2031 3513 2495 3572 canoniciSancti
2528 3515 2762 3572 Martini
2790 3516 2978 3572 fontes
3018 3532 3217 3572 sacros
3269 3513 3330 3570 in
3374 3513 3674 3587 pervigilio

2032 3605 2393 3662 Pentecostes
2415 3605 2856 3674 benedicerent;
2900 3605 3050 3677 quod
3087 3604 3325 3676 quidem
3355 3603 3464 3659 hoc
3522 3617 3676 3658 anno

2031 3695 2247 3750 factum
2282 3693 2481 3760 fuisse,
2513 3698 2790 3766 praetcrea
2821 3710 2948 3766 qua:
2995 3693 3271 3760 diximus,
3327 3691 3444 3749 alia
3498 3691 3676 3748 etiam

2032 3785 2412 3838 monumenta
2436 3783 2701 3853 probant.

2102 3870 2356 3926 Celebris
2390 3871 2500 3925 luit
2530 3870 2637 3926 hoc
2670 3889 2822 3927 anno
2855 3872 3145 3928 dedicatio
3167 3870 3421 3927 ecclesiae
3471 3885 3674 3924 mona-

2034 3959 2192 4016 sterii
2215 3959 2486 4015 Cavensis
2518 3961 2592 4015 ab
2621 3959 2748 4032 ipso
2771 3960 3002 4017 Urbano
3049 3962 3220 4016 facta.
3272 3961 3472 4016 Exstat
3516 3957 3676 4014 haud

2034 4047 2235 4122 procul
2265 4066 2300 4104 a
2328 4047 2565 4104 Salerno
2587 4050 2928 4118 oratorium,
2950 4049 3049 4105 ubi
3067 4050 3326 4122 pontifex
3339 4046 3677 4104 substitisse

2033 4138 2268 4204 dicitur,
2299 4154 2432 4194 cum
2466 4138 2674 4194 Cavam
2709 4139 2914 4195 adiret.
2936 4139 3078 4209 Ejus
3122 4137 3234 4194 loci
3292 4136 3680 4194 dedicationis

2034 4227 2340 4284 historiam
2373 4228 2527 4300 quod
2547 4227 2798 4284 multum
2831 4229 2900 4284 ad
2917 4227 3179 4298 ejusdem
3195 4226 3489 4300 pontiﬁcis
3504 4229 3682 4282 Gesta

2033 4316 2385 4374 illustranda
2401 4318 2662 4373 conferat
2684 4318 2969 4391 integram
2991 4317 3046 4372 in
3071 4315 3401 4390 Appendice
3422 4315 3680 4388 proferre

2034 4408 2224 4463 visum
2255 4411 2344 4463 est
2373 4423 2440 4462 ex
2471 4406 2712 4479 Ughello
2746 4411 2904 4462 tomo
2933 4406 3030 4461 ΥΠ
3073 4405 3250 4461 Italia:
3283 4421 3478 4472 sacrae,
3527 4408 3584 4460 et
3611 4420 3682 4460 ex

2034 4496 2242 4552 Martio
2273 4495 2674 4560 Bollandiano,
2720 4495 2818 4550 ubi
2881 4494 3132 4550 habetur
3187 4510 3256 4548 ex
3311 4492 3509 4549 codice
3565 4509 3678 4548 ms.

1953 4605 2000 4670 D
2035 4587 2298 4658 ejusdem
2331 4585 2438 4641 loci
2465 4585 2760 4656 descripta
2791 4583 2862 4638 ad
2889 4583 3107 4640 calcem
3142 4583 3284 4638 Vitae
3306 4591 3366 4639 δ.
3386 4581 3560 4648 Petri,
3585 4581 3688 4654 qui

2035 4681 2172 4731 tunc
2201 4674 2345 4730 illud
2382 4673 2800 4730 monasterium
2833 4673 3088 4745 regebat.
3123 4671 3348 4728 Visitur
3397 4671 3688 4743 hodieque

2037 4765 2096 4820 in
2128 4764 2236 4820 hac
2267 4763 2396 4837 ipsa
2415 4761 2657 4818 basilica
2677 4761 2976 4834 inscriptio
3008 4760 3410 4834 incisalapidi,
3430 4759 3488 4815 in
3509 4763 3684 4817 tantis

2038 4852 2426 4910 solemnitatis
2457 4850 2800 4906 memoriam
2834 4851 3042 4924 posita,
3077 4868 3202 4922 quas
3246 4850 3304 4904 in
3358 4848 3686 4906 Annalibus

2039 4942 2292 5009 Baronii,
2327 4944 2383 4996 et
2414 4940 2565 5011 apud
2601 4939 2914 4994 Lhesnium
2943 4939 3001 4994 in
3034 4937 3378 5012 pontiﬁcum
3410 4937 3558 4993 Vitis
3599 4936 3687 4993 sic
3741 4977 3773 4994 .-

2039 5033 2287 5088 habetur
2311 5048 2324 5084 :
3497 5073 3524 5087 ν

2109 5122 2341 5176 CRUCEM
2399 5135 2506 5174 noc
2559 5137 2611 5174 IN
2668 5136 2866 5174 ωριοε
2926 5135 3222 5175 SCULPTAM
3279 5135 3441 5182 QUAM
3481 5133 3686 5173 censis

2109 5223 2510 5263 SANCTISSIMUS
2596 5207 2923 5264 URBANUS
3009 5223 3308 5264 SECUNDUS
3406 5207 3684 5262 ROMANUS

2110 5313 2382 5351 PONTIFEX
2430 5313 2490 5351 IN
2551 5313 2732 5352 SACRA
2811 5313 2996 5353 HUJUS
3080 5297 3368 5352 ECCLESIJ-I
3454 5311 3684 5350 DEDICA-

2107 5401 2275 5442 ΤΙΟΝΒ
2331 5402 2598 5442 PROPRIIS
2657 5402 2905 5442 MANlBUS
2960 5403 3018 5443 ΙΝ
3076 5401 3268 5441 SACRE
3325 5401 3418 5440 REI
3465 5398 3686 5440 SIGNUM

2110 5491 2250 5530 OLEO
2306 5492 2510 5530 LINlVlT
2539 5491 2692 5530 ANNO
2745 5491 2976 5532 SALUTIS
3034 5491 3193 5531 MXCII
3226 5473 3408 5530 NONIS
3438 5473 3691 5529 SEPTEM-

2112 5581 2242 5620 BRIS
2275 5580 2599 5620 INDICTIONE
2629 5581 2721 5620 XV.

2041 5653 2230 5729 Hujus
2259 5651 2642 5713 dedicationis
2690 5653 3040 5716 memoriam
3097 5656 3306 5734 praeter
3359 5649 3688 5717 Chronicon
