  <div class='ocr_page' id='page_1' title='image "/cluster/home/n/w/nwhite01/storage/ocr_20150623/151/umn.31951002477444s/090.png"; bbox 0 0 3972 6408; ppageno 0'>
   <div class='ocr_carea' id='block_1_1' title="bbox 212 354 319 423">
    <p class='ocr_par' dir='ltr' id='par_1_1' title="bbox 212 354 319 423">
     <span class='ocr_line' id='line_1_1' title="bbox 212 354 319 423; baseline -0.009 -1"><span class='ocrx_word' id='word_1_1' title='bbox 212 354 319 423; x_wconf 78' lang='grc'>101</span> 
     </span>
    </p>
   </div>
   <div class='ocr_carea' id='block_1_2' title="bbox 1808 354 2016 426">
    <p class='ocr_par' dir='ltr' id='par_1_2' title="bbox 1808 354 2016 426">
     <span class='ocr_line' id='line_1_2' title="bbox 1808 354 2016 426; baseline -0.01 0"><span class='ocrx_word' id='word_1_2' title='bbox 1808 354 2016 426; x_wconf 68' lang='grc' dir='ltr'><strong>νιτΑ.</strong></span> 
     </span>
    </p>
   </div>
   <div class='ocr_carea' id='block_1_3' title="bbox 3506 364 3619 428">
    <p class='ocr_par' dir='ltr' id='par_1_3' title="bbox 3506 364 3619 428">
     <span class='ocr_line' id='line_1_3' title="bbox 3506 364 3619 428; baseline 0.018 -2"><span class='ocrx_word' id='word_1_3' title='bbox 3506 364 3619 428; x_wconf 77' lang='grc'>102</span> 
     </span>
    </p>
   </div>
   <div class='ocr_carea' id='block_1_4' title="bbox 207 490 3617 570">
    <p class='ocr_par' dir='ltr' id='par_1_4' title="bbox 207 490 3617 570">
     <span class='ocr_line' id='line_1_4' title="bbox 207 490 3617 570; baseline 0.001 -20"><span class='ocrx_word' id='word_1_4' title='bbox 207 496 376 551; x_wconf 80' lang='lat' dir='ltr'><strong>breve</strong></span> <span class='ocrx_word' id='word_1_5' title='bbox 407 494 684 553; x_wconf 85' lang='lat' dir='ltr'><strong>Cavensis</strong></span> <span class='ocrx_word' id='word_1_6' title='bbox 714 492 1052 553; x_wconf 81' lang='lat' dir='ltr'><strong>monasterii</strong></span> <span class='ocrx_word' id='word_1_7' title='bbox 1083 495 1155 552; x_wconf 92' lang='lat' dir='ltr'><strong>ad</strong></span> <span class='ocrx_word' id='word_1_8' title='bbox 1186 492 1377 570; x_wconf 80' lang='lat' dir='ltr'><strong>cyclus</strong></span> <span class='ocrx_word' id='word_1_9' title='bbox 1408 494 1734 562; x_wconf 87' lang='lat' dir='ltr'><strong>Paschales,</strong></span> <span class='ocrx_word' id='word_1_10' title='bbox 1759 513 1855 552; x_wconf 84' lang='lat' dir='ltr'><strong>ce-</strong></span> <span class='ocrx_word' id='word_1_11' title='bbox 1889 500 1935 564; x_wconf 83' lang='lat' dir='ltr'><strong>A</strong></span> <span class='ocrx_word' id='word_1_12' title='bbox 1973 496 2115 550; x_wconf 88' lang='lat' dir='ltr'><strong>Hinc</strong></span> <span class='ocrx_word' id='word_1_13' title='bbox 2144 494 2343 551; x_wconf 87' lang='lat' dir='ltr'><strong>mirari</strong></span> <span class='ocrx_word' id='word_1_14' title='bbox 2374 494 2551 564; x_wconf 84' lang='lat' dir='ltr'><strong>subit,</strong></span> <span class='ocrx_word' id='word_1_15' title='bbox 2586 490 2905 568; x_wconf 82' lang='lat' dir='ltr'><strong>Urbanum,</strong></span> <span class='ocrx_word' id='word_1_16' title='bbox 2939 492 2987 552; x_wconf 90' lang='lat' dir='ltr'><strong>si</strong></span> <span class='ocrx_word' id='word_1_17' title='bbox 3039 494 3275 569; x_wconf 81' lang='lat' dir='ltr'><strong>quidem</strong></span> <span class='ocrx_word' id='word_1_18' title='bbox 3320 498 3447 569; x_wconf 74' lang='lat' dir='ltr'><strong>ejus</strong></span> <span class='ocrx_word' id='word_1_19' title='bbox 3496 515 3617 555; x_wconf 85' lang='lat' dir='ltr'><strong>res-</strong></span> 
     </span>
    </p>
   </div>
   <div class='ocr_carea' id='block_1_5' title="bbox 203 578 1859 658">
    <p class='ocr_par' dir='ltr' id='par_1_5' title="bbox 203 578 1859 658">
     <span class='ocr_line' id='line_1_5' title="bbox 203 578 1859 658; baseline 0.002 -20"><span class='ocrx_word' id='word_1_20' title='bbox 203 583 435 641; x_wconf 88' lang='lat' dir='ltr'><strong>lebrant</strong></span> <span class='ocrx_word' id='word_1_21' title='bbox 466 585 601 641; x_wconf 78' lang='lat' dir='ltr'><strong>fasti</strong></span> <span class='ocrx_word' id='word_1_22' title='bbox 662 578 1044 642; x_wconf 48' lang='lat' dir='ltr'><strong>Benedictini&#39;</strong></span> <span class='ocrx_word' id='word_1_23' title='bbox 1074 586 1147 641; x_wconf 88' lang='lat' dir='ltr'><strong>ad</strong></span> <span class='ocrx_word' id='word_1_24' title='bbox 1204 585 1359 641; x_wconf 90' lang='lat' dir='ltr'><strong>diem</strong></span> <span class='ocrx_word' id='word_1_25' title='bbox 1401 587 1438 639; x_wconf 88' lang='lat'>5</span> <span class='ocrx_word' id='word_1_26' title='bbox 1477 585 1859 658; x_wconf 86' lang='lat' dir='ltr'><strong>Septembris,</strong></span> 
     </span>
    </p>
   </div>
   <div class='ocr_carea' id='block_1_6' title="bbox 204 673 1859 749">
    <p class='ocr_par' dir='ltr' id='par_1_6' title="bbox 204 673 1859 749">
     <span class='ocr_line' id='line_1_6' title="bbox 204 673 1859 749; baseline 0 -19"><span class='ocrx_word' id='word_1_27' title='bbox 204 673 361 730; x_wconf 83' lang='lat' dir='ltr'><strong>sicut</strong></span> <span class='ocrx_word' id='word_1_28' title='bbox 390 678 452 731; x_wconf 89' lang='lat' dir='ltr'><strong>et</strong></span> <span class='ocrx_word' id='word_1_29' title='bbox 477 674 778 733; x_wconf 78' lang='lat' dir='ltr'><strong>Ferrarius</strong></span> <span class='ocrx_word' id='word_1_30' title='bbox 818 675 878 730; x_wconf 92' lang='lat' dir='ltr'><strong>in</strong></span> <span class='ocrx_word' id='word_1_31' title='bbox 922 674 1194 749; x_wconf 88' lang='lat' dir='ltr'><strong>Catalogo</strong></span> <span class='ocrx_word' id='word_1_32' title='bbox 1234 674 1490 748; x_wconf 80' lang='lat' dir='ltr'><strong>generali</strong></span> <span class='ocrx_word' id='word_1_33' title='bbox 1522 679 1859 732; x_wconf 88' lang='lat' dir='ltr'><strong>sanctorum</strong></span> 
     </span>
    </p>
   </div>
   <div class='ocr_carea' id='block_1_7' title="bbox 205 762 1858 838">
    <p class='ocr_par' dir='ltr' id='par_1_7' title="bbox 205 762 1858 838">
     <span class='ocr_line' id='line_1_7' title="bbox 205 762 1858 838; baseline 0.002 -21"><span class='ocrx_word' id='word_1_34' title='bbox 205 762 303 835; x_wconf 86' lang='lat' dir='ltr'><strong>qui</strong></span> <span class='ocrx_word' id='word_1_35' title='bbox 335 780 454 819; x_wconf 91' lang='lat' dir='ltr'><strong>non</strong></span> <span class='ocrx_word' id='word_1_36' title='bbox 485 769 627 820; x_wconf 79' lang='lat' dir='ltr'><strong>sunt</strong></span> <span class='ocrx_word' id='word_1_37' title='bbox 650 765 710 820; x_wconf 93' lang='lat' dir='ltr'><strong>in</strong></span> <span class='ocrx_word' id='word_1_38' title='bbox 742 764 1149 838; x_wconf 82' lang='lat' dir='ltr'><strong>Martyrologio</strong></span> <span class='ocrx_word' id='word_1_39' title='bbox 1177 764 1623 821; x_wconf 84' lang='lat' dir='ltr'><strong>Romano.ldem</strong></span> <span class='ocrx_word' id='word_1_40' title='bbox 1659 765 1858 820; x_wconf 88' lang='lat' dir='ltr'><strong>Ferra-</strong></span> 
     </span>
    </p>
   </div>
   <div class='ocr_carea' id='block_1_8' title="bbox 204 851 1861 910">
    <p class='ocr_par' dir='ltr' id='par_1_8' title="bbox 204 851 1861 910">
     <span class='ocr_line' id='line_1_8' title="bbox 204 851 1861 910; baseline 0.002 -4"><span class='ocrx_word' id='word_1_41' title='bbox 204 851 328 908; x_wconf 86' lang='lat' dir='ltr'><strong>rius</strong></span> <span class='ocrx_word' id='word_1_42' title='bbox 356 852 416 907; x_wconf 89' lang='lat' dir='ltr'><strong>in</strong></span> <span class='ocrx_word' id='word_1_43' title='bbox 450 852 928 910; x_wconf 90' lang='lat' dir='ltr'><strong>adnotationibus</strong></span> <span class='ocrx_word' id='word_1_44' title='bbox 958 854 1031 910; x_wconf 87' lang='lat' dir='ltr'><strong>ad</strong></span> <span class='ocrx_word' id='word_1_45' title='bbox 1053 854 1320 909; x_wconf 87' lang='lat' dir='ltr'><strong>eamdem</strong></span> <span class='ocrx_word' id='word_1_46' title='bbox 1343 851 1497 909; x_wconf 91' lang='lat' dir='ltr'><strong>diem</strong></span> <span class='ocrx_word' id='word_1_47' title='bbox 1529 852 1730 909; x_wconf 87' lang='lat' dir='ltr'><strong>laudat</strong></span> <span class='ocrx_word' id='word_1_48' title='bbox 1745 854 1861 909; x_wconf 90' lang='lat' dir='ltr'><strong>duo</strong></span> 
     </span>
    </p>
   </div>
   <div class='ocr_carea' id='block_1_9' title="bbox 209 940 1863 1016">
    <p class='ocr_par' dir='ltr' id='par_1_9' title="bbox 209 940 1863 1016">
     <span class='ocr_line' id='line_1_9' title="bbox 209 940 1863 1016; baseline 0.001 -20"><span class='ocrx_word' id='word_1_49' title='bbox 209 940 423 997; x_wconf 88' lang='lat' dir='ltr'><strong>Urbani</strong></span> <span class='ocrx_word' id='word_1_50' title='bbox 445 941 771 1014; x_wconf 85' lang='lat' dir='ltr'><strong>diplomata</strong></span> <span class='ocrx_word' id='word_1_51' title='bbox 800 942 859 998; x_wconf 92' lang='lat' dir='ltr'><strong>in</strong></span> <span class='ocrx_word' id='word_1_52' title='bbox 903 942 1065 998; x_wconf 92' lang='lat' dir='ltr'><strong>illius</strong></span> <span class='ocrx_word' id='word_1_53' title='bbox 1104 942 1374 998; x_wconf 64' lang='lat' dir='ltr'><strong>Ecclesiae</strong></span> <span class='ocrx_word' id='word_1_54' title='bbox 1412 941 1664 1016; x_wconf 81' lang='lat' dir='ltr'><strong>gratiam</strong></span> <span class='ocrx_word' id='word_1_55' title='bbox 1696 959 1863 998; x_wconf 91' lang='lat' dir='ltr'><strong>occa-</strong></span> 
     </span>
    </p>
   </div>
   <div class='ocr_carea' id='block_1_10' title="bbox 208 1028 1863 1107">
    <p class='ocr_par' dir='ltr' id='par_1_10' title="bbox 208 1028 1863 1107">
     <span class='ocr_line' id='line_1_10' title="bbox 208 1028 1863 1107; baseline 0.001 -22"><span class='ocrx_word' id='word_1_56' title='bbox 208 1028 373 1086; x_wconf 89' lang='lat' dir='ltr'><strong>sione</strong></span> <span class='ocrx_word' id='word_1_57' title='bbox 393 1031 785 1088; x_wconf 89' lang='lat' dir='ltr'><strong>dedicationis</strong></span> <span class='ocrx_word' id='word_1_58' title='bbox 804 1032 933 1103; x_wconf 87' lang='lat' dir='ltr'><strong>ejus</strong></span> <span class='ocrx_word' id='word_1_59' title='bbox 947 1033 1350 1099; x_wconf 88' lang='lat' dir='ltr'><strong>concessa,sed</strong></span> <span class='ocrx_word' id='word_1_60' title='bbox 1371 1031 1647 1107; x_wconf 84' lang='lat' dir='ltr'><strong>mendose</strong></span> <span class='ocrx_word' id='word_1_61' title='bbox 1659 1047 1863 1088; x_wconf 91' lang='lat' dir='ltr'><strong>eorum</strong></span> 
     </span>
    </p>
   </div>
   <div class='ocr_carea' id='block_1_11' title="bbox 212 1118 1866 1194">
    <p class='ocr_par' dir='ltr' id='par_1_11' title="bbox 212 1118 1866 1194">
     <span class='ocr_line' id='line_1_11' title="bbox 212 1118 1866 1194; baseline 0.001 -20"><span class='ocrx_word' id='word_1_62' title='bbox 212 1123 380 1175; x_wconf 87' lang='lat' dir='ltr'><strong>notas</strong></span> <span class='ocrx_word' id='word_1_63' title='bbox 408 1118 719 1177; x_wconf 87' lang='lat' dir='ltr'><strong>chronicas</strong></span> <span class='ocrx_word' id='word_1_64' title='bbox 740 1121 934 1177; x_wconf 83' lang='lat' dir='ltr'><strong>refert.</strong></span> <span class='ocrx_word' id='word_1_65' title='bbox 958 1121 1284 1194; x_wconf 90' lang='lat' dir='ltr'><strong>Utrumque</strong></span> <span class='ocrx_word' id='word_1_66' title='bbox 1313 1138 1428 1194; x_wconf 81' lang='lat' dir='ltr'><strong>prae</strong></span> <span class='ocrx_word' id='word_1_67' title='bbox 1461 1122 1732 1177; x_wconf 87' lang='lat' dir='ltr'><strong>manibus</strong></span> <span class='ocrx_word' id='word_1_68' title='bbox 1764 1120 1866 1176; x_wconf 87' lang='lat' dir='ltr'><strong>ha-</strong></span> 
     </span>
    </p>
   </div>
   <div class='ocr_carea' id='block_1_12' title="bbox 212 1208 1864 1284">
    <p class='ocr_par' dir='ltr' id='par_1_12' title="bbox 212 1208 1864 1284">
     <span class='ocr_line' id='line_1_12' title="bbox 212 1208 1864 1284; baseline 0.001 -21"><span class='ocrx_word' id='word_1_69' title='bbox 212 1208 444 1264; x_wconf 88' lang='lat' dir='ltr'><strong>bemus.</strong></span> <span class='ocrx_word' id='word_1_70' title='bbox 477 1209 742 1265; x_wconf 90' lang='lat' dir='ltr'><strong>Primum</strong></span> <span class='ocrx_word' id='word_1_71' title='bbox 793 1208 1115 1283; x_wconf 89' lang='lat' dir='ltr'><strong>ipsummet</strong></span> <span class='ocrx_word' id='word_1_72' title='bbox 1161 1214 1251 1266; x_wconf 91' lang='lat' dir='ltr'><strong>est</strong></span> <span class='ocrx_word' id='word_1_73' title='bbox 1277 1208 1667 1284; x_wconf 83' lang='lat' dir='ltr'><strong>privilegium,</strong></span> <span class='ocrx_word' id='word_1_74' title='bbox 1710 1210 1864 1282; x_wconf 93' lang='lat' dir='ltr'><strong>quod</strong></span> 
     </span>
    </p>
   </div>
   <div class='ocr_carea' id='block_1_13' title="bbox 210 1296 1866 1371">
    <p class='ocr_par' dir='ltr' id='par_1_13' title="bbox 210 1296 1866 1371">
     <span class='ocr_line' id='line_1_13' title="bbox 210 1296 1866 1371; baseline 0.001 -18"><span class='ocrx_word' id='word_1_75' title='bbox 210 1296 503 1364; x_wconf 86' lang='lat' dir='ltr'><strong>Urbanus,</strong></span> <span class='ocrx_word' id='word_1_76' title='bbox 536 1302 774 1371; x_wconf 86' lang='lat' dir='ltr'><strong>peracta</strong></span> <span class='ocrx_word' id='word_1_77' title='bbox 823 1299 1206 1367; x_wconf 86' lang='lat' dir='ltr'><strong>dedicatione,</strong></span> <span class='ocrx_word' id='word_1_78' title='bbox 1240 1298 1549 1355; x_wconf 87' lang='lat' dir='ltr'><strong>Salernum</strong></span> <span class='ocrx_word' id='word_1_79' title='bbox 1599 1315 1866 1356; x_wconf 85' lang='lat' dir='ltr'><strong>reversus</strong></span> 
     </span>
    </p>
   </div>
   <div class='ocr_carea' id='block_1_14' title="bbox 210 1386 1864 1462">
    <p class='ocr_par' dir='ltr' id='par_1_14' title="bbox 210 1386 1864 1462">
     <span class='ocr_line' id='line_1_14' title="bbox 210 1386 1864 1462; baseline 0.001 -21"><span class='ocrx_word' id='word_1_80' title='bbox 210 1386 572 1444; x_wconf 87' lang='lat' dir='ltr'><strong>concessisse</strong></span> <span class='ocrx_word' id='word_1_81' title='bbox 597 1387 733 1444; x_wconf 87' lang='lat' dir='ltr'><strong>huic</strong></span> <span class='ocrx_word' id='word_1_82' title='bbox 764 1388 889 1444; x_wconf 91' lang='lat' dir='ltr'><strong>loco</strong></span> <span class='ocrx_word' id='word_1_83' title='bbox 920 1388 1157 1461; x_wconf 87' lang='lat' dir='ltr'><strong>dicitur,</strong></span> <span class='ocrx_word' id='word_1_84' title='bbox 1181 1388 1252 1444; x_wconf 90' lang='lat' dir='ltr'><strong>ab</strong></span> <span class='ocrx_word' id='word_1_85' title='bbox 1274 1405 1340 1444; x_wconf 91' lang='lat' dir='ltr'><strong>eo</strong></span> <span class='ocrx_word' id='word_1_86' title='bbox 1370 1388 1712 1462; x_wconf 73' lang='lat' dir='ltr'><strong>caeterisque</strong></span> <span class='ocrx_word' id='word_1_87' title='bbox 1743 1388 1864 1460; x_wconf 91' lang='lat' dir='ltr'><strong>epi-</strong></span> 
     </span>
    </p>
   </div>
   <div class='ocr_carea' id='block_1_15' title="bbox 212 1474 1864 1549">
    <p class='ocr_par' dir='ltr' id='par_1_15' title="bbox 212 1474 1864 1549">
     <span class='ocr_line' id='line_1_15' title="bbox 212 1474 1864 1549; baseline 0.001 -18"><span class='ocrx_word' id='word_1_88' title='bbox 212 1474 405 1549; x_wconf 81' lang='lat' dir='ltr'><strong>scopis</strong></span> <span class='ocrx_word' id='word_1_89' title='bbox 434 1479 495 1532; x_wconf 86' lang='lat' dir='ltr'><strong>et</strong></span> <span class='ocrx_word' id='word_1_90' title='bbox 527 1476 949 1544; x_wconf 85' lang='lat' dir='ltr'><strong>cardinalibus,</strong></span> <span class='ocrx_word' id='word_1_91' title='bbox 982 1477 1084 1549; x_wconf 86' lang='lat' dir='ltr'><strong>qui</strong></span> <span class='ocrx_word' id='word_1_92' title='bbox 1116 1477 1311 1549; x_wconf 92' lang='lat' dir='ltr'><strong>ipsum</strong></span> <span class='ocrx_word' id='word_1_93' title='bbox 1325 1477 1584 1533; x_wconf 87' lang='lat' dir='ltr'><strong>comitati</strong></span> <span class='ocrx_word' id='word_1_94' title='bbox 1616 1478 1864 1545; x_wconf 87' lang='lat' dir='ltr'><strong>fuerant,</strong></span> 
     </span>
    </p>
   </div>
   <div class='ocr_carea' id='block_1_16' title="bbox 211 1564 1867 1638">
    <p class='ocr_par' dir='ltr' id='par_1_16' title="bbox 211 1564 1867 1638">
     <span class='ocr_line' id='line_1_16' title="bbox 211 1564 1867 1638; baseline 0.001 -19"><span class='ocrx_word' id='word_1_95' title='bbox 211 1564 638 1638; x_wconf 86' lang='lat' dir='ltr'><strong>subscriptum.</strong></span> <span class='ocrx_word' id='word_1_96' title='bbox 673 1566 883 1622; x_wconf 90' lang='lat' dir='ltr'><strong>Datum</strong></span> <span class='ocrx_word' id='word_1_97' title='bbox 916 1569 1005 1621; x_wconf 85' lang='lat' dir='ltr'><strong>est</strong></span> <span class='ocrx_word' id='word_1_98' title='bbox 1051 1566 1161 1622; x_wconf 91' lang='lat' dir='ltr'><strong>hoc</strong></span> <span class='ocrx_word' id='word_1_99' title='bbox 1191 1582 1343 1622; x_wconf 91' lang='lat' dir='ltr'><strong>anno</strong></span> <span class='ocrx_word' id='word_1_100' title='bbox 1395 1584 1534 1623; x_wconf 82' lang='lat' dir='ltr'><strong>XVIII</strong></span> <span class='ocrx_word' id='word_1_101' title='bbox 1580 1566 1867 1623; x_wconf 85' lang='lat' dir='ltr'><strong>Kalendas</strong></span> 
     </span>
    </p>
   </div>
   <div class='ocr_carea' id='block_1_17' title="bbox 212 1653 1869 1727">
    <p class='ocr_par' dir='ltr' id='par_1_17' title="bbox 212 1653 1869 1727">
     <span class='ocr_line' id='line_1_17' title="bbox 212 1653 1869 1727; baseline 0.001 -18"><span class='ocrx_word' id='word_1_102' title='bbox 212 1653 501 1723; x_wconf 87' lang='lat' dir='ltr'><strong>Octobris,</strong></span> <span class='ocrx_word' id='word_1_103' title='bbox 536 1654 853 1711; x_wconf 87' lang='lat' dir='ltr'><strong>indictione</strong></span> <span class='ocrx_word' id='word_1_104' title='bbox 873 1672 965 1724; x_wconf 83' lang='lat' dir='ltr'><strong>xv,</strong></span> <span class='ocrx_word' id='word_1_105' title='bbox 993 1656 1366 1727; x_wconf 84' lang='lat' dir='ltr'><strong>pontiﬁcatus</strong></span> <span class='ocrx_word' id='word_1_106' title='bbox 1393 1672 1544 1711; x_wconf 88' lang='lat' dir='ltr'><strong>anno</strong></span> <span class='ocrx_word' id='word_1_107' title='bbox 1557 1674 1612 1721; x_wconf 90' lang='lat' dir='ltr'><strong>v,</strong></span> <span class='ocrx_word' id='word_1_108' title='bbox 1638 1661 1695 1710; x_wconf 81' lang='lat' dir='ltr'><strong>et</strong></span> <span class='ocrx_word' id='word_1_109' title='bbox 1724 1656 1783 1710; x_wconf 90' lang='lat' dir='ltr'><strong>in</strong></span> <span class='ocrx_word' id='word_1_110' title='bbox 1802 1672 1869 1711; x_wconf 91' lang='lat' dir='ltr'><strong>eo</strong></span> 
     </span>
    </p>
   </div>
   <div class='ocr_carea' id='block_1_18' title="bbox 212 1742 1868 1818">
    <p class='ocr_par' dir='ltr' id='par_1_18' title="bbox 212 1742 1868 1818">
     <span class='ocr_line' id='line_1_18' title="bbox 212 1742 1868 1818; baseline 0.001 -20"><span class='ocrx_word' id='word_1_111' title='bbox 212 1742 477 1799; x_wconf 84' lang='lat' dir='ltr'><strong>Pontifex</strong></span> <span class='ocrx_word' id='word_1_112' title='bbox 506 1743 810 1818; x_wconf 88' lang='lat' dir='ltr'><strong>privilegia</strong></span> <span class='ocrx_word' id='word_1_113' title='bbox 834 1746 959 1817; x_wconf 91' lang='lat' dir='ltr'><strong>jam</strong></span> <span class='ocrx_word' id='word_1_114' title='bbox 992 1745 1127 1800; x_wconf 89' lang='lat' dir='ltr'><strong>huic</strong></span> <span class='ocrx_word' id='word_1_115' title='bbox 1159 1746 1511 1802; x_wconf 86' lang='lat' dir='ltr'><strong>monasterio</strong></span> <span class='ocrx_word' id='word_1_116' title='bbox 1542 1763 1574 1801; x_wconf 90' lang='lat' dir='ltr'><strong>a</strong></span> <span class='ocrx_word' id='word_1_117' title='bbox 1594 1744 1868 1818; x_wconf 84' lang='lat' dir='ltr'><strong>Gregorio</strong></span> 
     </span>
    </p>
   </div>
   <div class='ocr_carea' id='block_1_19' title="bbox 213 1832 1869 1906">
    <p class='ocr_par' dir='ltr' id='par_1_19' title="bbox 213 1832 1869 1906">
     <span class='ocr_line' id='line_1_19' title="bbox 213 1832 1869 1906; baseline 0.003 -23"><span class='ocrx_word' id='word_1_118' title='bbox 213 1832 315 1887; x_wconf 74' lang='lat' dir='ltr'><strong>VII</strong></span> <span class='ocrx_word' id='word_1_119' title='bbox 342 1847 622 1888; x_wconf 88' lang='lat' dir='ltr'><strong>concessa</strong></span> <span class='ocrx_word' id='word_1_120' title='bbox 671 1834 981 1889; x_wconf 87' lang='lat' dir='ltr'><strong>conﬁrmat</strong></span> <span class='ocrx_word' id='word_1_121' title='bbox 1039 1849 1173 1888; x_wconf 91' lang='lat' dir='ltr'><strong>cum</strong></span> <span class='ocrx_word' id='word_1_122' title='bbox 1228 1833 1398 1889; x_wconf 91' lang='lat' dir='ltr'><strong>bonis</strong></span> <span class='ocrx_word' id='word_1_123' title='bbox 1435 1835 1709 1891; x_wconf 89' lang='lat' dir='ltr'><strong>omnibus</strong></span> <span class='ocrx_word' id='word_1_124' title='bbox 1740 1851 1869 1906; x_wconf 64' lang='lat' dir='ltr'><strong>quae</strong></span> 
     </span>
    </p>
   </div>
   <div class='ocr_carea' id='block_1_20' title="bbox 218 1919 1874 1994">
    <p class='ocr_par' dir='ltr' id='par_1_20' title="bbox 218 1919 1874 1994">
     <span class='ocr_line' id='line_1_20' title="bbox 218 1919 1874 1994; baseline 0.002 -19"><span class='ocrx_word' id='word_1_125' title='bbox 218 1920 509 1993; x_wconf 85' lang='lat' dir='ltr'><strong>Rogerius</strong></span> <span class='ocrx_word' id='word_1_126' title='bbox 538 1920 656 1976; x_wconf 83' lang='lat' dir='ltr'><strong>dux</strong></span> <span class='ocrx_word' id='word_1_127' title='bbox 682 1919 899 1994; x_wconf 82' lang='lat' dir='ltr'><strong>aliique</strong></span> <span class='ocrx_word' id='word_1_128' title='bbox 946 1922 1050 1977; x_wconf 91' lang='lat' dir='ltr'><strong>viri</strong></span> <span class='ocrx_word' id='word_1_129' title='bbox 1084 1921 1309 1978; x_wconf 87' lang='lat' dir='ltr'><strong>nobiles</strong></span> <span class='ocrx_word' id='word_1_130' title='bbox 1349 1921 1538 1978; x_wconf 88' lang='lat' dir='ltr'><strong>eidem</strong></span> <span class='ocrx_word' id='word_1_131' title='bbox 1588 1921 1711 1979; x_wconf 89' lang='lat' dir='ltr'><strong>loco</strong></span> <span class='ocrx_word' id='word_1_132' title='bbox 1744 1940 1874 1978; x_wconf 83' lang='lat' dir='ltr'><strong>con-</strong></span> 
     </span>
    </p>
   </div>
   <div class='ocr_carea' id='block_1_21' title="bbox 215 2008 1872 2083">
    <p class='ocr_par' dir='ltr' id='par_1_21' title="bbox 215 2008 1872 2083">
     <span class='ocr_line' id='line_1_21' title="bbox 215 2008 1872 2083; baseline 0.001 -20"><span class='ocrx_word' id='word_1_133' title='bbox 215 2008 771 2065; x_wconf 86' lang='lat' dir='ltr'><strong>tulerunt.Alterum</strong></span> <span class='ocrx_word' id='word_1_134' title='bbox 791 2009 1007 2065; x_wconf 88' lang='lat' dir='ltr'><strong>Urbani</strong></span> <span class='ocrx_word' id='word_1_135' title='bbox 1021 2009 1461 2083; x_wconf 88' lang='lat' dir='ltr'><strong>diploma,quod</strong></span> <span class='ocrx_word' id='word_1_136' title='bbox 1488 2011 1689 2066; x_wconf 88' lang='lat' dir='ltr'><strong>eadem</strong></span> <span class='ocrx_word' id='word_1_137' title='bbox 1703 2024 1872 2067; x_wconf 87' lang='lat' dir='ltr'><strong>occa-</strong></span> 
     </span>
    </p>
   </div>
   <div class='ocr_carea' id='block_1_22' title="bbox 214 2097 1878 2173">
    <p class='ocr_par' dir='ltr' id='par_1_22' title="bbox 214 2097 1878 2173">
     <span class='ocr_line' id='line_1_22' title="bbox 214 2097 1878 2173; baseline 0.001 -20"><span class='ocrx_word' id='word_1_138' title='bbox 214 2097 383 2154; x_wconf 88' lang='lat' dir='ltr'><strong>sione</strong></span> <span class='ocrx_word' id='word_1_139' title='bbox 435 2097 736 2154; x_wconf 83' lang='lat' dir='ltr'><strong>indultum</strong></span> <span class='ocrx_word' id='word_1_140' title='bbox 790 2098 965 2173; x_wconf 87' lang='lat' dir='ltr'><strong>vulgo</strong></span> <span class='ocrx_word' id='word_1_141' title='bbox 1024 2099 1460 2167; x_wconf 83' lang='lat' dir='ltr'><strong>circumfertur,</strong></span> <span class='ocrx_word' id='word_1_142' title='bbox 1505 2100 1729 2155; x_wconf 90' lang='lat' dir='ltr'><strong>editum</strong></span> <span class='ocrx_word' id='word_1_143' title='bbox 1788 2104 1878 2155; x_wconf 87' lang='lat' dir='ltr'><strong>est</strong></span> 
     </span>
    </p>
   </div>
   <div class='ocr_carea' id='block_1_23' title="bbox 213 2186 1877 2261">
    <p class='ocr_par' dir='ltr' id='par_1_23' title="bbox 213 2186 1877 2261">
     <span class='ocr_line' id='line_1_23' title="bbox 213 2186 1877 2261; baseline 0.001 -19"><span class='ocrx_word' id='word_1_144' title='bbox 213 2191 379 2243; x_wconf 85' lang='lat' dir='ltr'><strong>tomo</strong></span> <span class='ocrx_word' id='word_1_145' title='bbox 429 2186 725 2243; x_wconf 90' lang='lat' dir='ltr'><strong>IBullarii</strong></span> <span class='ocrx_word' id='word_1_146' title='bbox 774 2187 1144 2255; x_wconf 89' lang='lat' dir='ltr'><strong>Casinensis;</strong></span> <span class='ocrx_word' id='word_1_147' title='bbox 1179 2194 1385 2261; x_wconf 85' lang='lat' dir='ltr'><strong>estque</strong></span> <span class='ocrx_word' id='word_1_148' title='bbox 1430 2187 1608 2244; x_wconf 88' lang='lat' dir='ltr'><strong>veluti</strong></span> <span class='ocrx_word' id='word_1_149' title='bbox 1664 2186 1877 2260; x_wconf 87' lang='lat' dir='ltr'><strong>prioris</strong></span> 
     </span>
    </p>
   </div>
   <div class='ocr_carea' id='block_1_24' title="bbox 215 2276 1873 2350">
    <p class='ocr_par' dir='ltr' id='par_1_24' title="bbox 215 2276 1873 2350">
     <span class='ocr_line' id='line_1_24' title="bbox 215 2276 1873 2350; baseline 0.002 -20"><span class='ocrx_word' id='word_1_150' title='bbox 215 2276 688 2345; x_wconf 88' lang='lat' dir='ltr'><strong>Breviarum,aut</strong></span> <span class='ocrx_word' id='word_1_151' title='bbox 707 2281 859 2332; x_wconf 87' lang='lat' dir='ltr'><strong>certe</strong></span> <span class='ocrx_word' id='word_1_152' title='bbox 888 2276 1052 2349; x_wconf 90' lang='lat' dir='ltr'><strong>prius</strong></span> <span class='ocrx_word' id='word_1_153' title='bbox 1068 2276 1216 2332; x_wconf 89' lang='lat' dir='ltr'><strong>nihil</strong></span> <span class='ocrx_word' id='word_1_154' title='bbox 1245 2276 1402 2332; x_wconf 86' lang='lat' dir='ltr'><strong>aliud</strong></span> <span class='ocrx_word' id='word_1_155' title='bbox 1417 2282 1505 2333; x_wconf 90' lang='lat' dir='ltr'><strong>est</strong></span> <span class='ocrx_word' id='word_1_156' title='bbox 1522 2294 1698 2350; x_wconf 91' lang='lat' dir='ltr'><strong>quam</strong></span> <span class='ocrx_word' id='word_1_157' title='bbox 1719 2277 1873 2333; x_wconf 88' lang='lat' dir='ltr'><strong>istud</strong></span> 
     </span>
    </p>
   </div>
   <div class='ocr_carea' id='block_1_25' title="bbox 216 2364 1873 2439">
    <p class='ocr_par' dir='ltr' id='par_1_25' title="bbox 216 2364 1873 2439">
     <span class='ocr_line' id='line_1_25' title="bbox 216 2364 1873 2439; baseline 0 -19"><span class='ocrx_word' id='word_1_158' title='bbox 216 2364 744 2438; x_wconf 76' lang='lat' dir='ltr'><strong>ampliﬁ0atum.At</strong></span> <span class='ocrx_word' id='word_1_159' title='bbox 774 2370 923 2421; x_wconf 67' lang='lat' dir='ltr'><strong>notas</strong></span> <span class='ocrx_word' id='word_1_160' title='bbox 954 2364 1398 2439; x_wconf 74' lang='lat' dir='ltr'><strong>chronologicae,</strong></span> <span class='ocrx_word' id='word_1_161' title='bbox 1445 2383 1570 2439; x_wconf 71' lang='lat' dir='ltr'><strong>quae</strong></span> <span class='ocrx_word' id='word_1_162' title='bbox 1604 2366 1661 2421; x_wconf 91' lang='lat' dir='ltr'><strong>in</strong></span> <span class='ocrx_word' id='word_1_163' title='bbox 1696 2366 1873 2439; x_wconf 88' lang='lat' dir='ltr'><strong>priori</strong></span> 
     </span>
    </p>
   </div>
   <div class='ocr_carea' id='block_1_26' title="bbox 216 2453 1875 2523">
    <p class='ocr_par' dir='ltr' id='par_1_26' title="bbox 216 2453 1875 2523">
     <span class='ocr_line' id='line_1_26' title="bbox 216 2453 1875 2523; baseline 0 -13"><span class='ocrx_word' id='word_1_164' title='bbox 216 2455 385 2510; x_wconf 80' lang='lat' dir='ltr'><strong>bonae</strong></span> <span class='ocrx_word' id='word_1_165' title='bbox 412 2453 639 2521; x_wconf 88' lang='lat' dir='ltr'><strong>sunt,in</strong></span> <span class='ocrx_word' id='word_1_166' title='bbox 672 2454 784 2510; x_wconf 87' lang='lat' dir='ltr'><strong>isto</strong></span> <span class='ocrx_word' id='word_1_167' title='bbox 814 2471 917 2511; x_wconf 90' lang='lat' dir='ltr'><strong>nec</strong></span> <span class='ocrx_word' id='word_1_168' title='bbox 966 2454 1075 2510; x_wconf 87' lang='lat' dir='ltr'><strong>sibi</strong></span> <span class='ocrx_word' id='word_1_169' title='bbox 1109 2459 1520 2523; x_wconf 88' lang='lat' dir='ltr'><strong>constant,nec</strong></span> <span class='ocrx_word' id='word_1_170' title='bbox 1550 2454 1687 2511; x_wconf 91' lang='lat' dir='ltr'><strong>huic</strong></span> <span class='ocrx_word' id='word_1_171' title='bbox 1722 2472 1875 2510; x_wconf 92' lang='lat' dir='ltr'><strong>anno</strong></span> 
     </span>
    </p>
   </div>
   <div class='ocr_carea' id='block_1_27' title="bbox 218 2542 1874 2612">
    <p class='ocr_par' dir='ltr' id='par_1_27' title="bbox 218 2542 1874 2612">
     <span class='ocr_line' id='line_1_27' title="bbox 218 2542 1874 2612; baseline -0.001 -13"><span class='ocrx_word' id='word_1_172' title='bbox 218 2542 594 2599; x_wconf 87' lang='lat' dir='ltr'><strong>conveniunt.</strong></span> <span class='ocrx_word' id='word_1_173' title='bbox 628 2542 839 2599; x_wconf 86' lang='lat' dir='ltr'><strong>Datum</strong></span> <span class='ocrx_word' id='word_1_174' title='bbox 885 2543 1100 2599; x_wconf 84' lang='lat' dir='ltr'><strong>dicitur</strong></span> <span class='ocrx_word' id='word_1_175' title='bbox 1126 2542 1349 2599; x_wconf 86' lang='lat' dir='ltr'><strong>Salerni</strong></span> <span class='ocrx_word' id='word_1_176' title='bbox 1388 2543 1495 2599; x_wconf 91' lang='lat' dir='ltr'><strong>hoc</strong></span> <span class='ocrx_word' id='word_1_177' title='bbox 1526 2560 1681 2600; x_wconf 87' lang='lat' dir='ltr'><strong>anno</strong></span> <span class='ocrx_word' id='word_1_178' title='bbox 1712 2545 1874 2612; x_wconf 81' lang='grc'>1092,</span> 
     </span>
    </p>
   </div>
   <div class='ocr_carea' id='block_1_28' title="bbox 218 2630 1876 2705">
    <p class='ocr_par' dir='ltr' id='par_1_28' title="bbox 218 2630 1876 2705">
     <span class='ocr_line' id='line_1_28' title="bbox 218 2630 1876 2705; baseline 0.001 -19"><span class='ocrx_word' id='word_1_179' title='bbox 218 2632 313 2688; x_wconf 89' lang='lat' dir='ltr'><strong>die</strong></span> <span class='ocrx_word' id='word_1_180' title='bbox 344 2649 404 2686; x_wconf 83' lang='lat' dir='ltr'><strong>1x</strong></span> <span class='ocrx_word' id='word_1_181' title='bbox 435 2630 560 2687; x_wconf 82' lang='lat' dir='ltr'><strong>Kal.</strong></span> <span class='ocrx_word' id='word_1_182' title='bbox 614 2631 933 2701; x_wconf 84' lang='lat' dir='ltr'><strong>Februarii,</strong></span> <span class='ocrx_word' id='word_1_183' title='bbox 977 2631 1293 2687; x_wconf 86' lang='lat' dir='ltr'><strong>indictione</strong></span> <span class='ocrx_word' id='word_1_184' title='bbox 1351 2649 1446 2698; x_wconf 90' lang='lat' dir='ltr'><strong>xv,</strong></span> <span class='ocrx_word' id='word_1_185' title='bbox 1500 2633 1876 2705; x_wconf 87' lang='lat' dir='ltr'><strong>pontiﬁcatus</strong></span> 
     </span>
    </p>
   </div>
   <div class='ocr_carea' id='block_1_29' title="bbox 219 2718 1878 2794">
    <p class='ocr_par' dir='ltr' id='par_1_29' title="bbox 219 2718 1878 2794">
     <span class='ocr_line' id='line_1_29' title="bbox 219 2718 1878 2794; baseline -0.001 -17"><span class='ocrx_word' id='word_1_186' title='bbox 219 2718 440 2778; x_wconf 91' lang='lat' dir='ltr'><strong>Urbani</strong></span> <span class='ocrx_word' id='word_1_187' title='bbox 462 2737 617 2776; x_wconf 88' lang='lat' dir='ltr'><strong>anno</strong></span> <span class='ocrx_word' id='word_1_188' title='bbox 637 2737 815 2793; x_wconf 87' lang='lat' dir='ltr'><strong>v,quo</strong></span> <span class='ocrx_word' id='word_1_189' title='bbox 846 2725 1345 2794; x_wconf 86' lang='lat' dir='ltr'><strong>tempore,nempe</strong></span> <span class='ocrx_word' id='word_1_190' title='bbox 1379 2738 1580 2778; x_wconf 90' lang='lat' dir='ltr'><strong>mense</strong></span> <span class='ocrx_word' id='word_1_191' title='bbox 1599 2720 1878 2777; x_wconf 85' lang='lat' dir='ltr'><strong>Januario</strong></span> 
     </span>
    </p>
   </div>
   <div class='ocr_carea' id='block_1_30' title="bbox 222 2809 1880 2879">
    <p class='ocr_par' dir='ltr' id='par_1_30' title="bbox 222 2809 1880 2879">
     <span class='ocr_line' id='line_1_30' title="bbox 222 2809 1880 2879; baseline 0 -13"><span class='ocrx_word' id='word_1_192' title='bbox 222 2814 327 2866; x_wconf 85' lang='lat' dir='ltr'><strong>aut</strong></span> <span class='ocrx_word' id='word_1_193' title='bbox 351 2809 668 2864; x_wconf 89' lang='lat' dir='ltr'><strong>Februario</strong></span> <span class='ocrx_word' id='word_1_194' title='bbox 702 2809 880 2879; x_wconf 84' lang='lat' dir='ltr'><strong>hujus</strong></span> <span class='ocrx_word' id='word_1_195' title='bbox 911 2809 1071 2875; x_wconf 89' lang='lat' dir='ltr'><strong>anni,</strong></span> <span class='ocrx_word' id='word_1_196' title='bbox 1104 2809 1371 2865; x_wconf 86' lang='lat' dir='ltr'><strong>dedicata</strong></span> <span class='ocrx_word' id='word_1_197' title='bbox 1397 2810 1659 2865; x_wconf 91' lang='lat' dir='ltr'><strong>nondum</strong></span> <span class='ocrx_word' id='word_1_198' title='bbox 1693 2810 1880 2866; x_wconf 85' lang='lat' dir='ltr'><strong>fuerat</strong></span> 
     </span>
    </p>
   </div>
   <div class='ocr_carea' id='block_1_31' title="bbox 125 2897 1878 2955">
    <p class='ocr_par' dir='ltr' id='par_1_31' title="bbox 125 2897 1878 2955">
     <span class='ocr_line' id='line_1_31' title="bbox 125 2897 1878 2955; baseline 0 -1"><span class='ocrx_word' id='word_1_199' title='bbox 125 2909 141 2926; x_wconf 85' lang='lat'>&#39;</span> <span class='ocrx_word' id='word_1_200' title='bbox 223 2897 473 2954; x_wconf 89' lang='lat' dir='ltr'><strong>basilica</strong></span> <span class='ocrx_word' id='word_1_201' title='bbox 501 2897 863 2955; x_wconf 89' lang='lat' dir='ltr'><strong>Cavensis.Si</strong></span> <span class='ocrx_word' id='word_1_202' title='bbox 897 2903 1090 2954; x_wconf 88' lang='lat' dir='ltr'><strong>tamen</strong></span> <span class='ocrx_word' id='word_1_203' title='bbox 1122 2898 1210 2953; x_wconf 73' lang='lat' dir='ltr'><strong>bas</strong></span> <span class='ocrx_word' id='word_1_204' title='bbox 1251 2902 1399 2955; x_wconf 65' lang='lat' dir='ltr'><strong>notae</strong></span> <span class='ocrx_word' id='word_1_205' title='bbox 1431 2900 1503 2955; x_wconf 90' lang='lat' dir='ltr'><strong>ad</strong></span> <span class='ocrx_word' id='word_1_206' title='bbox 1537 2915 1754 2955; x_wconf 90' lang='lat' dir='ltr'><strong>annum</strong></span> <span class='ocrx_word' id='word_1_207' title='bbox 1789 2917 1878 2955; x_wconf 89' lang='lat' dir='ltr'><strong>se—</strong></span> 
     </span>
    </p>
   </div>
   <div class='ocr_carea' id='block_1_32' title="bbox 218 2987 1880 3061">
    <p class='ocr_par' dir='ltr' id='par_1_32' title="bbox 218 2987 1880 3061">
     <span class='ocr_line' id='line_1_32' title="bbox 218 2987 1880 3061; baseline -0.001 -19"><span class='ocrx_word' id='word_1_208' title='bbox 218 2991 501 3059; x_wconf 89' lang='lat' dir='ltr'><strong>quentem</strong></span> <span class='ocrx_word' id='word_1_209' title='bbox 532 2987 874 3055; x_wconf 82' lang='lat' dir='ltr'><strong>referantur,</strong></span> <span class='ocrx_word' id='word_1_210' title='bbox 910 2989 1244 3059; x_wconf 88' lang='lat' dir='ltr'><strong>repetendo,</strong></span> <span class='ocrx_word' id='word_1_211' title='bbox 1270 2992 1336 3043; x_wconf 92' lang='lat' dir='ltr'><strong>ut</strong></span> <span class='ocrx_word' id='word_1_212' title='bbox 1369 2987 1432 3042; x_wconf 86' lang='lat' dir='ltr'><strong>ﬁt</strong></span> <span class='ocrx_word' id='word_1_213' title='bbox 1461 2989 1709 3061; x_wconf 89' lang='lat' dir='ltr'><strong>passim,</strong></span> <span class='ocrx_word' id='word_1_214' title='bbox 1741 2988 1880 3044; x_wconf 81' lang='lat' dir='ltr'><strong>anni</strong></span> 
     </span>
    </p>
   </div>
   <div class='ocr_carea' id='block_1_33' title="bbox 218 3074 1879 3159">
    <p class='ocr_par' dir='ltr' id='par_1_33' title="bbox 218 3074 1879 3159">
     <span class='ocr_line' id='line_1_33' title="bbox 218 3074 1879 3159; baseline 0.001 -28"><span class='ocrx_word' id='word_1_215' title='bbox 218 3074 459 3132; x_wconf 89' lang='lat' dir='ltr'><strong>initium</strong></span> <span class='ocrx_word' id='word_1_216' title='bbox 480 3092 515 3131; x_wconf 88' lang='lat' dir='ltr'><strong>a</strong></span> <span class='ocrx_word' id='word_1_217' title='bbox 536 3074 801 3148; x_wconf 88' lang='lat' dir='ltr'><strong>paschali</strong></span> <span class='ocrx_word' id='word_1_218' title='bbox 832 3075 1405 3143; x_wconf 87' lang='lat' dir='ltr'><strong>solemnitate,modo</strong></span> <span class='ocrx_word' id='word_1_219' title='bbox 1436 3081 1662 3159; x_wconf 68' lang='lat' dir='ltr'><strong>cpnstet</strong></span> <span class='ocrx_word' id='word_1_220' title='bbox 1693 3075 1879 3132; x_wconf 86' lang='lat' dir='ltr'><strong>Urba-</strong></span> 
     </span>
    </p>
   </div>
   <div class='ocr_carea' id='block_1_34' title="bbox 219 3163 1877 3236">
    <p class='ocr_par' dir='ltr' id='par_1_34' title="bbox 219 3163 1877 3236">
     <span class='ocr_line' id='line_1_34' title="bbox 219 3163 1877 3236; baseline 0.001 -16"><span class='ocrx_word' id='word_1_221' title='bbox 219 3181 369 3221; x_wconf 90' lang='lat' dir='ltr'><strong>num</strong></span> <span class='ocrx_word' id='word_1_222' title='bbox 398 3167 541 3219; x_wconf 87' lang='lat' dir='ltr'><strong>tunc</strong></span> <span class='ocrx_word' id='word_1_223' title='bbox 568 3163 793 3219; x_wconf 84' lang='lat' dir='ltr'><strong>Salerni</strong></span> <span class='ocrx_word' id='word_1_224' title='bbox 820 3168 1046 3220; x_wconf 85' lang='lat' dir='ltr'><strong>exstare</strong></span> <span class='ocrx_word' id='word_1_225' title='bbox 1077 3164 1358 3236; x_wconf 88' lang='lat' dir='ltr'><strong>potuisse,</strong></span> <span class='ocrx_word' id='word_1_226' title='bbox 1385 3163 1529 3219; x_wconf 89' lang='lat' dir='ltr'><strong>nihil</strong></span> <span class='ocrx_word' id='word_1_227' title='bbox 1562 3164 1621 3219; x_wconf 89' lang='lat' dir='ltr'><strong>in</strong></span> <span class='ocrx_word' id='word_1_228' title='bbox 1654 3164 1746 3220; x_wconf 84' lang='lat' dir='ltr'><strong>his</strong></span> <span class='ocrx_word' id='word_1_229' title='bbox 1776 3182 1877 3221; x_wconf 91' lang='lat' dir='ltr'><strong>no-</strong></span> 
     </span>
    </p>
   </div>
   <div class='ocr_carea' id='block_1_35' title="bbox 1902 1870 1950 1935">
    <p class='ocr_par' dir='ltr' id='par_1_35' title="bbox 1902 1870 1950 1935">
     <span class='ocr_line' id='line_1_35' title="bbox 1902 1870 1950 1935; baseline 0 0"><span class='ocrx_word' id='word_1_230' title='bbox 1902 1870 1950 1935; x_wconf 87' lang='lat' dir='ltr'><strong>B</strong></span> 
     </span>
    </p>
   </div>
   <div class='ocr_carea' id='block_1_36' title="bbox 1970 585 3616 659">
    <p class='ocr_par' dir='ltr' id='par_1_36' title="bbox 1970 585 3616 659">
     <span class='ocr_line' id='line_1_36' title="bbox 1970 585 3616 659; baseline 0.004 -21"><span class='ocrx_word' id='word_1_231' title='bbox 1970 586 2339 658; x_wconf 88' lang='lat' dir='ltr'><strong>cripto,quod</strong></span> <span class='ocrx_word' id='word_1_232' title='bbox 2370 585 2630 659; x_wconf 84' lang='lat' dir='ltr'><strong>vulgavit</strong></span> <span class='ocrx_word' id='word_1_233' title='bbox 2659 604 2727 643; x_wconf 92' lang='lat' dir='ltr'><strong>ea</strong></span> <span class='ocrx_word' id='word_1_234' title='bbox 2771 587 2842 643; x_wconf 89' lang='lat' dir='ltr'><strong>de</strong></span> <span class='ocrx_word' id='word_1_235' title='bbox 2884 604 2946 642; x_wconf 90' lang='lat' dir='ltr'><strong>re</strong></span> <span class='ocrx_word' id='word_1_236' title='bbox 2990 585 3292 659; x_wconf 87' lang='lat' dir='ltr'><strong>Ughellus,</strong></span> <span class='ocrx_word' id='word_1_237' title='bbox 3325 589 3616 658; x_wconf 84' lang='lat' dir='ltr'><strong>credatur,</strong></span> 
     </span>
    </p>
   </div>
   <div class='ocr_carea' id='block_1_37' title="bbox 1970 673 3616 749">
    <p class='ocr_par' dir='ltr' id='par_1_37' title="bbox 1970 673 3616 749">
     <span class='ocr_line' id='line_1_37' title="bbox 1970 673 3616 749; baseline 0.002 -20"><span class='ocrx_word' id='word_1_238' title='bbox 1970 673 2079 729; x_wconf 90' lang='lat' dir='ltr'><strong>sub</strong></span> <span class='ocrx_word' id='word_1_239' title='bbox 2113 690 2230 730; x_wconf 66' lang='lat' dir='ltr'><strong>suae</strong></span> <span class='ocrx_word' id='word_1_240' title='bbox 2258 674 2386 730; x_wconf 72' lang='lat' dir='ltr'><strong>vitae</strong></span> <span class='ocrx_word' id='word_1_241' title='bbox 2418 675 2616 743; x_wconf 88' lang='lat' dir='ltr'><strong>ﬁnem,</strong></span> <span class='ocrx_word' id='word_1_242' title='bbox 2646 675 2768 731; x_wconf 65' lang='lat' dir='ltr'><strong>haec</strong></span> <span class='ocrx_word' id='word_1_243' title='bbox 2788 676 3060 732; x_wconf 88' lang='lat' dir='ltr'><strong>Cavensis</strong></span> <span class='ocrx_word' id='word_1_244' title='bbox 3083 675 3422 733; x_wconf 88' lang='lat' dir='ltr'><strong>monasterii</strong></span> <span class='ocrx_word' id='word_1_245' title='bbox 3444 677 3616 749; x_wconf 89' lang='lat' dir='ltr'><strong>privi-</strong></span> 
     </span>
    </p>
   </div>
   <div class='ocr_carea' id='block_1_38' title="bbox 1970 761 3621 836">
    <p class='ocr_par' dir='ltr' id='par_1_38' title="bbox 1970 761 3621 836">
     <span class='ocr_line' id='line_1_38' title="bbox 1970 761 3621 836; baseline 0.002 -19"><span class='ocrx_word' id='word_1_246' title='bbox 1970 761 2121 836; x_wconf 88' lang='lat' dir='ltr'><strong>legia</strong></span> <span class='ocrx_word' id='word_1_247' title='bbox 2151 763 2481 830; x_wconf 88' lang='lat' dir='ltr'><strong>rescidisse,</strong></span> <span class='ocrx_word' id='word_1_248' title='bbox 2514 769 2641 823; x_wconf 83' lang='lat' dir='ltr'><strong>aut-</strong></span> <span class='ocrx_word' id='word_1_249' title='bbox 2666 763 2870 820; x_wconf 64' lang='lat' dir='ltr'><strong>salten‘</strong></span> <span class='ocrx_word' id='word_1_250' title='bbox 2924 765 3294 820; x_wconf 83' lang='lat' dir='ltr'><strong>restrinxisse</strong></span> <span class='ocrx_word' id='word_1_251' title='bbox 3340 764 3398 820; x_wconf 90' lang='lat' dir='ltr'><strong>in</strong></span> <span class='ocrx_word' id='word_1_252' title='bbox 3429 764 3621 821; x_wconf 84' lang='lat' dir='ltr'><strong>All‘ani</strong></span> 
     </span>
    </p>
   </div>
   <div class='ocr_carea' id='block_1_39' title="bbox 1972 849 3625 927">
    <p class='ocr_par' dir='ltr' id='par_1_39' title="bbox 1972 849 3625 927">
     <span class='ocr_line' id='line_1_39' title="bbox 1972 849 3625 927; baseline 0.004 -22"><span class='ocrx_word' id='word_1_253' title='bbox 1972 849 2393 923; x_wconf 77' lang='lat' dir='ltr'><strong>archiepiscoPi</strong></span> <span class='ocrx_word' id='word_1_254' title='bbox 2421 851 2768 908; x_wconf 85' lang='lat' dir='ltr'><strong>Salernitani</strong></span> <span class='ocrx_word' id='word_1_255' title='bbox 2800 852 3297 924; x_wconf 89' lang='lat' dir='ltr'><strong>gratiam.Tamen</strong></span> <span class='ocrx_word' id='word_1_256' title='bbox 3329 869 3463 908; x_wconf 90' lang='lat' dir='ltr'><strong>cum</strong></span> <span class='ocrx_word' id='word_1_257' title='bbox 3496 870 3625 927; x_wconf 87' lang='lat' dir='ltr'><strong>age-</strong></span> 
     </span>
    </p>
   </div>
   <div class='ocr_carea' id='block_1_40' title="bbox 1971 940 3622 1014">
    <p class='ocr_par' dir='ltr' id='par_1_40' title="bbox 1971 940 3622 1014">
     <span class='ocr_line' id='line_1_40' title="bbox 1971 940 3622 1014; baseline 0.004 -21"><span class='ocrx_word' id='word_1_258' title='bbox 1971 943 2132 994; x_wconf 90' lang='lat' dir='ltr'><strong>retur</strong></span> <span class='ocrx_word' id='word_1_259' title='bbox 2161 940 2231 995; x_wconf 90' lang='lat' dir='ltr'><strong>de</strong></span> <span class='ocrx_word' id='word_1_260' title='bbox 2261 940 2649 996; x_wconf 88' lang='lat' dir='ltr'><strong>concedendis</strong></span> <span class='ocrx_word' id='word_1_261' title='bbox 2672 940 2890 997; x_wconf 90' lang='lat' dir='ltr'><strong>nostris</strong></span> <span class='ocrx_word' id='word_1_262' title='bbox 2913 941 3285 998; x_wconf 84' lang='lat' dir='ltr'><strong>Casinatib-us</strong></span> <span class='ocrx_word' id='word_1_263' title='bbox 3318 942 3622 1014; x_wconf 88' lang='lat' dir='ltr'><strong>pontiﬁca-</strong></span> 
     </span>
    </p>
   </div>
   <div class='ocr_carea' id='block_1_41' title="bbox 1972 1027 3623 1103">
    <p class='ocr_par' dir='ltr' id='par_1_41' title="bbox 1972 1027 3623 1103">
     <span class='ocr_line' id='line_1_41' title="bbox 1972 1027 3623 1103; baseline 0.002 -21"><span class='ocrx_word' id='word_1_264' title='bbox 1972 1027 2129 1082; x_wconf 87' lang='lat' dir='ltr'><strong>libus</strong></span> <span class='ocrx_word' id='word_1_265' title='bbox 2146 1028 2838 1097; x_wconf 87' lang='lat' dir='ltr'><strong>ornamentis,laudatum</strong></span> <span class='ocrx_word' id='word_1_266' title='bbox 2872 1029 3021 1085; x_wconf 87' lang='lat' dir='ltr'><strong>hanc</strong></span> <span class='ocrx_word' id='word_1_267' title='bbox 3052 1030 3110 1085; x_wconf 91' lang='lat' dir='ltr'><strong>in</strong></span> <span class='ocrx_word' id='word_1_268' title='bbox 3144 1047 3264 1086; x_wconf 90' lang='lat' dir='ltr'><strong>rem</strong></span> <span class='ocrx_word' id='word_1_269' title='bbox 3308 1032 3419 1087; x_wconf 90' lang='lat' dir='ltr'><strong>fuit</strong></span> <span class='ocrx_word' id='word_1_270' title='bbox 3447 1031 3623 1103; x_wconf 85' lang='lat' dir='ltr'><strong>privi-</strong></span> 
     </span>
    </p>
   </div>
   <div class='ocr_carea' id='block_1_42' title="bbox 1973 1115 3624 1191">
    <p class='ocr_par' dir='ltr' id='par_1_42' title="bbox 1973 1115 3624 1191">
     <span class='ocr_line' id='line_1_42' title="bbox 1973 1115 3624 1191; baseline 0.004 -21"><span class='ocrx_word' id='word_1_271' title='bbox 1973 1115 2192 1189; x_wconf 85' lang='lat' dir='ltr'><strong>legium</strong></span> <span class='ocrx_word' id='word_1_272' title='bbox 2222 1116 2478 1174; x_wconf 88' lang='lat' dir='ltr'><strong>Cavense</strong></span> <span class='ocrx_word' id='word_1_273' title='bbox 2508 1117 2567 1173; x_wconf 91' lang='lat' dir='ltr'><strong>in</strong></span> <span class='ocrx_word' id='word_1_274' title='bbox 2599 1119 3046 1191; x_wconf 83' lang='lat' dir='ltr'><strong>congregatione</strong></span> <span class='ocrx_word' id='word_1_275' title='bbox 3067 1119 3455 1176; x_wconf 89' lang='lat' dir='ltr'><strong>cardinalium</strong></span> <span class='ocrx_word' id='word_1_276' title='bbox 3486 1137 3624 1177; x_wconf 89' lang='lat' dir='ltr'><strong>con-</strong></span> 
     </span>
    </p>
   </div>
   <div class='ocr_carea' id='block_1_43' title="bbox 1974 1205 3625 1281">
    <p class='ocr_par' dir='ltr' id='par_1_43' title="bbox 1974 1205 3625 1281">
     <span class='ocr_line' id='line_1_43' title="bbox 1974 1205 3625 1281; baseline 0.004 -22"><span class='ocrx_word' id='word_1_277' title='bbox 1974 1205 2089 1259; x_wconf 92' lang='lat' dir='ltr'><strong>cilii</strong></span> <span class='ocrx_word' id='word_1_278' title='bbox 2120 1206 2446 1262; x_wconf 88' lang='lat' dir='ltr'><strong>Tridentini</strong></span> <span class='ocrx_word' id='word_1_279' title='bbox 2470 1206 2850 1281; x_wconf 86' lang='lat' dir='ltr'><strong>interpretum</strong></span> <span class='ocrx_word' id='word_1_280' title='bbox 2863 1215 2947 1275; x_wconf 86' lang='lat' dir='ltr'><strong>,ut</strong></span> <span class='ocrx_word' id='word_1_281' title='bbox 2964 1212 3215 1263; x_wconf 84' lang='lat' dir='ltr'><strong>testatur</strong></span> <span class='ocrx_word' id='word_1_282' title='bbox 3228 1209 3625 1266; x_wconf 91' lang='lat' dir='ltr'><strong>Tamburinus</strong></span> 
     </span>
    </p>
   </div>
   <div class='ocr_carea' id='block_1_44' title="bbox 1975 1295 3627 1370">
    <p class='ocr_par' dir='ltr' id='par_1_44' title="bbox 1975 1295 3627 1370">
     <span class='ocr_line' id='line_1_44' title="bbox 1975 1295 3627 1370; baseline 0.002 -20"><span class='ocrx_word' id='word_1_283' title='bbox 1975 1295 2046 1351; x_wconf 91' lang='lat' dir='ltr'><strong>de</strong></span> <span class='ocrx_word' id='word_1_284' title='bbox 2072 1295 2207 1366; x_wconf 91' lang='lat' dir='ltr'><strong>jure</strong></span> <span class='ocrx_word' id='word_1_285' title='bbox 2239 1296 2521 1351; x_wconf 89' lang='lat' dir='ltr'><strong>abbatum</strong></span> <span class='ocrx_word' id='word_1_286' title='bbox 2540 1296 2998 1369; x_wconf 79' lang='lat' dir='ltr'><strong>disp.23,quaest.</strong></span> <span class='ocrx_word' id='word_1_287' title='bbox 3033 1314 3071 1351; x_wconf 80' lang='grc' dir='ltr'><strong>ι.</strong></span> <span class='ocrx_word' id='word_1_288' title='bbox 3099 1302 3218 1353; x_wconf 84' lang='lat' dir='ltr'><strong>lmo</strong></span> <span class='ocrx_word' id='word_1_289' title='bbox 3249 1297 3627 1370; x_wconf 90' lang='lat' dir='ltr'><strong>quotiescun-</strong></span> 
     </span>
    </p>
   </div>
   <div class='ocr_carea' id='block_1_45' title="bbox 1968 1383 3629 1458">
    <p class='ocr_par' dir='ltr' id='par_1_45' title="bbox 1968 1383 3629 1458">
     <span class='ocr_line' id='line_1_45' title="bbox 1968 1383 3629 1458; baseline 0.002 -19"><span class='ocrx_word' id='word_1_290' title='bbox 1968 1398 2089 1456; x_wconf 79' lang='lat' dir='ltr'><strong>que</strong></span> <span class='ocrx_word' id='word_1_291' title='bbox 2120 1383 2267 1439; x_wconf 91' lang='lat' dir='ltr'><strong>illud</strong></span> <span class='ocrx_word' id='word_1_292' title='bbox 2301 1385 2454 1440; x_wconf 91' lang='lat' dir='ltr'><strong>idem</strong></span> <span class='ocrx_word' id='word_1_293' title='bbox 2506 1385 2876 1458; x_wconf 88' lang='lat' dir='ltr'><strong>privilegium</strong></span> <span class='ocrx_word' id='word_1_294' title='bbox 2918 1386 3250 1457; x_wconf 89' lang='lat' dir='ltr'><strong>impetitum</strong></span> <span class='ocrx_word' id='word_1_295' title='bbox 3284 1387 3413 1454; x_wconf 89' lang='lat' dir='ltr'><strong>fuit,</strong></span> <span class='ocrx_word' id='word_1_296' title='bbox 3466 1387 3629 1443; x_wconf 89' lang='lat' dir='ltr'><strong>stetit</strong></span> 
     </span>
    </p>
   </div>
   <div class='ocr_carea' id='block_1_46' title="bbox 1976 1474 3625 1546">
    <p class='ocr_par' dir='ltr' id='par_1_46' title="bbox 1976 1474 3625 1546">
     <span class='ocr_line' id='line_1_46' title="bbox 1976 1474 3625 1546; baseline 0.002 -18"><span class='ocrx_word' id='word_1_297' title='bbox 1976 1488 2209 1546; x_wconf 89' lang='lat' dir='ltr'><strong>semper</strong></span> <span class='ocrx_word' id='word_1_298' title='bbox 2238 1477 2471 1545; x_wconf 87' lang='lat' dir='ltr'><strong>statque</strong></span> <span class='ocrx_word' id='word_1_299' title='bbox 2495 1474 2668 1529; x_wconf 91' lang='lat' dir='ltr'><strong>etiam</strong></span> <span class='ocrx_word' id='word_1_300' title='bbox 2705 1490 2857 1529; x_wconf 92' lang='lat' dir='ltr'><strong>nunc</strong></span> <span class='ocrx_word' id='word_1_301' title='bbox 2895 1474 3314 1531; x_wconf 89' lang='lat' dir='ltr'><strong>inconcussum</strong></span> <span class='ocrx_word' id='word_1_302' title='bbox 3346 1492 3412 1533; x_wconf 87' lang='lat' dir='ltr'><strong>ac</strong></span> <span class='ocrx_word' id='word_1_303' title='bbox 3440 1475 3625 1532; x_wconf 89' lang='lat' dir='ltr'><strong>invio-</strong></span> 
     </span>
    </p>
   </div>
   <div class='ocr_carea' id='block_1_47' title="bbox 1976 1561 3625 1636">
    <p class='ocr_par' dir='ltr' id='par_1_47' title="bbox 1976 1561 3625 1636">
     <span class='ocr_line' id='line_1_47' title="bbox 1976 1561 3625 1636; baseline 0.002 -19"><span class='ocrx_word' id='word_1_304' title='bbox 1976 1562 2182 1630; x_wconf 90' lang='lat' dir='ltr'><strong>latum,</strong></span> <span class='ocrx_word' id='word_1_305' title='bbox 2217 1567 2281 1618; x_wconf 93' lang='lat' dir='ltr'><strong>ut</strong></span> <span class='ocrx_word' id='word_1_306' title='bbox 2305 1567 2462 1636; x_wconf 90' lang='lat' dir='ltr'><strong>patet</strong></span> <span class='ocrx_word' id='word_1_307' title='bbox 2492 1579 2558 1618; x_wconf 87' lang='lat' dir='ltr'><strong>ex</strong></span> <span class='ocrx_word' id='word_1_308' title='bbox 2589 1561 2765 1617; x_wconf 88' lang='lat' dir='ltr'><strong>variis</strong></span> <span class='ocrx_word' id='word_1_309' title='bbox 2794 1561 3204 1619; x_wconf 86' lang='lat' dir='ltr'><strong>instrumentis</strong></span> <span class='ocrx_word' id='word_1_310' title='bbox 3250 1564 3625 1632; x_wconf 88' lang='lat' dir='ltr'><strong>authenticis,</strong></span> 
     </span>
    </p>
   </div>
   <div class='ocr_carea' id='block_1_48' title="bbox 1978 1651 3626 1725">
    <p class='ocr_par' dir='ltr' id='par_1_48' title="bbox 1978 1651 3626 1725">
     <span class='ocr_line' id='line_1_48' title="bbox 1978 1651 3626 1725; baseline 0.001 -18"><span class='ocrx_word' id='word_1_311' title='bbox 1978 1669 2103 1723; x_wconf 67' lang='lat' dir='ltr'><strong>qua:</strong></span> <span class='ocrx_word' id='word_1_312' title='bbox 2117 1668 2250 1707; x_wconf 91' lang='lat' dir='ltr'><strong>cum</strong></span> <span class='ocrx_word' id='word_1_313' title='bbox 2264 1651 2555 1725; x_wconf 87' lang='lat' dir='ltr'><strong>pontiﬁcis</strong></span> <span class='ocrx_word' id='word_1_314' title='bbox 2568 1651 2987 1723; x_wconf 87' lang='lat' dir='ltr'><strong>diplomatibus</strong></span> <span class='ocrx_word' id='word_1_315' title='bbox 3001 1653 3626 1725; x_wconf 87' lang='lat' dir='ltr'><strong>accongregationum,</strong></span> 
     </span>
    </p>
   </div>
   <div class='ocr_carea' id='block_1_49' title="bbox 1979 1739 3630 1812">
    <p class='ocr_par' dir='ltr' id='par_1_49' title="bbox 1979 1739 3630 1812">
     <span class='ocr_line' id='line_1_49' title="bbox 1979 1739 3630 1812; baseline 0.002 -17"><span class='ocrx_word' id='word_1_316' title='bbox 1979 1758 2079 1795; x_wconf 89' lang='lat' dir='ltr'><strong>seu</strong></span> <span class='ocrx_word' id='word_1_317' title='bbox 2114 1741 2653 1796; x_wconf 89' lang='lat' dir='ltr'><strong>commissariorum</strong></span> <span class='ocrx_word' id='word_1_318' title='bbox 2707 1741 2952 1795; x_wconf 75' lang='lat' dir='ltr'><strong>decretis</strong></span> <span class='ocrx_word' id='word_1_319' title='bbox 2981 1739 3041 1794; x_wconf 89' lang='lat' dir='ltr'><strong>in</strong></span> <span class='ocrx_word' id='word_1_320' title='bbox 3086 1742 3348 1812; x_wconf 87' lang='lat' dir='ltr'><strong>ejusdem</strong></span> <span class='ocrx_word' id='word_1_321' title='bbox 3392 1742 3500 1799; x_wconf 87' lang='lat' dir='ltr'><strong>loci</strong></span> <span class='ocrx_word' id='word_1_322' title='bbox 3533 1760 3630 1798; x_wconf 90' lang='lat' dir='ltr'><strong>ar-</strong></span> 
     </span>
    </p>
   </div>
   <div class='ocr_carea' id='block_1_50' title="bbox 1981 1829 3631 1901">
    <p class='ocr_par' dir='ltr' id='par_1_50' title="bbox 1981 1829 3631 1901">
     <span class='ocr_line' id='line_1_50' title="bbox 1981 1829 3631 1901; baseline 0.002 -17"><span class='ocrx_word' id='word_1_323' title='bbox 1981 1829 2149 1885; x_wconf 87' lang='lat' dir='ltr'><strong>chivo</strong></span> <span class='ocrx_word' id='word_1_324' title='bbox 2180 1829 2995 1900; x_wconf 79' lang='lat' dir='ltr'><strong>conservantur.Rescriptum</strong></span> <span class='ocrx_word' id='word_1_325' title='bbox 3028 1844 3160 1884; x_wconf 91' lang='lat' dir='ltr'><strong>vero</strong></span> <span class='ocrx_word' id='word_1_326' title='bbox 3185 1829 3631 1901; x_wconf 86' lang='lat' dir='ltr'><strong>Urbani,quale-</strong></span> 
     </span>
    </p>
   </div>
   <div class='ocr_carea' id='block_1_51' title="bbox 1983 1916 3629 1991">
    <p class='ocr_par' dir='ltr' id='par_1_51' title="bbox 1983 1916 3629 1991">
     <span class='ocr_line' id='line_1_51' title="bbox 1983 1916 3629 1991; baseline 0.001 -17"><span class='ocrx_word' id='word_1_327' title='bbox 1983 1935 2215 1991; x_wconf 90' lang='lat' dir='ltr'><strong>cunque</strong></span> <span class='ocrx_word' id='word_1_328' title='bbox 2248 1918 2479 1981; x_wconf 88' lang='lat' dir='ltr'><strong>tandem</strong></span> <span class='ocrx_word' id='word_1_329' title='bbox 2514 1917 2658 1972; x_wconf 85' lang='lat' dir='ltr'><strong>illud</strong></span> <span class='ocrx_word' id='word_1_330' title='bbox 2711 1916 2805 1985; x_wconf 91' lang='lat' dir='ltr'><strong>sit,</strong></span> <span class='ocrx_word' id='word_1_331' title='bbox 2833 1934 2938 1973; x_wconf 89' lang='lat' dir='ltr'><strong>suo</strong></span> <span class='ocrx_word' id='word_1_332' title='bbox 2968 1917 3171 1973; x_wconf 87' lang='lat' dir='ltr'><strong>ordine</strong></span> <span class='ocrx_word' id='word_1_333' title='bbox 3200 1918 3340 1973; x_wconf 91' lang='lat' dir='ltr'><strong>olim</strong></span> <span class='ocrx_word' id='word_1_334' title='bbox 3374 1919 3629 1987; x_wconf 89' lang='lat' dir='ltr'><strong>dabitur,</strong></span> 
     </span>
    </p>
   </div>
   <div class='ocr_carea' id='block_1_52' title="bbox 1983 2006 3631 2079">
    <p class='ocr_par' dir='ltr' id='par_1_52' title="bbox 1983 2006 3631 2079">
     <span class='ocr_line' id='line_1_52' title="bbox 1983 2006 3631 2079; baseline 0.001 -17"><span class='ocrx_word' id='word_1_335' title='bbox 1983 2024 2054 2063; x_wconf 91' lang='lat' dir='ltr'><strong>ne</strong></span> <span class='ocrx_word' id='word_1_336' title='bbox 2085 2006 2307 2079; x_wconf 87' lang='lat' dir='ltr'><strong>aliquid</strong></span> <span class='ocrx_word' id='word_1_337' title='bbox 2343 2007 2399 2062; x_wconf 92' lang='lat' dir='ltr'><strong>in</strong></span> <span class='ocrx_word' id='word_1_338' title='bbox 2436 2011 2766 2062; x_wconf 88' lang='lat' dir='ltr'><strong>nostrorum</strong></span> <span class='ocrx_word' id='word_1_339' title='bbox 2817 2007 3067 2078; x_wconf 88' lang='lat' dir='ltr'><strong>gratiam</strong></span> <span class='ocrx_word' id='word_1_340' title='bbox 3110 2007 3519 2064; x_wconf 89' lang='lat' dir='ltr'><strong>dissimulasse</strong></span> <span class='ocrx_word' id='word_1_341' title='bbox 3549 2009 3631 2064; x_wconf 88' lang='lat' dir='ltr'><strong>vi-</strong></span> 
     </span>
    </p>
   </div>
   <div class='ocr_carea' id='block_1_53' title="bbox 1983 2097 2245 2151">
    <p class='ocr_par' dir='ltr' id='par_1_53' title="bbox 1983 2097 2245 2151">
     <span class='ocr_line' id='line_1_53' title="bbox 1983 2097 2245 2151; baseline -0.004 0"><span class='ocrx_word' id='word_1_342' title='bbox 1983 2097 2245 2151; x_wconf 87' lang='lat' dir='ltr'><strong>deamur.</strong></span> 
     </span>
    </p>
   </div>
   <div class='ocr_carea' id='block_1_54' title="bbox 1985 2202 3633 2275">
    <p class='ocr_par' dir='ltr' id='par_1_54' title="bbox 1985 2202 3633 2275">
     <span class='ocr_line' id='line_1_54' title="bbox 1985 2202 3633 2275; baseline 0.002 -18"><span class='ocrx_word' id='word_1_343' title='bbox 1985 2202 2201 2257; x_wconf 83' lang='lat' dir='ltr'><strong>CXVII.</strong></span> <span class='ocrx_word' id='word_1_344' title='bbox 2239 2204 2448 2259; x_wconf 77' lang='lat' dir='ltr'><strong>Urbani</strong></span> <span class='ocrx_word' id='word_1_345' title='bbox 2465 2203 2744 2275; x_wconf 79' lang='lat' dir='ltr'><strong>judicium</strong></span> <span class='ocrx_word' id='word_1_346' title='bbox 2773 2202 2839 2257; x_wconf 84' lang='lat' dir='ltr'><strong>de</strong></span> <span class='ocrx_word' id='word_1_347' title='bbox 2865 2203 3105 2258; x_wconf 72' lang='lat' dir='ltr'><strong>Ecclesia</strong></span> <span class='ocrx_word' id='word_1_348' title='bbox 3139 2203 3473 2260; x_wconf 77' lang='lat' dir='ltr'><strong>Credonensi</strong></span> <span class='ocrx_word' id='word_1_349' title='bbox 3513 2208 3633 2263; x_wconf 80' lang='lat' dir='ltr'><strong>Ma-</strong></span> 
     </span>
    </p>
   </div>
   <div class='ocr_carea' id='block_1_55' title="bbox 2625 2276 2992 2329">
    <p class='ocr_par' dir='ltr' id='par_1_55' title="bbox 2625 2276 2992 2329">
     <span class='ocr_line' id='line_1_55' title="bbox 2625 2276 2992 2329; baseline 0.003 -1"><span class='ocrx_word' id='word_1_350' title='bbox 2625 2278 2796 2329; x_wconf 73' lang='lat' dir='ltr'><strong>lcram</strong></span> <span class='ocrx_word' id='word_1_351' title='bbox 2828 2291 2923 2329; x_wconf 83' lang='lat' dir='ltr'><strong>vcn</strong></span> <span class='ocrx_word' id='word_1_352' title='bbox 2931 2276 2992 2329; x_wconf 83' lang='lat' dir='ltr'><strong>it.</strong></span> 
     </span>
    </p>
   </div>
   <div class='ocr_carea' id='block_1_56' title="bbox 2058 2361 3638 2435">
    <p class='ocr_par' dir='ltr' id='par_1_56' title="bbox 2058 2361 3638 2435">
     <span class='ocr_line' id='line_1_56' title="bbox 2058 2361 3638 2435; baseline 0.002 -17"><span class='ocrx_word' id='word_1_353' title='bbox 2058 2363 2355 2419; x_wconf 86' lang='lat' dir='ltr'><strong>Urbanum</strong></span> <span class='ocrx_word' id='word_1_354' title='bbox 2385 2378 2518 2417; x_wconf 89' lang='lat' dir='ltr'><strong>vero</strong></span> <span class='ocrx_word' id='word_1_355' title='bbox 2541 2361 2650 2417; x_wconf 89' lang='lat' dir='ltr'><strong>hoc</strong></span> <span class='ocrx_word' id='word_1_356' title='bbox 2683 2378 2880 2418; x_wconf 90' lang='lat' dir='ltr'><strong>mense</strong></span> <span class='ocrx_word' id='word_1_357' title='bbox 2898 2367 2954 2417; x_wconf 92' lang='lat' dir='ltr'><strong>et</strong></span> <span class='ocrx_word' id='word_1_358' title='bbox 2982 2363 3248 2435; x_wconf 87' lang='lat' dir='ltr'><strong>sequenti</strong></span> <span class='ocrx_word' id='word_1_359' title='bbox 3279 2363 3339 2419; x_wconf 90' lang='lat' dir='ltr'><strong>in</strong></span> <span class='ocrx_word' id='word_1_360' title='bbox 3370 2363 3638 2421; x_wconf 87' lang='lat' dir='ltr'><strong>Calabria</strong></span> 
     </span>
    </p>
   </div>
   <div class='ocr_carea' id='block_1_57' title="bbox 1987 2451 3634 2526">
    <p class='ocr_par' dir='ltr' id='par_1_57' title="bbox 1987 2451 3634 2526">
     <span class='ocr_line' id='line_1_57' title="bbox 1987 2451 3634 2526; baseline 0.002 -19"><span class='ocrx_word' id='word_1_361' title='bbox 1987 2452 2278 2508; x_wconf 78' lang='lat' dir='ltr'><strong>exstitisse</strong></span> <span class='ocrx_word' id='word_1_362' title='bbox 2310 2453 2559 2524; x_wconf 88' lang='lat' dir='ltr'><strong>probant</strong></span> <span class='ocrx_word' id='word_1_363' title='bbox 2603 2451 2885 2507; x_wconf 88' lang='lat' dir='ltr'><strong>nonnulla</strong></span> <span class='ocrx_word' id='word_1_364' title='bbox 2930 2452 3323 2508; x_wconf 85' lang='lat' dir='ltr'><strong>instrumenta</strong></span> <span class='ocrx_word' id='word_1_365' title='bbox 3370 2454 3634 2526; x_wconf 88' lang='lat' dir='ltr'><strong>antiqua.</strong></span> 
     </span>
    </p>
   </div>
   <div class='ocr_carea' id='block_1_58' title="bbox 1988 2540 3637 2614">
    <p class='ocr_par' dir='ltr' id='par_1_58' title="bbox 1988 2540 3637 2614">
     <span class='ocr_line' id='line_1_58' title="bbox 1988 2540 3637 2614; baseline 0.001 -18"><span class='ocrx_word' id='word_1_366' title='bbox 1988 2541 2090 2596; x_wconf 88' lang='lat' dir='ltr'><strong>His</strong></span> <span class='ocrx_word' id='word_1_367' title='bbox 2123 2540 2415 2596; x_wconf 89' lang='lat' dir='ltr'><strong>accenseri</strong></span> <span class='ocrx_word' id='word_1_368' title='bbox 2448 2540 3252 2612; x_wconf 81' lang='lat' dir='ltr'><strong>debetejusdecretum,quod</strong></span> <span class='ocrx_word' id='word_1_369' title='bbox 3272 2546 3403 2614; x_wconf 89' lang='lat' dir='ltr'><strong>post</strong></span> <span class='ocrx_word' id='word_1_370' title='bbox 3419 2542 3637 2598; x_wconf 88' lang='lat' dir='ltr'><strong>multas</strong></span> 
     </span>
    </p>
   </div>
   <div class='ocr_carea' id='block_1_59' title="bbox 1989 2628 3636 2703">
    <p class='ocr_par' dir='ltr' id='par_1_59' title="bbox 1989 2628 3636 2703">
     <span class='ocr_line' id='line_1_59' title="bbox 1989 2628 3636 2703; baseline 0.001 -19"><span class='ocrx_word' id='word_1_371' title='bbox 1989 2629 2296 2700; x_wconf 85' lang='lat' dir='ltr'><strong>utriusque</strong></span> <span class='ocrx_word' id='word_1_372' title='bbox 2327 2628 2510 2701; x_wconf 87' lang='lat' dir='ltr'><strong>partis</strong></span> <span class='ocrx_word' id='word_1_373' title='bbox 2558 2628 2963 2685; x_wconf 87' lang='lat' dir='ltr'><strong>altercationes</strong></span> <span class='ocrx_word' id='word_1_374' title='bbox 3011 2629 3259 2685; x_wconf 87' lang='lat' dir='ltr'><strong>sancivit</strong></span> <span class='ocrx_word' id='word_1_375' title='bbox 3312 2630 3373 2685; x_wconf 90' lang='lat' dir='ltr'><strong>in</strong></span> <span class='ocrx_word' id='word_1_376' title='bbox 3403 2630 3636 2703; x_wconf 87' lang='lat' dir='ltr'><strong>negotio</strong></span> 
     </span>
    </p>
   </div>
   <div class='ocr_carea' id='block_1_60' title="bbox 1990 2717 3730 2791">
    <p class='ocr_par' dir='ltr' id='par_1_60' title="bbox 1990 2717 3730 2791">
     <span class='ocr_line' id='line_1_60' title="bbox 1990 2717 3730 2791; baseline 0.002 -18"><span class='ocrx_word' id='word_1_377' title='bbox 1990 2718 2411 2773; x_wconf 88' lang='lat' dir='ltr'><strong>monachorum</strong></span> <span class='ocrx_word' id='word_1_378' title='bbox 2465 2717 2979 2773; x_wconf 85' lang='lat' dir='ltr'><strong>Vindocinensium</strong></span> <span class='ocrx_word' id='word_1_379' title='bbox 3028 2722 3085 2773; x_wconf 90' lang='lat' dir='ltr'><strong>et</strong></span> <span class='ocrx_word' id='word_1_380' title='bbox 3127 2718 3636 2791; x_wconf 88' lang='lat' dir='ltr'><strong>Andegavensium</strong></span> <span class='ocrx_word' id='word_1_381' title='bbox 3726 2773 3730 2777; x_wconf 81' lang='lat'><strong>.</strong></span> 
     </span>
    </p>
   </div>
   <div class='ocr_carea' id='block_1_61' title="bbox 1988 2805 3639 2878">
    <p class='ocr_par' dir='ltr' id='par_1_61' title="bbox 1988 2805 3639 2878">
     <span class='ocr_line' id='line_1_61' title="bbox 1988 2805 3639 2878; baseline 0.001 -15"><span class='ocrx_word' id='word_1_382' title='bbox 1988 2806 2182 2863; x_wconf 88' lang='lat' dir='ltr'><strong>Sancti</strong></span> <span class='ocrx_word' id='word_1_383' title='bbox 2208 2806 2435 2874; x_wconf 90' lang='lat' dir='ltr'><strong>Albani,</strong></span> <span class='ocrx_word' id='word_1_384' title='bbox 2470 2806 2568 2878; x_wconf 88' lang='lat' dir='ltr'><strong>qui</strong></span> <span class='ocrx_word' id='word_1_385' title='bbox 2601 2823 2704 2878; x_wconf 89' lang='lat' dir='ltr'><strong>pro</strong></span> <span class='ocrx_word' id='word_1_386' title='bbox 2734 2805 3085 2862; x_wconf 84' lang='lat' dir='ltr'><strong>Credonensi</strong></span> <span class='ocrx_word' id='word_1_387' title='bbox 3112 2807 3305 2863; x_wconf 76' lang='lat' dir='ltr'><strong>Sancti</strong></span> <span class='ocrx_word' id='word_1_388' title='bbox 3326 2807 3639 2864; x_wconf 88' lang='lat' dir='ltr'><strong>Clementis</strong></span> 
     </span>
    </p>
   </div>
   <div class='ocr_carea' id='block_1_62' title="bbox 1990 2894 3640 2968">
    <p class='ocr_par' dir='ltr' id='par_1_62' title="bbox 1990 2894 3640 2968">
     <span class='ocr_line' id='line_1_62' title="bbox 1990 2894 3640 2968; baseline 0.001 -18"><span class='ocrx_word' id='word_1_389' title='bbox 1990 2896 2237 2951; x_wconf 87' lang='lat' dir='ltr'><strong>ecclesia</strong></span> <span class='ocrx_word' id='word_1_390' title='bbox 2257 2895 2612 2968; x_wconf 89' lang='lat' dir='ltr'><strong>jamdudum</strong></span> <span class='ocrx_word' id='word_1_391' title='bbox 2656 2895 2939 2951; x_wconf 88' lang='lat' dir='ltr'><strong>interesse</strong></span> <span class='ocrx_word' id='word_1_392' title='bbox 2985 2894 3312 2966; x_wconf 85' lang='lat' dir='ltr'><strong>litigabant.</strong></span> <span class='ocrx_word' id='word_1_393' title='bbox 3338 2895 3417 2952; x_wconf 87' lang='lat' dir='ltr'><strong>Ea</strong></span> <span class='ocrx_word' id='word_1_394' title='bbox 3463 2897 3533 2953; x_wconf 92' lang='lat' dir='ltr'><strong>de</strong></span> <span class='ocrx_word' id='word_1_395' title='bbox 3577 2912 3640 2952; x_wconf 91' lang='lat' dir='ltr'><strong>re</strong></span> 
     </span>
    </p>
   </div>
   <div class='ocr_carea' id='block_1_63' title="bbox 1981 2984 3641 3058">
    <p class='ocr_par' dir='ltr' id='par_1_63' title="bbox 1981 2984 3641 3058">
     <span class='ocr_line' id='line_1_63' title="bbox 1981 2984 3641 3058; baseline -0.001 -17"><span class='ocrx_word' id='word_1_396' title='bbox 1981 2987 2107 3057; x_wconf 91' lang='lat' dir='ltr'><strong>jam</strong></span> <span class='ocrx_word' id='word_1_397' title='bbox 2133 2984 2482 3041; x_wconf 88' lang='lat' dir='ltr'><strong>sententiam</strong></span> <span class='ocrx_word' id='word_1_398' title='bbox 2501 2984 2715 3040; x_wconf 85' lang='lat' dir='ltr'><strong>tulerat</strong></span> <span class='ocrx_word' id='word_1_399' title='bbox 2727 2984 3434 3058; x_wconf 82' lang='lat' dir='ltr'><strong>AmatusBurdegalensis</strong></span> <span class='ocrx_word' id='word_1_400' title='bbox 3457 2985 3641 3041; x_wconf 89' lang='lat' dir='ltr'><strong>archi-</strong></span> 
     </span>
    </p>
   </div>
   <div class='ocr_carea' id='block_1_64' title="bbox 1991 3073 3641 3147">
    <p class='ocr_par' dir='ltr' id='par_1_64' title="bbox 1991 3073 3641 3147">
     <span class='ocr_line' id='line_1_64' title="bbox 1991 3073 3641 3147; baseline 0.001 -18"><span class='ocrx_word' id='word_1_401' title='bbox 1991 3073 2300 3147; x_wconf 89' lang='lat' dir='ltr'><strong>episcopus</strong></span> <span class='ocrx_word' id='word_1_402' title='bbox 2349 3073 2563 3128; x_wconf 88' lang='lat' dir='ltr'><strong>Urbani</strong></span> <span class='ocrx_word' id='word_1_403' title='bbox 2614 3073 2873 3143; x_wconf 91' lang='lat' dir='ltr'><strong>nomine,</strong></span> <span class='ocrx_word' id='word_1_404' title='bbox 2924 3075 3093 3145; x_wconf 89' lang='lat' dir='ltr'><strong>cujus</strong></span> <span class='ocrx_word' id='word_1_405' title='bbox 3143 3074 3373 3147; x_wconf 90' lang='lat' dir='ltr'><strong>legatus</strong></span> <span class='ocrx_word' id='word_1_406' title='bbox 3425 3079 3549 3131; x_wconf 90' lang='lat' dir='ltr'><strong>erat</strong></span> <span class='ocrx_word' id='word_1_407' title='bbox 3580 3075 3641 3130; x_wconf 90' lang='lat' dir='ltr'><strong>in</strong></span> 
     </span>
    </p>
   </div>
   <div class='ocr_carea' id='block_1_65' title="bbox 1989 3162 3639 3236">
    <p class='ocr_par' dir='ltr' id='par_1_65' title="bbox 1989 3162 3639 3236">
     <span class='ocr_line' id='line_1_65' title="bbox 1989 3162 3639 3236; baseline 0.002 -18"><span class='ocrx_word' id='word_1_408' title='bbox 1989 3162 2322 3236; x_wconf 87' lang='lat' dir='ltr'><strong>Aquitania,</strong></span> <span class='ocrx_word' id='word_1_409' title='bbox 2355 3162 2456 3218; x_wconf 89' lang='lat' dir='ltr'><strong>sed</strong></span> <span class='ocrx_word' id='word_1_410' title='bbox 2488 3179 2622 3218; x_wconf 92' lang='lat' dir='ltr'><strong>cum</strong></span> <span class='ocrx_word' id='word_1_411' title='bbox 2655 3164 2783 3233; x_wconf 90' lang='lat' dir='ltr'><strong>ejus</strong></span> <span class='ocrx_word' id='word_1_412' title='bbox 2807 3162 3030 3234; x_wconf 91' lang='lat' dir='ltr'><strong>judicio</strong></span> <span class='ocrx_word' id='word_1_413' title='bbox 3080 3163 3311 3235; x_wconf 89' lang='lat' dir='ltr'><strong>utrique</strong></span> <span class='ocrx_word' id='word_1_414' title='bbox 3354 3167 3507 3221; x_wconf 90' lang='lat' dir='ltr'><strong>stare</strong></span> <span class='ocrx_word' id='word_1_415' title='bbox 3537 3181 3639 3221; x_wconf 87' lang='lat' dir='ltr'><strong>no-</strong></span> 
     </span>
    </p>
   </div>
   <div class='ocr_carea' id='block_1_66' title="bbox 223 3233 3637 3325">
    <p class='ocr_par' dir='ltr' id='par_1_66' title="bbox 223 3233 3637 3325">
     <span class='ocr_line' id='line_1_66' title="bbox 223 3233 3637 3325; baseline 0 -17"><span class='ocrx_word' id='word_1_416' title='bbox 223 3252 450 3323; x_wconf 83' lang='lat' dir='ltr'><strong>tis,imo</strong></span> <span class='ocrx_word' id='word_1_417' title='bbox 478 3253 538 3307; x_wconf 90' lang='lat' dir='ltr'><strong>in</strong></span> <span class='ocrx_word' id='word_1_418' title='bbox 564 3256 684 3307; x_wconf 86' lang='lat' dir='ltr'><strong>toto</strong></span> <span class='ocrx_word' id='word_1_419' title='bbox 716 3252 816 3307; x_wconf 91' lang='lat' dir='ltr'><strong>illo</strong></span> <span class='ocrx_word' id='word_1_420' title='bbox 846 3233 1236 3308; x_wconf 85' lang='lat' dir='ltr'><strong>instrumento</strong></span> <span class='ocrx_word' id='word_1_421' title='bbox 1265 3258 1472 3325; x_wconf 65' lang='lat' dir='ltr'><strong>praeter</strong></span> <span class='ocrx_word' id='word_1_422' title='bbox 1502 3253 1878 3310; x_wconf 90' lang='lat' dir='ltr'><strong>indictionem</strong></span> <span class='ocrx_word' id='word_1_423' title='bbox 1910 3233 1953 3300; x_wconf 79' lang='lat' dir='ltr'>C</span> <span class='ocrx_word' id='word_1_424' title='bbox 1991 3233 2258 3321; x_wconf 83' lang='lat' dir='ltr'><strong>luissent,</strong></span> <span class='ocrx_word' id='word_1_425' title='bbox 2293 3269 2471 3307; x_wconf 86' lang='lat' dir='ltr'><strong>causa</strong></span> <span class='ocrx_word' id='word_1_426' title='bbox 2501 3251 2573 3307; x_wconf 88' lang='lat' dir='ltr'><strong>ad</strong></span> <span class='ocrx_word' id='word_1_427' title='bbox 2633 3233 2827 3323; x_wconf 87' lang='lat' dir='ltr'><strong>ipsum</strong></span> <span class='ocrx_word' id='word_1_428' title='bbox 2887 3233 3234 3323; x_wconf 80' lang='lat' dir='ltr'><strong>pontiﬁcem</strong></span> <span class='ocrx_word' id='word_1_429' title='bbox 3273 3252 3467 3310; x_wconf 82' lang='lat' dir='ltr'><strong>delata</strong></span> <span class='ocrx_word' id='word_1_430' title='bbox 3509 3253 3637 3322; x_wconf 89' lang='lat' dir='ltr'><strong>fuit,</strong></span> 
     </span>
    </p>
   </div>
   <div class='ocr_carea' id='block_1_67' title="bbox 224 3341 1880 3414">
    <p class='ocr_par' dir='ltr' id='par_1_67' title="bbox 224 3341 1880 3414">
     <span class='ocr_line' id='line_1_67' title="bbox 224 3341 1880 3414; baseline -0.001 -15"><span class='ocrx_word' id='word_1_431' title='bbox 224 3341 665 3399; x_wconf 88' lang='lat' dir='ltr'><strong>emendandum</strong></span> <span class='ocrx_word' id='word_1_432' title='bbox 698 3341 969 3397; x_wconf 89' lang='lat' dir='ltr'><strong>occurrit.</strong></span> <span class='ocrx_word' id='word_1_433' title='bbox 1006 3342 1073 3397; x_wconf 87' lang='lat' dir='ltr'><strong>Et</strong></span> <span class='ocrx_word' id='word_1_434' title='bbox 1101 3342 1361 3414; x_wconf 86' lang='lat' dir='ltr'><strong>quidem,</strong></span> <span class='ocrx_word' id='word_1_435' title='bbox 1394 3343 1441 3398; x_wconf 88' lang='lat' dir='ltr'><strong>si</strong></span> <span class='ocrx_word' id='word_1_436' title='bbox 1488 3342 1633 3398; x_wconf 88' lang='lat' dir='ltr'><strong>bene</strong></span> <span class='ocrx_word' id='word_1_437' title='bbox 1655 3343 1880 3414; x_wconf 90' lang='lat' dir='ltr'><strong>judico,</strong></span> 
     </span>
    </p>
   </div>
   <div class='ocr_carea' id='block_1_68' title="bbox 228 3429 1879 3504">
    <p class='ocr_par' dir='ltr' id='par_1_68' title="bbox 228 3429 1879 3504">
     <span class='ocr_line' id='line_1_68' title="bbox 228 3429 1879 3504; baseline 0.001 -19"><span class='ocrx_word' id='word_1_438' title='bbox 228 3431 389 3487; x_wconf 87' lang='lat' dir='ltr'><strong>istud</strong></span> <span class='ocrx_word' id='word_1_439' title='bbox 420 3434 784 3503; x_wconf 89' lang='lat' dir='ltr'><strong>postremum</strong></span> <span class='ocrx_word' id='word_1_440' title='bbox 810 3429 1284 3502; x_wconf 87' lang='lat' dir='ltr'><strong>probabiliorem,</strong></span> <span class='ocrx_word' id='word_1_441' title='bbox 1318 3447 1493 3503; x_wconf 90' lang='lat' dir='ltr'><strong>quam</strong></span> <span class='ocrx_word' id='word_1_442' title='bbox 1528 3432 1879 3504; x_wconf 80' lang='lat' dir='ltr'><strong>praecedens,</strong></span> 
     </span>
    </p>
   </div>
   <div class='ocr_carea' id='block_1_69' title="bbox 227 3518 1882 3592">
    <p class='ocr_par' dir='ltr' id='par_1_69' title="bbox 227 3518 1882 3592">
     <span class='ocr_line' id='line_1_69' title="bbox 227 3518 1882 3592; baseline 0 -16"><span class='ocrx_word' id='word_1_443' title='bbox 227 3519 541 3576; x_wconf 86' lang='lat' dir='ltr'><strong>sinceritas</strong></span> <span class='ocrx_word' id='word_1_444' title='bbox 558 3518 812 3592; x_wconf 89' lang='lat' dir='ltr'><strong>speciem</strong></span> <span class='ocrx_word' id='word_1_445' title='bbox 846 3519 1109 3591; x_wconf 78' lang='lat' dir='ltr'><strong>praefert;</strong></span> <span class='ocrx_word' id='word_1_446' title='bbox 1143 3523 1244 3574; x_wconf 87' lang='lat' dir='ltr'><strong>aut</strong></span> <span class='ocrx_word' id='word_1_447' title='bbox 1273 3525 1446 3586; x_wconf 84' lang='lat' dir='ltr'><strong>certe,</strong></span> <span class='ocrx_word' id='word_1_448' title='bbox 1481 3520 1530 3576; x_wconf 89' lang='lat' dir='ltr'><strong>si</strong></span> <span class='ocrx_word' id='word_1_449' title='bbox 1564 3525 1882 3592; x_wconf 90' lang='lat' dir='ltr'><strong>utrumque</strong></span> 
     </span>
    </p>
   </div>
   <div class='ocr_carea' id='block_1_70' title="bbox 223 3607 1881 3682">
    <p class='ocr_par' dir='ltr' id='par_1_70' title="bbox 223 3607 1881 3682">
     <span class='ocr_line' id='line_1_70' title="bbox 223 3607 1881 3682; baseline -0.001 -17"><span class='ocrx_word' id='word_1_450' title='bbox 223 3607 760 3680; x_wconf 82' lang='lat' dir='ltr'><strong>admittatur,istud</strong></span> <span class='ocrx_word' id='word_1_451' title='bbox 792 3608 901 3663; x_wconf 90' lang='lat' dir='ltr'><strong>fuit</strong></span> <span class='ocrx_word' id='word_1_452' title='bbox 932 3607 1143 3680; x_wconf 85' lang='lat' dir='ltr'><strong>prioris</strong></span> <span class='ocrx_word' id='word_1_453' title='bbox 1180 3607 1465 3681; x_wconf 86' lang='lat' dir='ltr'><strong>privilegii</strong></span> <span class='ocrx_word' id='word_1_454' title='bbox 1498 3608 1703 3664; x_wconf 88' lang='lat' dir='ltr'><strong>iisdem</strong></span> <span class='ocrx_word' id='word_1_455' title='bbox 1736 3625 1881 3682; x_wconf 88' lang='lat' dir='ltr'><strong>pene</strong></span> 
     </span>
    </p>
   </div>
   <div class='ocr_carea' id='block_1_71' title="bbox 221 3695 1878 3769">
    <p class='ocr_par' dir='ltr' id='par_1_71' title="bbox 221 3695 1878 3769">
     <span class='ocr_line' id='line_1_71' title="bbox 221 3695 1878 3769; baseline 0.001 -18"><span class='ocrx_word' id='word_1_456' title='bbox 221 3697 439 3766; x_wconf 79' lang='lat' dir='ltr'><strong>verbis,</strong></span> <span class='ocrx_word' id='word_1_457' title='bbox 474 3701 540 3753; x_wconf 91' lang='lat' dir='ltr'><strong>ut</strong></span> <span class='ocrx_word' id='word_1_458' title='bbox 565 3712 987 3769; x_wconf 87' lang='lat' dir='ltr'><strong>nonnunquam</strong></span> <span class='ocrx_word' id='word_1_459' title='bbox 1027 3695 1172 3752; x_wconf 89' lang='lat' dir='ltr'><strong>alias</strong></span> <span class='ocrx_word' id='word_1_460' title='bbox 1195 3698 1411 3752; x_wconf 87' lang='lat' dir='ltr'><strong>factum</strong></span> <span class='ocrx_word' id='word_1_461' title='bbox 1436 3700 1545 3767; x_wconf 89' lang='lat' dir='ltr'><strong>est,</strong></span> <span class='ocrx_word' id='word_1_462' title='bbox 1577 3698 1711 3753; x_wconf 88' lang='lat' dir='ltr'><strong>data</strong></span> <span class='ocrx_word' id='word_1_463' title='bbox 1744 3714 1878 3753; x_wconf 92' lang='lat' dir='ltr'><strong>con-</strong></span> 
     </span>
    </p>
   </div>
   <div class='ocr_carea' id='block_1_72' title="bbox 221 3785 1878 3858">
    <p class='ocr_par' dir='ltr' id='par_1_72' title="bbox 221 3785 1878 3858">
     <span class='ocr_line' id='line_1_72' title="bbox 221 3785 1878 3858; baseline 0 -16"><span class='ocrx_word' id='word_1_464' title='bbox 221 3786 504 3851; x_wconf 86' lang='lat' dir='ltr'><strong>ﬁrmatio,</strong></span> <span class='ocrx_word' id='word_1_465' title='bbox 531 3801 713 3858; x_wconf 90' lang='lat' dir='ltr'><strong>quare</strong></span> <span class='ocrx_word' id='word_1_466' title='bbox 748 3786 1005 3858; x_wconf 90' lang='lat' dir='ltr'><strong>primum</strong></span> <span class='ocrx_word' id='word_1_467' title='bbox 1033 3785 1142 3841; x_wconf 89' lang='lat' dir='ltr'><strong>hoc</strong></span> <span class='ocrx_word' id='word_1_468' title='bbox 1173 3802 1348 3852; x_wconf 88' lang='lat' dir='ltr'><strong>anno,</strong></span> <span class='ocrx_word' id='word_1_469' title='bbox 1382 3786 1708 3841; x_wconf 83' lang='lat' dir='ltr'><strong>secundum</strong></span> <span class='ocrx_word' id='word_1_470' title='bbox 1743 3804 1878 3842; x_wconf 91' lang='lat' dir='ltr'><strong>vero</strong></span> 
     </span>
    </p>
   </div>
   <div class='ocr_carea' id='block_1_73' title="bbox 220 3873 1876 3946">
    <p class='ocr_par' dir='ltr' id='par_1_73' title="bbox 220 3873 1876 3946">
     <span class='ocr_line' id='line_1_73' title="bbox 220 3873 1876 3946; baseline 0 -15"><span class='ocrx_word' id='word_1_471' title='bbox 220 3892 378 3932; x_wconf 91' lang='lat' dir='ltr'><strong>anno</strong></span> <span class='ocrx_word' id='word_1_472' title='bbox 411 3875 551 3931; x_wconf 78' lang='grc'><strong>4093</strong></span> <span class='ocrx_word' id='word_1_473' title='bbox 566 3891 701 3930; x_wconf 90' lang='lat' dir='ltr'><strong>cum</strong></span> <span class='ocrx_word' id='word_1_474' title='bbox 734 3873 859 3930; x_wconf 64' lang='lat' dir='ltr'><strong>aliae</strong></span> <span class='ocrx_word' id='word_1_475' title='bbox 876 3874 1008 3946; x_wconf 91' lang='lat' dir='ltr'><strong>ejus</strong></span> <span class='ocrx_word' id='word_1_476' title='bbox 1026 3879 1173 3931; x_wconf 68' lang='lat' dir='ltr'><strong>nota:</strong></span> <span class='ocrx_word' id='word_1_477' title='bbox 1197 3874 1483 3931; x_wconf 61' lang='lat' dir='ltr'><strong>chronica:</strong></span> <span class='ocrx_word' id='word_1_478' title='bbox 1505 3875 1876 3944; x_wconf 89' lang='lat' dir='ltr'><strong>conveniunt,</strong></span> 
     </span>
    </p>
   </div>
   <div class='ocr_carea' id='block_1_74' title="bbox 221 3961 1884 4020">
    <p class='ocr_par' dir='ltr' id='par_1_74' title="bbox 221 3961 1884 4020">
     <span class='ocr_line' id='line_1_74' title="bbox 221 3961 1884 4020; baseline 0.001 -1"><span class='ocrx_word' id='word_1_479' title='bbox 221 3966 428 4020; x_wconf 88' lang='lat' dir='ltr'><strong>datum</strong></span> <span class='ocrx_word' id='word_1_480' title='bbox 462 3962 845 4019; x_wconf 85' lang='lat' dir='ltr'><strong>fuerit.Porro</strong></span> <span class='ocrx_word' id='word_1_481' title='bbox 858 3961 1018 4019; x_wconf 89' lang='lat' dir='ltr'><strong>illius</strong></span> <span class='ocrx_word' id='word_1_482' title='bbox 1033 3965 1301 4019; x_wconf 83' lang='lat' dir='ltr'><strong>secundae</strong></span> <span class='ocrx_word' id='word_1_483' title='bbox 1321 3964 1493 4019; x_wconf 75' lang='lat' dir='ltr'><strong>bullae</strong></span> <span class='ocrx_word' id='word_1_484' title='bbox 1512 3964 1667 4019; x_wconf 89' lang='lat' dir='ltr'><strong>aliud</strong></span> <span class='ocrx_word' id='word_1_485' title='bbox 1695 3981 1884 4020; x_wconf 88' lang='lat' dir='ltr'><strong>exem-</strong></span> 
     </span>
    </p>
   </div>
   <div class='ocr_carea' id='block_1_75' title="bbox 220 4051 1877 4126">
    <p class='ocr_par' dir='ltr' id='par_1_75' title="bbox 220 4051 1877 4126">
     <span class='ocr_line' id='line_1_75' title="bbox 220 4051 1877 4126; baseline 0.001 -18"><span class='ocrx_word' id='word_1_486' title='bbox 220 4052 388 4126; x_wconf 90' lang='lat' dir='ltr'><strong>plum</strong></span> <span class='ocrx_word' id='word_1_487' title='bbox 419 4068 607 4125; x_wconf 86' lang='lat' dir='ltr'><strong>nuper</strong></span> <span class='ocrx_word' id='word_1_488' title='bbox 636 4051 965 4124; x_wconf 89' lang='lat' dir='ltr'><strong>accepimus</strong></span> <span class='ocrx_word' id='word_1_489' title='bbox 998 4069 1067 4107; x_wconf 82' lang='lat' dir='ltr'><strong>ex</strong></span> <span class='ocrx_word' id='word_1_490' title='bbox 1094 4053 1328 4108; x_wconf 90' lang='lat' dir='ltr'><strong>archivo</strong></span> <span class='ocrx_word' id='word_1_491' title='bbox 1369 4052 1626 4121; x_wconf 87' lang='lat' dir='ltr'><strong>Cavensi,</strong></span> <span class='ocrx_word' id='word_1_492' title='bbox 1670 4052 1729 4108; x_wconf 91' lang='lat' dir='ltr'><strong>in</strong></span> <span class='ocrx_word' id='word_1_493' title='bbox 1762 4071 1877 4126; x_wconf 89' lang='lat' dir='ltr'><strong>quo</strong></span> 
     </span>
    </p>
   </div>
   <div class='ocr_carea' id='block_1_76' title="bbox 222 4141 1878 4214">
    <p class='ocr_par' dir='ltr' id='par_1_76' title="bbox 222 4141 1878 4214">
     <span class='ocr_line' id='line_1_76' title="bbox 222 4141 1878 4214; baseline 0 -17"><span class='ocrx_word' id='word_1_494' title='bbox 222 4141 390 4197; x_wconf 87' lang='lat' dir='ltr'><strong>nulla</strong></span> <span class='ocrx_word' id='word_1_495' title='bbox 415 4141 527 4196; x_wconf 87' lang='lat' dir='ltr'><strong>loci</strong></span> <span class='ocrx_word' id='word_1_496' title='bbox 559 4145 662 4197; x_wconf 86' lang='lat' dir='ltr'><strong>aut</strong></span> <span class='ocrx_word' id='word_1_497' title='bbox 690 4141 969 4214; x_wconf 83' lang='lat' dir='ltr'><strong>temporis</strong></span> <span class='ocrx_word' id='word_1_498' title='bbox 1001 4145 1137 4197; x_wconf 90' lang='lat' dir='ltr'><strong>nota</strong></span> <span class='ocrx_word' id='word_1_499' title='bbox 1169 4141 1448 4209; x_wconf 92' lang='lat' dir='ltr'><strong>habetur;</strong></span> <span class='ocrx_word' id='word_1_500' title='bbox 1481 4143 1637 4198; x_wconf 91' lang='lat' dir='ltr'><strong>unde</strong></span> <span class='ocrx_word' id='word_1_501' title='bbox 1667 4143 1878 4213; x_wconf 88' lang='lat' dir='ltr'><strong>conjici</strong></span> 
     </span>
    </p>
   </div>
   <div class='ocr_carea' id='block_1_77' title="bbox 223 4228 1877 4305">
    <p class='ocr_par' dir='ltr' id='par_1_77' title="bbox 223 4228 1877 4305">
     <span class='ocr_line' id='line_1_77' title="bbox 223 4228 1877 4305; baseline 0 -18"><span class='ocrx_word' id='word_1_502' title='bbox 223 4234 615 4305; x_wconf 65' lang='lat' dir='ltr'><strong>potestmotas</strong></span> <span class='ocrx_word' id='word_1_503' title='bbox 642 4228 774 4285; x_wconf 89' lang='lat' dir='ltr'><strong>illas</strong></span> <span class='ocrx_word' id='word_1_504' title='bbox 804 4248 930 4302; x_wconf 81' lang='lat' dir='ltr'><strong>quae</strong></span> <span class='ocrx_word' id='word_1_505' title='bbox 961 4229 1018 4284; x_wconf 88' lang='lat' dir='ltr'><strong>in</strong></span> <span class='ocrx_word' id='word_1_506' title='bbox 1051 4230 1307 4286; x_wconf 91' lang='lat' dir='ltr'><strong>laudatis</strong></span> <span class='ocrx_word' id='word_1_507' title='bbox 1323 4230 1754 4304; x_wconf 82' lang='lat' dir='ltr'><strong>exemplaribus</strong></span> <span class='ocrx_word' id='word_1_508' title='bbox 1774 4232 1877 4287; x_wconf 89' lang='lat' dir='ltr'><strong>ha-</strong></span> 
     </span>
    </p>
   </div>
   <div class='ocr_carea' id='block_1_78' title="bbox 226 4317 1876 4391">
    <p class='ocr_par' dir='ltr' id='par_1_78' title="bbox 226 4317 1876 4391">
     <span class='ocr_line' id='line_1_78' title="bbox 226 4317 1876 4391; baseline 0.001 -14"><span class='ocrx_word' id='word_1_509' title='bbox 226 4319 697 4389; x_wconf 87' lang='lat' dir='ltr'><strong>bentur,additas</strong></span> <span class='ocrx_word' id='word_1_510' title='bbox 729 4323 831 4374; x_wconf 89' lang='lat' dir='ltr'><strong>aut</strong></span> <span class='ocrx_word' id='word_1_511' title='bbox 857 4318 1088 4375; x_wconf 86' lang='lat' dir='ltr'><strong>vitiatas</strong></span> <span class='ocrx_word' id='word_1_512' title='bbox 1121 4320 1195 4374; x_wconf 90' lang='lat' dir='ltr'><strong>ab</strong></span> <span class='ocrx_word' id='word_1_513' title='bbox 1227 4317 1421 4391; x_wconf 92' lang='lat' dir='ltr'><strong>aliquo</strong></span> <span class='ocrx_word' id='word_1_514' title='bbox 1465 4320 1666 4376; x_wconf 91' lang='lat' dir='ltr'><strong>fuisse.</strong></span> <span class='ocrx_word' id='word_1_515' title='bbox 1700 4322 1876 4378; x_wconf 74' lang='lat' dir='ltr'><strong>Caete-</strong></span> 
     </span>
    </p>
   </div>
   <div class='ocr_carea' id='block_1_79' title="bbox 225 4407 1876 4481">
    <p class='ocr_par' dir='ltr' id='par_1_79' title="bbox 225 4407 1876 4481">
     <span class='ocr_line' id='line_1_79' title="bbox 225 4407 1876 4481; baseline 0.001 -17"><span class='ocrx_word' id='word_1_516' title='bbox 225 4426 359 4464; x_wconf 85' lang='lat' dir='ltr'><strong>rum</strong></span> <span class='ocrx_word' id='word_1_517' title='bbox 389 4412 601 4481; x_wconf 68' lang='lat' dir='ltr'><strong>preter</strong></span> <span class='ocrx_word' id='word_1_518' title='bbox 627 4409 774 4464; x_wconf 90' lang='lat' dir='ltr'><strong>duas</strong></span> <span class='ocrx_word' id='word_1_519' title='bbox 802 4407 897 4464; x_wconf 90' lang='lat' dir='ltr'><strong>hic</strong></span> <span class='ocrx_word' id='word_1_520' title='bbox 929 4413 1282 4465; x_wconf 86' lang='lat' dir='ltr'><strong>memoratas</strong></span> <span class='ocrx_word' id='word_1_521' title='bbox 1312 4409 1521 4477; x_wconf 89' lang='lat' dir='ltr'><strong>bullas,</strong></span> <span class='ocrx_word' id='word_1_522' title='bbox 1555 4426 1733 4465; x_wconf 90' lang='lat' dir='ltr'><strong>unam</strong></span> <span class='ocrx_word' id='word_1_523' title='bbox 1779 4429 1876 4466; x_wconf 91' lang='lat' dir='ltr'><strong>su-</strong></span> 
     </span>
    </p>
   </div>
   <div class='ocr_carea' id='block_1_80' title="bbox 225 4497 1876 4571">
    <p class='ocr_par' dir='ltr' id='par_1_80' title="bbox 225 4497 1876 4571">
     <span class='ocr_line' id='line_1_80' title="bbox 225 4497 1876 4571; baseline 0.001 -18"><span class='ocrx_word' id='word_1_524' title='bbox 225 4516 332 4571; x_wconf 88' lang='lat' dir='ltr'><strong>pra</strong></span> <span class='ocrx_word' id='word_1_525' title='bbox 362 4497 818 4553; x_wconf 88' lang='lat' dir='ltr'><strong>memoravimus</strong></span> <span class='ocrx_word' id='word_1_526' title='bbox 849 4515 980 4554; x_wconf 85' lang='lat' dir='ltr'><strong>cum</strong></span> <span class='ocrx_word' id='word_1_527' title='bbox 1016 4499 1243 4553; x_wconf 77' lang='lat' dir='ltr'><strong>decreto</strong></span> <span class='ocrx_word' id='word_1_528' title='bbox 1266 4498 1482 4554; x_wconf 88' lang='lat' dir='ltr'><strong>Urbani</strong></span> <span class='ocrx_word' id='word_1_529' title='bbox 1515 4499 1574 4554; x_wconf 89' lang='lat' dir='ltr'><strong>in</strong></span> <span class='ocrx_word' id='word_1_530' title='bbox 1626 4500 1876 4571; x_wconf 87' lang='lat' dir='ltr'><strong>gratiam</strong></span> 
     </span>
    </p>
   </div>
   <div class='ocr_carea' id='block_1_81' title="bbox 1991 3338 3643 3414">
    <p class='ocr_par' dir='ltr' id='par_1_81' title="bbox 1991 3338 3643 3414">
     <span class='ocr_line' id='line_1_81' title="bbox 1991 3338 3643 3414; baseline 0.002 -19"><span class='ocrx_word' id='word_1_531' title='bbox 1991 3341 2277 3412; x_wconf 89' lang='lat' dir='ltr'><strong>missique</strong></span> <span class='ocrx_word' id='word_1_532' title='bbox 2308 3357 2377 3396; x_wconf 91' lang='lat' dir='ltr'><strong>ex</strong></span> <span class='ocrx_word' id='word_1_533' title='bbox 2407 3345 2654 3412; x_wconf 89' lang='lat' dir='ltr'><strong>utraque</strong></span> <span class='ocrx_word' id='word_1_534' title='bbox 2686 3344 2848 3412; x_wconf 89' lang='lat' dir='ltr'><strong>parte</strong></span> <span class='ocrx_word' id='word_1_535' title='bbox 2897 3338 3068 3413; x_wconf 89' lang='lat' dir='ltr'><strong>legati</strong></span> <span class='ocrx_word' id='word_1_536' title='bbox 3102 3341 3199 3413; x_wconf 92' lang='lat' dir='ltr'><strong>qui</strong></span> <span class='ocrx_word' id='word_1_537' title='bbox 3231 3358 3367 3396; x_wconf 92' lang='lat' dir='ltr'><strong>cum</strong></span> <span class='ocrx_word' id='word_1_538' title='bbox 3406 3344 3469 3397; x_wconf 83' lang='lat' dir='ltr'><strong>in</strong></span> <span class='ocrx_word' id='word_1_539' title='bbox 3514 3358 3643 3414; x_wconf 77' lang='lat' dir='ltr'><strong>pro-</strong></span> 
     </span>
    </p>
   </div>
   <div class='ocr_carea' id='block_1_82' title="bbox 1989 3428 3644 3505">
    <p class='ocr_par' dir='ltr' id='par_1_82' title="bbox 1989 3428 3644 3505">
     <span class='ocr_line' id='line_1_82' title="bbox 1989 3428 3644 3505; baseline 0.001 -20"><span class='ocrx_word' id='word_1_540' title='bbox 1989 3432 2173 3485; x_wconf 80' lang='lat' dir='ltr'><strong>vincia</strong></span> <span class='ocrx_word' id='word_1_541' title='bbox 2195 3429 2463 3485; x_wconf 76' lang='lat' dir='ltr'><strong>Calabria:</strong></span> <span class='ocrx_word' id='word_1_542' title='bbox 2482 3428 2627 3501; x_wconf 72' lang='lat' dir='ltr'><strong>apud</strong></span> <span class='ocrx_word' id='word_1_543' title='bbox 2648 3430 3042 3485; x_wconf 81' lang='lat' dir='ltr'><strong>monasterium</strong></span> <span class='ocrx_word' id='word_1_544' title='bbox 3059 3430 3269 3485; x_wconf 64' lang='lat' dir='ltr'><strong>Sanctae</strong></span> <span class='ocrx_word' id='word_1_545' title='bbox 3290 3431 3482 3488; x_wconf 65' lang='lat' dir='ltr'><strong>Maria:</strong></span> <span class='ocrx_word' id='word_1_546' title='bbox 3517 3446 3644 3505; x_wconf 59' lang='lat' dir='ltr'><strong>qua</strong></span> 
     </span>
    </p>
   </div>
   <div class='ocr_carea' id='block_1_83' title="bbox 1988 3518 3642 3591">
    <p class='ocr_par' dir='ltr' id='par_1_83' title="bbox 1988 3518 3642 3591">
     <span class='ocr_line' id='line_1_83' title="bbox 1988 3518 3642 3591; baseline 0.001 -18"><span class='ocrx_word' id='word_1_547' title='bbox 1988 3518 2195 3575; x_wconf 79' lang='lat' dir='ltr'><strong>dicitur</strong></span> <span class='ocrx_word' id='word_1_548' title='bbox 2205 3520 2268 3574; x_wconf 85' lang='lat' dir='ltr'><strong>de</strong></span> <span class='ocrx_word' id='word_1_549' title='bbox 2280 3519 2832 3586; x_wconf 80' lang='lat' dir='ltr'><strong>Maiina,conveneru</strong></span> <span class='ocrx_word' id='word_1_550' title='bbox 2844 3518 3163 3591; x_wconf 87' lang='lat' dir='ltr'><strong>nt.Agitata</strong></span> <span class='ocrx_word' id='word_1_551' title='bbox 3179 3518 3431 3575; x_wconf 91' lang='lat' dir='ltr'><strong>multum</strong></span> <span class='ocrx_word' id='word_1_552' title='bbox 3447 3519 3526 3575; x_wconf 91' lang='lat' dir='ltr'><strong>ibi</strong></span> <span class='ocrx_word' id='word_1_553' title='bbox 3549 3520 3642 3576; x_wconf 91' lang='lat' dir='ltr'><strong>die</strong></span> 
     </span>
    </p>
   </div>
   <div class='ocr_carea' id='block_1_84' title="bbox 1989 3606 3643 3680">
    <p class='ocr_par' dir='ltr' id='par_1_84' title="bbox 1989 3606 3643 3680">
     <span class='ocr_line' id='line_1_84' title="bbox 1989 3606 3643 3680; baseline 0.002 -18"><span class='ocrx_word' id='word_1_554' title='bbox 1989 3607 2178 3680; x_wconf 91' lang='lat' dir='ltr'><strong>primo</strong></span> <span class='ocrx_word' id='word_1_555' title='bbox 2196 3608 2317 3662; x_wconf 76' lang='lat' dir='ltr'><strong>haec</strong></span> <span class='ocrx_word' id='word_1_556' title='bbox 2349 3623 2526 3661; x_wconf 90' lang='lat' dir='ltr'><strong>causa</strong></span> <span class='ocrx_word' id='word_1_557' title='bbox 2553 3606 2662 3660; x_wconf 86' lang='lat' dir='ltr'><strong>fuit</strong></span> <span class='ocrx_word' id='word_1_558' title='bbox 2709 3622 2902 3661; x_wconf 90' lang='lat' dir='ltr'><strong>coram</strong></span> <span class='ocrx_word' id='word_1_559' title='bbox 2941 3607 3232 3679; x_wconf 87' lang='lat' dir='ltr'><strong>pontiﬁce,</strong></span> <span class='ocrx_word' id='word_1_560' title='bbox 3264 3608 3364 3664; x_wconf 91' lang='lat' dir='ltr'><strong>sed</strong></span> <span class='ocrx_word' id='word_1_561' title='bbox 3399 3608 3643 3665; x_wconf 91' lang='lat' dir='ltr'><strong>minime</strong></span> 
     </span>
    </p>
   </div>
   <div class='ocr_carea' id='block_1_85' title="bbox 1992 3693 3638 3771">
    <p class='ocr_par' dir='ltr' id='par_1_85' title="bbox 1992 3693 3638 3771">
     <span class='ocr_line' id='line_1_85' title="bbox 1992 3693 3638 3771; baseline 0.001 -20"><span class='ocrx_word' id='word_1_562' title='bbox 1992 3695 2284 3753; x_wconf 86' lang='lat' dir='ltr'><strong>absoluta:</strong></span> <span class='ocrx_word' id='word_1_563' title='bbox 2320 3695 2473 3750; x_wconf 90' lang='lat' dir='ltr'><strong>idem</strong></span> <span class='ocrx_word' id='word_1_564' title='bbox 2508 3695 2727 3750; x_wconf 89' lang='lat' dir='ltr'><strong>factum</strong></span> <span class='ocrx_word' id='word_1_565' title='bbox 2762 3693 2854 3749; x_wconf 91' lang='lat' dir='ltr'><strong>die</strong></span> <span class='ocrx_word' id='word_1_566' title='bbox 2886 3696 3171 3766; x_wconf 87' lang='lat' dir='ltr'><strong>sequenti.</strong></span> <span class='ocrx_word' id='word_1_567' title='bbox 3196 3698 3268 3749; x_wconf 90' lang='lat' dir='ltr'><strong>At</strong></span> <span class='ocrx_word' id='word_1_568' title='bbox 3315 3696 3407 3751; x_wconf 88' lang='lat' dir='ltr'><strong>die</strong></span> <span class='ocrx_word' id='word_1_569' title='bbox 3446 3696 3638 3771; x_wconf 75' lang='lat' dir='ltr'><strong>tertia,</strong></span> 
     </span>
    </p>
   </div>
   <div class='ocr_carea' id='block_1_86' title="bbox 1991 3781 3644 3857">
    <p class='ocr_par' dir='ltr' id='par_1_86' title="bbox 1991 3781 3644 3857">
     <span class='ocr_line' id='line_1_86' title="bbox 1991 3781 3644 3857; baseline 0 -17"><span class='ocrx_word' id='word_1_570' title='bbox 1991 3802 2121 3857; x_wconf 63' lang='lat' dir='ltr'><strong>quae</strong></span> <span class='ocrx_word' id='word_1_571' title='bbox 2152 3789 2277 3840; x_wconf 89' lang='lat' dir='ltr'><strong>erat</strong></span> <span class='ocrx_word' id='word_1_572' title='bbox 2297 3801 2371 3839; x_wconf 77' lang='lat' dir='ltr'><strong>xu</strong></span> <span class='ocrx_word' id='word_1_573' title='bbox 2400 3781 2686 3839; x_wconf 85' lang='lat' dir='ltr'><strong>Kalendas</strong></span> <span class='ocrx_word' id='word_1_574' title='bbox 2712 3782 3070 3851; x_wconf 86' lang='lat' dir='ltr'><strong>Decembris,</strong></span> <span class='ocrx_word' id='word_1_575' title='bbox 3089 3799 3148 3838; x_wconf 88' lang='lat' dir='ltr'><strong>re</strong></span> <span class='ocrx_word' id='word_1_576' title='bbox 3171 3783 3269 3838; x_wconf 85' lang='lat' dir='ltr'><strong>diu</strong></span> <span class='ocrx_word' id='word_1_577' title='bbox 3297 3785 3644 3857; x_wconf 81' lang='lat' dir='ltr'><strong>multumque</strong></span> 
     </span>
    </p>
   </div>
   <div class='ocr_carea' id='block_1_87' title="bbox 1989 3871 3641 3946">
    <p class='ocr_par' dir='ltr' id='par_1_87' title="bbox 1989 3871 3641 3946">
     <span class='ocr_line' id='line_1_87' title="bbox 1989 3871 3641 3946; baseline 0.002 -18"><span class='ocrx_word' id='word_1_578' title='bbox 1989 3876 2276 3946; x_wconf 79' lang='lat' dir='ltr'><strong>inquisita,</strong></span> <span class='ocrx_word' id='word_1_579' title='bbox 2310 3873 2603 3929; x_wconf 88' lang='lat' dir='ltr'><strong>residente</strong></span> <span class='ocrx_word' id='word_1_580' title='bbox 2652 3872 2927 3944; x_wconf 88' lang='lat' dir='ltr'><strong>pontiﬁce</strong></span> <span class='ocrx_word' id='word_1_581' title='bbox 2986 3872 3044 3927; x_wconf 92' lang='lat' dir='ltr'><strong>in</strong></span> <span class='ocrx_word' id='word_1_582' title='bbox 3092 3871 3353 3944; x_wconf 78' lang='lat' dir='ltr'><strong>Anglone</strong></span> <span class='ocrx_word' id='word_1_583' title='bbox 3411 3873 3641 3931; x_wconf 86' lang='lat' dir='ltr'><strong>civitate</strong></span> 
     </span>
    </p>
   </div>
   <div class='ocr_carea' id='block_1_88' title="bbox 1986 3960 3639 4036">
    <p class='ocr_par' dir='ltr' id='par_1_88' title="bbox 1986 3960 3639 4036">
     <span class='ocr_line' id='line_1_88' title="bbox 1986 3960 3639 4036; baseline 0.001 -19"><span class='ocrx_word' id='word_1_584' title='bbox 1986 3962 2208 4036; x_wconf 66' lang='lat' dir='ltr'><strong>Apuliae</strong></span> <span class='ocrx_word' id='word_1_585' title='bbox 2241 3979 2375 4017; x_wconf 92' lang='lat' dir='ltr'><strong>cum</strong></span> <span class='ocrx_word' id='word_1_586' title='bbox 2406 3961 2611 4017; x_wconf 90' lang='lat' dir='ltr'><strong>multis</strong></span> <span class='ocrx_word' id='word_1_587' title='bbox 2641 3960 3378 4036; x_wconf 83' lang='lat' dir='ltr'><strong>episcopis,cardinalibus,</strong></span> <span class='ocrx_word' id='word_1_588' title='bbox 3411 3961 3639 4019; x_wconf 89' lang='lat' dir='ltr'><strong>comiti-</strong></span> 
     </span>
    </p>
   </div>
   <div class='ocr_carea' id='block_1_89' title="bbox 1987 4049 3639 4125">
    <p class='ocr_par' dir='ltr' id='par_1_89' title="bbox 1987 4049 3639 4125">
     <span class='ocr_line' id='line_1_89' title="bbox 1987 4049 3639 4125; baseline 0.001 -18"><span class='ocrx_word' id='word_1_589' title='bbox 1987 4053 2098 4108; x_wconf 90' lang='lat' dir='ltr'><strong>bus</strong></span> <span class='ocrx_word' id='word_1_590' title='bbox 2128 4056 2184 4107; x_wconf 90' lang='lat' dir='ltr'><strong>et</strong></span> <span class='ocrx_word' id='word_1_591' title='bbox 2205 4051 2335 4107; x_wconf 89' lang='lat' dir='ltr'><strong>aliis</strong></span> <span class='ocrx_word' id='word_1_592' title='bbox 2354 4055 2472 4107; x_wconf 85' lang='lat' dir='ltr'><strong>tam</strong></span> <span class='ocrx_word' id='word_1_593' title='bbox 2492 4049 2904 4106; x_wconf 89' lang='lat' dir='ltr'><strong>ecclesiasticis</strong></span> <span class='ocrx_word' id='word_1_594' title='bbox 2923 4067 3100 4122; x_wconf 90' lang='lat' dir='ltr'><strong>quam</strong></span> <span class='ocrx_word' id='word_1_595' title='bbox 3120 4050 3498 4108; x_wconf 68' lang='lat' dir='ltr'><strong>saecularibus</strong></span> <span class='ocrx_word' id='word_1_596' title='bbox 3510 4068 3639 4125; x_wconf 85' lang='lat' dir='ltr'><strong>per-</strong></span> 
     </span>
    </p>
   </div>
   <div class='ocr_carea' id='block_1_90' title="bbox 1986 4139 3638 4212">
    <p class='ocr_par' dir='ltr' id='par_1_90' title="bbox 1986 4139 3638 4212">
     <span class='ocr_line' id='line_1_90' title="bbox 1986 4139 3638 4212; baseline -0.001 -15"><span class='ocrx_word' id='word_1_597' title='bbox 1986 4141 2568 4211; x_wconf 88' lang='lat' dir='ltr'><strong>sonis,controversia</strong></span> <span class='ocrx_word' id='word_1_598' title='bbox 2589 4139 2691 4196; x_wconf 88' lang='lat' dir='ltr'><strong>illa</strong></span> <span class='ocrx_word' id='word_1_599' title='bbox 2709 4139 2894 4196; x_wconf 89' lang='lat' dir='ltr'><strong>amice</strong></span> <span class='ocrx_word' id='word_1_600' title='bbox 2912 4141 3145 4195; x_wconf 85' lang='lat' dir='ltr'><strong>tandem</strong></span> <span class='ocrx_word' id='word_1_601' title='bbox 3166 4141 3488 4212; x_wconf 87' lang='lat' dir='ltr'><strong>composita</strong></span> <span class='ocrx_word' id='word_1_602' title='bbox 3510 4141 3638 4211; x_wconf 86' lang='lat' dir='ltr'><strong>fuit;</strong></span> 
     </span>
    </p>
   </div>
   <div class='ocr_carea' id='block_1_91' title="bbox 1987 4227 3641 4302">
    <p class='ocr_par' dir='ltr' id='par_1_91' title="bbox 1987 4227 3641 4302">
     <span class='ocr_line' id='line_1_91' title="bbox 1987 4227 3641 4302; baseline 0.001 -17"><span class='ocrx_word' id='word_1_603' title='bbox 1987 4246 2054 4286; x_wconf 91' lang='lat' dir='ltr'><strong>eo</strong></span> <span class='ocrx_word' id='word_1_604' title='bbox 2086 4235 2274 4302; x_wconf 90' lang='lat' dir='ltr'><strong>pacto,</strong></span> <span class='ocrx_word' id='word_1_605' title='bbox 2307 4233 2374 4285; x_wconf 92' lang='lat' dir='ltr'><strong>ut</strong></span> <span class='ocrx_word' id='word_1_606' title='bbox 2413 4228 2607 4284; x_wconf 83' lang='lat' dir='ltr'><strong>Sancti</strong></span> <span class='ocrx_word' id='word_1_607' title='bbox 2633 4228 2945 4285; x_wconf 89' lang='lat' dir='ltr'><strong>Clementis</strong></span> <span class='ocrx_word' id='word_1_608' title='bbox 2978 4227 3225 4284; x_wconf 89' lang='lat' dir='ltr'><strong>ecclesia</strong></span> <span class='ocrx_word' id='word_1_609' title='bbox 3253 4228 3641 4287; x_wconf 88' lang='lat' dir='ltr'><strong>Credonensis</strong></span> 
     </span>
    </p>
   </div>
   <div class='ocr_carea' id='block_1_92' title="bbox 1986 4318 3637 4391">
    <p class='ocr_par' dir='ltr' id='par_1_92' title="bbox 1986 4318 3637 4391">
     <span class='ocr_line' id='line_1_92' title="bbox 1986 4318 3637 4391; baseline -0.001 -16"><span class='ocrx_word' id='word_1_610' title='bbox 1986 4336 2164 4391; x_wconf 91' lang='lat' dir='ltr'><strong>penes</strong></span> <span class='ocrx_word' id='word_1_611' title='bbox 2212 4318 2674 4375; x_wconf 88' lang='lat' dir='ltr'><strong>Vindocinenses</strong></span> <span class='ocrx_word' id='word_1_612' title='bbox 2722 4318 3042 4374; x_wconf 89' lang='lat' dir='ltr'><strong>monachos</strong></span> <span class='ocrx_word' id='word_1_613' title='bbox 3100 4322 3442 4385; x_wconf 88' lang='lat' dir='ltr'><strong>remaneret,</strong></span> <span class='ocrx_word' id='word_1_614' title='bbox 3501 4334 3637 4374; x_wconf 92' lang='lat' dir='ltr'><strong>cum</strong></span> 
     </span>
    </p>
   </div>
   <div class='ocr_carea' id='block_1_93' title="bbox 1986 4407 3638 4480">
    <p class='ocr_par' dir='ltr' id='par_1_93' title="bbox 1986 4407 3638 4480">
     <span class='ocr_line' id='line_1_93' title="bbox 1986 4407 3638 4480; baseline 0.001 -18"><span class='ocrx_word' id='word_1_615' title='bbox 1986 4426 2160 4464; x_wconf 90' lang='lat' dir='ltr'><strong>onere</strong></span> <span class='ocrx_word' id='word_1_616' title='bbox 2191 4424 2368 4463; x_wconf 90' lang='lat' dir='ltr'><strong>unam</strong></span> <span class='ocrx_word' id='word_1_617' title='bbox 2398 4424 2427 4463; x_wconf 91' lang='lat' dir='ltr'><strong>e</strong></span> <span class='ocrx_word' id='word_1_618' title='bbox 2454 4409 2644 4463; x_wconf 85' lang='lat' dir='ltr'><strong>tribus</strong></span> <span class='ocrx_word' id='word_1_619' title='bbox 2675 4407 2977 4464; x_wconf 88' lang='lat' dir='ltr'><strong>ecclesiam</strong></span> <span class='ocrx_word' id='word_1_620' title='bbox 3012 4407 3070 4462; x_wconf 90' lang='lat' dir='ltr'><strong>in</strong></span> <span class='ocrx_word' id='word_1_621' title='bbox 3102 4407 3638 4480; x_wconf 86' lang='lat' dir='ltr'><strong>compensationem</strong></span> 
     </span>
    </p>
   </div>
   <div class='ocr_carea' id='block_1_94' title="bbox 1984 4496 3643 4570">
    <p class='ocr_par' dir='ltr' id='par_1_94' title="bbox 1984 4496 3643 4570">
     <span class='ocr_line' id='line_1_94' title="bbox 1984 4496 3643 4570; baseline 0.001 -18"><span class='ocrx_word' id='word_1_622' title='bbox 1984 4497 2313 4552; x_wconf 88' lang='lat' dir='ltr'><strong>Albinianis</strong></span> <span class='ocrx_word' id='word_1_623' title='bbox 2329 4497 2669 4552; x_wconf 88' lang='lat' dir='ltr'><strong>cedendi.Et</strong></span> <span class='ocrx_word' id='word_1_624' title='bbox 2688 4497 2881 4570; x_wconf 89' lang='lat' dir='ltr'><strong>reipsa</strong></span> <span class='ocrx_word' id='word_1_625' title='bbox 2902 4514 2935 4552; x_wconf 88' lang='lat' dir='ltr'><strong>a</strong></span> <span class='ocrx_word' id='word_1_626' title='bbox 2952 4496 3484 4553; x_wconf 89' lang='lat' dir='ltr'><strong>Vindocinensibus</strong></span> <span class='ocrx_word' id='word_1_627' title='bbox 3505 4498 3643 4554; x_wconf 86' lang='lat' dir='ltr'><strong>data</strong></span> 
     </span>
    </p>
   </div>
   <div class='ocr_carea' id='block_1_95' title="bbox 225 4586 3637 4672">
    <p class='ocr_par' dir='ltr' id='par_1_95' title="bbox 225 4586 3637 4672">
     <span class='ocr_line' id='line_1_95' title="bbox 225 4586 3637 4672; baseline -0.001 -29"><span class='ocrx_word' id='word_1_628' title='bbox 225 4586 600 4655; x_wconf 88' lang='lat' dir='ltr'><strong>Cavensium,</strong></span> <span class='ocrx_word' id='word_1_629' title='bbox 633 4603 760 4658; x_wconf 69' lang='lat' dir='ltr'><strong>quae</strong></span> <span class='ocrx_word' id='word_1_630' title='bbox 806 4588 922 4643; x_wconf 88' lang='lat' dir='ltr'><strong>duo</strong></span> <span class='ocrx_word' id='word_1_631' title='bbox 952 4587 1345 4643; x_wconf 88' lang='lat' dir='ltr'><strong>instrumenta</strong></span> <span class='ocrx_word' id='word_1_632' title='bbox 1377 4587 1562 4643; x_wconf 90' lang='lat' dir='ltr'><strong>multo</strong></span> <span class='ocrx_word' id='word_1_633' title='bbox 1594 4588 1876 4659; x_wconf 88' lang='lat' dir='ltr'><strong>melioris,</strong></span> <span class='ocrx_word' id='word_1_634' title='bbox 1908 4606 1953 4672; x_wconf 75' lang='grc' dir='ltr'><strong>Ι)</strong></span> <span class='ocrx_word' id='word_1_635' title='bbox 1988 4591 2076 4642; x_wconf 90' lang='lat' dir='ltr'><strong>est</strong></span> <span class='ocrx_word' id='word_1_636' title='bbox 2104 4587 2357 4642; x_wconf 64' lang='lat' dir='ltr'><strong>adversae</strong></span> <span class='ocrx_word' id='word_1_637' title='bbox 2387 4586 2539 4658; x_wconf 85' lang='lat' dir='ltr'><strong>parti</strong></span> <span class='ocrx_word' id='word_1_638' title='bbox 2571 4586 2817 4643; x_wconf 75' lang='lat' dir='ltr'><strong>ecclesna</strong></span> <span class='ocrx_word' id='word_1_639' title='bbox 2848 4586 3044 4643; x_wconf 90' lang='lat' dir='ltr'><strong>Sancti</strong></span> <span class='ocrx_word' id='word_1_640' title='bbox 3067 4586 3314 4643; x_wconf 87' lang='lat' dir='ltr'><strong>Joannis</strong></span> <span class='ocrx_word' id='word_1_641' title='bbox 3337 4603 3518 4658; x_wconf 89' lang='lat' dir='ltr'><strong>supra</strong></span> <span class='ocrx_word' id='word_1_642' title='bbox 3548 4586 3637 4641; x_wconf 90' lang='lat' dir='ltr'><strong>Li-</strong></span> 
     </span>
    </p>
   </div>
   <div class='ocr_carea' id='block_1_96' title="bbox 223 4675 1217 4733">
    <p class='ocr_par' dir='ltr' id='par_1_96' title="bbox 223 4675 1217 4733">
     <span class='ocr_line' id='line_1_96' title="bbox 223 4675 1217 4733; baseline -0.001 -1"><span class='ocrx_word' id='word_1_643' title='bbox 223 4677 345 4733; x_wconf 91' lang='lat' dir='ltr'><strong>imo</strong></span> <span class='ocrx_word' id='word_1_644' title='bbox 372 4675 717 4733; x_wconf 72' lang='lat' dir='ltr'><strong>certissima:</strong></span> <span class='ocrx_word' id='word_1_645' title='bbox 748 4679 894 4731; x_wconf 82' lang='lat' dir='ltr'><strong>notae</strong></span> <span class='ocrx_word' id='word_1_646' title='bbox 927 4676 1217 4732; x_wconf 83' lang='lat' dir='ltr'><strong>videntur.</strong></span> 
     </span>
    </p>
   </div>
   <div class='ocr_carea' id='block_1_97' title="bbox 358 4764 1737 4837">
    <p class='ocr_par' dir='ltr' id='par_1_97' title="bbox 358 4764 1737 4837">
     <span class='ocr_line' id='line_1_97' title="bbox 358 4764 1737 4837; baseline 0.001 -16"><span class='ocrx_word' id='word_1_647' title='bbox 358 4764 551 4821; x_wconf 86' lang='lat' dir='ltr'><strong>CXVI.</strong></span> <span class='ocrx_word' id='word_1_648' title='bbox 580 4766 921 4837; x_wconf 73' lang='lat' dir='ltr'><strong>Rescriptura</strong></span> <span class='ocrx_word' id='word_1_649' title='bbox 944 4781 1046 4837; x_wconf 84' lang='lat' dir='ltr'><strong>pro</strong></span> <span class='ocrx_word' id='word_1_650' title='bbox 1077 4764 1369 4822; x_wconf 76' lang='lat' dir='ltr'><strong>Carthusia</strong></span> <span class='ocrx_word' id='word_1_651' title='bbox 1403 4766 1737 4823; x_wconf 77' lang='lat' dir='ltr'><strong>Calabrensi.</strong></span> 
     </span>
    </p>
   </div>
   <div class='ocr_carea' id='block_1_98' title="bbox 296 4853 1876 4928">
    <p class='ocr_par' dir='ltr' id='par_1_98' title="bbox 296 4853 1876 4928">
     <span class='ocr_line' id='line_1_98' title="bbox 296 4853 1876 4928; baseline 0.001 -17"><span class='ocrx_word' id='word_1_652' title='bbox 296 4855 567 4911; x_wconf 89' lang='lat' dir='ltr'><strong>Tradunt</strong></span> <span class='ocrx_word' id='word_1_653' title='bbox 620 4853 885 4927; x_wconf 88' lang='lat' dir='ltr'><strong>plerique</strong></span> <span class='ocrx_word' id='word_1_654' title='bbox 942 4858 1210 4911; x_wconf 83' lang='lat' dir='ltr'><strong>auctores</strong></span> <span class='ocrx_word' id='word_1_655' title='bbox 1267 4856 1485 4928; x_wconf 88' lang='lat' dir='ltr'><strong>vulgati</strong></span> <span class='ocrx_word' id='word_1_656' title='bbox 1543 4856 1876 4914; x_wconf 88' lang='lat' dir='ltr'><strong>Brunonem</strong></span> 
     </span>
    </p>
   </div>
   <div class='ocr_carea' id='block_1_99' title="bbox 225 4942 1874 5002">
    <p class='ocr_par' dir='ltr' id='par_1_99' title="bbox 225 4942 1874 5002">
     <span class='ocr_line' id='line_1_99' title="bbox 225 4942 1874 5002; baseline 0.001 -1"><span class='ocrx_word' id='word_1_657' title='bbox 225 4942 596 5001; x_wconf 82' lang='lat' dir='ltr'><strong>Carthasiani</strong></span> <span class='ocrx_word' id='word_1_658' title='bbox 628 4944 852 5000; x_wconf 91' lang='lat' dir='ltr'><strong>ordinis</strong></span> <span class='ocrx_word' id='word_1_659' title='bbox 881 4944 1277 5000; x_wconf 89' lang='lat' dir='ltr'><strong>institutorem</strong></span> <span class='ocrx_word' id='word_1_660' title='bbox 1310 4962 1464 5000; x_wconf 90' lang='lat' dir='ltr'><strong>anno</strong></span> <span class='ocrx_word' id='word_1_661' title='bbox 1500 4947 1638 5000; x_wconf 79' lang='grc'><strong>1092</strong></span> <span class='ocrx_word' id='word_1_662' title='bbox 1668 4946 1740 5000; x_wconf 88' lang='lat' dir='ltr'><strong>ab</strong></span> <span class='ocrx_word' id='word_1_663' title='bbox 1773 4946 1874 5002; x_wconf 90' lang='lat' dir='ltr'><strong>Ur-</strong></span> 
     </span>
    </p>
   </div>
   <div class='ocr_carea' id='block_1_100' title="bbox 228 5030 1877 5106">
    <p class='ocr_par' dir='ltr' id='par_1_100' title="bbox 228 5030 1877 5106">
     <span class='ocr_line' id='line_1_100' title="bbox 228 5030 1877 5106; baseline -0.001 -15"><span class='ocrx_word' id='word_1_664' title='bbox 228 5034 377 5091; x_wconf 86' lang='lat' dir='ltr'><strong>bano</strong></span> <span class='ocrx_word' id='word_1_665' title='bbox 402 5033 463 5091; x_wconf 89' lang='lat' dir='ltr'><strong>in</strong></span> <span class='ocrx_word' id='word_1_666' title='bbox 495 5030 723 5088; x_wconf 86' lang='lat' dir='ltr'><strong>Italiam</strong></span> <span class='ocrx_word' id='word_1_667' title='bbox 739 5032 1085 5089; x_wconf 86' lang='lat' dir='ltr'><strong>accersitum</strong></span> <span class='ocrx_word' id='word_1_668' title='bbox 1108 5033 1468 5106; x_wconf 87' lang='lat' dir='ltr'><strong>fuisse:quod</strong></span> <span class='ocrx_word' id='word_1_669' title='bbox 1498 5033 1683 5091; x_wconf 90' lang='lat' dir='ltr'><strong>multo</strong></span> <span class='ocrx_word' id='word_1_670' title='bbox 1706 5041 1877 5091; x_wconf 89' lang='lat' dir='ltr'><strong>antea</strong></span> 
     </span>
    </p>
   </div>
   <div class='ocr_carea' id='block_1_101' title="bbox 229 5121 1876 5195">
    <p class='ocr_par' dir='ltr' id='par_1_101' title="bbox 229 5121 1876 5195">
     <span class='ocr_line' id='line_1_101' title="bbox 229 5121 1876 5195; baseline 0.001 -18"><span class='ocrx_word' id='word_1_671' title='bbox 229 5122 546 5195; x_wconf 86' lang='lat' dir='ltr'><strong>contigisse</strong></span> <span class='ocrx_word' id='word_1_672' title='bbox 581 5121 854 5194; x_wconf 89' lang='lat' dir='ltr'><strong>superius</strong></span> <span class='ocrx_word' id='word_1_673' title='bbox 901 5122 1367 5178; x_wconf 87' lang='lat' dir='ltr'><strong>demonstratum</strong></span> <span class='ocrx_word' id='word_1_674' title='bbox 1398 5126 1505 5178; x_wconf 88' lang='lat' dir='ltr'><strong>est.</strong></span> <span class='ocrx_word' id='word_1_675' title='bbox 1539 5124 1610 5178; x_wconf 88' lang='lat' dir='ltr'><strong>Et</strong></span> <span class='ocrx_word' id='word_1_676' title='bbox 1639 5123 1876 5195; x_wconf 89' lang='lat' dir='ltr'><strong>quidem</strong></span> 
     </span>
    </p>
   </div>
   <div class='ocr_carea' id='block_1_102' title="bbox 230 5209 1880 5283">
    <p class='ocr_par' dir='ltr' id='par_1_102' title="bbox 230 5209 1880 5283">
     <span class='ocr_line' id='line_1_102' title="bbox 230 5209 1880 5283; baseline 0.001 -16"><span class='ocrx_word' id='word_1_677' title='bbox 230 5210 486 5283; x_wconf 82' lang='lat' dir='ltr'><strong>pontifex</strong></span> <span class='ocrx_word' id='word_1_678' title='bbox 514 5209 625 5267; x_wconf 90' lang='lat' dir='ltr'><strong>hoc</strong></span> <span class='ocrx_word' id='word_1_679' title='bbox 654 5226 969 5280; x_wconf 89' lang='lat' dir='ltr'><strong>anno,cum</strong></span> <span class='ocrx_word' id='word_1_680' title='bbox 994 5210 1052 5266; x_wconf 91' lang='lat' dir='ltr'><strong>in</strong></span> <span class='ocrx_word' id='word_1_681' title='bbox 1072 5210 1339 5267; x_wconf 82' lang='lat' dir='ltr'><strong>Calabria</strong></span> <span class='ocrx_word' id='word_1_682' title='bbox 1359 5212 1880 5283; x_wconf 88' lang='lat' dir='ltr'><strong>esset,donationes</strong></span> 
     </span>
    </p>
   </div>
   <div class='ocr_carea' id='block_1_103' title="bbox 232 5299 1880 5374">
    <p class='ocr_par' dir='ltr' id='par_1_103' title="bbox 232 5299 1880 5374">
     <span class='ocr_line' id='line_1_103' title="bbox 232 5299 1880 5374; baseline 0.002 -19"><span class='ocrx_word' id='word_1_683' title='bbox 232 5316 265 5355; x_wconf 88' lang='lat' dir='ltr'><strong>a</strong></span> <span class='ocrx_word' id='word_1_684' title='bbox 309 5300 555 5374; x_wconf 85' lang='lat' dir='ltr'><strong>Rogerio</strong></span> <span class='ocrx_word' id='word_1_685' title='bbox 603 5299 816 5356; x_wconf 89' lang='lat' dir='ltr'><strong>comite</strong></span> <span class='ocrx_word' id='word_1_686' title='bbox 840 5299 1118 5369; x_wconf 90' lang='lat' dir='ltr'><strong>Brunoni,</strong></span> <span class='ocrx_word' id='word_1_687' title='bbox 1151 5300 1254 5373; x_wconf 92' lang='lat' dir='ltr'><strong>qui</strong></span> <span class='ocrx_word' id='word_1_688' title='bbox 1285 5303 1424 5357; x_wconf 91' lang='lat' dir='ltr'><strong>tunc</strong></span> <span class='ocrx_word' id='word_1_689' title='bbox 1456 5302 1880 5358; x_wconf 88' lang='lat' dir='ltr'><strong>monasterium</strong></span> 
     </span>
    </p>
   </div>
   <div class='ocr_carea' id='block_1_104' title="bbox 228 5386 1883 5462">
    <p class='ocr_par' dir='ltr' id='par_1_104' title="bbox 228 5386 1883 5462">
     <span class='ocr_line' id='line_1_104' title="bbox 228 5386 1883 5462; baseline 0.001 -18"><span class='ocrx_word' id='word_1_690' title='bbox 228 5389 429 5447; x_wconf 89' lang='lat' dir='ltr'><strong>Turris</strong></span> <span class='ocrx_word' id='word_1_691' title='bbox 460 5389 520 5444; x_wconf 92' lang='lat' dir='ltr'><strong>in</strong></span> <span class='ocrx_word' id='word_1_692' title='bbox 551 5386 939 5461; x_wconf 84' lang='lat' dir='ltr'><strong>Squillacensi</strong></span> <span class='ocrx_word' id='word_1_693' title='bbox 982 5389 1215 5445; x_wconf 80' lang='lat' dir='ltr'><strong>diceeesi</strong></span> <span class='ocrx_word' id='word_1_694' title='bbox 1246 5389 1554 5457; x_wconf 88' lang='lat' dir='ltr'><strong>incolebat,</strong></span> <span class='ocrx_word' id='word_1_695' title='bbox 1590 5390 1793 5462; x_wconf 89' lang='lat' dir='ltr'><strong>factas,</strong></span> <span class='ocrx_word' id='word_1_696' title='bbox 1826 5395 1883 5446; x_wconf 91' lang='lat' dir='ltr'><strong>et</strong></span> 
     </span>
    </p>
   </div>
   <div class='ocr_carea' id='block_1_105' title="bbox 230 5476 1883 5552">
    <p class='ocr_par' dir='ltr' id='par_1_105' title="bbox 230 5476 1883 5552">
     <span class='ocr_line' id='line_1_105' title="bbox 230 5476 1883 5552; baseline 0.001 -19"><span class='ocrx_word' id='word_1_697' title='bbox 230 5494 262 5533; x_wconf 78' lang='grc' dir='ltr'><strong>ει</strong></span> <span class='ocrx_word' id='word_1_698' title='bbox 289 5479 595 5535; x_wconf 89' lang='lat' dir='ltr'><strong>Theodoro</strong></span> <span class='ocrx_word' id='word_1_699' title='bbox 622 5476 895 5550; x_wconf 86' lang='lat' dir='ltr'><strong>episcopo</strong></span> <span class='ocrx_word' id='word_1_700' title='bbox 914 5479 1265 5552; x_wconf 88' lang='lat' dir='ltr'><strong>approbatas</strong></span> <span class='ocrx_word' id='word_1_701' title='bbox 1287 5479 1722 5536; x_wconf 86' lang='lat' dir='ltr'><strong>conﬁrmavitet</strong></span> <span class='ocrx_word' id='word_1_702' title='bbox 1750 5479 1883 5535; x_wconf 84' lang='lat' dir='ltr'><strong>lau-</strong></span> 
     </span>
    </p>
   </div>
   <div class='ocr_carea' id='block_1_106' title="bbox 229 5566 1886 5642">
    <p class='ocr_par' dir='ltr' id='par_1_106' title="bbox 229 5566 1886 5642">
     <span class='ocr_line' id='line_1_106' title="bbox 229 5566 1886 5642; baseline 0.002 -19"><span class='ocrx_word' id='word_1_703' title='bbox 229 5566 636 5641; x_wconf 53' lang='lat' dir='ltr'><strong>davigadditis</strong></span> <span class='ocrx_word' id='word_1_704' title='bbox 665 5566 966 5624; x_wconf 88' lang='lat' dir='ltr'><strong>nonnullis</strong></span> <span class='ocrx_word' id='word_1_705' title='bbox 1013 5568 1333 5641; x_wconf 90' lang='lat' dir='ltr'><strong>privilegiis</strong></span> <span class='ocrx_word' id='word_1_706' title='bbox 1382 5585 1507 5642; x_wconf 66' lang='lat' dir='ltr'><strong>qum</strong></span> <span class='ocrx_word' id='word_1_707' title='bbox 1538 5567 1598 5626; x_wconf 93' lang='lat' dir='ltr'><strong>in</strong></span> <span class='ocrx_word' id='word_1_708' title='bbox 1643 5569 1770 5640; x_wconf 90' lang='lat' dir='ltr'><strong>ejus</strong></span> <span class='ocrx_word' id='word_1_709' title='bbox 1801 5586 1886 5626; x_wconf 91' lang='lat' dir='ltr'><strong>re-</strong></span> 
     </span>
    </p>
   </div>
   <div class='ocr_carea' id='block_1_107' title="bbox 227 5655 1882 5744">
    <p class='ocr_par' dir='ltr' id='par_1_107' title="bbox 227 5655 1882 5744">
     <span class='ocr_line' id='line_1_107' title="bbox 227 5655 1882 5744; baseline -0.001 -21"><span class='ocrx_word' id='word_1_710' title='bbox 227 5657 447 5741; x_wconf 63' lang='lat' dir='ltr'><strong>scripto</strong></span> <span class='ocrx_word' id='word_1_711' title='bbox 478 5672 550 5721; x_wconf 72' lang='lat' dir='ltr'><strong>ea</strong></span> <span class='ocrx_word' id='word_1_712' title='bbox 578 5655 649 5719; x_wconf 84' lang='lat' dir='ltr'><strong>de</strong></span> <span class='ocrx_word' id='word_1_713' title='bbox 707 5670 770 5744; x_wconf 81' lang='lat' dir='ltr'><strong>re</strong></span> <span class='ocrx_word' id='word_1_714' title='bbox 798 5672 840 5717; x_wconf 83' lang='grc' dir='ltr'>ιι</span> <span class='ocrx_word' id='word_1_715' title='bbox 882 5656 1020 5720; x_wconf 79' lang='lat' dir='ltr'><strong>Idus</strong></span> <span class='ocrx_word' id='word_1_716' title='bbox 1067 5655 1332 5722; x_wconf 81' lang='lat' dir='ltr'><strong>Octobris</strong></span> <span class='ocrx_word' id='word_1_717' title='bbox 1363 5658 1496 5733; x_wconf 79' lang='lat' dir='ltr'><strong>dato</strong></span> <span class='ocrx_word' id='word_1_718' title='bbox 1531 5658 1882 5732; x_wconf 76' lang='lat' dir='ltr'><strong>referuntur.</strong></span> 
     </span>
    </p>
   </div>
   <div class='ocr_carea' id='block_1_108' title="bbox 1985 4674 3637 4748">
    <p class='ocr_par' dir='ltr' id='par_1_108' title="bbox 1985 4674 3637 4748">
     <span class='ocr_line' id='line_1_108' title="bbox 1985 4674 3637 4748; baseline 0.001 -18"><span class='ocrx_word' id='word_1_719' title='bbox 1985 4675 2373 4747; x_wconf 89' lang='lat' dir='ltr'><strong>gerim,quam</strong></span> <span class='ocrx_word' id='word_1_720' title='bbox 2404 4674 2692 4747; x_wconf 89' lang='lat' dir='ltr'><strong>hodieque</strong></span> <span class='ocrx_word' id='word_1_721' title='bbox 2708 4675 3001 4731; x_wconf 88' lang='lat' dir='ltr'><strong>Albiniani</strong></span> <span class='ocrx_word' id='word_1_722' title='bbox 3029 4675 3296 4731; x_wconf 90' lang='lat' dir='ltr'><strong>monachi</strong></span> <span class='ocrx_word' id='word_1_723' title='bbox 3316 4675 3637 4748; x_wconf 87' lang='lat' dir='ltr'><strong>possident.</strong></span> 
     </span>
    </p>
   </div>
   <div class='ocr_carea' id='block_1_109' title="bbox 1987 4764 3637 4837">
    <p class='ocr_par' dir='ltr' id='par_1_109' title="bbox 1987 4764 3637 4837">
     <span class='ocr_line' id='line_1_109' title="bbox 1987 4764 3637 4837; baseline 0.001 -18"><span class='ocrx_word' id='word_1_724' title='bbox 1987 4764 2199 4819; x_wconf 90' lang='lat' dir='ltr'><strong>Mirum</strong></span> <span class='ocrx_word' id='word_1_725' title='bbox 2224 4769 2313 4819; x_wconf 90' lang='lat' dir='ltr'><strong>est</strong></span> <span class='ocrx_word' id='word_1_726' title='bbox 2342 4764 2686 4832; x_wconf 82' lang='lat' dir='ltr'><strong>Golfridum,</strong></span> <span class='ocrx_word' id='word_1_727' title='bbox 2715 4765 2814 4836; x_wconf 92' lang='lat' dir='ltr'><strong>qui</strong></span> <span class='ocrx_word' id='word_1_728' title='bbox 2866 4764 3039 4837; x_wconf 90' lang='lat' dir='ltr'><strong>paulo</strong></span> <span class='ocrx_word' id='word_1_729' title='bbox 3074 4769 3203 4836; x_wconf 86' lang='lat' dir='ltr'><strong>post</strong></span> <span class='ocrx_word' id='word_1_730' title='bbox 3228 4781 3297 4820; x_wconf 88' lang='lat' dir='ltr'><strong>ea</strong></span> <span class='ocrx_word' id='word_1_731' title='bbox 3326 4764 3637 4821; x_wconf 87' lang='lat' dir='ltr'><strong>Vindocini</strong></span> 
     </span>
    </p>
   </div>
   <div class='ocr_carea' id='block_1_110' title="bbox 1987 4853 3638 4923">
    <p class='ocr_par' dir='ltr' id='par_1_110' title="bbox 1987 4853 3638 4923">
     <span class='ocr_line' id='line_1_110' title="bbox 1987 4853 3638 4923; baseline 0.001 -14"><span class='ocrx_word' id='word_1_732' title='bbox 1987 4855 2166 4910; x_wconf 89' lang='lat' dir='ltr'><strong>abbas</strong></span> <span class='ocrx_word' id='word_1_733' title='bbox 2198 4853 2537 4923; x_wconf 89' lang='lat' dir='ltr'><strong>fuit,contra</strong></span> <span class='ocrx_word' id='word_1_734' title='bbox 2567 4853 2717 4909; x_wconf 88' lang='lat' dir='ltr'><strong>hanc</strong></span> <span class='ocrx_word' id='word_1_735' title='bbox 2757 4857 2878 4909; x_wconf 85' lang='lat' dir='ltr'><strong>tam</strong></span> <span class='ocrx_word' id='word_1_736' title='bbox 2910 4853 3232 4909; x_wconf 90' lang='lat' dir='ltr'><strong>solemnem</strong></span> <span class='ocrx_word' id='word_1_737' title='bbox 3265 4854 3638 4911; x_wconf 89' lang='lat' dir='ltr'><strong>concordiam</strong></span> 
     </span>
    </p>
   </div>
   <div class='ocr_carea' id='block_1_111' title="bbox 1988 4943 3639 5018">
    <p class='ocr_par' dir='ltr' id='par_1_111' title="bbox 1988 4943 3639 5018">
     <span class='ocr_line' id='line_1_111' title="bbox 1988 4943 3639 5018; baseline 0.001 -19"><span class='ocrx_word' id='word_1_738' title='bbox 1988 4944 2353 4999; x_wconf 84' lang='lat' dir='ltr'><strong>reclamasse.</strong></span> <span class='ocrx_word' id='word_1_739' title='bbox 2389 4943 2447 4997; x_wconf 89' lang='lat' dir='ltr'><strong>Id</strong></span> <span class='ocrx_word' id='word_1_740' title='bbox 2482 4947 2678 4998; x_wconf 89' lang='lat' dir='ltr'><strong>tamen</strong></span> <span class='ocrx_word' id='word_1_741' title='bbox 2736 4944 2808 4998; x_wconf 88' lang='lat' dir='ltr'><strong>ab</strong></span> <span class='ocrx_word' id='word_1_742' title='bbox 2850 4960 2916 4998; x_wconf 90' lang='lat' dir='ltr'><strong>eo</strong></span> <span class='ocrx_word' id='word_1_743' title='bbox 2959 4943 3178 4999; x_wconf 87' lang='lat' dir='ltr'><strong>factum</strong></span> <span class='ocrx_word' id='word_1_744' title='bbox 3226 4960 3354 5000; x_wconf 90' lang='lat' dir='ltr'><strong>esse</strong></span> <span class='ocrx_word' id='word_1_745' title='bbox 3382 4948 3542 5018; x_wconf 88' lang='lat' dir='ltr'><strong>patet</strong></span> <span class='ocrx_word' id='word_1_746' title='bbox 3569 4961 3639 5000; x_wconf 88' lang='lat' dir='ltr'><strong>ex</strong></span> 
     </span>
    </p>
   </div>
   <div class='ocr_carea' id='block_1_112' title="bbox 1986 5032 3639 5105">
    <p class='ocr_par' dir='ltr' id='par_1_112' title="bbox 1986 5032 3639 5105">
     <span class='ocr_line' id='line_1_112' title="bbox 1986 5032 3639 5105; baseline 0.002 -18"><span class='ocrx_word' id='word_1_747' title='bbox 1986 5033 2140 5088; x_wconf 89' lang='lat' dir='ltr'><strong>illius</strong></span> <span class='ocrx_word' id='word_1_748' title='bbox 2171 5032 2416 5105; x_wconf 87' lang='lat' dir='ltr'><strong>epistola</strong></span> <span class='ocrx_word' id='word_1_749' title='bbox 2447 5032 2514 5086; x_wconf 91' lang='lat' dir='ltr'><strong>ad</strong></span> <span class='ocrx_word' id='word_1_750' title='bbox 2550 5032 2889 5089; x_wconf 88' lang='lat' dir='ltr'><strong>Paschalem</strong></span> <span class='ocrx_word' id='word_1_751' title='bbox 2921 5032 3124 5105; x_wconf 70' lang='lat' dir='ltr'><strong>lI,quaa</strong></span> <span class='ocrx_word' id='word_1_752' title='bbox 3159 5037 3359 5090; x_wconf 88' lang='lat' dir='ltr'><strong>octava</strong></span> <span class='ocrx_word' id='word_1_753' title='bbox 3388 5038 3477 5090; x_wconf 91' lang='lat' dir='ltr'><strong>est</strong></span> <span class='ocrx_word' id='word_1_754' title='bbox 3504 5033 3639 5090; x_wconf 90' lang='lat' dir='ltr'><strong>libri</strong></span> 
     </span>
    </p>
   </div>
   <div class='ocr_carea' id='block_1_113' title="bbox 1986 5120 3637 5195">
    <p class='ocr_par' dir='ltr' id='par_1_113' title="bbox 1986 5120 3637 5195">
     <span class='ocr_line' id='line_1_113' title="bbox 1986 5120 3637 5195; baseline 0.002 -19"><span class='ocrx_word' id='word_1_755' title='bbox 1986 5122 2089 5182; x_wconf 77' lang='lat' dir='ltr'><strong>i.in</strong></span> <span class='ocrx_word' id='word_1_756' title='bbox 2124 5139 2241 5193; x_wconf 88' lang='lat' dir='ltr'><strong>qua</strong></span> <span class='ocrx_word' id='word_1_757' title='bbox 2270 5123 2352 5179; x_wconf 90' lang='lat' dir='ltr'><strong>ait</strong></span> <span class='ocrx_word' id='word_1_758' title='bbox 2381 5121 2679 5178; x_wconf 90' lang='lat' dir='ltr'><strong>Urbanum</strong></span> <span class='ocrx_word' id='word_1_759' title='bbox 2710 5122 2781 5177; x_wconf 93' lang='lat' dir='ltr'><strong>ab</strong></span> <span class='ocrx_word' id='word_1_760' title='bbox 2813 5120 3140 5178; x_wconf 87' lang='lat' dir='ltr'><strong>Albinianis</strong></span> <span class='ocrx_word' id='word_1_761' title='bbox 3175 5122 3282 5178; x_wconf 92' lang='lat' dir='ltr'><strong>hoc</strong></span> <span class='ocrx_word' id='word_1_762' title='bbox 3314 5121 3373 5178; x_wconf 93' lang='lat' dir='ltr'><strong>in</strong></span> <span class='ocrx_word' id='word_1_763' title='bbox 3404 5121 3637 5195; x_wconf 88' lang='lat' dir='ltr'><strong>negotio</strong></span> 
     </span>
    </p>
   </div>
   <div class='ocr_carea' id='block_1_114' title="bbox 1988 5210 3636 5282">
    <p class='ocr_par' dir='ltr' id='par_1_114' title="bbox 1988 5210 3636 5282">
     <span class='ocr_line' id='line_1_114' title="bbox 1988 5210 3636 5282; baseline 0.002 -17"><span class='ocrx_word' id='word_1_764' title='bbox 1988 5211 2294 5282; x_wconf 88' lang='lat' dir='ltr'><strong>deceptum</strong></span> <span class='ocrx_word' id='word_1_765' title='bbox 2313 5211 2493 5267; x_wconf 89' lang='lat' dir='ltr'><strong>fuisse</strong></span> <span class='ocrx_word' id='word_1_766' title='bbox 2518 5229 2530 5279; x_wconf 91' lang='lat'><strong>;</strong></span> <span class='ocrx_word' id='word_1_767' title='bbox 2556 5215 2682 5266; x_wconf 89' lang='lat' dir='ltr'><strong>tum</strong></span> <span class='ocrx_word' id='word_1_768' title='bbox 2697 5211 2861 5266; x_wconf 86' lang='lat' dir='ltr'><strong>addit</strong></span> <span class='ocrx_word' id='word_1_769' title='bbox 2865 5210 3152 5282; x_wconf 87' lang='lat' dir='ltr'><strong>judicium</strong></span> <span class='ocrx_word' id='word_1_770' title='bbox 3169 5215 3338 5268; x_wconf 90' lang='lat' dir='ltr'><strong>antea</strong></span> <span class='ocrx_word' id='word_1_771' title='bbox 3358 5211 3542 5268; x_wconf 91' lang='lat' dir='ltr'><strong>latum</strong></span> <span class='ocrx_word' id='word_1_772' title='bbox 3563 5212 3636 5269; x_wconf 88' lang='lat' dir='ltr'><strong>ab</strong></span> 
     </span>
    </p>
   </div>
   <div class='ocr_carea' id='block_1_115' title="bbox 1988 5299 3633 5374">
    <p class='ocr_par' dir='ltr' id='par_1_115' title="bbox 1988 5299 3633 5374">
     <span class='ocr_line' id='line_1_115' title="bbox 1988 5299 3633 5374; baseline 0.002 -19"><span class='ocrx_word' id='word_1_773' title='bbox 1988 5300 2191 5355; x_wconf 86' lang='lat' dir='ltr'><strong>eodem</strong></span> <span class='ocrx_word' id='word_1_774' title='bbox 2241 5301 2532 5371; x_wconf 86' lang='lat' dir='ltr'><strong>pontifice,</strong></span> <span class='ocrx_word' id='word_1_775' title='bbox 2558 5299 2700 5356; x_wconf 90' lang='lat' dir='ltr'><strong>visis</strong></span> <span class='ocrx_word' id='word_1_776' title='bbox 2728 5299 3257 5356; x_wconf 90' lang='lat' dir='ltr'><strong>Vindocinensibus</strong></span> <span class='ocrx_word' id='word_1_777' title='bbox 3295 5300 3633 5374; x_wconf 83' lang='lat' dir='ltr'><strong>privilegiis,</strong></span> 
     </span>
    </p>
   </div>
   <div class='ocr_carea' id='block_1_116' title="bbox 1988 5388 3634 5461">
    <p class='ocr_par' dir='ltr' id='par_1_116' title="bbox 1988 5388 3634 5461">
     <span class='ocr_line' id='line_1_116' title="bbox 1988 5388 3634 5461; baseline 0.001 -16"><span class='ocrx_word' id='word_1_778' title='bbox 1988 5393 2340 5445; x_wconf 77' lang='lat' dir='ltr'><strong>retractatum</strong></span> <span class='ocrx_word' id='word_1_779' title='bbox 2353 5389 2725 5446; x_wconf 88' lang='lat' dir='ltr'><strong>fuisse.Stetit</strong></span> <span class='ocrx_word' id='word_1_780' title='bbox 2744 5388 3130 5446; x_wconf 91' lang='lat' dir='ltr'><strong>nihilominus</strong></span> <span class='ocrx_word' id='word_1_781' title='bbox 3141 5389 3399 5461; x_wconf 91' lang='lat' dir='ltr'><strong>primum</strong></span> <span class='ocrx_word' id='word_1_782' title='bbox 3418 5390 3634 5447; x_wconf 87' lang='lat' dir='ltr'><strong>Urbani</strong></span> 
     </span>
    </p>
   </div>
   <div class='ocr_carea' id='block_1_117' title="bbox 1990 5478 3637 5551">
    <p class='ocr_par' dir='ltr' id='par_1_117' title="bbox 1990 5478 3637 5551">
     <span class='ocr_line' id='line_1_117' title="bbox 1990 5478 3637 5551; baseline 0.001 -16"><span class='ocrx_word' id='word_1_783' title='bbox 1990 5479 2308 5545; x_wconf 90' lang='lat' dir='ltr'><strong>decretum,</strong></span> <span class='ocrx_word' id='word_1_784' title='bbox 2349 5479 2505 5550; x_wconf 91' lang='lat' dir='ltr'><strong>quod</strong></span> <span class='ocrx_word' id='word_1_785' title='bbox 2548 5478 2848 5536; x_wconf 87' lang='lat' dir='ltr'><strong>Paschalis</strong></span> <span class='ocrx_word' id='word_1_786' title='bbox 2889 5479 3017 5551; x_wconf 89' lang='lat' dir='ltr'><strong>ejus</strong></span> <span class='ocrx_word' id='word_1_787' title='bbox 3069 5495 3374 5536; x_wconf 88' lang='lat' dir='ltr'><strong>successor</strong></span> <span class='ocrx_word' id='word_1_788' title='bbox 3420 5479 3637 5537; x_wconf 90' lang='lat' dir='ltr'><strong>habitis</strong></span> 
     </span>
    </p>
   </div>
   <div class='ocr_carea' id='block_1_118' title="bbox 1990 5566 3636 5643">
    <p class='ocr_par' dir='ltr' id='par_1_118' title="bbox 1990 5566 3636 5643">
     <span class='ocr_line' id='line_1_118' title="bbox 1990 5566 3636 5643; baseline 0.001 -20"><span class='ocrx_word' id='word_1_789' title='bbox 1990 5567 2231 5640; x_wconf 90' lang='lat' dir='ltr'><strong>insuper</strong></span> <span class='ocrx_word' id='word_1_790' title='bbox 2261 5566 2555 5624; x_wconf 88' lang='lat' dir='ltr'><strong>Godel&#39;ridi</strong></span> <span class='ocrx_word' id='word_1_791' title='bbox 2595 5568 2869 5643; x_wconf 89' lang='lat' dir='ltr'><strong>querelis,</strong></span> <span class='ocrx_word' id='word_1_792' title='bbox 2919 5584 3064 5624; x_wconf 92' lang='lat' dir='ltr'><strong>novo</strong></span> <span class='ocrx_word' id='word_1_793' title='bbox 3121 5568 3434 5641; x_wconf 83' lang='lat' dir='ltr'><strong>diplomate</strong></span> <span class='ocrx_word' id='word_1_794' title='bbox 3481 5583 3636 5626; x_wconf 91' lang='lat' dir='ltr'><strong>anno</strong></span> 
     </span>
    </p>
   </div>
   <div class='ocr_carea' id='block_1_119' title="bbox 1990 5655 3634 5739">
    <p class='ocr_par' dir='ltr' id='par_1_119' title="bbox 1990 5655 3634 5739">
     <span class='ocr_line' id='line_1_119' title="bbox 1990 5655 3634 5739; baseline -0.004 -17"><span class='ocrx_word' id='word_1_795' title='bbox 1990 5658 2132 5722; x_wconf 75' lang='grc'>4115</span> <span class='ocrx_word' id='word_1_796' title='bbox 2160 5655 2546 5733; x_wconf 84' lang='lat' dir='ltr'><strong>conﬁrmavit,</strong></span> <span class='ocrx_word' id='word_1_797' title='bbox 2608 5663 2675 5719; x_wconf 88' lang='lat' dir='ltr'><strong>ut</strong></span> <span class='ocrx_word' id='word_1_798' title='bbox 2728 5658 2922 5719; x_wconf 88' lang='lat' dir='ltr'><strong>videre</strong></span> <span class='ocrx_word' id='word_1_799' title='bbox 2973 5660 3064 5717; x_wconf 86' lang='lat' dir='ltr'><strong>est</strong></span> <span class='ocrx_word' id='word_1_800' title='bbox 3119 5657 3273 5739; x_wconf 88' lang='lat' dir='ltr'><strong>apud</strong></span> <span class='ocrx_word' id='word_1_801' title='bbox 3332 5655 3634 5728; x_wconf 74' lang='lat' dir='ltr'><strong>Baluzium</strong></span> 
     </span>
    </p>
   </div>
  </div>
