3972 6378
123 358 230 419 105

116 491 287 547 sionis
315 489 590 548 ineundae
619 508 795 563 causa
825 494 1000 550 simul
1059 470 1430 565 advenerant,
1465 515 1494 553 e
1524 498 1754 553 civitate

112 578 277 653 paulo
294 584 445 636 ante
472 580 740 637 Natalem
773 580 998 638 Domini
1022 584 1338 654 ejecerunt.

135 670 281 726 CXX.
311 671 535 739 Hugoni
563 671 914 742 Lugdunensi
943 672 1154 727 reddita
1182 676 1483 745 apostolica
1513 676 1726 745 legatio.

170 759 386 814 Eodem
416 775 574 819 anno
598 760 1030 833 de'sin_ente,aut
1059 765 1212 817 certe
1243 763 1545 834 Sequenti‘s
1566 762 1751 831 initio,

109 847 268 903 lvone
298 847 723 915 Carnoteno,ut
737 865 805 905 ex
835 850 964 921 ejus
993 850 1240 922 epistola
1270 854 1338 907 12
1359 852 1431 907 ad
1453 852 1754 907 Urbanum

106 940 158 993 et
181 937 377 993 100οή
423 937 767 994 Paschalem
814 939 943 1010 ejus
993 955 1394 995 successorem
1441 939 1751 1013 colligitur,

101 1024 514 1093 intercedente,
543 1027 773 1083 reddita
799 1031 890 1083 est
936 1028 1166 1102 Hugoni
1207 1030 1615 1102 Lugdunensis
1662 1047 1755 1085 ar-

100 1114 470 1187 chiepiscopo
503 1114 807 1187 apestolici
826 1115 892 1171 in
920 1115 1121 1172 Galliis
1145 1117 1319 1191 legati
1351 1117 1608 1192 dignitas
1639 1136 1761 1190 qua»

100 1203 196 1259 diu
222 1207 512 1259 caruerat.
538 1204 675 1260 Haec
696 1210 701 1216 '
723 1204 775 1260 ei
806 1204 999 1261 ablata
1048 1206 1239 1262 fuerat
1266 1212 1529 1279 tempore
1559 1208 1754 1264 Victo-

99 1292 173 1348 ris
188 1291 453 1364 “Lquod
475 1297 607 1365 post
626 1293 930 1365 probatam
950 1298 1010 1350 et
1029 1294 1329 1351 laudatam
1365 1313 1500 1352 cum
1531 1297 1754 1353 caeteris

97 1381 382 1454 episcopis
410 1380 720 1438 catholicis
750 1383 1016 1454 ejusdem
1048 1384 1342 1456 pontificis
1383 1385 1761 1454 electionem,

95 1487 217 1527 eam
247 1474 453 1528 tamen
484 1475 689 1544 postea
708 1471 999 1528 Richardo
1028 1473 1224 1529 abbati
1251 1474 1602 1531 Massiliensi
1619 1475 1753 1546 jun-

95 1563 217 1616 ctus
243 1559 478 1616 irritam
510 1560 699 1616 facere
751 1564 996 1639 conatus
1027 1561 1254 1629 fuisset,
1291 1563 1408 1619 imo
1438 1569 1495 1619 et
1524 1564 1596 1619 ab
1623 1564 1750 1635 ejus

98 1648 427 1705 obedientia
460 1649 816 1705 recessisset.
842 1650 1030 1714 Quare
1053 1649 1233 1706 simul
1261 1653 1751 1708 excommunicati

93 1742 141 1793 et
152 1736 480 1809 apostolica
491 1737 780 1810 legatione
792 1738 1001 1810 privati
1021 1738 1081 1794 in
1096 1739 1749 1796 concilioBeneventano

94 1826 159 1882 ab
181 1826 392 1926 eodem
414 1826 739 1931 Victuram
760 1827 1366 1931 fuerantﬁrterum'etsi
1389 1834 1555 1931 tanta
1574 1829 1752 1931 fuerit
1779 1866 1828 1931 B

94 1916 401 1987 utriusque
454 1915 719 1981 audacia,
753 1932 931 1989 quam
990 1916 1164 1973 etiam
1213 1917 1379 1991 Hugo
1431 1917 1644 1974 litteris
1675 1919 1746 1974 ad

95 2003 434 2060 Mathildem
465 2004 620 2061 datis
663 2006 987 2077 approbare
1018 2010 1262 2061 conatus
1293 2007 1502 2078 fuerat,
1535 2011 1600 2062 ut
1620 2008 1745 2079 jam

97 2110 194 2149 suo
221 2092 353 2149 loco
398 2093 679 2160 diximus,
714 2098 918 2150 neuter
964 2098 1162 2151 tamen
1218 2097 1286 2151 ad
1326 2095 1748 2152 'schismaticos

95 2181 329 2250 defecit;
354 2182 459 2238 sed
479 2182 653 2254 paulo
676 2188 824 2255 post,
846 2183 1078 2240 Urbano
1103 2190 1234 2255 post
1249 2184 1497 2241 Victoris
1521 2185 1745 2241 obitum

93 2272 146 2327 in
170 2271 511 2344 pontificem
541 2276 869 2344 assumpto,
899 2272 1314 2329 inviolabiliter
1343 2274 1393 2329 ei
1426 2275 1742 2331 adhmsere.

91 2360 420 2434 Hugoni,ob
451 2361 725 2427 restituta
747 2362 859 2417 sibi
875 2362 948 2418 ab
974 2361 1206 2418 Urbano
1223 2361 1595 2434 legationem,
1620 2381 1747 2436 gra-

87 2449 308 2506 tulatur
339 2450 436 2506 Ivo
466 2449 718 2522 epistola
741 2451 812 2505 24
848 2452 919 2507 ad
949 2466 1083 2507 eum
1116 2452 1286 2519 data;
1310 2453 1411 2509 ubi
1435 2453 1648 2522 eidem,
1673 2454 1744 2510 ob

96 2545 428 2612 temporum
460 2538 837 2596 difficultates
886 2540 1038 2597 hanc
1070 2540 1418 2613 dignitatem
1452 2542 1749 2614 suscipere

93 2627 357 2685 nonnihil
377 2629 1076 2701 repugnanti,parendum
1097 2646 1224 2685 esse
1237 2631 1497 2702 pontifici
1514 2632 1742 2703 probat,

96 2718 355 2789 Tempus
370 2722 569 2773 autem
585 2733 701 2790 quo
722 2718 779 2774 id
803 2718 1022 2774 factum
1042 2719 1150 2774 fuit
1188 2719 1408 2775 indicat
1452 2720 1608 2776 idem
1626 2722 1744 2788 Ivo,
1766 2752 1771 2755 ι

95 2823 225 2862 cum
254 2808 337 2863 ait
368 2810 508 2862 tunc
540 2807 599 2862 in
634 2806 800 2863 Italia
829 2810 1065 2864 alterum
1096 2809 1295 2877 Achab,
1333 2808 1389 2863 id
1424 2813 1512 2865 est
1542 2810 1745 2865 Henri-

96 2899 331 2964 cum,et
356 2895 421 2951 in
452 2895 667 2952 Galliis
686 2913 884 2953 novam
908 2899 1239 2964 Jembclem,
1272 2914 1481 2970 nempe
1511 2893 1780 2954 Bertra-°

98 2985 255 3052 dam,
287 2989 356 3040 ut
384 2990 515 3041 eam
543 2985 723 3041 etiam
764 2985 1018 3059 appellat
1058 2987 1222 3059 Hugo
1272 2986 1744 3059 Flaviniacensis,

100 3075 441 3131 surrexisse.
476 3074 637 3131 Hane
663 3078 860 3132 autem
890 3075 1199 3148 epistolam
1231 3077 1342 3132 sub
1377 3077 1513 3132 anni
1545 3075 1742 3146 finem,

96 3169 199 3219 aut
222 3163 529 3237 sequentis
579 3163 745 3221 initio
801 3165 1078 3237 scriptam
1138 3164 1323 3221 fuisse
1379 3183 1447 3222 ex
1493 3183 1558 3222 eo
1590 3170 1748 3240 patet

94 3253 249 3324 quod
278 3235 341 3309 in
374 3269 444 3309 ea
470 3253 774 3326 Hugonem
806 3235 972 3326 rogat
1003 3254 1097 3309 lvo
1129 3259 1194 3309 ut
1222 3255 1275 3310 ei
1308 3235 1608 3327 signiﬁcet
1629 3272 1744 3328 quo
1774 3235 1818 3304 (ἶ

94 3341 233 3397 loce'
260 3358 402 3399 eum
454 3342 611 3398 circa
658 3342 1126 3416 Quadragesimze
1175 3343 1408 3398 initium
1442 3345 1748 3401 convenire

95 3432 400 3488 commode
431 3431 641 3504 possit.

95 3538 285 3594 CXXI.
318 3526 610 3594 Cuibertus
649 3539 707 3593 in
739 3540 1131 3611 Longobardz’a.
1164 3541 1340 3595 Romae
1380 3557 1451 3594 an
1501 3540 1747 3596 Urbanus

199 3612 521 3666 concesserit
545 3611 800 3682 privileg.
828 3612 1055 3682 Figiacz’.
1086 3612 1348 3683 Priviteg.
1385 3611 1637 3666 Cavense.

167 3699 272 3754 His
301 3698 690 3771 temporibus,
732 3702 797 3754 ut
853 3703 1053 3755 narrat
1105 3700 1427 3769 Bertoldus,
1458 3700 1749 3755 Guibertas

94 3806 223 3844 cum
256 3790 585 3860 imperatore
632 3804 731 3844 suo
770 3790 1021 3845 Heinrico
1069 3791 1133 3844 in
1162 3790 1537 3861 Longobardz'a
1563 3805 1746 3845 mora-

97 3880 276 3946 batur,
300 3881 354 3933 et
399 3877 665 3950 quidquid
681 3878 861 3950 potuit
890 3895 1014 3934 cum
1032 3880 1151 3950 ipso
1171 3882 1362 3935 contra
1408 3878 1750 3950 Wctphonem

94 3976 144 4023 et
170 3968 290 4040 ejus
318 3982 550 4022 mrem
578 3966 924 4037 Mathitdam,
950 3970 1130 4024 sancti
1160 3971 1319 4024 Petri
1333 3969 1509 4039 ﬁliam
1538 3970 1746 4024 machi-

96 4059 428 4123 Μιναίαν-,ιιι
451 4056 723 4128 pluribus
747 4060 947 4112 narrat
969 4057 1453 4129 Domnizo,cujus
1482 4062 1751 4131 excerpta

95 4147 152 4201 in
179 4145 518 4219 Appendice
544 4145 1197 4202 referentur.Gonsentit
1224 4147 1498 4219 Sigonius
1533 4148 1677 4203 libro
1696 4166 1749 4203 ιχ

97 4241 172 4291 De
200 4251 383 4308 regno
410 4233 611 4305 Italiae,
645 4235 744 4291 ubi
777 4251 870 4291 res
900 4234 1080 4306 hujus
1113 4237 1393 4309 temporis
1422 4254 1492 4293 ex
1520 4236 1613 4292 his
1644 4254 1748 4292 au-

96 4325 355 4381 ctoribus
388 4324 719 4397 descripsit.

163 4413 440 4470 Urbanus
471 4429 604 4469 vero
631 4412 822 4469 adhuc
846 4414 1039 4469 Romae
1078 4418 1201 4471 erat
1217 4431 1418 4470 mense
1440 4414 1750 4471 Februario

96 4520 245 4571 anno
279 4503 439 4570 1093,
462 4503 511 4557 si
544 4501 872 4574 legitimum
903 4503 980 4558 sit
1003 4503 1338 4576 Figiaccnse
1360 4502 1751 4577 privilegium,

1704 360 1915 431 VITA.

3396 371 3519 467 1.οβ

1782 503 1839 587 ᾼ
1870 514 2304 572 mus,magnam
2337 501 2594 574 pecuniae
2626 518 2922 581 summam
2954 504 3383 587 contulitﬂerte
3406 504 3515 581 hoc

1867 570 2355 659 diploma—dubia;
2378 592 2616 673 omnino
2668 575 2804 649 ﬁdei
2847 572 3277 663 ‘videtur‘esse;
3312 570 3373 663 in

1867 692 2095 749 nempe,
2129 682 2338 750 praeter
2367 695 2434 733 ea
2463 694 2589 750 quae
2613 678 2872 736 continet
2894 680 2989 737 his
3019 680 3389 759 temporibus
3416 680 3518 754 pa-

1864 780 1995 820 rum
2028 770 2438 849 consentanea,
2468 767 2722 823 maxime
2751 768 3021 845 displicet
3050 768 3520 857 quoqutephano

1864 853 2131 925 episcopo
2163 854 2691 919 Cadurcensi,alias
2722 856 2958 936 penitus
2989 857 3208 932 ignoto,
3236 853 3520 936 inscribae‘

1861 945 1979 997 tur.
2012 936 2186 999 Plura
2215 944 2286 999 de
2319 960 2384 999 eo
2429 945 2605 1000 refert
2649 933 2983 1003 Cruceus'in
2998 938 3260 1031 Historia
3279 933 3517 1033 episco-

1861 1047 2071 1102 porum
2113 1032 2616 1101 Cadurcensium;
2652 1050 2851 1106 quem,
2902 1034 2952 1090 si
3000 1034 3187 1104 lubet,
3218 1033 3511 1117 consulas.

1860 1119 2039 1176 Paulo
2061 1120 2302 1193 majoris
2327 1125 2417 1176 est
2457 1122 2818 1178 auctoritatis
2845 1110 3519 1196 privilegium'Cavense.

1861 1209 1932 1265 de
1950 1226 2065 1282 quo
2087 1210 2159 1268 ad
2181 1224 2403 1266 annum
2441 1212 2860 1283 praecedentem
2893 1212 3376 1285 egimus,‘datum
3408 1213 3513 1268 Sa-

1859 1297 2003 1354 lerni
2036 1316 2131 1354 xxx
2162 1298 2453 1355 Kalendas
2497 1300 2794 1356 Februarii
2843 1318 2997 1360 anno
3026 1319 3060 1359 ν
3090 1301 3331 1375 Urbani,
3358 1300 3515 1373 indi-

1860 1387 2047 1443 ctione
2076 1403 2290 1454 v,anno
2328 1389 2482 1454 1092,
2516 1389 2786 1460 quamvis
2814 1384 2928 1445 loci
2957 1394 3016 1447 et
3042 1394 3378 1465 tempprum
3409 1405 3513 1463 uo-

1857 1478 1927 1531 tae
1955 1476 2110 1530 haud
2144 1475 2257 1531 sibi
2276 1480 2614 1533 constantes
2632 1478 2865 1551 admitti
2891 1476 3009 1546 nan
3029 1478 3518 1553 possintUtrum-

1859 1580 1971 1637 que
2000 1563 2297 1619 lectorum
2333 1563 2702 1622 eruditorum
2726 1565 2950 1636 judicio
2976 1564 3039 1639 et
3091 1582 3350 1624 censuras
3377 1564 3517 1641 per-

1860 1652 2171 1718 mittimus.

1882 1804 1887 1805 ,
1929 1742 2105 1797 Porro
2135 1741 2244 1798 etsi
2272 1746 2392 1798 toto
2424 1759 2490 1799 eo
2522 1746 2784 1816 tempore
2832 1761 2947 1820 quo
2994 1745 3387 1819 Laterauepse
3407 1761 3512 1819 pa-

1858 1830 2088 1898 latium,
2123 1831 2221 1886 ubi
2256 1831 2550 1904 praecipua
2579 1836 2703 1888 erat
2740 1833 3083 1906 pontiﬁcum
3114 1834 3512 1909 Romanorum

1858 1921 2045 1987 sedes,
2078 1918 2138 1975 in
2171 1919 2650 1997 Guibertinorum
2710 1925 2998 1995 potestate
3038 1922 3169 1994 fuit,
3203 1938 3521 1996 nunquam,

1856 2008 2087 2064 licuerit
2108 2008 2340 2064 Urbano
2358 2008 2512 2064 intra
2534 2010 2806 2065 Romanae
2825 2010 2991 2085 urbis
3008 2010 3470 2087 maniaingred‘i
3494 2026 3509 2067 :

1856 2114 1989 2157 cum
2020 2102 2217 2155 tamen
2249 2099 2308 2153 in
2330 2099 2709 2169 suburbanis,
2735 2101 2878 2174 sive,
2900 2105 2967 2171 ut
2994 2101 3219 2177 passim
3248 2101 3513 2175 loquitur

1857 2186 2183 2253 Bertoldus,
2216 2189 2279 2243 in
2336 2196 2483 2243 terra
2539 2189 2732 2245 Sancti
2780 2190 2938 2259 Petri
2988 2189 3324 2263 frequenter
3367 2193 3517 2265 tunc

1856 2276 2559 2345 moraretur,censebatur
2580 2278 2774 2334 Romae
2790 2295 3051 2352 praesens
3071 2279 3297 2353 adesse.
3320 2279 3523 2353 Quare,

1854 2365 1938 2421 nil
1968 2366 2186 2423 mirum
2210 2372 2300 2422 est
2325 2367 2373 2422 si
2393 2369 2661 2439 quzsdam
2680 2368 2809 2439 ejus
2830 2368 3034 2426 litterae
3063 2368 3284 2442 passim
3306 2384 3508 2440 occur-

1855 2459 1988 2512 rant
2019 2472 2146 2528 quae
2196 2458 2383 2513 Roma
2439 2456 2533 2512 his
2590 2458 2958 2530 temporibus
3008 2459 3160 2531 datae
3211 2457 3506 2529 dicuntur,

1855 2544 2357 2618 quemadmodum
2387 2544 2651 2617 plerique
2671 2547 2800 2616 ejus
2822 2546 2924 2602 aevi
2958 2551 3227 2603 auctores
3240 2545 3521 2617 scribunt,

1855 2633 2157 2705 episcopos
2191 2637 2249 2688 et
2271 2633 2511 2688 abbates
2536 2632 2783 2689 Romam
2804 2637 2945 2706 tunc
2962 2633 3196 2703 adiisse,
3228 2636 3296 2706 ut
3322 2630 3506 2706 Urba-

1856 2739 1997 2777 num
2033 2725 2133 2776 aut
2163 2720 2560 2799 apostolorum
2590 2720 2798 2777 limina
2826 2720 3158 2796 inviserent.

1856 2828 2063 2885 CXXII.
2092 2829 2254 2887 Falco
2312 2829 2730 2971 Bellovatzensz'st
2765 2829 3043 2901 episcopus
3095 2830 3162 2887 in
3209 2826 3332 2884 sede
3375 2843 3504 2885 con-

2578 2916 2707 2955 .rma
2732 2916 2817 2956 us.

2578 2916 2796 2956 .rmams
2802 2942 2817 2954 .

1926 2990 2225 3065 Ejusmodi
2262 2990 2497 3045 fuerunt
2551 2988 2756 3065 limares
2812 2988 3031 3063 Urbani
3082 2989 3155 3049 ad
3186 2988 3501 3062 Fulcqaetn

1858 3079 2199 3152 episcopum
2251 3077 2737 3153 Bellovacensem,
2768 3082 2828 3134 et
2883 3078 3010 3136 aliae
3063 3076 3135 3135 ad
3183 3077 3405 3135 clerum
3444 3081 3504 3151 et

1857 3167 2138 3240 populum
2160 3167 2424 3240 ejusdem
2446 3168 2630 3233 urbis,
2664 3184 2791 3239 quae
2829 3169 3010 3223 Romae
3040 3184 3099 3224 v1
3129 3171 3231 3237 aut
3248 3184 3363 3239 xvi,
3394 3168 3502 3225 Ka-

1857 3257 2045 3313 lendas
2073 3257 2267 3313 Martii
2289 3256 2436 3331 datae
2486 3256 2781 3311 dicuntur.
2824 3255 2926 3312 His
2956 3255 3165 3329 litteris
3195 3256 3506 3328 conﬁrmat

1816 3360 1821 3367 ‘
1858 3351 2029 3402 antea
2056 3345 2314 3420 pontifex
2343 3362 2377 3400 a
2404 3344 2679 3418 Gregorio
2708 3345 2809 3401 VII
2836 3344 3015 3417 latam
3047 3345 3401 3419 sententiam
3431 3345 3507 3416 de

1856 3434 2208 3491 Castellania
2235 3433 2647 3499 Bellovacensi,
2694 3450 2842 3506 quas
2898 3426 3137 3509 quidem
3192 3434 3302 3491 hoc

1857 3524 2106 3597 scriptas
2123 3523 2304 3579 fuisse
2318 3524 2528 3594 probat
2539 3539 2736 3578 rerum
2753 3526 3052 3595 gestarum
3070 3523 3506 3595 seriesEtenim

1768 3624 1771 3629 ‘
1859 3613 2055 3681 Fulco,
2084 3613 2155 3667 de
2186 3628 2300 3683 quo
2320 3612 2447 3682 jam
2478 3628 2660 3683 supra
2714 3611 2968 3683 egimus,
3014 3612 3171 3685 apud
3202 3611 3504 3681 Urbanum

1857 3718 1994 3763 accu
2004 3705 2129 3755 satu
2139 3716 2166 3755 s
2180 3700 2333 3771 quod
2350 3698 2499 3754 male
2512 3714 2603 3754 res
2615 3698 2706 3753 sui
2723 3697 3093 3770 episcopatus
3106 3698 3510 3769 administras-

1857 3789 2244 3861 set,quodque
2255 3787 2716 3844 facinorosorum
2738 3784 2961 3858 aliquot
2983 3785 3293 3861 hominum
3312 3785 3507 3859 crimi-

1857 3879 2032 3935 nibus
2063 3894 2192 3934 sese
2210 3875 2884 3953 immiscuisset,littera_s
2912 3874 3045 3931 illas
3058 3874 3285 3949 accepit
3302 3891 3507 3947 mense

1860 3967 2192 4025 Februario.
2224 3965 2551 4038 Statimque
2582 3966 2828 4020 Romam
2859 3964 3004 4037 adiit
3030 3980 3203 4021 suam
3225 3964 3510 4039 approba-

1856 4062 2026 4115 turus
2057 4073 2252 4112 coram
2284 4054 2556 4129 pontifice
2598 4054 3015 4129 innocentiam,
3047 4058 3107 4110 et
3153 4071 3527 4129 quocunque-

1859 4148 2032 4203 modo
2059 4162 2236 4201 causa
2254 4143 2729 4213 verteret,sedem
2750 4159 2917 4199 suam
2931 4142 3226 4200 dimittere
3241 4147 3503 4216 paratus.

1857 4236 1927 4292 Et
1958 4235 2196 4308 quidem
2227 4249 2297 4289 ea
2337 4236 2459 4289 erat
2490 4232 2676 4288 sancti
2725 4231 3006 4302 Anselmi,
3034 4232 3165 4306 ejus
3208 4231 3349 4307 olim
3378 4248 3535 4293 ma-.

1859 4324 2026 4398 gistri
2052 4327 2110 4379 et
2138 4321 2370 4378 abbatis
2400 4322 2553 4394 apud
2587 4320 2858 4387 Beccum,
2890 4321 3198 4390 sententia,
3231 4321 3388 4395 quod
3419 4322 3504 4377 fa-

1859 4413 1967 4469 cile
1997 4430 2065 4468 ex
2094 4412 2221 4483 ejus
2253 4409 2500 4483 epistola
2526 4411 2594 4465 34
2626 4408 2761 4465 libri
2791 4426 2833 4465 ιι
2866 4406 2936 4465 ad
2978 4408 3174 4482 ipsum
3202 4408 3507 4468 Urbanum

1861 4502 2097 4573 scripta,
2149 4499 2514 4572 intelligitur,
2550 4498 2814 4572 quamvis
2862 4498 3035 4571 paulo
3076 4503 3265 4569 antea,
3299 4515 3510 4572 nempe

96 4594 247 4665 quod
275 4610 310 4648 a
337 4595 555 4647 Cruceo
586 4591 836 4647 relatum
854 4597 942 4648 est
970 4593 1031 4647 in
1063 4594 1316 4650 Historia
1344 4593 1750 4666 episcoporum
1782 4608 1827 4673 Β
1860 4590 2105 4663 epistola
2132 4587 2498 4660 praecedenti,
2531 4602 2666 4643 eum
2700 4587 2961 4659 pontiﬁci
3010 4590 3504 4646 commendasset.

95 4683 562 4749 Caturcensium,
594 4686 652 4737 et
681 4680 881 4737 nullus
932 4700 1094 4738 error
1149 4683 1447 4755 irrepserit
1488 4683 1547 4737 in
1580 4688 1749 4738 notas

97 4773 221 4843 ejus
249 4771 579 4827 chronicas.
607 4771 819 4826 Datum
847 4789 1053 4844 nempe
1085 4772 1301 4827 dicitur
1331 4774 1612 4828 Lateram‘s
1641 4773 1749 4827 hoc

99 4878 248 4916 anno
278 4861 442 4927 1093,
478 4860 865 4933 pontificatus
906 4861 1120 4917 Urbani
1171 4861 1392 4933 quinto,
1423 4862 1515 4917 die
1544 4879 1579 4917 ν
1612 4863 1750 4917 Idus

99 4948 417 5006 Februarii.
440 4949 575 5017 Sed,
600 4949 710 5004 etsi
740 4947 852 5004 illae
884 4953 1032 5005 nota
1064 4950 1229 5006 bonae
1261 4949 1399 5021 sint,
1433 4950 1597 5006 locus
1627 4950 1748 5005 dati

100 5037 382 5112 privilegii
408 5037 661 5094 vitiosus
691 5042 799 5102 est,
836 5054 967 5093 cum
1016 5039 1277 5093 nondum
1312 5043 1449 5093 tunc
1485 5039 1751 5093 Urbanus

102 5127 487 5183 Lateranense
518 5126 802 5199 palatium
834 5127 1176 5195 obtinuerit,
1208 5132 1547 5195 coactus,ut
1579 5129 1749 5183 modo

102 5222 165 5270 ex
181 5216 452 5272 Bertoido
467 5215 1127 5284 dicebamus,Natalium
1151 5216 1360 5271 Christi
1380 5216 1754 5272 festivitatem

100 5311 257 5362 extra
277 5304 819 5371 urbem‘celebrare,
846 5306 1061 5378 quippe
1091 5306 1191 5377 qui
1205 5306 1424 5377 absque
1449 5305 1754 5377 sanguinis

98 5396 403 5463 effusione,
433 5394 849 5468 quodsemper
892 5392 1199 5450 abhorruit
1232 5393 1363 5467 pius
1386 5394 1660 5467 pontifex.
1693 5394 1751 5449 in

99 5500 222 5541 eam
255 5484 485 5558 ingredi
515 5500 635 5539 non
669 5483 974 5556 potuisset.
1007 5484 1079 5539 Et
1126 5483 1364 5556 quidem
1399 5483 1752 5540 Lateranum

99 5574 327 5631 nonnisi
379 5591 533 5631 anno
578 5573 849 5645 sequenti
900 5573 1263 5647 recuperavit
1300 5573 1615 5638 'Urbanus,
1648 5589 1755 5646 ope

99 5662 327 5727 Gofridi
362 5662 819 5721 Viudocinensis
844 5662 1095 5734 abbatis,
1128 5663 1230 5739 qui
1263 5663 1335 5721 ad
1374 5662 1455 5736 id,
1485 5661 1570 5721 uti
1600 5661 1779 5721 dice--

416 5792 690 5861 Ριτιιοι..
735 5790 878 5860 CLI.

1862 4681 2019 4735 Idem
2048 4677 2357 4733 Anselmus
2389 4678 2576 4732 factus
2597 4681 2729 4747 post
2758 4677 3000 4732 modum
3032 4676 3508 4750 archiepiscopus

1857 4767 2201 4837 Cantuarim,
2236 4766 2447 4820 iterum
2476 4765 2707 4835 suppleas
2736 4781 2839 4836 pro
2868 4763 3117 4820 Fulcone
3147 4767 3325 4821 oravit
3350 4766 3506 4838 apud

1859 4858 2214 4930 pontiﬁcem,
2238 4854 2385 4909 libro
2406 4870 2492 4923 III,
2511 4853 2679 4924 epist.
2705 4854 2794 4923 37,
2829 4856 2893 4907 ut
2921 4851 2972 4908 ei
2994 4852 3315 4922 succurrat,
3343 4845 3510 4927 prout

1858 4950 1988 5018 ejus
1988 4944 2261 5019 judicabit
2286 4943 2599 5015 prudentia.
2619 4942 2733 4998 Nec
2747 4958 2898 4998 vana
2917 4941 3028 4998 fuit
3041 4941 3188 4999 tanti
3207 4938 3317 4999 viri
3348 4960 3507 5001 com-

1858 5034 2451 5092 mendatio.Urbanus
2473 5030 2689 5103 quippe
2716 5035 3021 5104 perspecta
3052 5031 3508 5090 Fulconisinno-

1859 5125 2070 5188 centia,
2103 5140 2218 5178 non
2249 5124 2442 5179 ferens
2472 5122 2811 5194 episcopum
2844 5120 3063 5192 injuste
3092 5122 3507 5195 opprimi,eum

1863 5212 2194 5269 Simoniaca
2224 5211 2448 5278 haeresi,
2483 5227 2607 5283 quae
2634 5210 2747 5283 ipsi
2780 5227 2813 5266 a
2857 5209 3155 5266 nonnullis
3185 5210 3510 5285 affingeba-

1860 5307 1979 5369 tur,
2011 5304 2327 5373 purgatum
2359 5300 2417 5355 in
2453 5301 2588 5355 sede
2618 5299 3007 5356 Bellovacensi
3039 5300 3423 5370 confirmavit,
3445 5319 3512 5359 ac

1863 5383 2161 5447 remanere
2184 5388 2384 5462 jussit.
2419 5389 2539 5445 Imo
2565 5407 2699 5445 cum
2731 5388 2887 5445 idem
2920 5390 3164 5446 antistes
3195 5390 3255 5446 in
3294 5390 3512 5449 Gallias

1863 5496 2128 5537 reversus
2159 5496 2311 5533 anno
2343 5479 2662 5552 sequentia
2682 5476 3266 5551 comprovincialibus
3296 5481 3520 5553 episco-

1863 5571 1955 5643 pis
1984 5569 2043 5625 in
2068 5567 2359 5642 judicium
2383 5583 2451 5622 ea
2481 5567 2551 5623 de
2581 5584 2642 5623 re
2665 5573 2906 5624 vocatus
2923 5566 3295 5639 fuisset,illos
3325 5570 3519 5642 objur-

1862 5660 2019 5736 gavit
2048 5656 2328 5737 pontifex,
2344 5655 2500 5730 quod
2522 5672 2765 5715 causam
2786 5674 2821 5714 a
2848 5657 2986 5717 sede
3015 5654 3335 5733 apostolica
3352 5658 3519 5737 judig

3157 5786 3196 5856 4
