3972 6380
453 402 568 474 107

1756 409 1829 478 Β.
1876 406 2168 479 URBANI
2210 403 2265 480 ll
2306 407 2558 478 PAPIE.

3741 394 3884 470 108

449 548 640 604 catam
667 544 797 602 ausi
827 543 1079 604 fuissent
1097 549 1427 606 retractare.
1459 547 1660 606 Exstat
1699 566 1766 606 ea
1794 549 1866 606 de
1896 565 1956 606 re
1987 549 2093 606 Ur-
2119 549 2176 617 Α
2202 547 2539 605 institutum
2568 543 3062 620 amplectendam,
3093 541 3330 603 excitari
3389 557 3562 617 posse
3605 541 3881 600 arbitra-

341 687 347 696 .
445 634 586 714 bani
633 634 878 709 epistola
907 636 980 692 ad
1011 635 1378 710 Raynoldum
1407 636 1912 711 archiepiscopum
1941 639 2094 710 ejus-

442 739 559 796 que
589 724 1148 799 suﬂ'raganeos,quaa
1179 743 1314 784 cum
1349 727 1486 784 anni
1510 729 1643 783 1094
1673 727 1840 784 initio
1862 728 2092 794 Maii,ut

439 829 549 870 suo
578 812 706 871 loco
737 815 1298 885 demonstrabimus,
1331 816 1551 889 scripta
1582 817 1680 886 sit,
1707 815 1920 872 invicte
1951 833 2088 888 pro-

437 901 539 959 bat
565 903 736 961 binas
764 903 872 961 has
901 904 1150 976 litteras,
1179 906 1251 962 de
1291 906 1505 978 quibus
1557 905 1653 962 hic
1711 905 1922 978 agitur,
1951 922 2087 961 cum

435 991 710 1050 Fulconis
739 994 1087 1067 purgatione
1113 995 1307 1052 Romae
1354 998 1604 1068 peracta,
1637 995 1709 1052 ad
1741 1000 2086 1068 praesentem

435 1074 660 1140 annum
691 1081 832 1140 1M3
860 1083 1070 1141 debere
1101 1083 1374 1142 revocari.

649 1207 885 1266 CXXIII.
920 1209 1229 1265 Concilium
1259 1209 1568 1282 Trojanum.
1604 1208 1868 1264 Canones.

451 1329 460 1335 ’
507 1312 656 1371 Vere
683 1313 920 1371 ineunte
949 1313 1130 1386 hujus
1163 1313 1321 1383 anni,
1346 1315 1609 1370 Dominus
1639 1331 1779 1387 papa
1812 1315 2081 1378 Urbanus,

437 1401 691 1458 Bertoldi
739 1403 914 1459 verba
939 1402 1068 1474 ipsa
1089 1403 1294 1472 refero,
1326 1405 1633 1472 generalem
1663 1402 1930 1476 synodum
1956 1419 2080 1458 cen-

437 1499 553 1546 tum
569 1506 707 1562 pene
739 1493 1111 1564 episcoporum
1158 1494 1220 1546 in
1265 1491 1692 1563 Quadragesima
1739 1509 1809 1548 ea:
1855 1492 2084 1548 diversis

436 1581 734 1651 provinciis
743 1582 801 1635 in
815 1581 1014 1652 Apulia
1026 1582 1451 1651 congregavit,et
1460 1580 1692 1636 diversis
1707 1581 1892 1636 Eccles
1899 1582 2082 1636 iurum

432 1669 842 1725 necessitatibus
861 1668 1123 1741 synodali
1137 1671 1448 1741 provisione
1482 1672 1842 1742 competenter
1861 1687 2079 1725 succur-

432 1773 553 1814 rere
571 1759 801 1814 curavit.
828 1758 986 1814 Hanc
1009 1759 1296 1832 synodum
1318 1760 1467 1832 apud
1483 1759 1736 1830 Trojam,
1767 1775 1894 1831 quae
1924 1762 2078 1832 Apu-

434 1845 525 1904 lia:
555 1846 760 1903 civitas
789 1850 879 1903 est
935 1846 1302 1920 episcopalis,
1336 1846 1594 1904 habitam
1654 1847 1834 1903 fuisse
1873 1847 2079 1904 scribit

437 1934 1216 1993 RomualdusSalernitanus
1255 1935 1732 2009 archiepiscopus
1755 1937 1814 1991 in
1833 1935 2080 1992 Chroni-

434 2022 1278 2098 co,cuiconsentiuntplerique
1308 2026 1639 2094 omnes;sed
1661 2042 1789 2082 eam
1813 2024 2080 2081 nonnulli

435 2112 782 2169 recentiores
812 2113 1130 2170 secundam
1182 2118 1618 2188 nuncuparunt,
1651 2115 1806 2187 quod
1837 2114 2078 2171 alteram

432 2201 636 2258 eadem
666 2200 726 2256 iu
758 2201 901 2258 urbe
925 2203 998 2258 ab
1036 2202 1268 2260 Urbano
1317 2208 1728 2278 congregatam
1759 2221 1911 2260 anno
1946 2204 2082 2258 1089

432 2289 875 2348 admiserint.At
890 2291 1123 2347 unicam
1143 2292 1532 2362 solummodo,
1558 2297 1621 2348 ut
1638 2295 1767 2365 jam
1798 2293 2076 2360 diximus,

435 2379 508 2448 ad
531 2396 753 2436 annum
777 2379 918 2436 4089
946 2385 1271 2454 agnoscunt
1310 2385 1532 2437 veteres
1582 2386 1867 2450 auctores,
1901 2397 2078 2454 quam

437 2471 590 2524 anno
623 2468 760 2524 1093
779 2468 1126 2526 celebratam
1149 2470 1329 2526 fuisse
1355 2487 1423 2526 ex
1443 2469 1697 2528 Bertoldi
1717 2471 2076 2538 testimonio,

437 2557 686 2631 aliisque
715 2559 888 2615 certis
917 2563 974 2615 et
1002 2559 1353 2615 indubitatis
1385 2561 1784 2616 monumentis
1815 2563 2081 2616 constare

356 2648 368 2658 °
437 2646 627 2703 debet.
658 2646 794 2720 Ejus
838 2646 1067 2703 concilii
1125 2647 1364 2704 titulum
1418 2665 1486 2704 ex
1531 2648 1830 2704 codicibus
1879 2665 2080 2703 manu-

435 2735 672 2808 scriptis
701 2736 1058 2810 descriptum
1099 2737 1334 2793 exhibet
1377 2738 1640 2794 Labbeus
1674 2742 1832 2793 torno
1863 2736 1908 2792 Χ
1939 2736 2080 2792 Con-

436 2823 703 2881 oiliorum
734 2824 1080 2882 his'verbis:
1137 2828 1290 2882 Anno
1329 2827 1625 2882 Dominicis
1676 2826 2080 2882 Incarnationis

435 2913 594 2982 1093,
624 2930 663 2968 v
689 2913 810 2971 Idus
859 2915 1046 2972 Martii
1090 2917 1342 2972 convenit
1394 2915 1558 2988 Trojw
1603 2917 1665 2971 in
1715 2915 1915 2988 Apulia
1953 2931 2078 2970 con-

431 3001 625 3058 cilium
651 3005 1020 3076 episcoporum
1070 3007 1186 3076 fere
1212 3005 1302 3072 75,
1363 3003 1622 3059 abbatum
1677 3007 1756 3058 12.
1810 3003 2078 3059 Totidem

431 3090 732 3166 episcopos
749 3097 806 3148 et
825 3093 1066 3170 abbates
1083 3092 1134 3148 ei
1183 3091 1518 3148 interfuisse
1554 3091 1766 3166 legitur
1789 3092 1940 3166 apud
1965 3091 2080 3148 Ive-

429 3194 564 3236 nem
595 3180 656 3236 in
699 3181 871 3237 editis
913 3180 1366 3254 exemplaribus,
1402 3181 1670 3253 quamvis
1728 3181 2012 3255 scriptum
2045 3198 2079 3237 a

430 3268 1282 3372 Labbeolaudatun‘i‘octoginta
1320 3270 1601 3372 praeferat.
1635 3271 1912 3372 Eamdem
1946 3288 2078 3372 syn:
2105 3294 2149 3362 ρ

431 3357 609 3414 odum
638 3362 926 3415 memorat
955 3357 1160 3414 Petrus
1190 3359 1481 3414 Diaconus
1529 3358 1677 3415 libro
1729 3376 1782 3415 IV
1809 3359 2074 3416 Chronici

427 3447 760 3504 Casinensis
778 3447 972 3518 cap.7;
997 3449 1057 3502 at
1081 3434 1394 3502 numerum
1417 3449 1759 3520 pontificum
1783 3453 1884 3504 aut
1899 3449 2076 3504 abba-

428 3536 682 3610 tum,qui
713 3537 786 3598 ad
818 3551 948 3591 eam
977 3541 1692 3610 convenerant,nusquam
1727 3537 1918 3594 habet.
1949 3538 2075 3594 Duo

429 3628 748 3698 supersunt
775 3624 954 3694 hujus
983 3624 1212 3680 concilii
1245 3641 1514 3698 canones,
1535 3643 1682 3699 quos
1704 3630 1837 3700 post
1857 3626 2074 3684 Urbani

427 3713 705 3788 epistolas
728 3713 982 3786 proferet
1010 3714 1443 3786 pontificiarum
1493 3715 1873 3789 epistolarum
1901 3715 2073 3772 colle-

425 3806 569 3859 ctor.
593 3803 847 3872 Primus,
883 3803 983 3876 qui
1005 3803 1076 3859 de
1097 3803 1485 3860 dissolvendis
1514 3805 1669 3860 intra
1697 3809 1914 3860 certam
1945 3821 2077 3861 con-

424 3889 840 3962 sanguinitatis
896 3889 1112 3948 lineam
1163 3891 1326 3947 initis
1388 3891 1780 3952 matrimoniis
1827 3892 1967 3966 agit,
2001 3893 2074 3948 ab

422 3980 594 4033 Ivone
624 3977 968 4048 Carnoteno,
993 3979 1292 4049 Gratiano,
1327 3979 1607 4054 Magistro
1638 3981 2074 4038 Sententiarum

421 4070 480 4122 et
503 4063 636 4124 aliis
663 4067 886 4139 passim
918 4069 1256 4126 auctoribus
1300 4067 1573 4124 laudatur
1603 4075 1660 4125 et
1687 4069 2072 4139 refertur;al-

419 4160 512 4213 ter
537 4171 694 4230 vero,
727 4157 1030 4214 occasione
1063 4159 1262 4214 Treviw
1289 4158 1584 4227 conditus,
1617 4159 1746 4230 ejus
1798 4159 2071 4216 infracto-

421 4261 514 4303 res
546 4246 1146 4304 excommunicatione
1175 4247 1512 4304 multandos
1543 4248 1820 4305 decernit.

462 4349 474 4354 I
529 4370 766 4430 CXXIV.
803 4375 1053 4448 Urbanus
1082 4376 1329 4448 concedit
1351 4375 1705 4448 privilegium
1725 4377 1968 4434 ecclesia:

913 4446 968 4502 S.
999 4447 1170 4504 Pauli
1193 4446 1581 4504 Narbonensis.

491 4546 692 4608 Soluto
724 4551 1269 4623 concilio,Urbanus
1291 4553 1537 4610 Romam
1559 4569 1824 4611 reversus
1853 4557 1960 4621 est,
1985 4555 2070 4611 uti

423 4637 757 4734 colligimus
786 4658 865 4734 ex
897 4641 1198 4734 privilegio
1250 4643 1405 4734 quod
1437 4642 1518 4698 ibi
1575 4643 2071 4734 Narbonensi-Ec-
2099 4669 2147 4734 Ι)

423 4729 610 4787 clesia:
629 4732 815 4789 sancti
835 4731 998 4790 Pauli
1031 4733 1322 4789 concessit
1360 4730 1470 4787 hoc
1494 4749 1667 4804 anno,
1699 4732 2071 4804 pontificatus

423 4817 641 4876 Urbani
669 4838 746 4890 v1,
781 4821 874 4877 die
915 4836 1012 4878 x1v
1068 4821 1361 4878 Kalendas
1417 4819 1651 4893 Aprilis,
1684 4821 2000 4878 indictione
2029 4840 2068 4892 ι,

421 4923 549 4978 quae
581 4914 730 4964 notae
758 4909 984 4967 nullam
1015 4910 1233 4967 habent
1263 4909 1690 4966 difﬁcultatem.
1713 4916 1777 4966 In
1803 4927 1868 4968 eo
1890 4911 2072 4984 diplo-

423 5001 596 5067 mate,
621 4999 933 5055 canonicos
955 4999 1151 5056 Sancti
1176 4999 1335 5056 Pauli
1360 4998 1560 5054 laudat
1589 5001 1846 5072 pontifex
1871 5003 1944 5057 ob
1978 5020 2069 5057 re-

419 5083 682 5158 gularem
732 5088 958 5144 vivendi
1017 5089 1288 5154 formam,
1332 5106 1508 5160 quam
1559 5107 1762 5146 recens
1815 5091 2068 5164 amplexi

419 5174 670 5232 fuerant.
699 5177 861 5242 Quod
884 5179 1120 5250 quidem
1155 5179 1281 5235 vita:
1312 5195 1497 5252 genus
1535 5181 1820 5248 suscitare,
1855 5181 2066 5253 inquit,

420 5279 532 5320 non
559 5267 770 5323 minori
817 5284 957 5340 pene
1013 5268 1400 5324 aestimandum
1457 5272 1535 5324 est
1582 5271 1880 5326 meriti.....
1909 5286 2076 5342 quam

422 5355 708 5424 ﬂorentem
737 5357 1130 5414 monachorum
1166 5359 1491 5428 religionem
1525 5359 1812 5416 custodire.
1848 5358 2076 5416 Similia

425 5442 649 5516 passim
671 5443 859 5519 elogia
878 5452 1191 5504 occurrunt
1219 5447 1278 5502 in
1305 5446 1434 5503 aliis
1463 5448 1877 5504 canonicorum
1898 5464 2078 5521 regu-

427 5529 644 5603 larium
673 5533 990 5608 privilegiis
1021 5537 1094 5593 ab
1123 5535 1352 5594 Urbano
1379 5535 1648 5606 indultis,
1680 5537 1780 5610 qui
1818 5553 1884 5594 eo
1911 5539 2078 5608 pacto

433 5621 622 5698 bonos
651 5623 711 5679 in
727 5625 1022 5696 proposito
1041 5627 1340 5683 retinendo
1363 5625 1510 5681 conﬁ
1520 5626 1695 5680 rmari
1720 5644 1733 5694 ;
1759 5625 1906 5681 alios
1922 5641 2076 5694 vero,

437 5729 690 5798 quorum
721 5713 838 5774 vita
864 5730 982 5775 non
1011 5716 1154 5778 adeo
1184 5714 1398 5794 regule:
1419 5713 1656 5776 astricta
1681 5714 1903 5792 erat,ad
1923 5713 2080 5777 idem

2201 633 2392 694 batur.

2253 754 2456 810 CXXV.
2488 754 2776 811 Conradus
2808 755 3160 836 imperatoris
3183 751 3364 824 patris
3392 751 3482 806 sui
3515 751 3702 822 partes
3733 747 3832 805 de-

2941 833 3097 882 serit.

2269 934 2495 988 Interea
2521 931 2752 988 Henrici
2783 931 3032 1005 Augusti
3063 928 3372 1004 negotiain
3396 929 3565 1002 pejus
3589 925 3873 998 abibant,

2193 1020 2488 1094 plerisque
2514 1021 2575 1076 in
2607 1021 2732 1076 dies
2763 1022 2836 1077 ab
2865 1022 2995 1093 ejus
3043 1024 3100 1075 et
3149 1018 3410 1076 Guiberti
3460 1016 3868 1090 pseudopapas

2194 1107 2524 1166 obedientia
2571 1109 3003 1166 deﬁcientibus.
3053 1109 3216 1164 Tunc
3275 1106 3513 1179 quippe,
3564 1103 3872 1161 referente

2193 1197 2482 1266 Bertoldo,
2517 1200 2579 1252 in
2601 1198 2976 1270 Longobardia
3006 1197 3423 1270 prudentissimi
3438 1195 3644 1250 milites
3664 1193 3871 1249 Sancti

2193 1288 2344 1342 Petri
2367 1287 2578 1358 Welpho
2601 1286 2736 1355 dum,
2768 1295 2972 1344 etuxor
3001 1287 3118 1358 ejus
3149 1284 3445 1350 Mathilda,
3458 1284 3580 1356 jam
3608 1284 3868 1340 triennio

2190 1379 2380 1430 contra.
2409 1374 2778 1430 srhismaticos
2799 1376 3041 1430 viriliter
3077 1374 3422 1440 dimicantes,
3456 1371 3676 1428 tandem
3703 1373 3864 1428 mul-

2192 1469 2307 1518 tum
2353 1473 2544 1518 contra
2601 1465 2762 1535 ipsos,
2791 1465 2896 1519 Deo
2953 1463 3279 1536 opitulante,
3333 1461 3654 1531 conﬁrmati
3698 1465 3860 1517 sunt.

2190 1553 2300 1607 Sed
2333 1553 2477 1608 nihil
2508 1553 2650 1607 adeo
2680 1552 3099 1609 catholicorum
3150 1555 3346 1624 partes
3407 1549 3639 1623 adjuvit
3667 1565 3861 1623 quam

2191 1642 2458 1709 Conradi,
2493 1641 2681 1714 ipsius
2732 1640 2960 1696 Henrici
3015 1639 3144 1706 filii,
3180 1658 3214 1697 a
3263 1645 3426 1714 patre
3487 1639 3736 1696 defectio
3785 1639 3871 1695 ad

2187 1731 2576 1804 Welphonem
2608 1729 2939 1799 ducem,cui
2971 1730 3247 1803 deinceps
3270 1729 3551 1786 inviolate
3590 1728 3870 1785 adhaesit.

2189 1820 2421 1876 Nullam
2451 1825 2572 1875 tam
2632 1821 2938 1892 insperata:
2994 1819 3338 1876 mutationis
3396 1835 3648 1875 causam
3690 1818 3874 1876 affert

2109 1925 2158 1991 B
2191 1909 2529 1976 Bertoldus;
2556 1914 2616 1965 at
2635 1925 2703 1964 ex
2723 1909 3056 1964 Dodechino
3080 1907 3367 1964 discimus
3393 1922 3522 1963 eam
3554 1905 3871 1962 occasione

2189 1999 2482 2065 Praxedis,
2513 1996 2849 2054 Adelaidem
2907 1996 3166 2070 appellat
3219 1995 3315 2052 ille
3371 2000 3598 2062 auctor,
3635 1996 3864 2068 reginae

2189 2087 2388 2142 uxoris
2411 2085 2640 2142 Henrici
2671 2085 3192 2158 contigisse;quam
3222 2101 3289 2142 eo
3321 2100 3510 2156 usque
3538 2083 3680 2140 odio
3709 2089 3865 2142 tunc

2188 2174 2467 2232 habuisse
2498 2175 2816 2246 imperator
2846 2175 3156 2243 dicitur,ut
3175 2189 3303 2230 eam
3328 2172 3537 2230 aulicis
3565 2172 3854 2242 suis,imo

2189 2269 2246 2322 et
2276 2263 2388 2336 ipsi
2409 2263 3202 2330 Conrado,dehonestandam
3226 2263 3570 2336 prodiderit.
3590 2263 3860 2320 Tantum

2190 2353 2418 2408 facinus
2438 2351 2736 2408 exhorruit
2764 2351 2899 2424 pius
2939 2351 3234 2424 princeps,
3266 2352 3399 2424 qui,
3429 2355 3495 2407 ut
3553 2351 3635 2407 ait
3693 2351 3864 2408 idem

2188 2447 2408 2511 auctor,
2439 2443 2558 2496 erat
2573 2443 2630 2497 in
2661 2443 2814 2498 omni
2845 2442 3082 2498 bonitate
3111 2444 3166 2496 et
3190 2441 3466 2512 probitate
3497 2443 3880 2513 conspicuus;

2187 2532 2414 2586 humilis
2443 2538 2493 2586 et
2519 2529 2806 2586 modestus.
2823 2532 2896 2585 At
2925 2530 3034 2586 hac
3067 2530 3302 2603 repulsa
3345 2533 3678 2587 commotus
3711 2530 3868 2586 furi-

2188 2620 2424 2676 bundus
2455 2619 2725 2692 pater,ita
2755 2621 3039 2681 adversus
3055 2636 3128 2675 eu
3143 2636 3198 2674 m
3226 2619 3628 2686 excanduit,ut
3645 2617 3868 2676 exinde

2187 2725 2323 2764 eum
2350 2725 2452 2780 pro
2485 2709 2602 2764 ﬁlio
2625 2708 2838 2764 habere
2889 2709 3278 2777 recusaverit,
3312 2725 3376 2766 se
3433 2725 3704 2766 asserens
3735 2725 3862 2766 non

2188 2814 2316 2854 esse
2345 2797 2506 2852 illius
2526 2797 2941 2870 patrem.Tunc
2963 2798 3287 2864 Conradus,
3312 2796 3512 2854 relicto
3543 2803 3732 2871 patre,
3768 2798 3847 2854 ad

2187 2886 2520 2959 pontificios
2543 2903 2678 2942 cum
2710 2885 2784 2940 iis
2813 2886 2912 2957 qui
2945 2884 3056 2943 sibi
3089 2886 3306 2943 addicti
3337 2891 3505 2943 erant
3547 2887 3832 2960 confugit.

2185 2975 2334 3042 Quin
2366 2979 2424 3031 et
2446 2973 2617 3030 multi
2651 2973 2864 3044 alii,uti
2885 2974 3061 3031 habet
3088 2973 3527 3044 Domnizo,tam
3559 2975 3844 3032 immanis

2187 3063 2422 3120 sceleris
2451 3063 2690 3119 horrore
2719 3063 2994 3136 perculsi,
3022 3063 3211 3136 primo
3264 3063 3580 3120 Henricum
3609 3068 3669 3120 et
3699 3065 3850 3121 Gui-

2185 3155 2418 3210 bertum
2449 3169 2740 3226 spernere,
2773 3156 2902 3208 tum
2931 3152 3107 3209 etiam
3137 3153 3378 3209 omnino
3412 3153 3681 3210 deserere
3712 3155 3843 3226 ejus

2185 3246 2383 3314 partes
2413 3242 2862 3311 constituerunt,
2896 3259 3016 3315 qua
3045 3242 3348 3300 occasione
3405 3243 3843 3300 Catholicorum

2185 3332 2338 3387 vires
2381 3331 2589 3404 ingens
2644 3330 3072 3388 incrementum
3104 3331 3398 3404 accepisse
3455 3337 3846 3389 memoratur.

2185 3419 2378 3476 Testis
2389 3425 2478 3476 est
2490 3419 2796 3476 Bertoldus
2809 3419 3126 3477 nobiliores
3141 3420 3560 3494 Longobardiae
3575 3419 3850 3478 civitates

2186 3507 2582 3564 Mediolanum
2613 3511 2980 3580 Cremonam,
3012 3509 3269 3564 Laudam
3297 3513 3354 3565 et
3384 3508 3746 3566 Placentiam
3776 3526 3847 3567 eo

2184 3602 2444 3671 tempore
2467 3602 2657 3653 contra
2677 3599 2975 3654 Henricum
2995 3600 3057 3653 in
3081 3599 3281 3670 viginti
3299 3615 3472 3655 annos
3481 3600 3847 3670 conjurasse;

2184 3701 2300 3758 quo
2331 3689 2497 3757 pacto
2549 3685 2853 3747 Catholici,
2904 3685 3204 3759 occupatis
3257 3687 3492 3760 Alpium
3542 3686 3845 3757 faucibus,

2181 3774 2614 3846 impediverunt
2643 3791 2716 3830 ne
2777 3774 3006 3830 Henrici
3059 3775 3318 3832 fautores
3374 3793 3405 3832 e
3433 3776 3752 3835 Germania
3781 3779 3847 3836 in

2183 3862 2648 3936 Langobardiam
2671 3863 2743 3919 ad
2767 3879 2902 3920 eum
2922 3864 3477 3930 accederent.Quare
3503 3867 3847 3939 Augusten-

2184 3967 2298 4017 ses,
2332 3951 2658 4008 vicinarum
2707 3951 2944 4009 urbium
3003 3953 3268 4026 exemplo
3315 3955 3570 4024 excitati,
3605 3955 3843 4028 abjecto

2182 4039 2703 4114 pseudoepiscopo,
2762 4058 2938 4114 quem
2996 4043 3081 4098 eis
3140 4042 3425 4100 Henricus
3480 4042 3845 4118 prafecerat,

2180 4128 2512 4185 catholicum
2541 4129 2654 4186 sibi
2680 4137 2956 4203 pastorem
2985 4130 3306 4204 elegerunt.

2457 4255 2690 4314 CXXVl.
2727 4256 3051 4329 Lotharingi
3092 4257 3303 4315 Urbano
3332 4257 3558 4316 addicti.

2251 4371 2417 4428 Haud
2451 4371 2662 4428 minori
2694 4373 2888 4429 studio
2923 4373 3218 4430 Urbanum
3242 4373 3512 4430 colebant
3535 4372 3852 4430 Lotharin-

2178 4461 2286 4535 giae
2317 4462 2553 4518 urbium
2586 4461 3104 4536 populi,Metenses
3133 4461 3419 4534 videlicet,
3441 4460 3753 4519 Tullenses
3783 4467 3848 4520 et

2178 4549 2600 4620 Virdunenses,
2653 4551 2754 4622 qui
2798 4549 3092 4624 Egilberto
3147 4551 3520 4607 Trevirorum
3576 4551 3847 4624 pontifici

2179 4640 2486 4714 provinciae
2517 4657 2636 4696 sua:
2669 4640 3114 4712 metropolitano
3141 4641 3533 4698 obedientiam
3563 4645 3848 4714 praestare

2181 4730 2420 4786 omnino
2453 4729 2804 4798 abnuerunt,
2831 4729 2987 4802 quod
3021 4729 3120 4786 ille
3147 4729 3539 4786 schismaticis
3569 4746 3844 4786 commu-

2181 4818 2736 4892 nionejungeretur.
2767 4818 2904 4876 Plus
2935 4819 3064 4876 ausi
3095 4823 3236 4876 sunt
3265 4819 3575 4886 Metenses,
3609 4820 3712 4892 qui
3745 4835 3844 4877 re-

2171 4911 2327 4980 jecto
2358 4906 2478 4975 illo,
2507 4907 2709 4980 procul
2739 4908 2918 4964 dubio
2940 4909 3418 4978 Adalberone,sic
3455 4909 3674 4981 quippe
3695 4925 3839 4965 eum

2181 4997 2525 5054 Menrissius
2579 4997 2637 5052 in
2673 4997 2924 5052 Historia
2955 4997 3303 5054 Metensium
3334 4998 3747 5071 episcOporum
3779 5001 3842 5054 et

2179 5087 2276 5142 alii
2307 5085 2733 5158 appellant,seu
2762 5086 3159 5157 Albertum,ut
3181 5087 3446 5158 dicemus
3475 5086 3837 5158 infra,quem

2178 5175 2263 5230 eis
2297 5174 2508 5247 praeﬁci
2540 5174 2767 5231 volebat
2791 5173 3128 5248 imperator,
3161 5179 3500 5249 Popponem
3543 5191 3612 5230 ex
3642 5175 3844 5231 archi-

2183 5265 2428 5320 diacono
2457 5263 2803 5334 Trevirensi,
2835 5265 3024 5321 virum
3056 5264 3407 5322 catholicum
3457 5269 3514 5320 et
3543 5264 3666 5320 sedi
3699 5281 3846 5338 apo-

2184 5353 2398 5409 stolicae
2431 5353 2903 5410 addictissimum
2925 5354 2986 5410 in
3018 5354 3351 5412 antistitum
3375 5354 3486 5411 sibi
3516 5353 3842 5426 elegerunt,

2185 5457 2458 5514 eumque,
2482 5441 2567 5498 uti
2603 5442 2905 5500 Bertoldus
2935 5442 3132 5514 habet,
3165 5461 3200 5500 a
3229 5443 3534 5500 Gebehardo
3564 5446 3842 5502 Constan-

2185 5533 2348 5589 tiensi
2401 5533 2666 5604 episeopo,
2717 5533 2857 5589 sedis
2910 5533 3222 5606 apostolica
3271 5534 3467 5602 legato,
3525 5536 3842 5593 consecrari

2185 5624 2431 5698 fecerunt
2456 5630 2605 5680 sexto
2631 5622 2902 5682 Kalendas
2930 5623 3136 5700 Aprilis
3187 5623 3248 5680 in
3295 5621 3472 5683 medio
3523 5622 3840 5704 Quadrage-

2187 5712 2367 5773 simae.
