3972 6436
121 522 328 605 ’109

316 674 728 732 CXXVII-VIII.
787 676 1063 733 Conradus
1092 679 1155 750 ﬁt
1204 696 1306 735 rex
1335 679 1745 749 Longobardite.

284 764 406 821 Una
438 768 635 821 tamen
657 765 884 822 occasio
916 767 1217 840 inopinata
1249 772 1333 823 tot
1363 785 1673 841 prosperos
1695 784 1862 823 even-

212 846 305 908 tus
331 852 515 909 ferme
563 853 947 923 labefactavit,
991 857 1296 928 captivitas
1344 875 1553 930 nempe
1611 857 1858 913 Conradi

208 941 511 1015 principis,
548 959 725 1014 quem
747 944 1026 1001 Henricus
1049 945 1180 1001 dolo
1199 946 1661 1002 circumventum
1694 962 1857 1017 cepe-

208 1035 311 1085 rat.
332 1032 405 1085 At
432 1030 534 1086 ille
556 1031 728 1103 paulo
759 1037 911 1104 post,
948 1038 1012 1089 ut
1042 1034 1347 1091 Bertoldus
1378 1034 1601 1100 scribit,
1641 1035 1856 1089 miseri-

206 1119 387 1175 cordia
420 1123 532 1175 Dei
559 1125 815 1194 ereptus,
848 1121 1072 1177 luctum
1095 1122 1262 1179 illum
1285 1124 1344 1178 in
1362 1124 1645 1196 gaudium
1665 1122 1852 1178 vertit.

206 1207 379 1263 Paulo
410 1213 566 1281 post,
592 1215 886 1267 annuente
907 1211 1233 1284 Welphone
1256 1213 1402 1267 duce
1424 1211 1622 1278 Italia),
1647 1228 1710 1266 ac
1732 1211 1858 1265 Ma-

205 1296 388 1353 thilda
418 1298 548 1369 ejus
579 1294 848 1372 conjuge,
880 1298 1141 1356 elevatus
1162 1300 1216 1355 in
1238 1317 1456 1372 regem,
1477 1302 1857 1355 concurrente

206 1386 274 1440 ad
305 1385 426 1441 hinc
466 1385 896 1444 solemnitatem
929 1406 1146 1462 magna
1182 1388 1443 1444 ﬁdelium
1476 1388 1671 1445 Sancti
1702 1388 1855 1444 Petri

204 1474 554 1546 frequentia,
589 1492 623 1531 a
652 1474 1072 1534 Mediolanensi
1097 1477 1368 1550 episcopo
1388 1476 1730 1533 solemniter
1759 1494 1853 1533 co-

205 1568 446 1619 ronatus
464 1563 593 1620 fuit.
614 1568 838 1621 Interea
849 1564 1099 1638 Welpho
1120 1567 1197 1621 Ba
1197 1567 1398 1638 joariee
1421 1566 1612 1622 duxin
1635 1568 1854 1639 Lango-

203 1652 469 1709 bardiam
493 1653 745 1723 advenit,
779 1654 878 1710 ubi
913 1672 1046 1711 cum
1079 1672 1207 1711 sese
1237 1655 1453 1712 Urbani
1484 1655 1728 1711 asseclis
1758 1655 1853 1710 ad-

193 1741 510 1812 junxisset,
553 1741 635 1796 ita
686 1743 989 1814 repentino
1022 1742 1120 1798 illo
1151 1761 1289 1799 casu
1321 1743 1555 1799 Henrici
1586 1743 1849 1799 animum

200 1830 428 1900 dejecit,
459 1834 525 1885 ut
574 1831 633 1884 in
691 1832 986 1901 quamdam
1045 1832 1432 1899 munitionem,
1490 1833 1666 1887 verba
1712 1837 1851 1887 sunt

198 1917 472 1986 Bertoldi,
504 1935 562 1975 se
579 1921 891 1990 contulerit,
924 1921 1023 1977 ubi
1041 1922 1139 1977 diu
1165 1922 1365 1993 absque
1394 1922 1546 1993 regia
1576 1920 1849 1989 dignitate

195 2015 461 2076 moratus,
488 2010 771 2080 nimioque
798 2009 983 2066 dolore
1006 2011 1253 2082 a/fectus,
1277 2028 1334 2066 se
1359 2012 1557 2082 ipsum,
1580 2013 1641 2065 ut
1666 2010 1844 2077 aiunt,

198 2100 364 2154 morti
392 2099 606 2155 tradere
632 2100 898 2161 voluerit;
928 2100 1039 2168 sed,
1071 2118 1107 2156 a
1133 2102 1253 2156 suis
1267 2103 1599 2171 praeventus,
1631 2099 1701 2154 ad
1732 2099 1851 2170 effe-

196 2195 343 2243 ctum
372 2188 559 2243 venire
586 2203 698 2243 non
723 2190 925 2260 potuit.
972 2189 1119 2244 Eum
1150 2194 1293 2244 tunc
1340 2189 1578 2244 Veronae
1611 2187 1847 2259 aliquod

196 2280 430 2349 tempus
450 2275 709 2349 exegisse
731 2277 1014 2333 discimus
1038 2294 1106 2333 ex
1128 2277 1467 2334 Udalscalco
1490 2277 1549 2332 in
1568 2276 1701 2331 Vita
1722 2275 1848 2348 Egi-

196 2365 369 2422 nonis
398 2367 552 2438 apud
574 2365 875 2422 Canisium
899 2371 1056 2423 tomo
1086 2368 1134 2423 II
1166 2366 1433 2422 lectionis
1464 2367 1847 2438 antiquae,sed

196 2455 253 2510 in
282 2456 464 2511 tantis
494 2455 803 2529 angustiis,
827 2459 893 2511 ut
911 2455 962 2511 ei
986 2472 1055 2512 ex
1085 2456 1244 2512 omni
1269 2461 1432 2529 parte
1454 2455 1846 2511 circumvento

197 2561 299 2599 nec
314 2544 779 2617 Langobardiam
806 2544 1052 2618 ingredi,
1070 2546 1311 2602 obstante
1324 2545 1534 2601 damna
1556 2544 1843 2614 Mathilde,

194 2634 415 2699 liceret,
450 2636 553 2689 nec
579 2633 749 2689 Italia
777 2635 1075 2701 excedere,
1107 2635 1263 2706 quod
1296 2634 1598 2690 Teutonici
1630 2633 1844 2705 princi-

195 2740 294 2795 pes
310 2722 361 2778 ei
387 2722 447 2776 in
469 2722 841 2779 Germaniam
860 2722 1113 2779 reditum
1132 2724 1371 2779 omnino
1388 2721 1840 2795 praeclusissent.

193 2810 358 2867 Haud
392 2811 551 2867 enim
582 2812 780 2867 minus
809 2812 870 2867 in
902 2811 1018 2867 illis
1069 2812 1339 2884 partibus
1382 2828 1560 2884 quam
1590 2811 1649 2866 in
1681 2809 1847 2867 Italia

192 2898 625 2956 Catholicorum
661 2917 752 2956 res
784 2902 1223 2973 prosperabant.

262 2988 491 3045 CXXIX.
531 2989 746 3062 Welpho
759 2998 920 3061 pater
949 2990 1010 3061 ﬁt
1040 2990 1217 3046 miles.
1252 2989 1555 3045 Conventus
1581 2991 1768 3046 Utm.

264 3075 440 3134 Paulo
472 3082 604 3151 post
650 3077 1037 3150 Welphonem
1083 3083 1307 3150 patrem
1360 3079 1420 3133 in
1470 3078 1843 3134 Germaniam

194 3166 901 3233 reversum,Gebehardus
924 3167 1188 3235 antistes,
1208 3167 1293 3222 uti
1308 3166 1840 3238 narratBertoldus,

184 3272 288 3328 per
313 3272 545 3311 manum
573 3258 637 3310 in
665 3257 898 3313 militem
927 3258 1150 3328 accepit,
1175 3257 1319 3311 sicut
1339 3260 1391 3312 et
1416 3258 1704 3327 proprium
1731 3258 1846 3327 fra-

189 3354 329 3401 trem
378 3345 732 3402 Bertholdum
761 3346 949 3401 ducem
977 3347 1322 3402 Alemannia:
1343 3344 1676 3416 jamdudum
1698 3346 1839 3416 fece-

1807 540 2018 611 VITA.

3446 522 3449 525 ’
3498 545 3618 608 uo

1885 680 1942 747 Α
1972 678 2117 748 loco,
2149 695 2264 751 quo
2294 678 2598 735 Danubius
2623 682 2680 735 et
2705 676 2871 735 llaris
2892 694 3096 736 omnes
3127 677 3187 735 in
3202 693 3389 735 unum
3411 692 3615 734 conve-

1971 769 2159 824 niunt.
2194 770 2317 833 Quo
2365 767 2506 822 item
2564 772 2826 840 tempore
2868 768 3108 823 tertium
3156 767 3313 823 haud
3354 765 3621 840 procula

1970 857 2319 930 praecedenti
2351 857 2626 912 dissitum
2659 857 2770 913 sub
2802 856 2987 913 sancti
3018 857 3249 929 Georgii
3280 855 3516 912 nomine
3544 855 3620 911 ab

1968 948 2171 1002 eodem
2192 945 2461 1018 pontiﬁce
2484 950 2886 1002 consecratum
2920 950 3031 1016 est,
3062 945 3123 1001 in
3154 962 3269 1018 quo
3298 945 3453 1001 sicut
3481 949 3538 1002 et
3557 945 3618 1000 in

1967 1034 2313 1106 praecedenti
2373 1035 2503 1091 Otto
2564 1036 2759 1092 Sancti
2818 1034 2997 1091 Blasii
3047 1035 3230 1091 abbas
3289 1025 3618 1107 regularem

1967 1124 2341 1197 disciplinam
2373 1124 2646 1180 instituit.
2672 1124 2883 1181 Praeter
2912 1141 2980 1180 ea
3001 1124 3326 1197 Sigefridus
3357 1122 3620 1195 Scapha-

1967 1231 2042 1269 sse
2075 1214 2277 1282 abbas,
2310 1214 2530 1269 veritus
2561 1230 2633 1269 ne
2664 1218 2899 1286 propter
2928 1212 3442 1269 schismaticorum
3463 1211 3618 1268 infe-

1966 1302 2247 1358 stationes
2265 1302 2387 1358 loco
2410 1303 2610 1358 cedere
2622 1306 2944 1375 cogeretur,
2971 1301 3309 1374 impetravit
3329 1301 3438 1359 hoc
3458 1317 3613 1358 anno

1964 1408 1996 1445 a
2022 1391 2307 1446 Richardo
2330 1390 2679 1446 Massiliensi
2698 1391 2893 1447 Sancti
2908 1391 3151 1448 Victoris
3173 1391 3382 1447 abbate
3404 1390 3612 1447 cellam

1962 1479 2328 1535 Nobiliacum
2353 1478 2590 1545 dictam,
2625 1479 2724 1534 ubi
2758 1497 2892 1535 cum
2926 1480 3071 1549 suis,
3097 1480 3146 1535 si
3178 1478 3495 1551 aliquando
3525 1478 3612 1534 in-

1962 1573 2142 1624 staret
2170 1567 2511 1623 monasterii
2543 1568 2633 1623 sui
2657 1568 2962 1624 deserendi
2994 1568 3333 1635 necessitas,
3358 1566 3611 1641 perfugii

1959 1656 2153 1712 locum
2175 1657 2434 1711 haberet.
2467 1656 2538 1711 Et
2556 1655 2773 1712 idcirco
2796 1656 2948 1712 hanc
2970 1650 3212 1712 domum
3233 1655 3510 1712 omnibus
3531 1656 3608 1712 ad

1962 1744 2288 1819 regularem
2349 1742 2719 1817 disciplinam
2781 1744 3205 1801 observandam
3262 1744 3609 1803 necessariis

1959 1835 2255 1890 instruxit.

2028 1940 2253 1997 CXXXI.
2307 1939 2613 1995 Concilium
2656 1941 2838 2023 Remis
2879 1939 2945 1995 de
2984 1939 3342 1996 restaurando
3384 1939 3606 1995 Atreba-

2698 2020 2856 2067 tensi.

2032 2101 2095 2157 In
2124 2099 2324 2156 Galliis
2345 2100 2761 2156 Atrebatenses
2783 2102 3021 2174 accepta
3046 2100 3118 2155 ab
3151 2100 3381 2156 Urbano
3412 2098 3608 2171 ponti-

1958 2191 2082 2257 fice,
2118 2190 2202 2245 uti
2233 2206 2385 2245 anno
2417 2190 2716 2261 superiore
2764 2188 3044 2255 diximus,
3093 2188 3349 2263 eligendi
3387 2186 3607 2260 proprii

1956 2279 2213 2351 episcopi
2236 2278 2530 2345 facultate,
2566 2279 2639 2334 ad
2672 2277 3039 2350 Raynaldum
3072 2277 3379 2350 provincias
3397 2280 3609 2333 metro.

1956 2367 2283 2439 politanum
2302 2368 2681 2440 scripsere,ut
2694 2367 2951 2440 aliquem
2973 2367 3229 2423 cleritum
3245 2366 3539 2423 discretum
3554 2374 3605 2422 et

1954 2458 2220 2526 nobilem,
2250 2474 2345 2513 seu
2378 2458 2625 2513 abbatem
2645 2473 2676 2511 e
2698 2474 2804 2513 suo
2824 2456 3003 2513 latere
3019 2457 3361 2513 Atrebatum
3384 2455 3600 2523 mittat,

1956 2547 2057 2619 qui
2090 2545 2357 2601 electioni
2406 2545 2766 2601 celebrandae
2798 2562 2902 2617 pro
2954 2562 3017 2601 se
3058 2546 3301 2601 vicarius
3348 2543 3600 2600 intersit.

1951 2637 2023 2690 At
2051 2634 2148 2689 ille
2178 2634 2480 2706 rescripsit
2509 2649 2571 2689 se
2602 2633 3141 2701 Cameracensibus,
3174 2632 3275 2704 qui
3304 2631 3458 2687 hanc
3484 2630 3601 2687 ele-

1952 2724 2204 2779 ctionem
2238 2722 2521 2795 impedire
2552 2722 2936 2788 conabantur,
2962 2721 3034 2777 ad
3058 2720 3422 2777 Dominicam
3445 2719 3604 2777 Oculi

1952 2814 2060 2868 mei
2084 2828 2315 2883 semper,
2348 2810 2407 2866 id
2439 2814 2527 2866 est
2555 2810 2789 2866 tertiam
2820 2810 3313 2883 Quadragesimae,
3342 2825 3473 2882 qua
3491 2808 3603 2867 hoc

1953 2917 2105 2956 anno
2139 2900 2199 2955 in
2231 2899 2384 2955 diem
2414 2900 2483 2954 20
2506 2898 2699 2955 Martii
2728 2899 3043 2969 incidebat,
3076 2898 3234 2955 diem
3265 2897 3504 2967 dixisse,
3535 2901 3604 2954 ut

1950 2990 2011 3046 in
2043 2988 2287 3045 concilio
2310 2989 2489 3043 totius
2507 2987 2837 3059 provinciae,
2862 2989 3016 3060 quod
3038 3005 3103 3044 eo
3124 2991 3388 3061 tempore
3406 2986 3604 3045 Remis

1952 3079 2364 3136 celebrandum
2390 3077 2705 3147 indixerat,
2730 3076 3173 3134 intercessionis
3196 3093 3314 3133 sua:
3344 3076 3603 3134 rationes

1951 3167 2294 3240 proferrent.
2318 3166 2595 3237 Adeoque
2615 3165 2724 3222 hac
2746 3166 2922 3222 etiam
2944 3166 3250 3223 occasione
3267 3165 3605 3223 Atrebaten-

1950 3273 2044 3312 ses
2074 3260 2274 3313 monet
2304 3258 2370 3310 ut
2386 3259 2444 3310 et
2469 3254 2581 3326 ipsi
2599 3272 2833 3328 quoque
2863 3255 2935 3311 ad
2958 3255 3175 3311 dictam
3197 3254 3352 3311 diem
3381 3253 3599 3322 adsint,

1950 3362 2188 3401 causam
2205 3361 2372 3400 suam
2387 3360 2581 3400 coram
2595 3343 3103 3411 conciliiPatribus
3115 3342 3601 3400 adversusCame-

188 3440 308 3503 rat;
336 3439 467 3491 tum
500 3432 678 3491 Ulmaa
715 3435 774 3490 in
805 3434 1095 3507 frequenti
1116 3413 1475 3497 Alemannis:
1506 3413 1839 3506 principum
1868 3413 1911 3480 Ο
1950 3433 2280 3489 racensium
2302 3436 2546 3488 conatus
2576 3433 3021 3505 propugnaturi.
3043 3433 3371 3489 Adfuerunt
3399 3431 3598 3505 itaque

187 3529 501 3589 conventu,
533 3523 636 3579 ubi
684 3524 839 3579 idem
894 3522 1138 3580 antistes
1194 3540 1327 3579 cum
1376 3521 1688 3579 Bertholdo
1733 3537 1838 3576 suo

185 3613 366 3667 fratre
383 3615 439 3667 et
450 3613 655 3668 eodem
677 3611 1002 3684 Welphone
1020 3629 1274 3684 praesens
1297 3611 1517 3679 aderat,
1541 3608 1839 3665 communi

187 3700 455 3756 omnium
487 3716 736 3757 assensu
767 3701 1065 3756 decretum
1098 3700 1228 3766 fuit,
1262 3704 1322 3756 ot
1353 3715 1555 3754 omnes
1600 3697 1839 3753 omnino

187 3789 532 3847 Gebehardo
571 3788 805 3862 praesuli
845 3789 1154 3846 omnimodc
1185 3789 1482 3845 secundum
1508 3791 1714 3843 statuta
1743 3803 1839 3841 ea-

186 3895 417 3947 nonum,
446 3877 758 3935 Bertholdo
787 3894 921 3934 vero
952 3879 1086 3935 duci
1117 3884 1173 3935 et
1202 3877 1517 3934 comitibus
1545 3875 1841 3932 secundum

186 3970 362 4040 legem
391 3970 822 4025 Alemannorum
868 3968 1102 4024 obedire
1132 3970 1486 4023 tenerentur.
1524 3964 1742 4032 Deinde,
1776 3967 1842 4020 ut

184 4058 343 4112 idem
377 4061 582 4113 auctor
611 4056 1008 4129 prosequitur,
1051 4056 1272 4127 ﬁrmam
1309 4072 1501 4128 pacem
1526 4059 1637 4109 tam
1682 4053 1839 4109 duces

186 4163 356 4218 quam
376 4149 618 4212 comites,
644 4150 758 4200 tam
776 4150 1012 4219 majores
1042 4162 1210 4218 quam
1236 4147 1495 4211 minores,
1520 4160 1576 4198 se
1594 4144 1839 4198 observa-

186 4244 339 4291 turos
367 4252 403 4290 α
430 4238 653 4307 septimo
680 4235 946 4291 Kalendas
986 4235 1292 4291 Decembris
1318 4250 1487 4305 usque
1516 4235 1577 4289 in
1604 4231 1840 4300 Pascha,

183 4333 237 4380 et
263 4341 301 4380 a
329 4323 544 4380 Pascha
574 4326 632 4379 in
659 4324 791 4380 duos
820 4339 993 4379 annos
1010 4325 1359 4396 juraverunt.
1389 4322 1462 4377 Ut
1489 4338 1621 4377 vero
1648 4320 1839 4377 omnis

185 4414 579 4487 infringenda
607 4413 766 4468 illius
789 4413 1108 4470 concordia
1134 4413 1309 4468 timor
1329 4428 1363 4466 a
1382 4409 1642 4466 ﬁdelium
1676 4426 1838 4465 men-

182 4504 347 4558 tibus
370 4502 716 4571 auferretur,
748 4502 1064 4576 principes,
1086 4502 1184 4574 qui
1220 4498 1532 4557 conventui
1551 4498 1636 4554 illi
1660 4500 1838 4554 inter-

170 4592 437 4658 fuerant,
472 4591 544 4647 ad
579 4590 813 4663 propria
843 4590 1077 4659 reversi,
1130 4606 1334 4662 pacem
1379 4589 1532 4644 hanc
1564 4587 1838 4643 omnibus

183 4681 410 4753 quique
442 4681 553 4737 sub
586 4697 695 4737 sua
726 4684 1009 4752 potestate
1041 4680 1377 4737 constitutis
1416 4680 1626 4735 viritim
1645 4680 1841 4750 jurare

176 4772 449 4841 fecerunt.

362 4857 572 4913 CXXX.
618 4859 945 4915 Monastem‘a
976 4861 1038 4914 in
1066 4859 1393 4914 Atemannia
1423 4856 1657 4913 condita.

250 4946 550 5003 Nonnulla
580 4946 756 5003 etiam
788 4947 881 5004 his
925 4947 1290 5020 temporibus
1318 4948 1390 5002 de
1419 4962 1563 5001 novo
1594 4943 1838 5002 excitata

180 5042 328 5115 sunt
358 5037 419 5091 in
450 5035 544 5091 his
575 5035 912 5108 regionibus
948 5036 1322 5103 monasteria,
1347 5052 1492 5107 quae,
1519 5035 1603 5090 uti
1626 5031 1837 5089 Bertol-

181 5127 296 5181 dns
316 5126 563 5191 refert,a
583 5124 925 5180 Gebehardo
950 5125 1276 5197 apostolica:
1300 5124 1659 5191 sedisleg‘ato
1684 5122 1839 5178 dedi-

181 5221 317 5280 cata
348 5215 607 5270 fuerunt.
632 5212 893 5269 Primum
924 5215 982 5269 in
1007 5214 1160 5270 Silva
1184 5215 1361 5287 Nigra
1387 5231 1420 5269 a
1445 5211 1839 5268 fundamentis

180 5303 365 5358 erexit
387 5303 654 5374 ejusdem
682 5303 966 5360 antistitis
982 5304 1159 5359 frater
1172 5304 1290 5358 dux
1301 5301 1667 5368 Bertholdus,
1684 5300 1839 5372 quod

178 5390 463 5448 abbatiali
484 5391 771 5469 dignitate
794 5398 1031 5449 auctum
1042 5397 1120 5465 ,et
1134 5412 1200 5448 su
1211 5394 1244 5449 b
1258 5391 1496 5465 speciali
1512 5389 1840 5463 apostolicae

178 5482 342 5538 sedis
371 5481 621 5537 tuitione
653 5482 1041 5539 constitutum
1073 5483 1359 5541 dedicavit
1388 5483 1515 5554 ipse
1545 5478 1841 5535 Gebehar—

176 5571 292 5628 dus
323 5571 435 5627 hoc
463 5587 644 5639 anno,
679 5570 774 5626 die
804 5571 997 5643 prima
1021 5572 1292 5646 Augusti.
1341 5572 1541 5627 Mense
1572 5567 1840 5640 sequenti

171 5661 335 5717 idem
382 5660 699 5733 episcopus
726 5660 995 5727 alterum
1045 5660 1405 5718 consecravit
1451 5661 1511 5715 in
1560 5659 1840 5714 honorem

174 5751 365 5807 sancti
401 5748 665 5818 Martini,
716 5751 872 5823 quod
916 5750 1315 5808 Hartmannus
1354 5767 1550 5806 comes
1580 5753 1636 5805 et
1666 5748 1843 5802 frater

173 5840 304 5923 Θιὶιιε
353 5841 480 5910 Οάο
530 5839 591 5899 in
638 5841 873 5918 proprio
923 5840 1134 5904 allodio
1174 5840 1581 5913 condiderant,
1614 5854 1681 5898 eo
1712 5836 1841 5917 ipso

1945 3523 2036 3578 die
2059 3522 2323 3578 condicto
2349 3521 2657 3593 utriusque
2669 3521 3414 3595 EcclesiaalegatiPrimum
3431 3521 3600 3577 Atre-

1943 3610 2480 3667 batenseslaudatis
2500 3609 2757 3680 antiquis
2780 3608 2976 3665 Galliae
2998 3609 3431 3682 provinciarum
3452 3607 3599 3664 noti-

1944 3700 2064 3765 tiis,
2088 3698 2447 3772 prolatisque
2462 3696 2665 3753 multis
2677 3702 2937 3754 veterum
2954 3697 3328 3765 testimoniis,
3350 3695 3588 3768 potissi-

1945 3804 2109 3844 mum
2127 3788 2244 3842 exV
2247 3786 2328 3842 ita
2345 3790 2400 3841 et
2418 3790 2762 3842 testamento
2776 3785 2963 3841 sancti
2976 3784 3224 3858 Remigii
3237 3783 3585 3857 desumptis,

1946 3880 2321 3934 asseruerunt
2351 3893 2520 3933 suam
2542 3876 2769 3942 urbem,
2793 3892 2973 3931 unam
2994 3874 3131 3932 olim
3155 3891 3187 3930 e
3206 3871 3591 3931 nobilioribus

1945 3966 2187 4039 Belgicae
2212 3966 2496 4022 secundae
2527 3964 2885 4034 civitatibus,
2916 3965 3219 4038 proprium
3250 3962 3593 4037 episcopum

1946 4054 2244 4126 quondam
2285 4053 2563 4109 habuisse
2589 4057 2766 4126 atque
2797 4053 2938 4109 adeo
2963 4054 3133 4125 juxta
3160 4052 3506 4126 pontiﬁcum
3536 4053 3595 4108 et

1946 4142 2326 4199 conciliorum
2377 4143 2625 4210 decreta,
2667 4142 2778 4199 hoc
2798 4144 2922 4214 jus,
2954 4143 3002 4198 ei
3030 4143 3157 4214 jam
3187 4141 3245 4197 in
3276 4140 3594 4214 pristinum

1947 4232 2317 4305 splendorem
2337 4235 2635 4299 revocatas,
2661 4232 2869 4288 debere
2890 4231 3137 4301 restitui,
3160 4230 3413 4288 maxime
3434 4228 3594 4301 quod

1944 4322 2002 4377 id
2031 4322 2223 4394 ipsum
2262 4321 2532 4376 Urbanus
2560 4321 2821 4393 pontifex
2848 4321 3000 4377 datis
3020 4320 3231 4377 litteris
3260 4318 3388 4376 ﬁeri
3405 4318 3599 4376 decre-

1944 4411 2141 4466 visset.
2176 4409 2331 4464 Nihil
2352 4410 2424 4465 ad
2457 4427 2525 4464 ea
2555 4409 3047 4482 respondentibus
3072 4406 3593 4466 Cameracensibus

1944 4498 2174 4571 legatis,
2209 4514 2313 4552 nec
2362 4496 2685 4569 quidquam
2717 4497 2776 4553 in
2817 4516 2935 4554 sua:
2966 4515 3153 4553 causae
3202 4495 3595 4570 patrocinium

1946 4585 2395 4661 proferentibus,
2458 4586 2933 4659 archiepiscopus
3007 4586 3152 4642 dixit
3215 4603 3343 4642 eam
3399 4585 3595 4656 reipsa

1947 4674 2348 4730 Atrebatensis
2377 4675 2746 4747 episcopatus
2794 4677 3224 4732 restitutionem
3257 4693 3291 4730 a
3319 4673 3593 4746 pontiﬁce

1869 4787 1917 4851 Β
1945 4763 2127 4821 fuisse
2159 4763 2527 4835 imperatam.
2552 4764 2880 4836 Statimque
2894 4764 3120 4819 litteras
3136 4762 3351 4819 Urbani
3368 4765 3497 4817 tum
3517 4760 3591 4817 ad

1948 4870 2029 4920 se,
2063 4857 2189 4909 tum
2225 4853 2296 4907 ad
2325 4853 2734 4909 Atrebatenses
2765 4870 2832 4909 ea
2862 4854 2931 4908 de
2979 4869 3156 4909 causa
3180 4851 3428 4924 scriptas
3458 4866 3595 4924 pro-

1951 4943 2087 4999 ferri
2108 4942 2288 5014 jussit
2304 4942 2361 4998 in
2393 4941 2671 5009 medium,
2695 4960 2821 5015 qua
2842 4942 3041 4998 omnia
3060 4941 3144 4998 ita
3158 4957 3286 4998 esse
3307 4940 3595 4997 Burchar-

1947 5032 2058 5087 dus
2081 5031 2279 5087 Sancti
2312 5029 2503 5087 Basoli
2526 5032 2709 5087 abbas
2729 5036 2786 5087 et
2815 5032 2980 5088 Dudo
3003 5031 3362 5105 capellanus,
3393 5045 3594 5087 recens

1948 5136 1978 5175 θ
2009 5120 2173 5175 curia
2196 5120 2458 5175 Romana
2489 5120 2720 5188 reversi,
2744 5120 2937 5193 palam
2959 5121 3154 5177 testati
3186 5123 3342 5177 sunt.
3376 5118 3597 5176 Deinde

1952 5208 2445 5281 archiepiscopus,
2475 5210 2696 5282 rogatis
2712 5210 3118 5283 episcoporum
3135 5213 3192 5265 et
3220 5206 3598 5281 aliorum,qui

1951 5297 2029 5353 ibi
2047 5303 2361 5368 praesentes
2386 5300 2452 5354 ad
2463 5299 3208 5372 erant,consiliis,quamvis
3229 5297 3311 5353 illi
3330 5296 3599 5355 inducias

1949 5385 2337 5461 postularent,
2358 5389 2829 5447 Atrebatensium
2847 5389 2994 5445 votis
3016 5404 3323 5445 assensum
3345 5386 3601 5460 praebere

1950 5479 2191 5551 paratus
2216 5479 2500 5544 erat,cum
2523 5478 3302 5552 Cameracenses,desperata
3322 5474 3601 5543 causa,ad

1951 5565 2335 5638 apostolicam
2360 5566 2557 5623 sedem
2574 5569 2962 5641 appellarunt.
2977 5569 3138 5626 Hanc
3148 5566 3599 5642 appellationem

1951 5655 2174 5720 statim,
2201 5659 2498 5711 annuente
2540 5658 2809 5715 universo
2840 5658 3106 5729 concilio,
3140 5656 3377 5714 admisit
3406 5652 3600 5711 archi-

1951 5745 2284 5818 episcopus,
2317 5761 2381 5800 ac
2440 5747 2675 5817 utrique
2703 5749 2855 5821 parti
2907 5749 3062 5804 diem
3111 5748 3276 5817 dixit,
3326 5746 3399 5801 ad
3441 5743 3597 5799 diem

1950 5833 2317 5902 Dominicam
2347 5838 2481 5896 ante
2505 5836 2942 5915 Ascensionem,
2969 5840 3069 5896 aut
3084 5839 3234 5896 certe
3257 5834 3330 5895 ad
3355 5846 3600 5914 sequen-
