3972 6372
427 466 542 533 Hi

1727 473 1795 539 B.
1843 475 2140 560 uanam
2183 472 2237 540 11
2279 475 2532 541 mm.

3715 473 3842 550 112

427 610 549 664 tem
596 605 1046 681 hebdomadam,
1097 623 1215 683 qua
1259 627 1455 669 coram
1486 611 1759 686 pontiﬁce
1789 613 2068 684 Romano,
2099 615 2157 682 Α
2181 615 2431 670 ctoritate
2458 612 2852 683 interdicimus,
2895 629 2966 672 ne
3012 614 3324 688 impositam
3367 614 3476 674 sibi
3513 612 3844 678 electionem

430 695 526 754 cui
555 714 623 756 ea
653 698 723 755 de
753 715 814 756 re
843 697 1066 757 litteras
1085 699 1306 774 scriptu
1317 719 1418 760 rus
1442 706 1616 774 esset,
1639 719 1880 760 causam
1902 719 2072 760 suam

427 792 887 863 propugnarent,
917 793 1092 862 atque
1121 791 1204 848 ita
1221 791 1535 849 concilium
1565 791 1826 850 solutum
1857 798 1964 850 est.

605 877 864 946 CXXXII.
897 880 998 936 Res
1025 896 1212 938 coram
1235 883 1493 954 pontiﬁce
1521 884 1709 952 agitur
1730 885 1894 952 episc.

499 967 636 1027 Post
652 968 782 1027 dies
810 985 1029 1042 paucos
1049 970 1302 1029 Joannes
1333 975 1391 1028 et
1420 971 1609 1046 Drogo
1632 973 1704 1028 ab
1735 971 2073 1028 Atrebaten-

428 1056 594 1128 sibus
613 1059 689 1116 ad
709 1075 882 1117 suam
903 1076 1106 1118 eorum
1133 1077 1372 1118 causam
1390 1077 1589 1118 coram
1618 1061 1893 1134 pontiﬁce
1909 1077 2078 1133 agen-

430 1147 568 1218 dam
598 1147 768 1214 electi
806 1150 1051 1208 Romam
1083 1151 1556 1224 proﬁciscuntur,
1609 1167 1758 1223 quos
1809 1151 2078 1207 Urbanus

429 1238 682 1314 benigne
691 1241 1336 1314 exceptos,exspectatis
1350 1239 2079 1300 frustraCameracensium

431 1328 657 1403 legatis,
673 1334 806 1403 post
825 1329 1091 1402 elapsum
1113 1347 1147 1387 a
1165 1330 1410 1388 concilio
1432 1331 1704 1387 Remensi
1725 1330 2080 1403 praeﬁnitum

431 1421 765 1492 tempus,ad
788 1419 1046 1493 Raynald
1056 1437 1153 1476 um
1175 1419 1676 1492 archiepiSCOpum
1690 1420 2080 1487 remisit,cum

428 1507 661 1579 litteris,
691 1509 905 1581 quibus
933 1509 986 1564 ei
1016 1508 1386 1582 praecipiebat
1418 1514 1482 1565 ut
1520 1507 1771 1566 electum
1813 1509 1884 1565 ab
1913 1510 2080 1564 Atre-

427 1596 772 1661 batenaibus
803 1597 1142 1670 episcopum
1175 1603 1542 1656 consecraret
1569 1616 1583 1667 ;
1617 1603 1719 1656 aut
1757 1603 1910 1656 certe
1940 1600 1990 1655 si
2019 1597 2079 1653 id

430 1687 634 1760 nollet,
664 1688 862 1760 ipsum
893 1689 964 1744 ad
993 1687 1372 1762 apostolicam
1405 1688 1603 1746 sedem
1633 1689 2079 1757 transmitteret,

431 1793 468 1833 a
497 1793 583 1848 se,
613 1776 772 1834 salvo
795 1777 1100 1834 Remeusis
1124 1775 1392 1834 Ecclesiae
1418 1779 1570 1850 jare,
1595 1778 2078 1835 consecrandum.

435 1866 532 1924 Hm
559 1865 787 1936 litterae,
805 1865 957 1923 sicut
975 1871 1035 1924 et
1055 1866 1202 1936 aliae,
1227 1884 1375 1940 quas
1396 1867 1600 1923 eadem
1621 1865 1920 1924 occasione
1942 1881 2084 1939 pon-

436 1955 580 2054 tifex
607 1956 680 2013 ad
706 1956 1133 2054 lAtrebatenses
1159 1955 1416 2054 scripsit,
1446 1955 1887 2054 nullashabent
1913 1953 2082 2035 chro-
2113 1987 2162 2054 Β

437 2045 601 2116 nicas
621 2048 792 2103 notas
809 2064 824 2116 ;
839 2049 900 2104 at
911 2046 1165 2104 exrebus
1185 2047 1366 2120 gestis
1388 2045 1556 2102 facile
1577 2044 2085 2118 colligitur,utras-

438 2152 554 2208 que
583 2153 704 2193 una
729 2139 832 2192 aut
860 2135 1044 2195 altera
1070 2136 1164 2192 die
1194 2139 1326 2208 post
1354 2135 1714 2192 Dominicam
1746 2135 1899 2191 infra
1927 2139 2084 2191 octa-

439 2225 1044 2295 vamAscensionis,id
1065 2229 1155 2282 est
1174 2225 1384 2282 ultima
1399 2229 1500 2282 aut
1521 2223 1846 2298 penultima
1863 2223 2084 2281 mensis

441 2315 580 2372 Maii
609 2315 776 2372 datas
805 2313 1008 2372 fuisse.
1037 2314 1234 2388 Legati
1263 2314 1461 2387 itaque
1485 2314 1544 2369 in
1587 2313 1804 2371 Gallias
1848 2312 2082 2381 reversi,

437 2405 654 2462 Remos
663 2405 864 2463 statim
885 2403 1154 2462 adierunt
1163 2403 1455 2477 pontiﬁcis
1471 2403 1696 2460 litteras
1720 2404 1794 2460 ad
1805 2401 2088 2476 archiepi-

435 2511 683 2567 scopum
712 2494 983 2564 deleturi,
1017 2495 1232 2567 quibus
1263 2492 1360 2550 ille
1390 2492 1663 2566 acceptis,
1697 2492 1907 2566 legatis
1937 2491 2086 2566 ipsis

433 2583 732 2641 consuluit
759 2587 844 2654 ut,
865 2583 1029 2640 nulla
1047 2582 1392 2656 interposita
1419 2601 1604 2651 mora,
1631 2583 1971 2640 Atrebatum
1994 2599 2084 2639 re-

433 2671 588 2730 versi
615 2671 958 2730 electionem
990 2677 1296 2747 urgerent;
1321 2673 1422 2729 sed
1453 2671 1701 2741 litteras,
1727 2689 1874 2745 quas
1892 2671 1978 2728 illi
2011 2671 2084 2729 ab

438 2778 505 2820 eo
515 2761 1015 2836 efflagitabant,ad
1027 2763 1250 2819 clerum
1263 2765 1324 2818 et
1332 2760 2084 2834 populumAtrebatensem,

437 2851 660 2912 veritus
687 2850 888 2924 procul
917 2851 1096 2911 dubio
1127 2869 1201 2908 ne
1243 2850 1354 2907 hoc
1393 2850 1543 2906 facto
1576 2852 2084 2909 Cameracensium

441 2941 672 2998 animos
718 2941 780 2998 in
823 2957 890 2999 se
935 2943 1348 3008 commoveret,
1397 2940 1650 2996 scribere
1679 2940 1984 3008 recusavit,
2017 2957 2088 2998 ea

442 3031 634 3106 specie
663 3031 818 3104 quod
845 3031 1212 3088 necessari-um
1240 3045 1355 3085 non
1387 3031 1560 3099 esset,
1585 3044 1692 3084 nec
1711 3029 1986 3098 idoneum,
2019 3033 2086 3086 ut

271 3126 279 3136 '
383 3149 392 3155 -
441 3125 642 3182 litteris
665 3136 833 3196 papae
862 3119 1206 3178 electionem
1237 3115 1370 3174 novi
1395 3117 1654 3190 episcopi
1677 3117 1803 3189 jam
1824 3119 2004 3176 semel
2023 3124 2086 3176 et

385 3257 393 3267 .
438 3211 651 3270 iterum
668 3210 1134 3286 pracipientibus,
1150 3224 1288 3263 suas
1301 3205 1715 3280 quoque,quod
1727 3210 1922 3264 tamen
1935 3225 2080 3282 prae.-

433 3307 667 3376 ceperat
695 3300 971 3374 pontifex,
1005 3295 1280 3370 epistolas
1309 3295 1674 3368 adjungeret.

2181 702 2620 759 dissimulatione
2649 703 2838 776 aliqua
2878 704 3044 777 hujus
3093 717 3251 763 nova
3295 703 3660 762 ordinationis
3697 705 3846 760 sub-

2183 794 2475 864 terfugiat:
2509 810 2575 850 ac
2623 795 2708 852 sic
2756 810 2961 852 omnes
3010 793 3280 852 electioni
3319 794 3485 852 factas
3529 793 3847 868 acquieve-

2188 887 2344 937 runt.

2256 971 2552 1045 Scriptum
2585 973 2785 1030 statim
2814 978 2906 1031 est
2933 975 3004 1031 ad
3039 973 3404 1048 Raynaldum
3436 971 3845 1046 metropolita-

2188 1078 2352 1130 num,
2376 1066 2442 1118 ut
2471 1062 2626 1119 diem
2648 1080 2765 1136 qua
2781 1067 2936 1121 esset
2954 1063 3088 1121 novi
3117 1062 3376 1137 episcopi
3399 1061 3669 1120 facienda
3697 1079 3851 1120 con-

2189 1151 2436 1208 secratio
2461 1151 2746 1209 indicaret
2769 1171 2782 1222 ;
2806 1157 2865 1209 at
2887 1152 3006 1223 ille,
3041 1152 3206 1210 nulla
3225 1151 3319 1209 die
3335 1155 3576 1221 statuta,
3605 1167 3856 1226 respon-

2189 1239 2277 1295 dit
2306 1257 2367 1296 se
2398 1257 2520 1298 rem
2551 1257 2686 1298 cum
2707 1241 2930 1300 caeteris
2951 1239 3544 1314 comprovincialibus
3576 1254 3854 1298 commu-

2190 1329 2526 1386 nicaturum
2557 1331 2619 1384 in
2645 1347 2843 1402 magno
2873 1333 3250 1403 episcoporum
3275 1338 3328 1386 et
3355 1331 3687 1388 clericorum
3715 1347 3857 1388 em-

2192 1428 2370 1484 ventu,
2393 1435 2552 1490 quem
2573 1421 2632 1474 in
2649 1422 2779 1491 festo
2799 1425 3017 1478 sanctae.
3029 1420 3240 1486 Mariae,
3263 1420 3538 1476 mediante
3575 1422 3855 1494 Augusto,

2191 1508 2368 1562 Remis
2399 1509 2642 1565 haberet.
2675 1509 2892 1566 Verum
2936 1527 3069 1565 cum
3099 1509 3193 1566 die
3225 1509 3442 1566 indicto
3487 1511 3860 1567 Atrebaten-

2191 1597 2346 1652 sium
2379 1597 2552 1670 legati
2586 1598 3055 1670 comparuissent
3085 1615 3152 1655 ea
3173 1599 3246 1655 de
3275 1616 3336 1655 re
3365 1599 3653 1672 rogaturi,
3674 1600 3860 1656 indu-

2191 1688 2312 1742 cias
2327 1687 2537 1744 iterum
2561 1687 2875 1760 postulavit
2896 1688 3375 1761 archiepiscopus
3388 1689 3459 1744 ad
3479 1689 3700 1746 festum
3723 1705 3862 1745 om-

2193 1776 2357 1832 nium
2378 1782 2744 1834 Sanctorum.
2769 1778 2876 1833 Tot
2895 1777 3336 1835 cunctationum
3355 1778 3584 1852 pertcsi
3599 1779 3864 1836 Atreba-

2191 1870 2406 1933 tenses,
2439 1865 2659 1939 legatos
2682 1868 2809 1939 jam
2855 1868 3027 1924 tertia
3064 1868 3185 1925 vice
3215 1868 3461 1924 Romam
3495 1869 3744 1924 mittunt
3777 1869 3862 1925 ad

2192 1955 2516 2024 Urbanum,
2560 1952 2819 2013 Odonem
2867 1956 3088 2013 scilicet
3116 1962 3436 2026 cautorem,
3467 1961 3528 2014 et
3553 1961 3863 2016 Joannem

2195 2045 2528 2114 diaconum,
2557 2045 2658 2117 qui
2691 2045 2953 2119 pontiﬁci
2999 2062 3196 2103 rerum
3241 2046 3510 2103 omnium
3556 2047 3862 2106 rationem

2195 2135 2524 2200 redderent,
2551 2137 2798 2208 ejusque
2819 2151 2988 2208 opem
3010 2135 3223 2192 iterum
3243 2134 3627 2208 implorarent
3647 2137 3861 2194 adver-

2195 2241 2298 2280 sus
2312 2223 2945 2297 archiepiscopum,qni
2957 2225 3246 2296 ejusmodi
3259 2225 3857 2298 tergiversationibus

2195 2314 2475 2368 mandata
2502 2312 2820 2386 apostolica
2837 2312 2982 2370 velle
3001 2313 3234 2371 eludere
3263 2314 3592 2372 videbatur.
3617 2315 3860 2374 Litterae

2196 2419 2343 2474 quas
2375 2419 2442 2459 ea
2468 2402 2772 2459 occasione
2801 2403 3213 2460 Atrebatenses
3235 2403 3306 2460 ad
3333 2404 3672 2476 pontificem
3705 2405 3863 2462 scri-

2195 2497 2456 2564 pserunt,
2489 2492 2789 2548 dabuntur
2817 2509 2925 2549 suo
2955 2497 3234 2566 tempore,
3269 2493 3425 2550 sicut
3470 2498 3527 2550 et
3557 2493 3670 2550 illis
3699 2512 3864 2569 quas

2192 2580 2318 2654 ipse
2345 2581 2623 2654 pontifex,
2657 2581 2912 2655 exceptis
2941 2581 3211 2656 benigne,
3246 2586 3311 2638 ut
3339 2581 3586 2652 solebat,
3610 2585 3865 2642 Atreba-

2194 2671 2449 2728 tensium
2479 2669 2709 2744 legatis,
2763 2671 2836 2728 ad
2885 2670 3252 2744 Raynaldum
3284 2688 3353 2728 ea
3390 2672 3463 2728 de
3493 2689 3554 2728 re
3584 2673 3859 2747 scripsit,

2195 2761 2410 2833 quibus
2431 2759 2516 2816 illi
2547 2760 2918 2834 praecipiebat
2952 2764 3015 2818 ut
3043 2763 3194 2833 infra
3223 2763 3454 2834 triginta
3481 2762 3701 2819 dierum
3727 2780 3861 2837 spa-

2194 2853 2352 2918 tium,
2386 2856 2698 2924 postquam
2730 2867 2869 2907 suas
2913 2849 3101 2923 ipsius
3143 2849 3366 2908 litteras
3405 2850 3710 2924 receperit,
3745 2857 3857 2911 aut

2195 2941 2332 2996 Lam
2342 2939 2568 2996 bertum
2597 2939 2722 3012 ipse
2741 2943 3122 3009 consecraret,
3145 2943 3246 2996 aut
3261 2943 3412 2997 certe
3433 2957 3568 2998 eum
3591 2941 3849 3000 Romam

2191 3029 2616 3086 transmitteret
2645 3027 2706 3084 in
2739 3029 3002 3086 Romana
3030 3028 3193 3086 curia
3220 3031 3710 3088 consecrandum.
3734 3032 3848 3088 Ea-

2192 3120 2324 3176 dem
2354 3120 2536 3175 ferme
2583 3118 2791 3192 repetit
2819 3117 2881 3174 in
2912 3116 3028 3174 alia
3083 3117 3350 3192 epistola,
3401 3136 3579 3192 quam
3627 3121 3842 3178 eadem

2189 3202 2615 3282 occasioneipsi
2633 3209 2943 3264 Lamberto
2964 3206 3145 3265 electo
3161 3207 3526 3282 conscripsit,
3549 3225 3680 3282 quo:
3700 3226 3841 3268 cum

2188 3317 2226 3355 v
2251 3299 2376 3356 Idus
2407 3298 2650 3356 Octobris
2679 3297 2816 3354 data
2844 3296 3094 3366 dicatur,
3117 3297 3253 3353 inde
3297 3295 3634 3371 colligimus
3684 3315 3843 3372 prm-

427 3362 717 3469 GliXXIII:
748 3362 1068 3464 Lambertus
1090 3404 1338 3473 eligitur.
1361 3362 1804 3476 drchiepiscopus
1840 3407 2058 3464 Remen-

2253 3390 2653 3461 dentem,quae
2674 3385 2897 3476 nullam
2917 3362 3150 3460 praefert
3164 3389 3384 3456 notam,
3407 3362 3575 3444 initio
3597 3362 3842 3463 quoque

851 3478 928 3533 sis
961 3475 1146 3548 differt
1172 3477 1644 3532 consecrationem.

491 3568 642 3626 Solis
672 3557 873 3638 itaque
903 3562 1121 3621 Urbani
1150 3563 1360 3622 litteris
1391 3564 1644 3622 contenti
1693 3565 1868 3640 legati
1905 3568 2067 3624 Atre-

417 3660 625 3717 batum
641 3654 960 3724 redierunt,
977 3653 1295 3728 statimque
1320 3653 1540 3711 indicta
1559 3659 1651 3711 est
1669 3654 1968 3714 electionis
1989 3657 2070 3714 fa-

415 3747 634 3806 cienda
663 3743 788 3802 dies
807 3745 880 3804 ad
901 3760 954 3800 νι
977 3745 1116 3802 Idus
1135 3743 1296 3812 Julii,
1331 3760 1458 3816 quae
1480 3743 1782 3802 Dominica
1803 3749 1944 3802 erat.
1978 3747 2066 3802 Ad

415 3852 596 3910 quam
621 3851 739 3892 non
767 3833 941 3891 modo
969 3833 1389 3902 Atrebatensis,
1418 3835 1516 3890 sed
1546 3834 1724 3891 etiam
1739 3835 2063 3892 vicinarum

417 3925 641 3998 aliquot
670 3923 1059 3982 Ecclesiarum
1090 3922 1302 3992 clerici,
1337 3929 1510 3996 atque
1534 3922 1688 3980 inter
1715 3922 1861 3981 alios
1891 3925 2064 3981 Insu-

415 4013 602 4072 lensis
631 4012 903 4071 Ecclesiae
921 4011 1235 4086 collegiate:
1257 4011 1540 4080 canonici,
1562 4011 1650 4068 vel
1672 4011 1745 4068 ob
1777 4014 2061 4086 majorem

414 4103 873 4172 solemnitatem,
897 4101 986 4159 vel
1011 4103 1084 4160 ob
1106 4101 1406 4174 antiquam
1430 4101 1936 4173 consuetudinem,
1961 4107 2062 4160 aut

411 4193 564 4253 inter
585 4197 870 4266 utrosque
899 4191 1233 4248 societatem
1263 4189 1557 4246 convocati
1589 4193 1744 4247 sunt.
1779 4190 2060 4250 Convenit

411 4299 481 4340 ea
509 4283 605 4339 die
634 4283 695 4338 in
728 4283 1012 4354 majorem
1033 4281 1259 4338 Sanctae
1285 4279 1476 4336 Mariae
1498 4279 1804 4336 ecclesiam
1825 4280 2058 4338 inﬁnita

411 4372 838 4446 propemodum
875 4369 1220 4427 clericorum
1265 4372 1324 4426 et
1379 4369 1662 4426 laicorum
1715 4369 2052 4442 multitudo,

2182 3478 2446 3536 Octobris
2470 3477 2750 3549 scriptam
2777 3475 2977 3533 fuisse.

2248 3566 2736 3640 Archiepisoopus
2759 3565 2976 3638 itaque,
3010 3564 3257 3637 receptis
3305 3563 3458 3622 circa
3485 3565 3840 3625 Novembris

2179 3657 2437 3714 medium
2459 3655 2677 3713 Urbani
2695 3654 2924 3722 litteris,
2943 3653 3250 3712 Lamberto
3267 3653 3449 3712 electo
3459 3655 3839 3714 Atrebatensi

2175 3745 2430 3820 scripsit,
2459 3750 2526 3803 ut
2559 3745 2632 3801 ad
2656 3760 2718 3802 se
2739 3746 2977 3816 legatum
2997 3743 3251 3816 aliquem
3276 3745 3430 3816 infra
3457 3747 3675 3801 octavas
3704 3763 3839 3804 san-

2173 3840 2246 3894 cti
2271 3837 2496 3894 Andreae
2527 3835 2799 3905 mitteret,
2833 3851 2936 3907 per
2966 3850 3141 3906 quem
3169 3833 3309 3906 quid
3341 3834 3414 3890 de
3444 3833 3605 3891 illius
3627 3851 3840 3894 conse-

2173 3925 2428 3983 cratione
2458 3941 2591 3980 cum
2621 3923 2753 3980 aliis
2783 3923 3091 3996 provinciae
3124 3941 3241 3980 suae
3281 3923 3672 3997 suffraganeis
3704 3930 3833 3983 sta-

2172 4016 2352 4073 tuerit
2378 4015 2429 4072 ei
2462 4013 2904 4071 renuntiaturus
2934 4017 3107 4070 esset.
3141 4013 3212 4068 Et
3240 4012 3478 4086 quidem
3519 4013 3832 4088 assignato

2169 4108 2429 4178 tempore
2451 4102 2762 4159 adfuerunt
2791 4099 2966 4174 legati
2980 4099 3475 4171 Atrebatensium,
3501 4102 3606 4158 sed
3628 4118 3831 4177 neque

2167 4198 2306 4250 tunc
2337 4197 2560 4250 certum
2602 4206 2949 4264 responsum
2996 4190 3067 4246 ab
3116 4187 3553 4264 archiepiscopo
3600 4189 3828 4250 habere

2167 4286 2499 4357 potuerunt.
2533 4283 2719 4348 Quare
2742 4280 3174 4348 Atrebatenses,
3195 4281 3282 4335 tot
3305 4295 3604 4336 morarum
3625 4279 3826 4355 impa-

2163 4373 2397 4441 tientes,
2423 4371 2674 4429 electum
2706 4371 2901 4442 ipsum
2933 4369 3147 4426 Remos
3177 4368 3412 4426 tandem
3456 4367 3822 4430 mittendum

405 4461 607 4536 ibique
627 4460 936 4518 celebratis
961 4459 1277 4516 missarum
1309 4457 1633 4527 solemniis,
1665 4475 1731 4515 ac
1752 4461 2056 4532 praemissa

407 4549 595 4607 sancti
621 4549 874 4623 Spiritus
901 4549 1285 4618 invocatione,
1320 4547 1550 4621 publice
1577 4565 1608 4604 e
1637 4547 1863 4621 pulpito
1891 4549 2051 4608 lecte

401 4643 544 4698 sunt
573 4637 789 4696 Urbani
815 4637 1106 4712 pontiﬁcis
1128 4637 1328 4694 litterae
1345 4637 1416 4694 de
1437 4637 1799 4694 restituenda
1817 4639 2054 4696 Atreba-

2163 4479 2290 4520 esse
2306 4464 2662 4520 censuerunt
2681 4460 2752 4516 ad
2773 4459 3298 4532 archiepiscopum,
3323 4461 3389 4514 ut
3407 4474 3544 4514 eum
3563 4463 3667 4516 aut
3686 4459 3824 4534 ipse

2161 4553 2390 4626 praeﬁxo
2423 4569 2525 4625 per
2547 4551 2740 4624 ipsum
2764 4547 3096 4622 pontiﬁcem
3125 4553 3387 4621 tempore
3415 4554 3818 4621 consecraret,

2159 4648 2225 4700 ut
2247 4644 2369 4716 jam
2401 4641 2615 4714 smpius
2642 4640 2713 4695 ab
2744 4655 2810 4695 eo
2837 4638 3316 4712 efﬂagitaverant,
3352 4641 3454 4694 aut
3485 4642 3640 4694 certe
3671 4655 3817 4698 cum

394 4728 582 4787 tensis
632 4726 898 4785 Ecclesiae
939 4728 1246 4802 dignitate,
1277 4729 1333 4784 et
1361 4725 1639 4784 electione
1669 4728 1924 4801 episcopi
1955 4729 2040 4785 fa-
2070 4739 2116 4804 ι)
2148 4733 2356 4791 litteris
2387 4727 2882 4787 commendatitiis
2921 4727 3169 4784 Romam
3203 4728 3378 4800 juxta
3417 4726 3816 4800 apostolicum

395 4817 622 4874 cienda.
673 4817 938 4891 Cumque
968 4836 1002 4875 a
1051 4817 1365 4875 Gualberto
1400 4816 1728 4888 praposito,
1763 4817 2038 4875 Guiberto

393 4907 612 4964 decano
659 4907 996 4980 ceterisque
1044 4905 1322 4963 omnibus
1369 4905 1664 4961 canonicis
1693 4905 1752 4962 in
1783 4908 2038 4982 capitulo

392 5012 510 5053 uno
531 5013 823 5054 consensu
838 4996 1183 5052 Lambertus
1205 4992 1528 5052 lnsulensis
1549 4995 1814 5052 Ecclesiae
1837 5003 2040 5056 cantor

390 5085 451 5142 in
480 5086 824 5160 episcopum
847 5086 1188 5160 designatus
1211 5083 1436 5153 fuisset,
1460 5085 1656 5142 statim
1679 5087 1738 5142 in
1753 5091 2038 5161 conspectu

387 5177 554 5233 totius
598 5177 838 5234 ecclesiae
866 5177 1249 5247 manifestatus
1276 5183 1372 5243 est,
1409 5191 1474 5230 ac
1500 5177 1576 5230 sic
1605 5194 1637 5230 α
1669 5176 1814 5232 clero
1838 5178 2037 5233 electus

387 5270 439 5322 et
469 5268 628 5324 tertio
657 5269 993 5324 acclamatus
1021 5282 1084 5321 ac
1105 5264 1362 5321 laudatus
1382 5283 1415 5321 a
1441 5267 1660 5338 papula,
1691 5268 1815 5323 licet
1833 5268 2038 5322 invitus

385 5355 628 5428 eligitur,
670 5358 907 5428 capitur,
941 5359 990 5411 et
1026 5358 1083 5410 in.
1107 5355 1227 5411 sede
1249 5355 1560 5428 pontiﬁcali
1602 5355 2027 5412 inthronizatur.

381 5443 516 5518 Ipso
545 5461 701 5514 vero,
737 5461 872 5501 cum
905 5444 1035 5501 aliis
1070 5444 1355 5503 Insulanzc
1404 5445 1686 5503 Ecclesiaa'
1710 5445 2026 5514 canonicis,

379 5535 478 5608 qui
509 5538 740 5592 tantum
768 5535 958 5591 virum
989 5533 1099 5592 sibi
1147 5535 1294 5608 eripi
1344 5551 1494 5608 aegre
1525 5535 1807 5604 ferebant,
1847 5535 2026 5592 recla-

2149 4824 2494 4882 mandatum
2525 4819 2802 4886 mitteret,
2828 4817 2929 4872 ubi
2955 4817 3029 4873 ab
3058 4816 3185 4890 ipso
3208 4816 3482 4890 pontiﬁce
3501 4833 3818 4875 consecra-

2148 4919 2328 4970 retur.
2363 4909 2712 4966 Lambertus
2742 4908 2938 4978 itaque
2979 4906 3191 4962 Remos
3221 4905 3537 4978 profectus,
3571 4905 3652 4961 ibi
3709 4907 3812 4963 die

2147 4999 2470 5068 Dominica,
2503 5014 2630 5071 quae
2663 5014 2735 5052 xv
2769 5013 2873 5052 seu
2903 4995 3100 5068 potius
3127 5013 3201 5053 xv
3232 4994 3528 5052 Kalendas
3560 4994 3808 5052 Decem-

2146 5091 2268 5148 bris
2301 5093 2442 5154 erat,
2476 5092 2533 5144 et
2573 5086 2820 5142 ultimus
2853 5085 3122 5158 praeﬁniti
3155 5103 3190 5142 a
3214 5085 3487 5158 pontiﬁce
3535 5084 3806 5142 Romano

2147 5182 2216 5235 ad
2249 5181 2376 5250 ejus
2423 5177 2922 5234 consecrationem
2980 5175 3263 5248 temporis
3323 5173 3635 5242 terminus,
3689 5191 3805 5232 suo

2143 5267 2540 5325 Atrebatensis
2561 5266 2696 5322 cleri
2719 5284 2784 5322 ac
2798 5265 2996 5338 populi
3023 5265 3257 5322 nomine
3275 5263 3500 5320 litteras
3517 5262 3806 5336 archiepi-

2140 5376 2314 5432 scopo
2339 5358 2710 5432 pracsentavit,
2731 5356 2946 5429 quibus
2964 5354 3153 5424 illum,
3178 5358 3244 5412 ut
3273 5355 3512 5411 tandem
3537 5351 3678 5408 huic
3700 5369 3805 5410 ne-

2137 5448 2292 5522 gotio
2325 5446 2601 5504 alterutro
2653 5446 2846 5514 modo,
2879 5449 2946 5501 ut
2983 5443 3243 5519 pontifex
3271 5445 3580 5511 statuerat,
3616 5443 3802 5502 ﬁnem

2136 5537 2492 5610 imponeret:
2513 5559 2540 5587 «
2559 5535 2800 5606 Vestrae,
2826 5535 3102 5608 inquiunt
3123 5534 3182 5590 in
3203 5533 3313 5590 hoc
3331 5531 3582 5606 supplici
3595 5531 3799 5590 libello

373 5629 594 5695 mante,
627 5624 859 5700 publice
881 5625 1031 5683 lecta
1051 5630 1138 5683 est
1164 5626 1383 5684 Urbani
1416 5627 1708 5683 sententia
1737 5641 1806 5682 ex
1837 5625 2026 5699 prima
2131 5627 2563 5692 Atrebatenses,
2596 5625 2942 5682 excellentis:
2989 5621 3260 5699 dignitati
3309 5620 3670 5695 multiplices
3705 5638 3801 5679 re-

368 5716 498 5788 ejus
525 5713 795 5787 epistola,
827 5732 953 5788 quae
986 5717 1069 5774 sic
1099 5716 1306 5774 habet:
1334 5715 1402 5772 Ei
1429 5731 1573 5784 vero,
1626 5731 1722 5788 qui
1763 5717 2023 5775 canonico
2131 5715 2375 5776 ferimus
2405 5715 2647 5790 gratias,
2679 5714 2818 5789 quia
2849 5717 3134 5774 hactenus
3163 5715 3463 5786 gratanter
3492 5709 3688 5781 nobis,
3721 5716 3800 5772 ut

361 5796 631 5872 Ponssnsu
677 5806 812 5868 cieri
839 5815 891 5868 et
915 5807 1113 5886 populi
1141 5806 1340 5874 electus
1367 5807 1556 5884 fuerit,
1589 5805 1885 5881 apostolica
1913 5824 2020 5868 au-

2136 5807 2271 5889 pius
2331 5809 2498 5883 pater
2541 5807 2821 5884 juvamen
2877 5802 3338 5867 exhibuistis.....
3390 5803 3494 5863 sed
3531 5803 3796 5884 paterni.-
