3972 6376
178 367 293 440 H3

1777 369 1989 442 VITA.

3467 371 3588 444 {ﬂ

173 509 353 569 tatem
381 510 641 567 vestram
673 504 960 567 miramur
987 504 1312 584 plurimum
1350 504 1410 565 in
1442 505 1598 567 calce
1629 510 1815 567 nostri
1843 514 1901 581 Α
1928 507 2454 587 pradecessoribus
2470 511 2596 586 jam
2636 511 2981 580 habuerant,
3016 512 3087 570 ab
3119 525 3186 570 eo
3216 510 3582 586 impetraret.

177 598 394 675 negotii
425 598 833 675 infrigidatam
861 598 1127 667 existere,
1159 615 1293 657 cum
1327 599 1482 657 infra
1509 600 1830 658 terminum

172 690 247 747 ab
301 689 629 763 apostolico
676 692 880 747 vestra
932 690 1383 763 magnificentia
1433 689 1597 746 electi
1644 691 1830 747 nostri

170 779 637 837 consecrationis
685 778 1039 851 injunctum,
1085 795 1192 835 nec
1235 778 1574 835 solemniter
1622 778 1831 835 litteris

165 868 482 936 vestris,ut
504 868 1041 939 arbitrabamur,ad
1059 867 1556 925 consecrationem
1579 868 1831 924 electum

166 956 711 1014 nostrumvocastis
732 975 746 1026 ;
766 973 872 1013 nec
902 957 1056 1013 diem
1090 961 1313 1013 certum
1335 957 1488 1012 infra
1508 957 1831 1014 terminum

179 1046 741 1121 designastis.Nuuc
773 1051 968 1103 autem
999 1063 1133 1103 cum
1165 1047 1525 1103 consecratio
1554 1047 1830 1119 deinceps

171 1137 325 1207 infra
339 1135 696 1193 triennalem
721 1140 936 1193 metam
964 1135 1169 1208 nequit
1191 1136 1337 1201 ﬁeri,
1372 1135 1578 1192 saltem
1606 1135 1829 1191 litteras

172 1230 375 1284 vestra
423 1225 790 1282 auctoritatis
840 1242 967 1297 qua
1023 1224 1729 1298 apostolico‘dcferantur,
1763 1228 1829 1280 ut

171 1317 292 1389 ipse
314 1314 519 1387 jussit,
552 1332 659 1387 pro
709 1313 1147 1371 consecratione
1204 1313 1387 1370 nostri
1438 1313 1605 1370 electi
1656 1313 1825 1369 nobis

171 1405 306 1462 dare
335 1403 529 1460 velitis
562 1403 820 1476 plurima
848 1419 990 1477 pace
1021 1418 1347 1476 precamur.
1386 1425 1412 1452 η
1453 1406 1593 1458 Cum
1629 1402 1825 1475 itaque

174 1493 374 1551 nullus
406 1497 743 1565 superesset
773 1492 1443 1566 subterfugiendilocus,
1462 1491 1818 1565 Raynaldus,

164 1583 485 1641 .Lamberto
501 1582 708 1648 electo,
744 1584 988 1638 Romam
1011 1582 1261 1639 adeundi
1286 1585 1634 1654 potestatem
1665 1582 1818 1652 fecit,

168 1672 320 1729 datis
347 1672 399 1728 ei
420 1673 493 1729 ad
518 1672 821 1729 Urbanum
853 1671 1085 1738 litteris,
1108 1671 1323 1744 quibus
1345 1671 1441 1727 ille
1462 1671 1734 1744 acceptis,
1761 1672 1818 1726 in

167 1762 295 1835 ipso
326 1761 553 1817 Natalis
581 1760 793 1817 Christi
828 1760 1128 1834 pervigilio
1159 1761 1358 1817 Remis
1386 1776 1661 1833 egressus
1692 1764 1815 1829 est;

166 1868 231 1909 ac
251 1855 386 1924 post
414 1850 579 1906 varia
611 1849 870 1923 pericula
897 1855 955 1906 et
982 1850 1210 1906 itineris
1241 1850 1641 1917 difﬁcultates,
1675 1849 1813 1906 anni

166 1939 466 2013 sequentis
497 1938 687 2007 initio,
721 1943 785 1995 ut
812 1939 893 1995 ibi
926 1939 1211 2010 dicemus,
1249 1940 1495 1995 Romam
1529 1939 1815 2011 pervenit.

169 2030 395 2087 Littera
420 2045 571 2101 quas
603 2029 938 2101 Raynaldus
969 2029 1043 2085 ad
1069 2029 1448 2085 Lambertum
1479 2028 1815 2101 scripserat,

173 2123 230 2177 et
248 2118 361 2175 illa
381 2135 535 2191 quas
559 2119 797 2175 tandem
818 2118 927 2175 hac
947 2118 1253 2174 occasione
1284 2118 1355 2174 ad
1386 2118 1687 2174 Urbanum
1719 2119 1817 2174 de-

172 2208 597 2277 ferendas,tum
618 2207 774 2263 idem
794 2207 1288 2280 archiepiscopus,
1308 2224 1443 2263 cum
1471 2208 1817 2263 Atrebatem-

170 2298 253 2356 οἰδ
281 2296 545 2354 Ecclesia
568 2296 938 2369 scripsere,in
972 2296 1406 2370 pontiﬁciarum
1437 2296 1817 2370 epistolarum

167 2388 510 2446 collectione
533 2387 879 2456 referentur,
911 2390 1044 2459 post
1072 2403 1171 2443 eas
1201 2403 1349 2459 quas
1373 2386 1645 2444 Urbanus
1669 2387 1816 2459 ipse,

170 2482 238 2535 ut
266 2494 404 2534 mox
427 2476 792 2545 dicebamus,
824 2476 1091 2548 utrisque
1111 2476 1286 2549 paulo
1308 2478 1442 2531 ante
1463 2476 1819 2548 conscripse-

169 2572 276 2624 rat.
315 2568 396 2623 Ex
432 2565 538 2622 .his
592 2582 763 2638 porro
812 2582 960 2638 quas
1008 2564 1217 2621 ultimo
1243 2564 1368 2621 loco
1413 2566 1484 2620 ad
1517 2565 1818 2621 Urbanum

173 2655 515 2730 Baynaldus
537 2671 644 2728 per
657 2654 1098 2711 Atrebatensem
1121 2653 1367 2710 electum
1392 2654 1646 2727 scripsit,
1666 2653 1820 2710 sicut

168 2750 227 2803 et
243 2763 313 2803 ex
323 2744 706 2818 responsione
717 2741 1425 2817 pontificis,intelligimus
1438 2760 1553 2815 quo
1573 2743 1817 2800 concilio

165 2834 218 2893 is
246 2834 497 2891 antistes
524 2833 657 2889 novi
686 2832 945 2907 episcopi
983 2832 1481 2889 consecrationem
1539 2837 1663 2888 tam
1717 2832 1818 2889 diu

168 2922 505 2990 distulerat,
529 2938 728 2994 quave
746 2938 925 2978 causa
942 2921 1117 2978 fuerit
1133 2925 1220 2979 tot
1239 2921 1368 2993 ejus
1388 2921 1818 2994 tergiversatio-

168 3029 315 3069 num
336 3028 351 3068 :
366 3011 531 3085 quod
544 3010 1247 3080 scilicetvereretur,ne,si
1259 3011 1659 3067 Atrebatensis
1672 3011 1821 3083 epis-

166 3106 414 3175 copatus
459 3100 817 3157 restitutioni
857 3100 1087 3156 facilem
1128 3099 1816 3172 prahuissetassensum,

1939 602 2282 676 Apostolica
2314 602 2470 661 sedis
2522 602 2945 678 protectionem
2984 603 3267 660 adversus
3296 602 3585 660 bonorum

1940 692 2206 750 Ecclesia
2237 693 2535 751 invasores
2584 693 2737 749 ultro
2788 692 3077 750 concessit
3106 692 3402 761 Urbanus,
3435 692 3589 749 datis

1940 799 2009 839 ea
2038 784 2109 839 de
2127 801 2189 839 re
2219 783 2430 840 litteris
2460 784 2532 839 ad
2563 783 2887 856 principem
2917 787 2975 839 et
3005 781 3290 856 populum
3320 780 3590 838 Dolensis

1941 872 2105 927 urbis
2147 891 2161 941 ;
2196 876 2255 928 at
2284 873 2344 927 in
2381 873 2753 929 concedendo
2771 871 2936 945 pallii
2981 888 3116 940 usu,
3148 871 3302 944 quod
3335 868 3590 928 maxime

1938 960 2295 1035 efﬂagitabat
2335 961 2676 1031 Rollandus,
2712 961 2813 1035 qui
2839 965 2996 1034 se,ut
3025 961 3118 1017 sui
3143 961 3216 1017 ab
3248 961 3422 1017 annis
3451 959 3588 1033 plus

1938 1066 2114 1122 quam
2138 1038 2408 1108 ducentis
2428 1049 3420 1124 pradecessores,archiepiscopum
3437 1046 3589 1107 nun-

1937 1140 2207 1212 cupabat,
2241 1158 2303 1197 se
2334 1141 2721 1198 difﬁciliorem
2770 1140 3035 1197 exhibuit
3058 1155 3073 1195 :
3097 1140 3406 1196 verebatur
3424 1134 3583 1196 enim

1936 1245 2138 1300 aquus
2181 1229 2460 1301 pontifex,
2505 1248 2577 1285 ne
2621 1230 2680 1285 id
2741 1230 3028 1296 faciendo,
3052 1229 3193 1300 jura
3221 1228 3584 1284 Turonensis

1934 1317 2403 1390 Ecclesia,quam
2434 1320 2669 1375 unicam
2694 1318 3010 1392 provincia
3033 1314 3446 1391 Lugdunensis
3473 1312 3585 1373 ter-

1932 1407 2024 1462 tia
2047 1423 2243 1463 veram
2274 1412 2333 1463 et
2384 1408 2691 1481 antiquam
2744 1425 2873 1465 esse
2925 1406 3294 1481 metropolim
3337 1406 3578 1474 sciebat,

1932 1495 2312 1552 convelleret:
2347 1514 2453 1553 nec
2496 1497 2819 1570 quidquam
2866 1497 3182 1569 impetrare
3228 1496 3418 1567 potuit
3444 1495 3579 1552 Rol-

1927 1584 2161 1653 landus,
2181 1586 2383 1654 donec,
2434 1586 2676 1658 prolatis
2695 1584 2958 1659 Gregorii
2982 1585 3082 1640 VII
3099 1584 3330 1669 litteris,
3363 1585 3578 1657 proba-

1927 1673 2109 1730 visset
2137 1691 2310 1730 usum
2343 1674 2505 1747 pallii
2537 1693 2602 1731 ac
2634 1675 3025 1748 provisionem
3065 1670 3578 1746 archiepisco‘palis

1917 1764 2073 1834 juris
2124 1763 2185 1819 in
2216 1763 2518 1820 Britannia
2546 1763 2759 1820 minori
2803 1764 2968 1821 Ireno
3017 1761 3426 1836 praedecessori
3470 1778 3577 1819 suo

1926 1851 2108 1908 fuisse
2139 1869 2497 1909 concessam.
2546 1853 2659 1909 Sed
2691 1853 2831 1926 quia
2878 1850 3143 1925 exempla
3169 1851 3578 1909 tantummodo

1927 1941 2138 1998 harum
2158 1941 2488 1999 litterarum
2510 1943 2860 2016 proferebat,
2894 1943 2966 1999 ab
2998 1958 3065 1999 eo
3095 1940 3369 1997 Urbanus
3395 1939 3579 2016 exigit

1926 2034 1992 2086 ut
2020 2035 2382 2088 sacramento
2414 2032 2670 2104 prastito
2709 2033 2935 2104 juraret
2970 2030 3120 2087 nihil
3177 2026 3430 2103 amplius
3475 2034 3579 2086 aut

1928 2120 2125 2178 minus
2148 2121 2206 2176 in
2253 2120 2513 2194 Gregorii
2545 2119 2930 2195 autographis
2967 2119 3177 2177 litteris
3210 2134 3388 2194 quam
3419 2119 3575 2193 quod

1926 2210 2052 2283 ipse
2070 2211 2501 2285 protestabatur
2531 2211 2848 2267 continere.
2882 2211 3007 2275 Quo
3028 2210 3180 2265 facto
3224 2206 3483 2282 pontifex
3501 2206 3574 2277 ei,

1927 2299 2448 2374 Salvojmetropolis
2469 2298 2829 2357 Turonensis
2848 2297 3171 2372 jure,pallii
3193 2294 3476 2354 honorem
3507 2292 3573 2353 ac

1929 2388 2451 2463 archiepiscopales
2481 2388 2753 2469 honores,
2784 2388 2936 2445 sicut
2973 2385 3286 2461 Gregorius
3315 2385 3573 2469 pontifex

1928 2479 2095 2536 Ireno
2114 2476 2348 2548 fecerat,
2382 2478 2646 2548 indulsit,
2679 2464 2831 2535 datis
2859 2495 2927 2534 ea
2970 2478 3041 2533 de
3058 2494 3118 2533 re
3137 2463 3367 2545 litteris,
3401 2490 3569 2549 quas,

1928 2569 2063 2625 licet
2092 2567 2315 2624 nullam
2346 2567 2602 2624 habeant
2639 2565 2975 2623 chronicam
3006 2570 3227 2635 notam,
3279 2580 3348 2622 ex
3376 2562 3453 2620 iis
3482 2567 3571 2620 ta-

1929 2675 2085 2725 men,
2140 2675 2265 2731 qua
2306 2673 2459 2714 anno
2514 2657 2785 2730 sequenti
2837 2655 2907 2711 de
2936 2656 3141 2711 eadem
3176 2650 3571 2710 controversia

1927 2750 2075 2805 datae
2097 2750 2257 2819 sunt,
2291 2749 2512 2803 certum
2546 2750 2634 2803 est
2651 2746 2722 2803 ad
2751 2744 2908 2802 hunc
2930 2758 3152 2801 annum
3183 2738 3451 2800 revocari
3470 2742 3570 2799 de-

1925 2839 2083 2895 bere.

2035 2941 2313 2999 CXXXVI.
2348 2940 2617 3013 Radulfus
2664 2943 2945 3014 episcopus
2967 2940 3238 3014 Turonem
3285 2945 3493 3007 contra,

2356 3011 2629 3069 Dolenses.
2661 3011 2908 3069 Pallium
2928 3011 3148 3069 obtinet.

2001 3101 2200 3158 Adhuc
2219 3102 2277 3157 in
2308 3101 2604 3175 pontificis
2626 3102 2907 3158 comitatu
2925 3103 3049 3172 erat
3069 3098 3411 3172 Rollan'dus,
3445 3114 3579 3156 cum

167 3191 306 3248 inde
336 3206 547 3247 ansam
577 3188 899 3262 arriperent
926 3189 1395 3256 Cameracenses,
1440 3188 1542 3261 qui
1573 3188 1818 3244 Henrico
1869 3266 1892 3267 η
1929 3190 2217 3248 Radulfus
2249 3192 2553 3247 Turonum
2586 3190 3295 3267 archiepiscopus,contra
3323 3200 3459 3245 eum
3488 3186 3581 3244 ἰη-

165 3278 510 3353 imperatori
545 3278 922 3336 schismatico
949 3278 1251 3352 parebant,
1278 3295 1311 3334 a
1340 3294 1451 3334 sua
1480 3281 1537 3334 et
1552 3276 1818 3334 Ecclesia
1851 3266 1895 3334 C
1932 3286 2299 3338 tercessurus
2323 3282 2715 3337 Beneventum
2739 3266 2989 3349 advenit,
3020 3279 3123 3335 ubi
3152 3281 3294 3334 tunc
3324 3277 3582 3352 pontifex

166 3369 478 3428 Remensis
509 3367 839 3425 obedientia
868 3368 1165 3424 discedere
1189 3384 1202 3423 :
1243 3384 1423 3439 quare
1453 3366 1662 3422 maluit
1690 3383 1819 3423 eam

170 3459 605 3518 ordinationem
630 3475 665 3513 a
692 3457 964 3531 pontifice
995 3474 1172 3530 quam
1215 3474 1250 3513 a
1279 3474 1340 3512 se
1359 3457 1488 3529 ipso
1517 3456 1818 3522 celebrari,

166 3555 238 3607 ut
265 3548 432 3606 nulla
461 3546 836 3621 querelarum
859 3547 1084 3604 occasio
1106 3548 1386 3603 adversus
1411 3563 1472 3602 se
1504 3550 1606 3601 aut
1635 3546 1824 3602 Eccleo

167 3639 319 3697 siam
349 3654 523 3696 suam
577 3637 1095 3693 Cameracensibus
1125 3636 1500 3708 praberetur.
1535 3635 1659 3690 Huc
1692 3651 1824 3708 spe-

170 3731 341 3785 ctant
363 3726 492 3783 alia
523 3724 851 3799 peculiares
882 3727 1012 3799 ejus
1040 3725 1243 3782 littera
1276 3725 1348 3781 ad
1380 3724 1735 3797 pontiﬁcem,
1755 3725 1827 3779 de

170 3818 353 3876 rebus
365 3814 902 3885 Cameracensibus,
918 3814 990 3871 ad
1012 3831 1160 3886 quas
1174 3813 1464 3883 Urbanus,
1485 3817 1550 3870 ut
1565 3813 1827 3870 dicemus

173 3924 345 3963 num.
365 3906 489 3971 145,
514 3903 833 3977 respondit.

212 3994 496 4052 CXXXIV.
508 3993 774 4050 Cervinus
794 3995 855 4050 in
871 3993 1140 4067 episcopio
1151 3992 1504 4048 Ambianensi
1522 3992 1794 4063 ﬁrmatus.

257 4083 392 4141 Jam
422 4100 628 4156 supra,
667 4082 697 4156 §
740 4084 863 4151 104,
914 4083 1143 4156 egimus
1175 4083 1247 4139 de
1275 4081 1521 4138 Gervino
1561 4082 1833 4155 episcopo

181 4171 596 4238 Ambianensi,
655 4171 755 4243 qui
806 4170 880 4226 ab
924 4170 1158 4227 Urbano
1188 4170 1432 4243 insuper
1460 4170 1677 4226 habitis
1706 4171 1835 4242 ejus

183 4259 539 4318 amulorum
582 4259 1075 4333 accusationibus,
1107 4260 1165 4314 in
1209 4258 1421 4315 throno
1459 4258 1836 4316 Ambianensi

182 4351 573 4407 conﬁrmatus
614 4347 746 4405 fuit.
778 4351 849 4405 At
868 4354 1069 4423 postea
1085 4367 1118 4404 a
1139 4348 1264 4405 suis
1284 4348 1497 4405 iterum
1511 4348 1841 4422 exagitatus

182 4440 527 4513 pontificem
580 4455 784 4495 rursus
829 4439 989 4494 adire
1022 4442 1256 4495 coactus
1292 4441 1401 4508 est,
1434 4456 1469 4495 a
1498 4454 1632 4509 quo,
1662 4437 1838 4494 etiam

182 4529 296 4587 hac
324 4530 453 4586 vice
484 4528 736 4603 benigne
768 4532 1063 4602 exceptus,
1107 4527 1395 4584 secundas
1436 4526 1662 4583 litteras
1694 4527 1840 4582 obti-

1929 3370 2290 3428 versabatur.
2333 3369 2520 3427 Multa
2563 3369 2644 3425 ibi
2694 3370 2975 3426 adversus
3021 3367 3306 3426 Dolenses
3338 3364 3582 3442 protulit

1930 3476 2127 3517 coram
2158 3460 2433 3533 pontifice
2479 3457 2784 3527 Radulfus,
2820 3462 2885 3515 ut
2914 3457 3180 3514 Ecclesia
3203 3473 3325 3513 sua
3349 3454 3494 3530 j‘ura‘
3514 3455 3574 3513 in

1930 3549 2234 3606 Dolensem
2282 3552 2336 3605 et
2386 3548 2531 3603 alias
2581 3547 2891 3603 Britannia
2940 3545 3226 3602 Ecclesiae
3266 3545 3572 3617 stabiliret,

1933 3638 2148 3713 quibus
2162 3655 2296 3694 cum
2315 3636 2635 3693 Rollandus
2656 3634 2804 3690 nihil
2819 3634 2975 3691 aliud
3000 3635 3381 3707 responderet
3401 3649 3580 3707 quam

1934 3745 1997 3786 se
2019 3744 2123 3785 non
2167 3726 2440 3797 agendum
2468 3727 2696 3794 venisse,
2732 3723 3001 3796 quamvis
3039 3727 3272 3795 paratus
3298 3730 3433 3778 esset
3462 3737 3587 3778 cum

1935 3819 2198 3891 episcopis
2224 3817 2529 3889 provincia
2547 3829 2667 3872 sua
2709 3828 2948 3885 congruo
2972 3820 3210 3885 tempore
3246 3809 3589 3885 reapondere,

1937 3906 2208 3965 Urbanus
2267 3922 2336 3962 ex
2376 3903 2633 3978 partium
2701 3916 2992 3960 consensu
3039 3905 3277 3974 tempus
3325 3900 3595 3974 utrisque

1942 3992 2244 4053 constituit
2268 3995 2337 4051 ad
2355 3993 2614 4050 medium
2633 3991 3102 4066 Quadragesima
3125 3986 3446 4064 sequentis,
3480 4005 3596 4063 quo

1942 4102 2035 4142 res
2059 4084 2345 4141 finiretur.
2382 4084 2510 4139 Hac
2563 4084 2691 4138 fuse
2736 4082 2913 4137 refert
2950 4081 3077 4154 ipse
3098 4080 3363 4154 pcntifex
3382 4079 3443 4135 in
3466 4082 3600 4135 Sen-

1944 4175 2129 4232 tentia
2145 4190 2323 4247 quam
2344 4174 2623 4229 adversus
2637 4170 2916 4229 Dolenses
2937 4188 3089 4228 anno
3114 4168 3405 4243 sequenti,
3431 4170 3498 4224 ut
3515 4166 3599 4224 ibi

1947 4263 2233 4332 dicemus,
2264 4261 2420 4319 tulit.

2021 4354 2097 4408 Eo
2128 4353 2186 4407 in
2218 4351 2424 4408 itinere
2446 4348 2694 4406 Radulfo
2729 4348 2993 4424 contigit,
3028 4348 3185 4422 quod
3207 4348 3278 4405 de
3299 4364 3366 4405 eo
3382 4344 3601 4422 legitur

1950 4443 2011 4497 in
2069 4442 2261 4498 Gestis
2309 4442 2715 4514 episcoporum
2762 4438 3191 4496 Turonensium
3225 4441 3283 4495 et
3319 4436 3597 4495 abbatum

1953 4529 2568 4602 Majoris-Monasterii.
2604 4529 2814 4585 Narrat
2833 4528 3045 4583 horum
3059 4528 3368 4584 Gestorum
3400 4528 3603 4583 auctor

187 4618 344 4684 nuit,
361 4618 533 4708 clero
564 4621 623 4673 et
642 4617 857 4708 populo
886 4617 1287 4708 Ambianensi,
1322 4617 1405 4672 uti
1424 4617 1640 4708 prima
1658 4619 1841 4684 erant,
1873 4642 1921 4708 D
1955 4618 2242 4676 Radulfus
2264 4619 2335 4708 ab
2360 4618 2589 4673 Urbano
2611 4613 2856 4708 pallium
2884 4615 3038 4708 quod
3061 4615 3225 4708 enixe
3245 4616 3601 4708 postulabat,

186 4707 533 4781 inscriptas,
559 4707 772 4779 quibus
804 4707 1065 4779 pracipit
1088 4710 1151 4763 ut
1169 4705 1335 4761 illum
1367 4704 1675 4763 aSimonia
1703 4722 1841 4777 pur-

187 4801 394 4871 gatum
424 4813 530 4869 pro
559 4813 693 4852 vero
723 4800 780 4851 et
824 4795 1087 4869 legitimo
1135 4794 1369 4868 pastore
1414 4794 1839 4850 Ambiaueuses

186 4886 496 4944 haberent.
530 4885 687 4942 Data
704 4890 845 4942 sunt
877 4883 1497 4955 xvKalendasAugusti,
1532 4881 1642 4939 hoc
1662 4899 1836 4952 anno,

189 4974 241 5033 si
270 4975 423 5032 bene
453 4974 723 5047 conjicio,
756 4991 938 5047 quare
968 4990 1068 5031 eas
1098 4992 1133 5029 a
1152 4973 1225 5029 cl.
1256 4972 1379 5028 viro
1411 4972 1705 5046 Stephano
1737 4974 1839 5028 Ba-

188 5064 345 5121 luzio
364 5069 637 5138 acceptas
654 5065 866 5122 referet
878 5063 1311 5137 pontiﬁciarum
1324 5062 1707 5135 epistolarum
1730 5062 1842 5119 col-

193 5152 398 5212 lector.

334 5243 585 5300 CXXXV.
609 5244 854 5300 Dolensis
878 5245 1157 5316 episcopus
1174 5241 1422 5314 pallium
1452 5242 1725 5312 impetrat.

265 5332 431 5389 Circa
457 5332 727 5406 ejusdem
757 5331 1007 5400 anni,uti
1037 5331 1288 5400 videtur,
1322 5329 1581 5385 medium
1607 5330 1853 5385 accessit

196 5421 269 5478 ad
281 5421 587 5479 Urbanum
607 5419 927 5478 Rollandus
943 5419 1212 5477 Dolensis
1235 5419 1295 5474 in
1318 5416 1531 5474 minori
1552 5417 1853 5475 Britannia

194 5512 462 5582 antistes,
485 5511 783 5586 pontiﬁcis
796 5527 965 5584 opem
988 5498 1269 5567 adversus
1294 5507 1606 5564 Dolensem
1636 5508 1850 5581 princi-

196 5616 349 5674 pem,
377 5602 481 5675 qui
512 5601 644 5672 ejus
686 5598 954 5657 Ecclesia
976 5600 1132 5655 bona
1162 5597 1476 5664 invaserat,
1506 5594 1851 5668 imploratu-

201 5707 337 5763 rus;
372 5695 497 5749 tum
519 5691 718 5761 etiam,
752 5694 819 5747 ut
845 5689 1113 5763 pallium,
1141 5686 1295 5762 quod
1329 5684 1599 5743 nonnulli
1636 5702 1703 5742 ex
1731 5688 1853 5746 suis

1954 4724 2257 4781 nunquam
2277 4706 2586 4778 impetrare
2608 4704 2891 4776 potuisse,
2922 4703 3064 4776 quin
3088 4703 3252 4776 prius
3270 4704 3343 4759 ab
3362 4702 3601 4759 infesta-

1952 4797 2111 4856 tione
2132 4795 2370 4869 Majoris
2392 4792 2728 4850 Monasterii
2777 4810 2841 4849 se
2870 4794 3264 4861 cessaturum,
3299 4790 3602 4865 privilegio

1949 4886 2212 4959 ejusdem
2260 4881 2370 4939 loci
2420 4895 2869 4947 consensurum,
2921 4882 2979 4936 et
3043 4876 3307 4952 pontiﬁci
3356 4888 3601 4951 prorsus

1950 4975 2324 5033 obediturum
2348 4969 2948 5044 spopondisset.Quod
2972 4982 3107 5026 cum
3126 4983 3324 5025 coram
3336 4964 3603 5041 ejusdem

1950 5063 2294 5122 monasterii
2325 5061 2548 5133 aliquot
2587 5058 2915 5127 monachis,
2960 5058 3063 5131 qui
3093 5057 3314 5115 ibidem
3344 5057 3604 5123 aderant,

1955 5153 2343 5226 prastitisset,
2398 5148 2561 5224 pallii
2611 5147 2799 5204 honor
2831 5165 2865 5203 a
2893 5147 3171 5220 pontiﬁce
3210 5146 3463 5204 denatus
3494 5150 3605 5203 est.

1957 5243 2122 5299 Haud
2152 5245 2349 5298 tamen
2381 5238 2542 5296 stetit
2570 5234 2878 5310 promissis
2908 5236 3056 5305 suis,
3088 5250 3196 5293 nec
3221 5235 3446 5293 destitit
3474 5250 3608 5292 mo-

1957 5331 2178 5389 nachos
2208 5325 2819 5403 Majoris-Monasterii
2861 5325 3155 5401 persequi,
3205 5328 3273 5382 ut
3310 5325 3435 5408 suis
3461 5322 3607 5382 locis

1959 5422 2243 5478 dicemus.

2137 5504 2440 5564 CXXXVII.
2474 5509 2769 5564 Pauscnsis
2786 5507 3110 5564 monasterii
3136 5504 3426 5564 dedicatio.

2032 5596 2314 5672 Ughellus
2364 5599 2523 5652 tomo
2557 5596 2651 5653 VII
2699 5596 2872 5653 Italia
2904 5614 3105 5667 sacra,
3137 5596 3198 5653 in
3223 5594 3486 5669 catalogo
3515 5609 3605 5648 ar-

1964 5687 2468 5764 chiepiscoporum
2518 5685 3052 5746 Acheruntinorum
3098 5687 3169 5744 ad
3197 5685 3358 5743 hunc
3386 5696 3604 5740 annum
