3972 6368
355 359 472 434 ιη

1653 360 1726 428 Β.
1771 359 2074 431 URBANI
2113 354 2170 428 Il
2210 362 2462 430 PAPE.

3644 355 3793 452 us
3825 396 3858 453 ρ.

350 501 571 575 profert
597 502 784 576 vetus,
816 505 884 558 ut
925 499 1052 576 ipse
1081 504 1264 576 putat,
1299 501 1762 558 instrumentum
1793 501 1864 556 de
1893 501 1991 557 de-
2021 500 2080 568 Α
2107 499 2303 557 clesiis
2361 499 2648 557 concessit
2698 499 2986 558 Urbanus.
3050 497 3243 556 Unum
3289 515 3357 556 ex
3394 495 3488 556 his
3527 503 3617 556 est
3655 518 3766 575 pro

351 589 648 650 dicatione
683 590 939 649 ecclesiae
1010 591 1347 649 monasterii
1413 589 1623 648 Sanctae
1690 591 1884 648 Mariae
1935 589 2002 646 de

349 681 554 749 Pauso,
575 682 877 752 uulgariter
895 683 1196 754 nuncupati
1219 683 1569 747 Devcntuum,
1600 696 1775 752 quem
1805 679 2000 736 locum

349 770 481 843 ipse
506 770 784 843 pontifex,
823 771 872 826 si
902 771 1040 826 huic
1075 771 1465 826 instrumento
1498 768 1696 841 aliqua
1725 769 1803 826 sit
1832 769 1998 835 ﬁdes,

353 857 533 931 paulo
564 863 698 915 ante
728 863 1186 928 consecraverat,
1239 859 1588 931 magnisque
1621 855 2003 931 indulgentiis

357 947 776 1016 cumulaverat,
821 953 996 1021 atque
1041 949 1163 1004 hazc
1213 949 1411 1004 omnia
1441 947 1788 1003 conﬁrmata
1821 945 2003 1002 fuisse

357 1035 636 1092 dicuntur
654 1036 816 1092 bulla
856 1036 1174 1109 pontiﬁcia,
1211 1037 1318 1092 hoc
1353 1053 1506 1092 anno
1521 1051 1658 1092 xvm
1686 1035 1809 1092 Kal.
1834 1036 2000 1090 Octo-

357 1124 482 1180 bris
513 1126 668 1198 apud
690 1126 996 1182 Salernum
1020 1127 1173 1182 data.
1209 1127 1318 1182 Sed
1346 1125 1488 1190 haec,
1521 1129 1584 1180 ut
1599 1125 1724 1196 jam
1747 1124 2002 1180 diximus

361 1213 434 1270 ad
466 1231 688 1270 annum
716 1215 868 1283 1088,
919 1215 1142 1270 nullius
1174 1220 1313 1270 sunt
1355 1213 1738 1284 auctoritatis,
1773 1229 1898 1284 quas
1930 1213 2000 1266 ob

361 1302 432 1357 id-
455 1302 646 1360 solum
668 1303 762 1360 hic
785 1320 1182 1361 memoramus
1199 1308 1265 1360 ut
1295 1303 1437 1359 nulli
1464 1303 1660 1359 fucum
1694 1301 1926 1357 faciant.

362 1390 694 1450 CXXXVIII.
745 1395 991 1450 Urbanus
1031 1395 1281 1449 collectas
1322 1395 1448 1464 ﬁeri
1483 1401 1640 1461 rogat
1697 1391 2000 1446 Concilium

975 1466 1388 1534 Burdigalense.

433 1553 597 1610 Circa
626 1554 744 1610 haec
773 1558 1039 1626 tempora
1083 1570 1218 1610 cum
1275 1553 1681 1626 recuperandae
1728 1551 2000 1606 Romanae

360 1642 526 1699 urbis
573 1659 708 1715 spes
755 1642 954 1716 aliqua
975 1642 1302 1716 effulgeret,
1336 1643 1491 1715 quod
1523 1641 1830 1712 sanguinis
1857 1640 2000 1694 etfu-

359 1729 524 1788 sione
534 1747 841 1804 nunquam
855 1732 982 1789 ﬁeri
1005 1731 1270 1788 voluerat
1286 1729 1802 1787 mansuetissimus
1817 1727 2006 1800 ponti-

357 1819 519 1889 tifex,
552 1820 801 1893 pecunia
843 1825 902 1876 et
921 1820 1266 1877 muneribus
1293 1819 1351 1874 id
1383 1835 1445 1875 se
1475 1817 1707 1890 assequi
1739 1833 1910 1889 posse
1941 1815 1999 1870 in

361 1908 627 1964 animum
644 1908 892 1964 induxit.
925 1911 1110 1974 Quare
1128 1907 1362 1982 scriptis
1383 1907 1442 1962 in
1458 1906 1648 1962 varias
1672 1904 2002 1980 provincias

359 1995 572 2054 litteris
613 1997 920 2073 episcopos
966 2001 1024 2053 et
1069 1996 1606 2067 abbatesinvitavit,
1641 2000 1706 2051 ut
1725 1995 2000 2051 Romana

359 2084 630 2142 Ecclesia
657 2086 783 2142 suis
803 2086 973 2142 bonis
1001 2103 1069 2142 ea
1097 2087 1400 2142 occasione
1431 2085 1731 2158 suppetias
1773 2083 2002 2156 aliquas

359 2173 510 2231 ferre
530 2191 646 2232 non
678 2176 1022 2232 abnuerent.
1049 2175 1224 2232 Binas
1247 2192 1315 2232 ea
1333 2175 1404 2230 de
1427 2192 1486 2230 re
1516 2173 1793 2247 epistolas
1823 2173 2002 2228 habe-

360 2277 517 2332 mus,
550 2279 800 2336 quarum
824 2265 982 2337 prior
999 2264 1091 2320 die
1111 2282 1168 2320 1v
1191 2265 1385 2320 Nonas
1414 2263 1755 2319 Novembris
1785 2268 1842 2318 et
1871 2261 2002 2334 qui-

362 2351 496 2408 dem
526 2352 637 2410 hoc
694 2371 870 2420 anno,
917 2358 982 2409 ut
1030 2354 1236 2426 probat
1282 2369 1475 2409 rerum
1515 2351 1716 2420 series,
1749 2353 1884 2407 data
1913 2354 2003 2406 est

361 2442 625 2514 episcopis
666 2451 718 2500 et
760 2445 1044 2500 abbatibus
1085 2459 1184 2516 per
1227 2443 1599 2515 Aquitaniam,
1645 2441 2004 2497 Guasconiam

361 2538 415 2586 et
456 2532 776 2603 inferiorem
820 2532 1198 2604 Burgundiam
1238 2532 1584 2593 constitutis;
1634 2529 1819 2586 altera
1867 2546 2001 2586 vero

360 2617 658 2692 Raynaldo
708 2620 904 2676 abbati
955 2621 1150 2678 Sancti
1185 2620 1455 2693 Cypriani
1503 2636 1682 2692 prope
1712 2619 1996 2684 Pictavos,

359 2723 537 2780 quem
579 2708 840 2782 pontifex
891 2710 963 2764 ad
1013 2709 1303 2781 ejusmodi
1334 2707 1614 2782 pecunias
1644 2707 2000 2780 colligendas

359 2812 496 2853 cum
538 2797 809 2854 Gervasio
849 2798 1045 2854 Sancti
1095 2798 1287 2854 Savini
1339 2798 1550 2854 abbate
1587 2796 1994 2852 destinaverat.

357 2885 525 2942 Forte
539 2885 718 2958 hujus
743 2886 1097 2943 collectionis
1118 2885 1421 2944 occasione
1449 2885 1715 2941 habitum
1746 2889 1837 2941 est
1861 2902 1998 2940 con-

356 2973 559 3031 cilium
586 2974 908 3048 Burdigalae
931 2976 1004 3031 ab
1016 2977 1242 3043 Amato,
1259 2974 1525 3046 ejusdem
1539 2975 1703 3029 urbis
1717 2973 1999 3045 archiepi-

356 3079 532 3136 scopo
557 3067 615 3120 et
642 3063 970 3137 apostolicae
1019 3065 1178 3121 sedis
1226 3064 1438 3137 legato,
1481 3068 1881 3129 convocatum,
1926 3063 1998 3118 de

357 3169 473 3226 quo
503 3153 563 3210 in
594 3153 878 3211 Chronico
911 3152 1275 3210 Malleacensi
1307 3153 1588 3226 leguntur
1616 3152 1738 3208 haec
1775 3152 1953 3208 verba
1979 3169 1993 3208 :

357 3242 513 3299 Anno
542 3243 746 3299 1093...
779 3245 1078 3300 concilium
1125 3243 1423 3313 Burdigala
1467 3243 1595 3313 fuit.
1631 3240 1805 3296 Plura
1833 3241 1905 3297 de
1935 3257 2000 3297 eo
2031 3243 2075 3312 C

359 3331 604 3389 concilio
623 3331 934 3399 habentur,
967 3331 1026 3388 in
1049 3331 1348 3388 Chartario
1391 3329 1589 3385 Sancti
1616 3329 1763 3384 Petri
1789 3329 1859 3384 de
1894 3330 2004 3386 Re-

362 3421 520 3495 gula,
554 3421 613 3477 in
643 3439 759 3494 quo
789 3421 1095 3477 exhibetur
1124 3421 1584 3475 instrumentum
1617 3418 2004 3475 restitutionis

363 3511 596 3568 caenobii
643 3512 829 3567 Sancti
875 3509 1126 3581 Caprasii
1171 3509 1430 3564 Pontonis
1475 3508 1828 3564 monasterio
1871 3507 2003 3564 Flo-

351 3599 620 3671 riacensi,
671 3617 706 3656 a
757 3616 872 3672 quo
906 3597 1232 3671 Regulense
1261 3597 1494 3670 pendet,
1526 3595 1585 3650 in
1617 3595 1731 3652 hoc
1759 3597 2000 3654 consilio

349 3689 513 3748 factae
531 3707 634 3765 per
652 3689 1016 3746 Bernardum
1049 3686 1388 3760 episcopum
1413 3689 1769 3758 Aquensem,
1793 3691 2000 3759 agente

347 3779 586 3854 Osgerio
608 3778 820 3851 priore.
845 3775 1190 3849 Complures
1211 3775 1514 3848 episcopos
1536 3779 1592 3831 et
1603 3775 1842 3832 abbates
1859 3775 1997 3832 huic

344 3866 587 3924 concilio
636 3865 974 3922 interfuisse
1024 3883 1093 3921 ex
1142 3863 1252 3920 hac
1283 3864 1484 3920 charta
1513 3863 1828 3933 discimus;
1860 3864 1998 3920 huic

342 3955 561 4030 quippe
587 3953 988 4026 subscripsere
1009 3955 1254 4010 Amatus
1285 3951 1762 4024 archiepiscopus
1790 3952 1995 4008 Burdi-

337 4044 483 4120 galae
511 4047 570 4100 et
600 4043 756 4100 sedis
805 4042 1136 4116 apostolicae
1183 4042 1454 4111 vicarius,
1497 4037 1828 4098 Willelmus
1858 4041 1994 4097 Ber-

339 4133 511 4192 nardi
568 4131 880 4190 Auxiensis
920 4151 933 4201 ;
986 4131 1265 4205 episcopi,
1317 4130 1519 4187 Simon
1559 4130 1802 4204 Agenni,
1845 4131 1991 4204 Rey-

342 4223 556 4282 naldus
602 4219 999 4294 Petragoriczs,
1049 4221 1375 4277 Ademarus
1444 4219 1771 4292 Egolismse,
1827 4219 1990 4276 Hodo

338 4313 608 4386 Bigerra,
653 4311 958 4368 Berandus
1005 4313 1430 4378 Convenarum,
1491 4309 1698 4365 Petrus
1758 4309 1988 4379 Adurze,

339 4401 638 4474 Stphanus
680 4399 966 4456 Vasatum
1015 4401 1074 4454 et
1123 4398 1453 4454 Bernardus
1483 4397 1794 4470 Aquensis.
1839 4397 1988 4462 Quid

337 4507 472 4547 vero
509 4506 578 4547 ex
595 4488 690 4546 his
725 4487 984 4546 collectis
1031 4487 1336 4560 profecerit
1385 4487 1672 4556 Urbanus,
1715 4504 1829 4542 non
1861 4491 1983 4543 tra-

338 4580 488 4636 dunt
506 4581 792 4646 auctores,
825 4577 940 4633 nisi
982 4577 1096 4633 huc
1141 4577 1443 4644 referatur,
1476 4577 1632 4650 quod
1665 4577 1774 4633 sub
1807 4578 1983 4633 ﬁnem

336 4669 517 4741 hujus
547 4667 685 4725 anni
713 4667 960 4723 Romam
1005 4666 1311 4740 ingressus
1358 4671 1468 4732 est,
1517 4669 1584 4721 ut
1611 4682 1746 4722 mox
1775 4667 1986 4722 dicturi

333 4759 649 4829 sumus;et
667 4755 822 4830 quod
851 4754 1146 4824 Gofridus,
1180 4754 1290 4810 hoc
1319 4755 1448 4828 ipso
1491 4772 1644 4811 anno
1679 4755 1984 4812 institutus

335 4845 519 4903 abbas
554 4845 887 4914 Vindocini,
939 4845 1040 4918 qui
1086 4843 1481 4918 quatriduana
1522 4844 1680 4900 febre
1711 4845 1984 4902 detentus

334 4935 599 4992 nondum
616 4935 889 4991 accedere
913 4934 986 4990 ad
1009 4934 1346 5006 pontiﬁcem
1363 4937 1650 5006 potuerat,
1667 4941 1726 4990 ut
1757 4951 1826 4990 ex
1854 4935 1982 5006 ejus

332 5023 582 5098 epistola
601 5026 652 5094 1,
684 5023 788 5080 lib.
812 5041 830 5080 1
852 5024 924 5080 ad
943 5023 1140 5096 ipsum
1183 5022 1484 5080 Urbanum
1523 5025 1658 5080 data
1681 5027 1854 5096 patet,
1888 5024 1982 5079 his

334 5111 565 5182 litteris,
599 5117 666 5170 ut
701 5113 930 5170 videtur
971 5111 1256 5169 excitatus
1287 5113 1397 5168 sub
1427 5113 1607 5184 hujus
1632 5113 1768 5168 anni
1803 5113 1983 5169 ﬁnem

333 5205 436 5260 aut
461 5201 630 5259 initio
679 5201 978 5275 sequentis
1027 5217 1160 5256 cum
1207 5217 1420 5274 magna
1447 5201 1704 5274 pecuniae
1747 5219 1983 5257 summa

335 5291 582 5348 Romam
614 5290 931 5358 advenerit,
985 5289 1264 5362 pontiﬁci,
1298 5293 1364 5345 ut
1409 5290 1671 5347 dicemus
1704 5309 1854 5348 anno
1888 5309 1980 5348 se-

333 5380 558 5453 quenti,
591 5395 806 5452 magno
827 5380 1166 5452 adjumento
1195 5379 1446 5435 futurus.

331 5469 612 5526 CXXXIX.
680 5470 983 5540 Privilegia
1039 5485 1142 5541 pro
1193 5471 1538 5525 monasteriis
1601 5485 1738 5526 novo
1796 5471 1979 5524 Picta-

402 5543 598 5609 viensi,
629 5541 1074 5613 S._Quintin.iano
1122 5541 1513 5603 Bellovacensi.
1545 5543 1904 5613 Burguliensi
1931 5547 1984 5596 et

401 5613 641 5670 Ecclesia
681 5611 1044 5684 Syracusana.

403 5699 694 5759 Nonnulla
715 5699 1012 5774 privilegia
1031 5701 1138 5757 hoc
1161 5718 1312 5758 anno
1337 5700 1570 5758 labente
1595 5701 1837 5759 diversis
1869 5701 1978 5758 Ec-

2113 590 2466 646 monasterio
2490 607 2635 647 novo
2657 579 3026 659 Pictaviensi,
3041 607 3157 664 quo
3179 587 3548 664 privilegium
3569 589 3768 648 eidem

2109 677 2233 735 loco
2281 697 2315 735 a
2363 680 2638 752 Gregorio
2677 681 2799 744 Vll,
2829 680 3124 736 indultum
3155 679 3538 737 conﬁrmatur
3581 679 3769 737 simul

2111 785 2244 824 cum
2261 767 2507 825 ecclesia
2541 769 2732 825 Sancti
2760 769 2998 838 Nicolai,
3025 787 3174 854 quis,
3205 769 3394 842 pulsis
3428 770 3638 826 exinde
3665 787 3768 827 ca-

2110 857 2337 913 nonicis
2397 858 2546 914 male
2601 860 2950 926 viventibus,
3011 861 3070 915 in
3122 859 3368 915 consilio
3416 859 3766 931 provinciali

2109 946 2296 1002 eidem
2330 949 2684 1004 monasterio
2735 949 2924 1004 fuerat
2981 948 3282 1004 attributa.
3344 948 3472 1004 Haec
3498 947 3664 1004 bulla
3692 967 3769 1006 ex

2111 1035 2342 1091 archivo
2397 1037 2663 1108 ejusdem
2704 1036 2812 1092 loci
2873 1037 3190 1110 descripta,
3250 1037 3388 1092 data
3427 1041 3516 1094 est
3543 1037 3637 1094 die
3668 1056 3768 1094 xvr

2111 1124 2499 1181 Kalendarum
2539 1125 2976 1192 Novembrium,
3011 1125 3310 1200 Ceperani,
3343 1125 3442 1198 qui
3471 1126 3638 1183 locus
3670 1131 3768 1184 est

2111 1211 2168 1266 in
2193 1211 2328 1268 latio
2355 1212 2639 1270 dioecoesis
2679 1214 2980 1270 Verulana:
3003 1215 3075 1270 ad
3120 1215 3313 1287 Lyrim
3361 1214 3625 1270 ﬂuvium.
3659 1217 3766 1270 Ce-

2110 1317 2326 1372 perano
2347 1302 2650 1375 digressus
2672 1303 2928 1374 pontifex
2951 1303 3276 1376 Anagniam
3305 1303 3586 1369 venit,ubi
3617 1321 3762 1358 cum

2109 1389 2348 1461 aliquod
2389 1395 2621 1464 tempus
2647 1391 2836 1464 egisse
2871 1408 2938 1447 ex
2957 1391 3132 1448 variis
3151 1390 3572 1465 diplomatibus
3585 1391 3765 1449 colli-

2109 1477 2324 1551 gimus.
2357 1479 2618 1535 Primum
2651 1498 2720 1536 ex
2741 1481 2833 1536 his
2869 1481 3070 1537 datum
3094 1484 3184 1536 est
3212 1479 3270 1536 in
3297 1481 3542 1554 gratiam
3579 1499 3768 1538 cano-

2110 1566 2372 1623 nicorum
2405 1568 2761 1641 regularium
2794 1570 2991 1626 Sancti
3020 1569 3283 1634 Quintini
3344 1586 3521 1642 prope
3570 1570 3767 1627 Bello-

2108 1672 2338 1722 vacum,
2389 1657 2482 1713 die
2526 1676 2587 1712 ιιι
2640 1659 2777 1714 Idus
2824 1657 3166 1714 Novembris
3213 1676 3225 1727 ;
3282 1658 3532 1714 alterum
3566 1659 3660 1715 die
3692 1661 3769 1714 20

2108 1745 2374 1817 ejusdem
2425 1746 2645 1803 mensis
2695 1763 2798 1819 pro
2832 1747 3186 1804 monasterio
3218 1746 3592 1820 Burguliensi
3622 1748 3769 1804 diae-

2110 1833 2260 1890 cesis
2288 1835 2744 1908 Andegavensis,
2776 1835 2870 1892 cui
2906 1834 3032 1892 loco
3064 1839 3206 1892 tunc
3237 1839 3484 1908 praeerat
3511 1835 3767 1894 celebris

2111 1921 2642 1996 Baldricus,postea
2670 1923 2935 1982 Dolensis
2965 1925 3238 1993 antistes;
3298 1925 3537 1980 tertium
3572 1925 3767 1999 Roge-

2112 2009 2198 2065 rio
2257 2015 2632 2084 Syracusanae
2679 2012 2944 2068 Ecclesiae
2996 2013 3056 2069 in
3115 2012 3312 2070 Sicilia
3364 2013 3638 2087 episcopo
3670 2015 3768 2070 in-

2113 2099 2418 2172 scriptum,
2439 2103 2531 2156 cui
2555 2119 2588 2157 a
2609 2119 2669 2158 se
2687 2119 2889 2158 recens
2913 2106 3248 2159 consecrato
3268 2101 3540 2160 Urbanus
3559 2103 3770 2160 omnia

2112 2187 2350 2243 omnino
2381 2189 2689 2244 conﬁrmat
2736 2206 2861 2262 quas
2916 2188 3198 2262 Rogerius
3255 2205 3452 2246 comes
3491 2188 3766 2247 Ecclesia;

2111 2276 2488 2349 Syracusanae
2519 2277 2861 2334 contulerat.
2923 2279 3095 2333 Error
3150 2277 3384 2350 irrepsit
3425 2279 3580 2350 apud
3614 2279 3766 2336 Roc-

2112 2365 2290 2420 chum
2305 2365 2592 2438 Pyrrhum
2619 2367 2674 2421 in
2693 2365 2892 2422 Sicilia
2909 2383 3096 2433 sacra,
3130 2366 3231 2421 ubi
3279 2365 3399 2422 haec
3444 2367 3604 2424 bulla
3623 2369 3769 2425 data

2112 2441 2327 2509 dicitur
2367 2455 2680 2511 indictione
2728 2473 2832 2524 xv;
2873 2473 3010 2511 nam
3038 2458 3253 2512 caeteras
3285 2459 3436 2511 notis
3468 2455 3765 2514 chronica:

2112 2543 2378 2616 praesenti
2395 2561 2568 2612 anno,
2597 2561 2772 2617 quem
2796 2545 3013 2600 diserte
3034 2543 3483 2617 reipsaindicat,
3517 2545 3766 2603 omnino

2111 2633 2480 2688 conveniunt.
2517 2635 2582 2688 Et
2629 2633 2867 2706 quidem
2900 2633 3184 2706 Rogerius
3214 2635 3353 2688 tunc
3380 2635 3438 2688 in
3460 2640 3769 2707 conquestu

2109 2721 2315 2778 Sicilia:
2335 2723 2660 2795 episcopales
2696 2723 2949 2778 ecclesias
2968 2722 3264 2791 ordinavit,
3297 2725 3363 2778 ut
3381 2721 3480 2778 ille
3508 2723 3767 2796 ipsemet

2106 2815 2359 2866 testatur
2383 2811 2440 2866 in
2465 2811 2694 2868 duabus
2716 2811 2937 2868 chartis
2984 2811 3251 2882 ejusdem
3281 2811 3439 2880 anni,
3455 2811 3527 2867 ab
3548 2813 3763 2869 eodem

2108 2899 2336 2956 Roccho
2367 2901 2544 2973 Pyrro
2597 2901 2818 2970 relatis,
2871 2916 3123 2973 quarum
3173 2916 3293 2956 una
3348 2917 3451 2972 pro
3499 2901 3767 2960 Ecclesia

2103 2989 2502 3063 Agrigentina,
2535 2990 2717 3046 altera
2743 3007 2847 3063 pro
2879 2989 3135 3046 Ecclesia
3157 2989 3522 3057 Mazariensi,
3549 3006 3762 3049 mense

2107 3078 2338 3135 Octobri
2365 3079 2642 3135 datatuit.

2113 3183 2266 3241 CXL.
2303 3185 2610 3244 Christiani
2657 3189 2718 3242 in
2744 3188 3025 3260 Hispania
3051 3187 3375 3259 praevalent.
3418 3189 3767 3260 Rescriplum

2573 3273 2580 3280 '
2603 3275 2706 3331 pro
2729 3259 2924 3315 Sancto
2938 3259 3256 3314 Saturnino.

2186 3365 2346 3430 Quod
2401 3365 2682 3439 Rogerius
2713 3366 2771 3422 in
2803 3365 3022 3434 Sicilia,
3053 3365 3162 3422 hoc
3191 3366 3388 3438 ipsum
3418 3367 3562 3422 varii
3593 3367 3763 3438 prin-

2115 3454 2271 3526 cipes
2301 3453 2611 3510 Christiani
2643 3456 2795 3528 apud
2841 3455 3154 3528 Hispanias
3193 3455 3254 3510 in
3299 3455 3596 3512 catholica;
3630 3456 3768 3513 reli-

2111 3542 2302 3614 gionis
2349 3549 2732 3616 augmentum
2778 3544 3152 3617 prastabant,
3199 3560 3266 3600 eo
3299 3542 3522 3600 scilicet
3551 3545 3766 3603 intenti

2111 3635 2194 3699 ut,
2227 3633 2445 3689 Mauris
2475 3633 2690 3706 pulsis,
2721 3633 2898 3690 simul
2943 3650 3078 3690 cum
3105 3649 3282 3707 regno
3321 3637 3551 3707 terreno
3580 3633 3764 3692 etiam

2107 3720 2319 3778 Christi
2344 3722 2657 3795 imperium
2681 3723 2739 3778 in
2762 3721 2855 3779 his
2873 3722 3210 3796 regionibus
3241 3722 3762 3796 redintegraretur.

2105 3810 2294 3866 Testis
2315 3815 2406 3868 est
2447 3813 2576 3884 ejus
2601 3811 2683 3868 rei
2719 3810 3000 3885 locuples,
3035 3811 3340 3868 Bertoldus
3365 3812 3434 3867 ad
3470 3811 3628 3868 hunc
3659 3829 3766 3869 an-

2107 3916 2270 3967 num,
2295 3903 2390 3971 qui
2408 3901 2602 3957 scribit
2627 3899 3031 3968 Aldefonsum,
3066 3917 3258 3975 regem
3303 3900 3560 3958 Castaliis
3591 3906 3648 3958 et
3678 3901 3763 3959 le-

2103 3987 2314 4060 gionis,
2350 4005 2524 4061 quem
2572 3989 2668 4047 ille
2717 3997 2920 4047 auctor
2971 3989 3345 4046 Cluniacensis
3384 3991 3596 4046 abbatis
3625 3992 3762 4048 obe-

2101 4077 2460 4134 dientiarium
2512 4078 2786 4152 appellat,
2832 4079 3079 4152 paganis
3111 4095 3263 4151 szspe
3322 4078 3629 4151 prostratis
3697 4086 3761 4138 et

2099 4166 2336 4238 fugatis,
2370 4166 2587 4224 multas
2616 4167 2915 4237 ecclesias,
2941 4184 3068 4239 quas
3100 4167 3172 4224 ab
3206 4167 3322 4224 illis
3353 4167 3620 4224 barbaris
3652 4169 3758 4226 de-

2101 4259 2334 4310 structas
2367 4257 2614 4326 fuerant,
2670 4257 2760 4313 his
2814 4257 3147 4329 temporibus
3205 4273 3530 4330 reparasse.
3583 4257 3756 4315 Haud

2097 4343 2310 4400 minori
2333 4343 2526 4402 animo
2552 4347 2760 4420 agebat
2783 4345 2841 4402 in
2869 4345 3104 4402 Mauros
3135 4345 3382 4402 Saucius
3412 4347 3756 4418 Aragonen-

2097 4431 2250 4490 sium
2295 4451 2412 4502 rex,
2447 4451 2622 4507 quem
2654 4434 2925 4492 Urbanus
2965 4436 3026 4491 in
3057 4435 3340 4508 rescripto
3371 4435 3444 4491 ad
3475 4435 3754 4496 abbatem

2095 4522 2290 4579 Sancti
2307 4523 2555 4581 Joannis
2572 4524 2643 4580 de
2664 4524 2881 4595 Penna,
2903 4526 3292 4582 charissimam
3306 4525 3550 4580 amicum
3569 4542 3751 4584 suum

2014 4615 2060 4681 1)
2091 4611 2365 4685 appellat.
2421 4613 2542 4678 Quo
2593 4618 2788 4672 autem
2829 4619 3090 4688 tempore
3149 4613 3352 4670 datum
3411 4613 3589 4670 fuerit
3636 4614 3751 4674 hoc

2095 4701 2269 4757 rescri
2277 4707 2445 4775 ptum
2459 4703 2617 4758 haud
2641 4702 2826 4775 liquet
2851 4721 2864 4772 ;
2889 4708 2947 4759 at
2968 4719 3101 4760 cum
3124 4720 3278 4759 anno
3297 4702 3568 4774 sequenti
3599 4704 3752 4761 San-

2093 4791 2220 4848 cius
2241 4807 2358 4860 rex,
2393 4809 2568 4865 quem
2594 4791 2865 4848 Urbanus
2893 4792 2950 4847 in
2975 4808 3041 4848 eo
3072 4793 3288 4864 scripto
3305 4790 3530 4849 salvere
3551 4794 3746 4866 jubet,

2092 4879 2258 4937 initio
2285 4881 2508 4937 mensis
2549 4881 2711 4937 Junii
2761 4881 3098 4938 occubuerit
3127 4881 3187 4937 in
3210 4882 3368 4939 Osca:
3399 4882 3568 4938 urbis
3593 4883 3750 4941 obsi-

2093 4969 2284 5040 dione,
2317 4969 2409 5026 vix
2440 4970 2596 5027 ultra
2626 4975 2976 5044 praesentem
3023 4988 3246 5028 annum
3279 4975 3472 5046 potest
3501 4971 3743 5045 differri.

2093 5059 2154 5116 In
2211 5077 2278 5116 eo
2321 5060 2593 5117 abbatem
2654 5061 3010 5119 Pinnensem
3057 5062 3431 5136 reprehendit
3460 5063 3742 5136 pontifex,

2092 5149 2245 5220 quod
2298 5149 2556 5207 decimas
2601 5151 2856 5207 ecclesiae
2884 5151 3080 5208 Sancti
3123 5151 3423 5208 Saturnini
3473 5151 3744 5210 Tolosani

2091 5238 2390 5294 canonicis
2407 5239 2633 5296 debitas
2663 5239 2994 5298 invasisset.

2198 5344 2717 5434 CXLIxDecretalis
2759 5349 3212 5434 adﬂominicum
3253 5350 3638 5434 patriarcham

2375 5417 2718 5476 Gradensem.
2750 5421 3118 5492 Privilegium
3149 5417 3452 5479 Lirinense.

2161 5521 2326 5579 Haud
2357 5524 2632 5582 dissimili
2661 5527 2884 5584 ratione
2940 5529 3012 5584 ad
3044 5528 3200 5584 hunc
3233 5545 3466 5601 quoque
3515 5546 3741 5586 annum

2088 5613 2343 5668 revocari
2365 5619 2553 5686 potest
2568 5614 2874 5674 decretalis
2897 5617 3114 5674 Urbani
3135 5617 3380 5690 epistola
3397 5619 3468 5674 ad
3485 5619 3743 5675 Domini-

2089 5717 2224 5759 cum
2251 5703 2609 5761 Gradensem
2633 5705 3049 5777 patriarcham,
3081 5708 3146 5764 (le
3165 5707 3518 5764 excludendis
3547 5725 3581 5765 a
3607 5723 3744 5764 suo-
