3972 6380
116 408 228 484 11οτ

1707 420 1922 496 'VITA.

3395 392 3515 501 us
3576 377 3584 388 ’

114 567 233 612 rum
250 551 525 627 graduum
552 552 819 630 dignitate
841 556 1187 619 subdiaconis
1214 560 1266 619 si
1286 560 1620 619 continentes
1642 578 1753 620 esse
1780 564 1837 633 Α
1865 581 1934 622 ex
1984 561 2252 624 Bertoldo
2301 566 2538 624 auctore
2585 565 2794 642 equali
2842 570 2901 626 et
2944 564 3211 626 accurato
3262 570 3507 639 constat,
3578 558 3581 559 ⁷

117 644 474 718 noluntEjus
504 646 764 720 epistolas
794 648 1191 725 fragmentum
1222 650 1535 709 Gratianus
1565 651 1765 711 retulit

116 732 171 791 in
200 733 430 791 decreto
455 735 593 793 dist.
625 738 715 807 32,
747 732 873 813 cap.
908 756 973 809 ιι,
1002 741 1356 798 Erubescant.
1389 741 1760 798 Dominicum

116 825 427 893 autem,cui
461 825 805 883 inscribitur
834 828 957 885 haec
988 829 1381 902 epistola,sub
1414 831 1593 904 hujus
1624 831 1762 888 anni

118 913 305 983 finem,
340 918 443 970 aut
470 915 642 971 initio
674 918 970 990 sequentis
1001 918 1217 975 obiisse
1245 920 1576 994 colligimus
1598 937 1666 977 ex
1695 938 1761 977 eo

118 1003 286 1078 quod,
312 1007 465 1060 teste
494 1004 739 1078 Ughello
770 1007 829 1063 in
862 1007 1031 1063 Italia
1068 1025 1253 1065 sacra.
1283 1009 1536 1066 Joannes
1567 1013 1624 1065 et
1652 1010 1760 1066 Pe-

115 1095 257 1159 trus,
289 1110 447 1150 unus
479 1099 617 1165 post
648 1094 901 1151 alterum
947 1096 998 1151 ei
1030 1114 1183 1154 anno
1216 1099 1353 1154 1094
1385 1098 1444 1154 in
1478 1098 1762 1155 Gradensi

118 1181 368 1238 Ecclesia
394 1183 811 1240 successerint.
840 1184 1102 1258 Denique
1126 1187 1199 1243 ad
1231 1186 1387 1243 hunc
1418 1205 1638 1244 annum
1672 1206 1759 1244 re-

116 1270 351 1327 ferimus
379 1271 756 1346 privilegium
774 1274 1761 1334 monasteriiLirinensisAldeberto

116 1359 302 1416 abbati
334 1360 716 1434 inscriptum,
746 1363 921 1435 quod,
953 1364 1061 1420 etsi
1109 1364 1166 1420 in
1198 1364 1448 1439 vulgatis
1480 1366 1760 1439 exemplis

114 1448 334 1506 nullam
369 1449 757 1525 chronologiaa
790 1456 988 1509 notam
1019 1454 1305 1527 praeferat,
1340 1472 1374 1510 a
1421 1455 1641 1511 Barrali
1680 1460 1764 1511 ta-

112 1554 262 1605 men,
298 1538 397 1609 qui
428 1541 626 1595 vetera
656 1540 784 1611 ejus
818 1542 1160 1599 monasterii
1199 1542 1595 1600 instrumenta
1625 1562 1759 1600 con-

113 1631 397 1700 spexerat,
457 1627 566 1683 hoc
625 1646 776 1685 anno
839 1629 1216 1704 consignetur
1272 1632 1330 1686 in
1389 1631 1763 1707 chronologia

112 1715 415 1773 Lirinensi.
447 1718 533 1773 Ad
585 1719 863 1775 eumdem
913 1736 1159 1789 annum,
1196 1720 1246 1776 si
1296 1721 1443 1777 bene
1493 1721 1761 1794 conjicio,

108 1804 365 1863 revocari
392 1806 563 1863 debet
594 1807 758 1863 bulla
785 1825 889 1880 pro
917 1809 1279 1882 parthenone
1314 1811 1537 1867 Sanctae
1568 1811 1761 1868 Mariae

108 1893 413 1968 inGampo
454 1895 661 1952 Martio
709 1897 934 1953 ordinis
980 1898 1340 1955 Benedictini
1392 1900 1612 1969 Romae,
1646 1917 1760 1972 qua

108 1982 378 2041 Urbanus
418 1984 569 2041 duos
619 1985 860 2042 abbates
908 1987 1203 2044 Romanos
1244 1994 1301 2044 et
1334 2005 1518 2044 unum
1548 1988 1759 2045 Arimi-

108 2089 353 2130 nensem
379 2078 823 2131 conservatores
853 2076 981 2146 ejus
1030 2076 1140 2132 loci
1180 2078 1628 2150 possessionum
1660 2080 1758 2135 de-

109 2162 401 2235 signat,ut
430 2162 609 2219 habet
636 2163 957 2220 Chronicon
986 2165 1116 2236 ejus
1146 2165 1257 2222 loci
1284 2167 1439 2238 apud
1472 2166 1766 2223 Martinel-

107 2250 251 2308 lum.
283 2251 440 2307 Data
470 2250 691 2307 dicitur
733 2253 887 2325 apud
933 2258 1202 2310 sanctum
1252 2255 1484 2311 Petrum
1530 2256 1600 2311 28
1649 2257 1763 2312 No-

107 2340 392 2409 vembris,
425 2357 579 2397 anno
610 2359 668 2397 v1
697 2342 1073 2414 pontiﬁcatus
1105 2342 1344 2413 Urbani,
1388 2361 1560 2417 quem
1611 2345 1764 2402 male

107 2429 529 2502 interpretatur
582 2448 803 2486 annum
855 2431 993 2487 1094
1042 2432 1403 2505 Hiacynthus
1454 2434 1525 2489 de
1571 2434 1763 2490 Nobili

109 2510 393 2577 Chronici
433 2524 657 2576 auctor.
692 2520 753 2576 Id
805 2523 1001 2577 tamen
1052 2522 1410 2578 incommodi
1458 2527 1564 2589 est,
1608 2524 1763 2597 quod

113 2625 179 2665 ex
207 2607 378 2665 bulla
409 2625 513 2681 pro
540 2608 802 2666 Ecclesia
831 2610 1199 2683 Syracusana
1229 2611 1497 2684 superius
1526 2611 1765 2669 laudata

111 2698 386 2755 Urbanus
417 2696 691 2754 Kalendis
722 2697 867 2771 ipsis
887 2698 1226 2756 Decembris
1257 2700 1451 2757 adhuc
1482 2701 1763 2774 Anagniae

108 2786 476 2843 versabatur.

153 2894 368 2952 CXLII.
399 2894 643 2950 Anselmi
672 2895 1070 2967 archiepiscopi
1097 2896 1520 2954 Mediolanensis
1548 2915 1712 2956 mors.

626 2968 891 3039 Amat/us
918 2969 973 3024 ei
998 2969 1254 3024 succedit.

175 3054 395 3111 Amisit
423 3055 532 3111 sub
555 3053 736 3127 hujus
765 3055 904 3111 anni
934 3057 1111 3113 ﬁnem
1146 3057 1418 3114 Urbanus
1447 3075 1599 3131 papa
1626 3061 1767 3115 stre-

108 3143 474 3201 nuissimum
506 3144 765 3216 partium
781 3162 1020 3202 suarum
1049 3147 1769 3221 propugnatorem,Ansel-

113 3249 283 3290 mum
332 3233 830 3291 Mediolanensem
877 3235 1404 3309 archiepiscopum,
1452 3255 1487 3293 a
1534 3254 1670 3310 quo,
1704 3240 1769 3292 ut

1869 669 1986 712 non
2014 654 2083 712 ab
2114 671 2255 725 uno,
2288 664 2632 730 quanquam
2662 658 2722 716 id
2751 664 2885 732 post
2903 674 3090 717 unum
3121 673 3343 716 annum
3373 658 3517 714 inte~

1869 759 2041 818 grum
2075 761 2110 801 a
2138 762 2245 802 sta
2275 745 2555 804 electione
2600 748 2818 807 factum
2866 750 3060 817 fuerit,
3097 749 3201 806 sed
3250 766 3287 804 a
3326 746 3536 804 tribus.

1870 834 2161 907 episcopis
2191 834 2513 906 catholicis,
2546 854 2799 910 quorum
2842 839 3083 895 nomina
3133 839 3290 894 idem
3321 841 3539 899 auctor.

1869 928 2150 992 recenset,
2199 929 2576 984 consecratus
2625 926 2756 994 fuit,
2790 931 2856 984 ut
2902 945 3009 985 suo
3056 927 3183 985 loco
3232 926 3535 988 dicemus“

1870 1012 1999 1069 Haec
2032 1012 2332 1070 occasione
2363 1016 2559 1072 obitus
2584 1016 2867 1073 Anselmi.
3356 1079 3364 1085 ,
3524 1076 3529 1081 .

1870 1118 2104 1176 CXLIII.
2138 1121 2422 1177 Anselmus
2448 1122 2508 1192 ﬁt
2536 1124 2817 1252 epiiscogétts
2859 1125 3195 1181 Cantuariz.
3230 1124 3366 1181 Cum
3392 1139 3519 1196 rege

2612 1212 2710 1251 issi
2805 1238 2817 1250 .

2612 1212 2817 1251 εδδῑαϐῐ.

1940 1279 2260 1348 Jacturam,
2305 1298 2484 1355 quam
2530 1287 2716 1341 morte
2754 1284 3015 1342 Anselmi
3066 1276 3530 1345 Mediolanensis.

1870 1385 2147 1443 perpessa
2193 1374 2283 1425 est
2324 1370 2583 1427 Ecclesia
2631 1373 2914 1442 Romana,
2941 1374 3171 1447 egregie
3220 1373 3525 1435 resarcivit.

1870 1458 2109 1515 alterius
2140 1459 2399 1515 Anselmi
2429 1460 2487 1515 in
2513 1461 2991 1518 Cantuariensem
3014 1462 3527 1535 archiepiscopum.

1871 1545 2181 1614 ordinatio,
2215 1562 2343 1618 quae
2375 1547 2484 1603 hac
2514 1548 2644 1620 ipsa
2673 1548 2765 1604 die
2799 1549 3091 1607 celebrata
3128 1553 3235 1615 est,
3265 1550 3324 1606 id
3357 1553 3448 1605 est
3476 1565 3524 1604 ιι.

1869 1635 2065 1691 Nonas
2096 1634 2453 1706 Decembris,
2500 1653 2617 1708 qua
2660 1637 3114 1694 Mediolanensis
3142 1637 3456 1695 Anselmus
3486 1653 3517 1693 e

1868 1724 2014 1779 vivis
2071 1723 2333 1780 excessit.
2395 1724 2556 1781 Hanc
2601 1728 2799 1781 tamen
2867 1742 3073 1798 graves
3119 1725 3521 1791 dissensiones,
3564 1752 3565 1755 η

1870 1813 2194 1869 subsecutae
2252 1817 2392 1869 sunt
2447 1813 2602 1869 inter
2649 1814 2846 1887 ipsum
2896 1818 3168 1871 sanctum
3213 1814 3405 1870 virum
3462 1818 3520 1872 et

1871 1901 2183 1958 Henricum
2249 1918 2446 1975 regem
2508 1903 2744 1969 obortae,
2802 1920 2930 1975 quae
2987 1903 3089 1959 diu
3149 1903 3521 1975 multumque

1870 1990 2251 2063 Anglicanam
2284 1990 2604 2048 Ecclesiam
2635 1991 2990 2049 afﬂixerunt.
3010 1993 3395 2059 Remanserat
3420 1993 3525 2055 Ec:

1873 2079 2049 2136 clesia
2080 2080 2518 2137 Cantuariensis
2533 2081 2803 2154 episcopo
2820 2081 3026 2138 orbata
3043 2072 3184 2154 post
3212 2080 3523 2147 Lanfranci

1872 2173 2120 2225 mortem
2151 2173 2271 2225 toto
2302 2170 2855 2243 quadriennio,cum
2883 2171 3072 2242 pridie
3100 2170 3295 2226 Nonas
3327 2168 3522 2226 Martii

1871 2260 2050 2330 hujus
2078 2259 2236 2327 anni,
2269 2259 2576 2315 Dominica
2592 2260 2783 2332 prima
2801 2258 3523 2333 Quadragesimze,electus

1873 2352 1963 2404 est
1990 2349 2050 2403 in
2080 2350 2210 2419 ejus
2240 2346 2456 2418 locum,
2490 2365 2725 2404 summo
2773 2349 2954 2405 totius
3002 2349 3169 2421 regni
3219 2366 3286 2404 ac
3332 2347 3522 2420 ipsius

1872 2437 2027 2510 regis
2058 2436 2344 2509 applausu
2376 2436 2857 2507 Anselmus,tunc
2888 2435 3524 2508 Beccensisabbas,qui

1874 2527 1946 2583 ob
1980 2527 2247 2598 quaedam
2272 2526 2613 2582 monasterii
2643 2526 2735 2581 sui
2766 2526 2998 2598 negotia
3013 2525 3160 2581 forte
3179 2524 3522 2598 inAngliam

1870 2615 2297 2684 transmiserat,
2331 2613 2479 2670 nihil
2508 2615 2625 2670 tale
2654 2614 2937 2688 cogitans.
2967 2614 3212 2670 Omnem
3262 2613 3522 2685 lapidem

1871 2705 2053 2761 movit
2079 2704 2169 2759 vir
2198 2707 2535 2773 sanctus,ut
2565 2721 2599 2760 a
2629 2719 2690 2759 se
2717 2706 2950 2760 tantum
2981 2719 3131 2759 onus
3161 2700 3522 2770 amoliretur,

1873 2795 1948 2852 ad
1973 2794 2131 2866 quod
2163 2809 2225 2850 se
2255 2793 2456 2850 minus
2484 2797 2691 2866 aptum
2723 2808 2852 2849 esse
2882 2791 3110 2848 sincero
3142 2791 3338 2849 animo
3359 2806 3528 2863 repu-

1871 2884 2054 2940 tabat.
2084 2882 2226 2939 Visa
2256 2886 2347 2939 est
2376 2883 2427 2939 ei
2460 2884 2792 2956 opportuna
2838 2881 3197 2938 declinanda;
3226 2879 3410 2952 hujus
3439 2879 3528 2947 di:

1873 2971 2116 3046 gnitatis
2170 2971 2421 3039 occasio,
2475 2970 2738 3027 schisma
2798 2970 2955 3042 quod
3012 2973 3152 3025 tunc
3207 2967 3529 3035 Ecclesiam

1875 3061 2201 3117 Romanam
2232 3060 2574 3117 afflictabat.
2600 3060 2824 3132 Quippe
2852 3074 2987 3115 cum
3018 3057 3282 3115 nondum
3312 3056 3374 3113 in
3411 3057 3533 3113 Ans-

1875 3149 2013 3223 glia,
2045 3149 2129 3206 sic
2152 3165 2287 3223 rege
2310 3148 2561 3217 volente,
2590 3149 2723 3220 quis
2757 3165 2861 3221 pro
2907 3163 3041 3203 vero
3073 3146 3347 3219 pontifice
3372 3148 3530 3202 esset

1878 3236 2206 3304 habendus,
2239 3236 2598 3293 declaratum
2632 3236 2857 3304 fuisset,
2891 3235 3015 3308 ipse
3055 3234 3250 3309 palam
3300 3235 3528 3290 denun-

111 3323 395 3390 diximus,
454 3323 757 3380 Conradus
814 3329 948 3381 ante
1017 3324 1242 3398 aliquot
1298 3342 1530 3382 menses
1598 3326 1761 3399 regni
1790 3313 1834 3380 C
1871 3326 2037 3382 tiavit
2088 3343 2151 3383 se
2198 3343 2450 3399 semper,
2499 3341 2851 3399 quocunque
2900 3325 3074 3381 modo
3123 3339 3217 3380 res
3254 3326 3522 3392 verteret,

112 3412 532 3486 Langobardize
558 3428 773 3469 corona
798 3413 1116 3488 insignitus
1146 3415 1355 3471 fuerat.
1386 3416 1526 3487 Ejus
1556 3414 1761 3471 mortis

112 3518 337 3558 annum
367 3501 587 3558 indicat
618 3502 943 3571 Bertoldus,
977 3502 1134 3559 diem
1179 3521 1314 3559 vero
1366 3503 1651 3560 discimus
1693 3521 1762 3559 ex

107 3591 291 3648 veteri
323 3591 589 3664 catalogo
619 3591 1192 3665 archiepiscoporum
1212 3591 1758 3661 Mediolanensium,

110 3698 284 3755 quem
317 3684 518 3737 noster
545 3680 917 3738 Mabillonius
948 3686 1104 3738 tomo
1135 3683 1157 3738 Ι
1189 3682 1389 3739 Μηδεθί
1420 3681 1602 3738 Italici
1637 3681 1759 3736 vul-

109 3771 288 3844 gavit,
340 3769 441 3826 ubi
490 3769 803 3827 Anselmus
864 3771 1088 3828 sedisse
1140 3772 1353 3828 dicitur
1403 3788 1587 3827 annos
1636 3788 1757 3837 vm,

109 3875 343 3917 menses
371 3877 409 3915 v
454 3864 513 3915 et
559 3859 685 3915 dies
729 3878 805 3929 1v,
838 3876 905 3916 ac
936 3860 1154 3917 obiisse
1198 3860 1383 3934 pridie
1413 3860 1607 3917 Nonas
1653 3860 1760 3916 De-

110 3948 664 4022 cembris,sepultus
692 3949 749 4005 in
781 3948 1024 4006 basilica
1045 3949 1762 4023 apostolorum.Substitu-

106 4045 201 4096 tus
232 4043 322 4096 est
354 4038 407 4095 ei
453 4038 731 4095 Arnulfus
768 4055 869 4095 seu
900 4039 1196 4109 Arnolfus,
1231 4056 1406 4113 quem
1454 4040 1761 4096 Bertoldus

106 4128 415 4185 Arnoldum
448 4127 513 4184 de
533 4132 701 4185 Porta
726 4137 987 4199 argentea
1018 4133 1338 4202 nuncupat.
1362 4128 1539 4184 Plura
1567 4129 1637 4185 de
1667 4128 1761 4185 his

107 4218 328 4275 habent
356 4216 984 4291 Puricellus,Sigonius
1003 4217 1065 4275 in
1091 4218 1345 4275 Historia
1359 4217 1518 4292 regni
1552 4217 1757 4284 Italici,

105 4314 161 4364 et
190 4305 631 4380 Papebrochius
682 4308 741 4363 in
772 4307 1034 4381 catalogo
1080 4306 1606 4364 Mediolanensium
1639 4307 1757 4380 epi-

108 4412 419 4470 scoporum
439 4399 596 4452 tomo
608 4395 706 4453 VII
721 4397 856 4453 Maii
870 4395 1385 4469 Bollandiani,qum
1400 4397 1471 4452 ad
1491 4400 1760 4452 nostrum

109 4486 447 4544 institutum
483 4502 598 4541 non
630 4485 1183 4542 attinent.Arnulfus
1197 4485 1495 4542 nonnullis
1511 4485 1759 4541 fortasse

109 4575 498 4642 videbitur,ut
517 4573 756 4647 quidem
786 4574 1046 4648 plerique
1077 4575 1392 4641 censent,is
1424 4574 1549 4647 ipse
1579 4573 1761 4630 fuisse

1868 3415 2124 3483 Urbano,
2169 3414 2343 3470 sicuti
2394 3432 2584 3488 usque
2632 3431 2790 3471 nunc
2837 3414 3070 3485 fecerat,
3122 3412 3518 3469 obediturum.

1871 3504 2051 3576 quue
2081 3507 2444 3561 contestatus
2492 3508 2605 3568 est,
2637 3504 2792 3575 quod
2836 3518 3035 3559 revera
3081 3500 3166 3557 sic
3213 3500 3275 3556 in
3324 3501 3518 3558 animo

1868 3593 2131 3659 haberet,
2163 3596 2290 3647 tum
2322 3592 2461 3664 quia
2489 3607 2559 3647 ex
2589 3589 2979 3647 declarations
3023 3589 3298 3661 sperabat
3335 3605 3398 3644 se
3443 3588 3516 3643 ab

1867 3681 2072 3755 Anglis
2124 3682 2405 3752 rejectum
2450 3680 2539 3735 iri.
2576 3684 2648 3735 At
2677 3678 2826 3734 nihil
2858 3677 3096 3734 omnino
3126 3677 3391 3749 profecit.
3424 3675 3518 3732 llli

1869 3772 2023 3828 enim
2059 3773 2397 3826 constanter
2424 3768 2486 3823 in
2536 3767 2832 3842 proposito
2860 3767 3323 3839 perseverarunt.
3351 3763 3523 3830 Quod

1870 3860 1997 3934 ipse
2026 3864 2279 3917 testatur
2306 3859 2367 3915 in
2393 3858 2642 3932 epistola
2669 3859 2762 3925 24,
2792 3856 2931 3913 libri
2961 3871 3047 3925 ιιι,
3081 3856 3166 3911 sic
3206 3856 3278 3911 ad
3322 3853 3517 3927 Hugo-

1870 3968 2005 4007 nem
2036 3951 2488 4023 Lugdunensem
2519 3948 2784 4005 scribens
2818 3964 2831 4003 :
2873 3947 3178 4018 Antequam
3216 3944 3521 4017 praeberem

1869 4056 2171 4106 assensum,
2198 4041 2393 4112 potam
2426 4038 2550 4095 dixi
2596 4053 2682 4094 me
2727 4039 2911 4109 favere
2957 4036 3175 4092 domino
3218 4050 3377 4107 papae
3423 4035 3521 4092 Ur-

1872 4131 2008 4187 bano
2047 4133 2097 4185 et
2140 4128 2395 4185 Guiberto
2441 4127 2740 4183 adversari.
2774 4127 2839 4180 Et
2882 4125 2990 4197 feci
3025 4132 3077 4179 et
3117 4122 3240 4179 dixi
3283 4139 3385 4195 per
3426 4138 3524 4178 sea:

1868 4235 2082 4276 menses
2112 4218 2252 4291 quod
2273 4218 2431 4290 potui
2456 4219 2578 4272 sine
2603 4218 2909 4288 peccato,ut
2937 4214 3263 4270 dimitterer.
3295 4210 3525 4267 Illustre

1830 4308 1839 4318 ’
1870 4308 2045 4382 paulo
2078 4311 2211 4380 post
2241 4312 2299 4362 et
2328 4305 2629 4378 publicum
2663 4321 2781 4360 suae
2814 4319 2953 4377 erga
2980 4302 3283 4359 Urbanum
3332 4298 3533 4373 ponti-.
3604 4370 3609 4373 τ

1871 4398 2040 4453 ﬁcem
2073 4395 2402 4451 reverentiae
2434 4399 2492 4450 et
2523 4393 2790 4467 obsequii
2821 4394 3235 4465 argumentum
3254 4387 3521 4463 praebuit,

1871 4503 2007 4543 eum
2038 4484 2089 4541 ei
2122 4484 2339 4540 librum
2372 4485 2443 4539 de
2474 4485 2722 4551 ﬁde,seu
2745 4480 3149 4538 Incarnatione
3165 4477 3524 4551 Verbi,quod

1872 4578 2075 4631 contra
2105 4572 2478 4628 Roscelinum
2524 4570 2863 4627 haereticum
2893 4568 3340 4641 conscripserat,
3372 4584 3523 4622 nun-

110 4662 426 4723 Mediolani
458 4663 952 4738 archiepiscopus,
987 4665 1108 4737 qui,
1143 4669 1208 4721 ut
1256 4665 1315 4719 in
1361 4664 1580 4720 Urbani
1630 4663 1765 4718 Vita
1794 4682 1840 4749 ι)
1873 4664 2108 4738 cupaVit
2138 4680 2204 4720 eo
2233 4666 2496 4735 pacto,ut
2526 4662 2721 4733 ipsum
2752 4661 2881 4731 ejus
2910 4673 3170 4749 censurae
3205 4655 3525 4749 committe-

108 4750 423 4828 legitur,ab
454 4770 570 4810 uno
602 4757 830 4810 tantum
857 4754 1129 4827 episcopo
1161 4751 1446 4810 catholico
1460 4753 1764 4809 ordinatus
1794 4743 1833 4749 ”
1875 4762 1981 4812 ret.
2019 4755 2146 4811 Non
2178 4753 2282 4808 abs
2301 4768 2362 4808 re
2378 4751 2490 4807 erit
2510 4750 2626 4805 huc
2642 4747 3048 4822 proferreipsa
3066 4743 3323 4801 Anselmi
3349 4743 3527 4799 verba

110 4842 237 4911 fuit,
266 4841 479 4899 multis
504 4841 637 4899 aliis
667 4843 1054 4916 prementibus
1087 4843 1325 4916 quidem
1357 4848 1414 4899 et
1441 4842 1764 4899 assentien-

108 4930 284 4996 tibus,
332 4931 437 4988 sed
486 4946 751 4999 manum,
784 4932 940 5005 quod
989 4931 1351 4989 schismatici
1390 4936 1609 4999 essent,
1643 4949 1760 4987 non

113 5019 599 5093 imponentibus:
660 5021 879 5094 quique
936 5020 1345 5078 investituram
1394 5022 1465 5078 ab
1517 5020 1762 5078 Henrico

113 5110 397 5182 recepisse
443 5109 679 5176 dicitur,
746 5111 819 5168 ob
881 5111 1058 5184 idque
1106 5129 1139 5168 a
1196 5110 1386 5185 legato
1445 5111 1763 5185 apostolico

115 5202 525 5256 exauctoratus
583 5200 645 5255 in
702 5200 1125 5257 monasterium
1173 5200 1508 5268 secessisse,
1568 5201 1765 5273 ibique

117 5304 538 5361 perseverasse,
572 5305 762 5362 usque
793 5290 933 5345 dum
983 5290 1056 5346 ab
1086 5290 1320 5347 Urbano
1352 5290 1616 5347 Ecclesia
1648 5309 1766 5348 suae

115 5377 419 5435 restitutus
447 5394 515 5435 ac
545 5377 725 5451 pallio
755 5379 1007 5435 donatus
1036 5379 1247 5446 fuerit;
1283 5380 1384 5436 sed
1417 5379 1527 5436 hoc
1558 5380 1768 5437 melius

111 5465 382 5523 Anselmo
412 5467 546 5540 ejus
578 5466 989 5539 praedecessori
1004 5469 1524 5525 conveniuntmam
1539 5473 1771 5525 constat

112 5554 454 5613 Anselmum
485 5556 560 5613 ab
590 5555 838 5613 Henrico
869 5556 1006 5613 huic
1036 5557 1162 5613 sedi
1184 5557 1529 5630 impositum
1559 5558 1764 5625 fuisse;

116 5644 379 5717 quamvis
427 5648 654 5718 postea,
686 5648 751 5701 ut
796 5645 1073 5714 diximus,
1117 5645 1189 5702 ad
1240 5663 1463 5702 annum
1511 5647 1649 5702 1088
1697 5646 1769 5703 ad

1877 4844 2095 4918 quibus
2125 4843 2279 4898 hunc
2303 4840 2351 4897 ei
2380 4839 2596 4895 librum
2631 4836 2949 4909 rescripsit.
2975 4857 3003 4885 «
3026 4831 3273 4891 Domino
3294 4835 3353 4888 et
3369 4830 3526 4887 Patri

1874 4934 2156 4991 universae
2201 4929 2470 4987 Ecclesiae
2522 4928 2582 4983 in
2628 4931 2786 4983 terra
2832 4920 3261 4998 peregrinantis
3291 4936 3526 4977 summo

1871 5022 2136 5097 pontifici
2184 5021 2417 5077 Urbano
2472 5017 2648 5073 frater
2699 5014 3036 5081 Anselmus,
3072 5012 3191 5069 vita
3237 5014 3524 5085 peccator,

1872 5112 2081 5168 habitu
2131 5110 2479 5176 monachus,
2514 5106 2634 5164 sive
2673 5106 2941 5178 jubente,
2985 5102 3104 5159 sive
3151 5099 3529 5174 permittente

1874 5202 2012 5269 Deo,
2047 5200 2374 5256 Cantuariae
2419 5194 2762 5269 metropolis
2789 5196 3029 5250 vocatus
3066 5190 3396 5264 episcopus,
3429 5188 3528 5245 de-

1875 5290 2061 5346 bitam
2090 5289 2511 5360 subjectionem
2547 5302 2681 5343 cum
2711 5281 2924 5341 humili
2956 5280 3190 5338 servitio
3218 5282 3277 5335 et
3306 5278 3531 5335 devotis

1877 5378 2262 5436 orationibus.
2312 5379 2441 5433 Tum
2502 5378 2709 5432 librum
2766 5388 2932 5429 suum
2990 5369 3272 5443 pontiﬁcis
3317 5366 3531 5440 judicio

1876 5470 2167 5527 committit
2197 5466 2283 5523 his
2310 5466 2489 5522 verbis
2518 5483 2537 5521 :
2569 5463 2878 5534 Quoniam,
2918 5461 3120 5532 inquit,
3152 5456 3349 5514 divina
3395 5473 3528 5531 pro-

1877 5558 2140 5615 videntia
2167 5558 2422 5612 vestram
2453 5555 2629 5628 elegit
2675 5551 3071 5618 sanctitatem,
3101 5548 3196 5606 cui
3243 5546 3425 5603 vitam
3472 5547 3530 5600 et

1882 5648 2057 5704 fidem
2070 5644 2361 5704 Christian
2369 5661 2463 5701 am
2477 5643 3007 5710 custodiendam,et
3020 5636 3338 5696 Ecclesiam
3356 5649 3525 5690 suam

113 5731 321 5811 Urbani
352 5738 553 5809 partes
598 5734 929 5793 accesserit.
968 5736 1038 5792 Et
1088 5735 1329 5808 quidem
1368 5735 1672 5806 Arnulfus,
1708 5739 1774 5794 ut
1882 5737 2198 5811 regendam
2229 5732 2637 5802 committeret,
2683 5733 2753 5789 ad
2805 5731 3035 5790 nullum
3081 5727 3264 5786 alium
3312 5722 3524 5821 rectius
