3962 6438
397 429 530 518 ac

1702 443 1772 512 B.
1819 430 2126 513 URBA-NI‘
2157 441 2211 509 ll
2255 445 2506 510 ΡΑΡιΕ.

3697 429 3826 506 1‘30

388 587 664 654 refertur,
695 580 914 660 siquid
943 586 1147 642 contra
1175 582 1524 641 catholicam
1553 579 1732 640 ﬁdem
1764 581 1951 638 oritur
1983 581 2044 638 in
2073 588 2129 655 Α
2158 595 2343 638 eorum
2375 579 2710 653 injustitiam
2735 577 3030 654 adtempas
3055 577 3311 651 tolerare,
3343 591 3512 652 quam
3539 575 3824 637 Romanos

389 673 674 742 Ecclesia,
705 677 772 760 ut
800 676 930 747 ejus
961 675 1305 731 auctoritate
1334 673 1680 746 corrigatur.
1709 673 1868 745 Opus
1913 687 2050 728 vero
2161 673 2305 727 cives
2333 678 2548 726 armata
2579 687 2750 726 manu
2780 673 3110 742 inquietare.

391 767 572 824 s'uum
603 763 690 820 sic
719 761 772 821 e'i
801 763 1262 820 examinandum
1297 763 1590 835 proponit,
1634 766 1698 816 ut
1727 761 1777 816 si
1821 759 1960 832 quid
1993 759 2053 814 in

389 858 461 913 eo
515 853 932 926 corrigendum
982 857 1092 919 est,
1148 854 1266 924 ejus
1297 867 1545 906 censura
1597 849 1936 922 castigetur,
1997 851 2057 904 et

394 942 554 1018 quod
586 941 852 1015 rcgulam
880 941 1146 998 veritatis
1168 946 1343 1007 tenet,
1373 940 1502 1011 ejus
1523 937 1866 994 auctoritate
1893 937 2057 993 robo-

395 1036 582 1090 retur.
614 1052 645 1084 »

467 1122 618 1179 Cum
637 1121 841 1192 itaque
870 1119 1017 1174 nihil
1047 1118 1264 1192 Anglos
1294 1119 1367 1174 ab
1383 1117 1755 1189 efflagitando
1783 1116 1843 1172 in
1873 1115 2060 1172 archi-

397 1209 744 1284 episcopum
773 1207 1049 1265 Anselmo
1081 1223 1349 1263 revocare
1375 1212 1594 1278 posset,
1628 1207 1935 1262 accedente
1963 1224 2056 1260 ar-

402 1298 763 1370 chiepiscopi
823 1297 936 1364 sui,
992 1297 1051 1352 id
1079 1299 1168 1352 est
1223 1295 1736 1366 Rothomagensis,
1793 1293 1852 1349 in
1886 1296 2058 1365 cujus

402 1373 638 1445 dioecesi
667 1386 916 1442 Bcccum
947 1385 1126 1442 situm
1149 1389 1257 1449 est,
1289 1384 1651 1452 auctoritate,
1671 1384 2059 1456 omniumque

404 1477 699 1552 Bonorum
727 1472 1351 1552 consilio,'Gantuarize
1395 1473 1632 1528 tandem
1680 1478 2058 1528 consecratus

405 1567 500 1622 est
529 1550 719 1638 pridie
746 1563 942 1620 Nonas
994 1550 1328 1619 Decembris
1373 1577 1527 1616 anno
1579 1562 1739 1626 1093,
1770 1577 1836 1616 ac
1886 1561 2058 1632 paulo

406 1657 542 1730 post
569 1638 786 1711 Christi
817 1652 1112 1708 Natalium
1126 1651 1498 1706 festivitatem
1521 1649 1858 1706 solemniter
1879 1649 2059 1705 simul

409 1748 546 1800 eum
577 1757 714 1814 rege
761 1739 1093 1796 celebravit.
1151 1739 1366 1794 Mirum
1420 1738 1657 1814 quidem
1687 1741 1774 1793 est
1821 1755 1954 1794 eum
1987 1739 2060 1794 ab

407 1813 746 1903 Anglicanis
776 1826 1086 1900 episcopis,
1121 1825 1222 1898 qui
1253 1825 1445 1882 adhuc
1476 1813 1760 1898 ancipites
1789 1832 1955 1883 erant
1985 1844 2059 1882 an

411 1918 649 1974 Urbano
707 1931 892 1988 papas,
925 1918 1028 1970 aut
1060 1913 1343 1970 ~Wiberto
1373 1915 1502 1986 ejus
1554 1915 1764 1971 aemulo
1823 1915 2060 1972 obedire
2095 1934 2118 1988 ί

413 2000 714 2073 deberent,
749 2002 1088 2082 ordinatum
1121 2002 1324 2072 fuisse,
1375 2019 1509 2059 cum
1550 2001 1674 2076 ipse
1705 2004 1900 2076 palam
1933 2023 2064 2078 pro-

411 2081 731 2152 testaretur
761 2083 826 2148 se
855 2092 928 2148 ab
960 2081 1177 2148 Urbani
1209 2091 1558 2158 obedientia,
1592 2097 1657 2148 ut
1686 2110 1816 2148 mox
1843 2095 2069 2150 diceba-

415 2199 574 2250 mus,
607 2190 914 2252 nunquam
939 2181 1330 2235 rec'eslsurum.
1365 2179 1478 2234 Sed
1503 2195 1672 2236 nemo
1703 2185 1924 2250 tamen,
1960 2196 2068 2236 nec

415 2267 544 2346 ipse
573 2259 852 2344 pontifex,
881 2267 940 2322 id
970 2271 1076 2348 aut
1095 2267 1394 2334 Anselmo,
1444 2272 1547 2323 aut
1575 2268 1912 2341 Anglicanis
1943 2268 2069 2342 epi—

416 2347 612 2432 scopis
639 2357 783 2414 vitio
809 2355 1000 2412 vertit.
1031 2347 1197 2412 Unde
1217 2359 1351 2412 eum
1381 2360 1584 2428 postea
1611 2355 1907 2413 Walterus
1923 2357 2067 2414 illud

417 2436 618 2522 ipsum
643 2443 920 2502 Anselmo
951 2445 1347 2516 exprobasset,
1393 2443 1491 2500 ille
1538 2443 1648 2502 hoc
1689 2446 2068 2518 potissimum

419 2534 768 2610 argumento
799 2545 862 2589 se
885 2531 1164 2598 defendit,
1198 2533 1353 2604 quod
1377 2532 1434 2588 id
1455 2533 1645 2590 sciens
1665 2534 1925 2607 pontifex
1954 2553 2069 2592 non

419 2625 616 2685 861nm
646 2634 764 2680 non
783 2619 1202 2694 improbaverit
1225 2622 1468 2688 factum,
1484 2623 1580 2678 sed
1597 2623 1771 2678 etiam
1786 2623 1838 2679 ei
1868 2629 2073 2695 postea

420 2711 669 2789 pallium
699 2712 922 2781 ab‘sque
954 2707 1074 2764 ulla
1127 2709 1469 2766 difﬁcultate
1514 2713 1884 2768 concesserit.
1939 2713 2070 2768 Hec

417 2805 581 2860 mare
600 2799 978 2873 pontiﬁcatus
1031 2797 1292 2854 Anselmi
1349 2797 1469 2854 lata
1507 2798 1694 2868 initia,
1755 2801 1856 2857 sed
1889 2817 2069 2874 quam

418 2890 578 2948 brevi
605 2889 666 2944 in
693 2886 1118 2944 amaritudincs
1148 2901 1425 2943 conversa
1453 2887 1612 2944 fuere
1637 2887 1649 2944 !
1677 2890 1902 2962 Quippe
1931 2907 2068 2946 cum

415 2977 734 3036 Anselmua
763 2963 1054 3048 regimille
1075 2975 1246 3032 libras
1274 2976 1650 3047 denariorum,
1665 2981 1730 3034 ut
1745 2979 2070 3036 Eadmerus

415 3065 614 3133 refert,
641 3071 744 3137 pro
799 3063 1026 3133 agendis
1077 3065 1480 3136 muniﬁcentiae
1514 3082 1632 3124 suae
1682 3067 1880 3138 gratiis
1934 3067 2069 3124 dare

416 3150 790 3223 renum‘el,in
835 3151 996 3209 illius
1057 3153 1520 3226 indignationem
1551 3155 1814 3212 incurrit.
1874 3156 2070 3214 Prima

417 3244 542 3301 haio
561 3238 928 3298 Willelmum
955 3257 1149 3314 regem
1180 3242 1332 3298 inter
1358 3247 1415 3300 et
1441 3247 1709 3300 sanctum
1741 3247 2064 3302 antistitem

2507 757 2712 814 CXLV.
2747 761 3190 816 Guibertinorum
3221 759 3468 816 insidiae.

2237 848 2447 902 Mirum
2479 853 2570 902 est
2599 851 2824 904 tantam
2854 849 3149 920 pontificis
3175 847 3478 904 lenitatem
3519 846 3828 904 Guiberti-

2165 953 2375 992 norum
2407 936 2637 993 animos
2661 954 2777 992 non
2809 935 3658 1004 emolliisse.Quinecontrario
3681 953 3828 992 cum

2165 1025 2292 1098 ipse
2316 1041 2483 1097 prope
2511 1035 2759 1082 sanctam
2783 1027 3244 1083 Mariam-Novam
3273 1028 3336 1082 in
3365 1025 3603 1098 quadam
3617 1027 3834 1097 ﬁrmis-

2165 1115 2310 1170 sima
2321 1116 2629 1170 munitione
2643 1119 2992 1184 moraretur,
3010 1114 3094 1170 illi
3121 1131 3281 1181 vero,
3303 1115 3508 1170 turrim
3525 1115 3837 1170 Crescenlii

2168 1219 2271 1258 seu
2301 1203 2538 1258 Adriani
2551 1203 2765 1261 molem
2775 1245 2788 1270 ,
2803 1203 2862 1258 id
2875 1207 2963 1260 est
2975 1207 3237 1260 castrum
3253 1203 3449 1260 Sancti
3470 1205 3556 1261 An
3563 1202 3680 1276 geli
3691 1203 3833 1271 ,‘ad-

2169 1291 2282 1346 huc
2313 1297 2684 1363 occuparent,
2709 1298 3047 1364 pyratarum
3063 1308 3222 1348 more
3234 1307 3468 1348 omnem
3496 1291 3836 1347 viatoribus

2168 1395 2271 1452 per
2296 1379 2521 1436 Tiberis
2551 1386 2785 1452 pontem
2815 1381 2888 1436 ad
2921 1381 3252 1453 pontiﬁcem
3284 1381 3558 1436 accedere
3579 1379 3837 1436 volenti-

2169 1468 2280 1523 bus
2311 1468 2538 1524 aditum
2569 1469 3057 1538 intercludebant;
3091 1469 3235 1526 adeo
3266 1474 3349 1536 ut,
3379 1469 3427 1526 si
3455 1470 3554 1542 qui
3591 1470 3750 1526 forte
3773 1469 3838 1526 in

2170 1571 2382 1612 manus
2411 1573 2612 1614 eorum
2643 1559 2986 1624 inciderent,
3020 1558 3231 1631 captivi
3252 1559 3324 1613 ab
3355 1557 3439 1614 eis
3471 1573 3633 1614 more
3663 1555 3839 1629 plus-

2171 1662 2348 1716 quam
2379 1645 2627 1702 barbaro
2649 1647 3073 1716 detinerentur,
3087 1652 3144 1704 et
3166 1645 3418 1720 pessime
3439 1647 3838 1704 haberentur.

2173 1733 2233 1788 Id
2257 1733 2500 1805 contigit
2529 1734 2724 1790 abbati
2755 1735 2911 1790 cellae
2943 1735 3142 1792 Sancti
3187 1735 3338 1792 Petri
3370 1735 3430 1791 in
3462 1734 3840 1803 Alemannia,

2173 1837 2351 1892 quam
2367 1823 2744 1878 Gebehardus
2756 1823 3104 1879 Constantia
3121 1823 3453 1896 episcopus,
3477 1827 3533 1879 et
3550 1825 3673 1880 dux
3693 1815 3843 1880 Ber-

2175 1909 2369 1966 toldus
2399 1912 2527 1982 ejus
2556 1912 2734 1966 frater
2763 1911 2994 1968 Urbano
3027 1910 3282 1985 legatum
3315 1909 3622 1968 miserant.
3682 1911 3845 1969 Hinc

2179 1995 2378 2073 Egino,
2412 2001 2512 2071 qui
2543 2004 2744 2072 postea
2775 1999 2954 2056 abbas
2984 2001 3204 2056 Sancta:
3235 2000 3385 2056 Afrae
3438 2001 3847 2074 Augustensis

2177 2088 2307 2156 fuit,
2341 2088 2615 2144 laudatur
2641 2089 2712 2145 ab
2746 2087 3100 2158 Udalscalco,
3146 2089 3274 2160 ejus
3330 2093 3643 2146 Gestorum
3695 2090 3850 2148 scri-

2178 2180 2362 2248 ptore,
2396 2179 2552 2249 quod
2583 2179 2655 2234 ab
2686 2179 2888 2234 eodem
2907 2177 3246 2234 Gebehardo
3276 2195 3388 2235 non
3423 2179 3603 2236 semel
3625 2181 3704 2236 ad
3731 2181 3849 2238 Ur-

2179 2266 2398 2322 banum
2431 2267 2671 2335 missus,
2704 2266 2968 2340 deposita
2995 2271 3154 2323 veste
3183 2268 3528 2337 monastica,
3561 2267 3850 2327 saeculari

2180 2352 2382 2410 habitu
2413 2355 2678 2426 indutus,
2712 2357 2822 2412 sub
2843 2372 2912 2413 ea
2940 2355 3131 2428 specie
3161 2356 3645 2413 Guibertinorum
3699 2358 3849 2416 dili-

2180 2443 2438 2516 gentiam
2467 2443 2674 2500 fallens
2703 2446 2773 2499 ad
2836 2445 3166 2517 pontificem
3225 2446 3556 2502 accesserit.
3612 2447 3849 2505 Eodem

2181 2531 2352 2588 modo
2384 2532 2657 2588 Gofridus
2689 2532 2993 2590 Vindocini
3025 2533 3207 2591 abbas
3237 2533 3386 2590 libro
3417 2551 3456 2604 ι,
3477 2537 3652 2609 epist.
3682 2537 3743 2607 8,
3763 2538 3854 2594 ait

2179 2619 2454 2693 famulum
2473 2624 2811 2694 famulorum
2831 2639 3054 2680 suorum
3082 2641 3140 2680 se
3163 2625 3374 2696 fecisse,
3405 2641 3475 2680 ne
3506 2625 3578 2681 ab
3611 2624 3854 2683 Urbani

2180 2709 2450 2768 hostibus
2480 2717 2914 2785 agnosceretur.

2179 2799 2412 2856 CXLVI.
2443 2803 2811 2858 Atrebatensis
2834 2810 2885 2858 el
2908 2801 3313 2859 Cameracensis
3350 2803 3608 2861 Ecclesiae
3635 2804 3854 2863 divisio

2885 2875 3124 2945 limata.

2249 2961 2377 3016 Haec
2407 2960 2572 3017 initio
2602 2962 2739 3017 anni
2772 2962 2904 3019 1094
2936 2963 3128 3020 Romae
3161 2963 3503 3036 agebantur,
3539 2962 3856 3022 ubiUrba-

2179 3064 2290 3104 nus
2302 3064 2434 3104 cum
2447 3049 2711 3107 audisset
2723 3051 3101 3108 Lambertum
3124 3052 3566 3108 Atrebatensem
3581 3052 3854 3112 electum

2175 3154 2206 3192 e
2218 3136 2405 3194 Gallia
2419 3138 2479 3193 in
2493 3139 2704 3195 Urbem
2717 3141 3005 3210 advenire,
3021 3146 3086 3198 ut
3097 3141 3176 3196 ibi
3193 3145 3653 3211 consecraretur,
3676 3146 3852 3216 quod

2178 3230 2241 3282 ut
2263 3228 2390 3297 jam
2423 3227 2702 3296 diximus,
2735 3230 2954 3286 veritus
2971 3235 3125 3287 esset
3141 3229 3501 3303 Raynoldus,
3523 3247 3596 3286 ne
3627 3231 3681 3288 si
3715 3232 3855 3306 ipse

421 3329 803 3412 discidici-um
828 3330 1112 3404 germina,
1129 3330 1300 3403 paulo
1313 3335 1446 3404 post
1476 3332 1727 3388 multum
1749 3351 2058 3402 excrevere,

2256 3317 2634 3388 imposuisset
2645 3333 2880 3386 manus,
2906 3320 3353 3376 Cameracenses
3365 3337 3398 3377 a
3413 3321 3727 3378 Remensis
3741 3323 3854 3379 Ec-

424 3435 560 3478 cum
614 3417 804 3476 eidem
861 3419 980 3492 regi
1011 3419 1074 3476 in
1128 3421 1582 3477 transmarinam
1639 3423 2068 3494 expeditionem

425 3511 771 3582 processero
819 3514 1060 3565 sanctus
1106 3509 1351 3566 antistes
1407 3511 1632 3566 monita
1673 3509 1882 3569 salutis
1929 3514 2070 3570 dare

424 3594 726 3654 voluisset.
755 3597 887 3654 Htec
925 3613 1078 3654 anno
1127 3598 1267 3653 1093
1295 3601 1353 3654 et
1381 3597 1546 3654 initio
1607 3601 1907 3672 sequentis
1937 3606 2069 3658 acta

423 3683 601 3754 fuere;
635 3685 776 3759 quid
807 3685 966 3744 .inde
1023 3689 1156 3758 post
1185 3687 1334 3759 regis
1385 3687 1447 3743 in
1491 3686 1761 3761 Angliam
1811 3691 2066 3748 reditum

421 3761 801 3834 consecutum
832 3776 1030 3843 fuerit,
1061 3776 1328 3832 dicemus
1357 3777 1430 3833 ad
1454 3793 1676 3833 annum
1707 3778 1866 3834 1095.

780 3926 1014 3984 CXLIV.
1053 3925 1300 3986 Urbanus
1327 3929 1514 3986 Romae
1541 3929 1708 4000 degit.

488 4071 733 4134 Romam
763 4075 876 4133 sub
907 4073 1087 4148 hujus
1107 4077 1245 4133 anni
1275 4078 1451 4134 finem
1475 4095 1740 4135 reversus
1772 4077 2062 4148 Urbanus,

412 4165 494 4223 ibi
525 4159 894 4223 Nativitatem
925 4165 1174 4234 Domini,
1207 4164 1509 4224 deficiente
1543 4167 1600 4222 in
1640 4167 1766 4223 dies
1797 4167 2063 4227 Guiberti

410 4247 682 4325 factione,
705 4253 1046 4312 solemniter
1075 4254 1402 4324 celebravit,
1431 4260 1497 4311 ut
1533 4255 1710 4312 habet
1757 4257 2062 4315 Bertoldus

410 4341 578 4400 initio
627 4335 766 4420 anni
825 4339 981 4413 1094;
1042 4342 1190 4400 solet
1231 4344 1447 4418 quippe
1503 4343 1598 4399 hic
1627 4348 1827 4400 auctor
1875 4365 2062 4404 annos

411 4429 689 4491 aChristi
720 4427 1023 4489 Natalibus
1075 4433 1344 4490 exordiri.
1397 4434 1465 4488 At
1515 4432 1830 4490 Guibertus
1881 4437 2060 4494 simul

410 4511 547 4579 cum
578 4518 826 4580 Henrico
849 4522 1198 4596 imperatore
1241 4527 1384 4578 tunc
1414 4521 1652 4578 Veronae
1695 4526 2056 4594 versabatur,

409 4610 497 4667 ita
525 4609 722 4668 animo
735 4611 1054 4679 fractus,ut
1083 4611 1286 4668 eodem
1301 4607 1573 4666 Bertoldo
1604 4614 1768 4680 teste,
1793 4621 2057 4686 papatum

410 4716 468 4757 se
497 4699 726 4759 libenter
751 4700 1110 4759 dimissurum
1132 4700 1498 4768 simulaverit,
1530 4702 1580 4755 si
1611 4701 1724 4757 alio
1763 4703 1917 4761 modo
1945 4723 2060 4778 pax
2088 4691 2136 4758 Β

409 4789 471 4846 in
492 4787 730 4848 Ecclesia
749 4793 1068 4865 recuperari
1120 4807 1233 4846 non
1283 4789 1542 4862 poluerit.
1593 4789 1802 4848 Multos
1857 4798 2059 4852 tamen

411 4869 604 4935 adhuc
633 4875 886 4936 habebat
912 4877 1109 4937 Roma:
1139 4877 1410 4934 homines
1441 4893 1558 4931 suae
1590 4878 1740 4950 parti
1769 4881 2053 4953 addictos,

409 4966 511 5040 qui
545 4967 860 5024 servientes
889 4965 1160 5040 tempori,
1185 4964 1552 5021 occasionem
1581 4965 1825 5025 latenter
1846 4987 2056 5046 exspe-

407 5055 669 5136 ctabant,
701 5055 773 5113 ad
797 5051 976 5112 novas
1007 5056 1204 5110 motus
1234 5053 1490 5110 ciendos.
1523 5053 1594 5109 At
1625 5053 1744 5112 hac
1775 5058 2054 5117 dissimu-

405 5141 566 5201 labat
595 5140 890 5215 Urbanus,
940 5139 1098 5217 quod
1146 5144 1368 5216 absque
1410 5141 1644 5199 militari
1690 5149 2054 5218 expeditione

407 5230 564 5306 abigi
596 5231 670 5289 ab
701 5232 845 5290 urbe
875 5250 991 5289 non
1025 5233 1368 5305 potuissent.
1401 5231 1555 5287 Nihil
1581 5233 1816 5306 quippe,
1849 5243 1914 5292 ut
1929 5239 2052 5310 jam

405 5337 561 5396 szepe
591 5338 726 5379 cum
756 5321 1044 5390 Bertoldo,
1062 5319 1159 5394 qui
1185 5324 1241 5377 et
1261 5321 1405 5378 illud
1419 5321 1668 5394 singulis
1681 5323 1861 5380 ferme
1882 5327 2053 5384 annis

405 5409 634 5484 repetit,
657 5410 932 5478 diximus,
967 5411 1108 5468 adeo
1139 5413 1516 5468 aversabatur
1537 5413 2052 5472 mansuetissimus

405 5499 683 5574 pontifex,
716 5516 894 5572 quam
925 5505 991 5556 ut
1019 5501 1198 5557 armis
1228 5501 1640 5568 decertaretur,
1676 5503 1732 5555 et
1761 5518 1929 5558 suam
1949 5521 2052 5560 au-

405 5587 732 5646 ctoritatem
757 5589 1063 5662 sanguinis
1093 5591 1370 5646 effusione
1399 5587 1727 5662 ampliaret,
1751 5596 2051 5662 quare,uti

406 5679 562 5736 idem
593 5683 796 5735 auctor
816 5680 1209 5753 prosequitur,
1233 5697 1362 5736 cum
1397 5679 1596 5750 absque
1618 5679 1856 5735 militari
1884 5689 2052 5740 manu

407 5766 937 5843 adversarioslsuos
970 5785 1078 5826 non
1108 5772 1271 5844 facile
1285 5769 1526 5842 potuerit
1545 5767 1834 5839 expellere,
1853 5773 2050 5830 maluit

2179 3405 2366 3461 clesiaa
2378 3404 2707 3463 obedientia
2717 3399 3150 3475 recederent,ad
3165 3409 3434 3466 eumdem
3447 3409 3853 3483 archiepisco-

2179 3509 2319 3568 pum
2344 3495 2902 3568 scripsit,pollicitus
2927 3497 2976 3554 ei
3009 3497 3391 3571 apostolicam
3409 3487 3726 3555 tuitionem
3742 3503 3851 3558 ad-

2177 3599 2379 3640 versus
2393 3601 2638 3656 quemcu
2648 3601 2820 3657 nque,
2841 3585 2943 3658 qui
2955 3585 3252 3642 Cameraci
3264 3587 3608 3660 episcopum
3621 3593 3850 3660 praeter

2178 3673 2524 3730 Remensem
2552 3675 3065 3748 metropolitanum
3088 3675 3360 3732 ordinare
3391 3676 3842 3749 aggrederetur.

2177 3762 2312 3819 Post
2341 3763 2462 3819 hac
2483 3763 2671 3819 eidem
2687 3763 3124 3838 archiepiscopo
3137 3763 3410 3839 injungit,
3427 3771 3492 3820 ut
3513 3770 3646 3822 tam
3672 3761 3854 3824 Atre-

2175 3853 2403 3908 batensi
2416 3867 2594 3924 quam
2607 3851 3008 3911 Cameracensi
3021 3853 3638 3927 Ecclesiaemnicuique
3654 3871 3846 3914 suum

2175 3940 2478 4012 proprium
2510 3939 2848 4015 episcopum
2879 3943 3233 3998 incardinare
3263 3959 3376 3999 non
3431 3942 3687 4012 differat,
3721 3945 3851 4002 nisi

2177 4029 2324 4084 forte
2351 4033 2795 4087 Cameracenses
2820 4029 3032 4087 vellent
3057 4031 3304 4088 Romam
3318 4031 3515 4088 venire
3546 4031 3619 4086 ad
3643 4035 3851 4105 proxi-

2176 4133 2332 4174 mam
2346 4121 3482 4193 sequentemQuadragesimam,causam
3503 4135 3675 4178 suam
3695 4139 3850 4195 prte-

2173 4213 2336 4264 sente
2365 4208 2669 4264 Lamberto
2698 4208 3066 4266 Atrebatensi
3101 4209 3281 4268 electo
3313 4209 3522 4267 acturi.
3566 4209 3846 4285 Denique

2171 4297 2460 4354 Manassis
2491 4298 2885 4354 archidiaconi
2917 4298 3222 4355 Remensis
3250 4297 3307 4353 in
3335 4300 3678 4372 episcopum
3724 4305 3843 4357 Ca-

2171 4402 2568 4443 meracensem
2597 4386 2962 4455 electionem,
3009 4403 3188 4460 quam
3220 4405 3254 4442 a
3301 4387 3840 4448 Cameracensibus

2168 4475 2425 4548 generali
2457 4477 2724 4532 omnium
2753 4491 3044 4532 consensu
3076 4476 3289 4532 factam
3321 4475 3503 4532 fuisse
3531 4475 3648 4548 ipsi
3681 4479 3837 4534 scri-

2169 4569 2362 4637 pserat
2389 4563 2746 4638 Raynaldus,
2766 4563 3134 4620 conﬁrmavit
3164 4581 3230 4620 eo
3244 4568 3435 4638 pacto,
3459 4567 3524 4620 ut
3550 4567 3836 4624 Camera—

2167 4671 2371 4711 censes
2392 4653 2788 4710 Atrebatensis
2819 4653 3087 4710 Ecclesiae
3106 4647 3534 4711 restitutionem
3566 4669 3686 4710 non
3708 4657 3842 4714 tur-

2169 4743 2396 4812 barent,
2429 4742 2698 4815 quamvis
2739 4743 2810 4798 ad
2843 4741 2899 4798 id
2933 4756 3061 4799 sese
3089 4743 3401 4800 temerario
3451 4737 3835 4802 sacramento

2166 4832 2544 4906 obligassent.
2569 4831 3218 4889 Hecomniahabentur
3248 4831 3306 4888 in
3339 4825 3558 4888 Urbani
3573 4829 3835 4904 epistola

2166 4922 2238 4977 ad
2269 4922 2464 4994 ipsum
2497 4920 2884 4994 Raynoldum,
2917 4921 3018 4994 qui
3050 4923 3101 4979 ei
3133 4923 3205 4978 de
3233 4921 3306 4978 iis
3337 4922 3514 4978 rebus
3545 4922 3830 4991 seorsim,

2165 5015 2232 5066 ut
2250 5009 2376 5082 jam
2409 5007 2682 5076 diximus,
2716 5010 3048 5083 scripserat,
3068 5027 3247 5084 quam
3261 5008 3558 5085 pontiﬁcis
3581 5021 3832 5084 respon-

2165 5098 2410 5169 sionem,
2445 5105 2503 5156 et
2533 5099 2581 5154 si
2611 5097 2836 5155 nullam
2869 5099 3081 5157 habeat
3111 5101 3394 5174 temporis
3444 5093 3667 5168 notam,
3702 5099 3825 5157 huc

2165 5194 2360 5244 tamen
2394 5188 2593 5245 referri
2623 5189 2850 5258 debere,
2875 5205 2942 5245 ea
2983 5206 3108 5262 qua:
3127 5185 3531 5264 complectitur
3563 5187 3712 5245 satis
3736 5189 3828 5246 in-

2163 5277 2376 5333 dicant.
2410 5278 2478 5332 Et
2500 5277 2737 5350 quidem
2771 5294 2926 5334 anno
2951 5279 3239 5352 sequenti,
3273 5281 3486 5352 rejecto
3525 5275 3821 5336 Gualche-

2163 5365 2268 5435 rio,
2301 5367 2592 5423 Manassis
2620 5365 2820 5423 electio
2853 5369 3199 5424 conﬁrmata
3229 5367 3340 5425 fuit
3369 5368 3429 5423 in
3469 5364 3816 5424 Claromon-

2161 5460 2297 5512 tano
2327 5455 2589 5527 concilio,
2622 5459 2686 5511 ut
2716 5473 2822 5512 suo
2855 5455 2978 5514 loco
3001 5457 3287 5514 dicemus.

2159 5545 2412 5602 CXLVII.
2445 5546 2761 5602 Lamberlus
2811 5547 3010 5603 electus
3059 5546 3426 5604 Alrebatensis
3464 5545 3692 5601 Romam
3717 5545 3820 5602 ad-

2230 5620 2394 5692 venit.
2428 5619 2502 5671 Ab
2519 5619 2732 5692 Urbano
2752 5628 3102 5692 consecratur
3131 5637 3196 5676 ac
3209 5619 3566 5692 privilegium
3584 5619 3814 5675 obtinet.

2237 5691 2416 5747 Variae
2442 5705 2506 5745 ea
2535 5689 2600 5744 de
2629 5706 2687 5744 re
2714 5690 2928 5746 littera’.
3209 5689 3219 5692 ’
3509 5691 3516 5697 ’

2232 5778 2470 5835 Interim
2504 5777 2849 5836 Lambertus
2880 5783 3012 5852 post
3033 5779 3219 5838 multa
3249 5779 3480 5836 viarum
3511 5780 3569 5833 et
3598 5775 3813 5836 hiemis
