3962 6356
146 448 181 495 L‘
205 422 313 496 (εἰ

1750 412 1763 453 ³
1807 424 2018 501 VIT‘A.

3500 393 3627 505 me

206 569 572 641 discrimina,
608 587 736 645 qua
765 568 891 629 fuse
912 568 972 627 in
1013 565 1139 642 ejus
1177 567 1374 630 libello
1390 568 1548 646 apud
1589 569 1859 630 Locrium
1887 568 1946 640 Α
1971 568 2343 659 cardinalium
2366 570 2811 649 presbyterorum
2847 542 2915 635 et
2936 576 3203 638 mima
3246 576 3624 641 multitudinis

208 670 260 722 et
280 664 587 722 Baluzium
601 668 754 721 tomo
768 663 817 718 V
830 662 1144 720 Miscellan.
1172 662 1854 730 describunturﬁomain

207 746 441 813 advenit
468 755 539 811 ad
584 753 873 827 porticum
902 753 1097 810 Sancti
1146 753 1322 819 Petri,
1361 753 1505 809 feria
1536 758 1693 810 sexta
1723 757 1856 810 ante

209 843 573 902 Dominicam
623 845 746 900 Esto
813 844 960 899 mihi
1002 845 1169 899 Deum
1229 846 1602 915 protectorem,
1665 842 1859 915 inquit

209 937 336 1008 ejus
377 937 685 991 Gestorum
719 932 984 1007 scriptor,
1009 933 1067 988 id
1099 937 1185 988 est
1216 934 1308 988 die
1336 932 1404 1011 l7
1430 932 1748 1000 Februarii,
1775 932 1857 988 bi-

211 1014 326 1081 duo
357 1029 495 1080 ante
521 1022 883 1078 Dominicam
915 1021 1438 1094 Quinquagesima,
1462 1038 1589 1094 qua
1619 1039 1685 1077 eo
1708 1038 1859 1078 anno

212 1115 270 1185 in
297 1115 456 1171 diem
484 1114 560 1168 29
590 1112 843 1183 ejusdem
876 1111 1096 1168 mensis
1119 1111 1428 1167 incidebat.
1448 1111 1590 1167 Cum
1620 1127 1754 1167 vero
1787 1112 1858 1167 ob

213 1201 948 1260 Guibertinoruminsidias
973 1200 1230 1257 difﬁcilis
1246 1202 1481 1256 essetad
1504 1200 1857 1273 pontiﬁcem,

212 1292 313 1365 qui
340 1296 484 1348 tunc
514 1291 670 1364 apud
691 1294 948 1346 sanctam
965 1290 1446 1346 Mariam-Novam
1470 1291 1862 1346 commoraba-

212 1380 329 1447 tur,
351 1380 569 1449 aditus,
588 1396 820 1436 summo
844 1396 1015 1435 mane
1037 1379 1337 1452 sequentis
1353 1378 1465 1435 diei
1500 1380 1860 1448 Lambertus,

216 1469 435 1527 relictis
464 1470 537 1526 ad
568 1469 850 1525 Sanctum
880 1470 1116 1524 Petrum
1158 1468 1356 1536 sociis,
1387 1466 1545 1524 solus
1576 1468 1647 1524 ad
1681 1467 1863 1524 Urba-

216 1550 360 1617 num
409 1559 650 1626 accedit,
690 1581 711 1608 α
750 1558 843 1614 cui
892 1574 951 1613 se
1001 1563 1378 1630 prosternens
1419 1574 1551 1613 cum
1589 1556 1865 1630 lacrymis

216 1648 383 1722 petiit
411 1650 483 1705 ab
514 1647 795 1715 electione
822 1646 1067 1715 absolvi,
1114 1650 1383 1718 imparem
1423 1663 1480 1703 se
1506 1662 1622 1703 esse
1659 1663 1865 1703 asseve-

217 1734 349 1794 rans
377 1738 451 1795 ad
483 1742 603 1795 tam
622 1737 993 1811 importabile
1014 1754 1186 1808 onus,
1208 1740 1333 1792 tum
1358 1754 1460 1809 pro
1481 1737 1713 1792 Henrici
1730 1736 1869 1791 infe-

218 1820 470 1885 statione
518 1828 591 1884 ad
642 1844 816 1899 quem
847 1831 1194 1883 Cameracus
1236 1826 1579 1898 pertinebat,
1611 1830 1737 1881 tum
1766 1843 1867 1897 pro

1966 664 2354 720 Romanorum.
2404 662 2541 723 Post
2563 665 2790 740 aliquot
2836 668 2959 726 dies
2990 666 3263 727 Urbanus
3314 669 3621 728 Lamberto

1967 752 2330 825 privilegium
2363 754 2595 829 insigne
2618 757 2690 813 ad
2727 756 3137 815 stabiliendum
3170 758 3436 816 Ecclesia
3457 764 3622 818 Atre-

1969 843 2237 900 batensis
2287 845 2717 903 restitutionem
2775 848 3082 927 concessit,
3143 850 3301 922 quod
3332 855 3536 922 pbstea
3564 850 3625 906 in

1968 932 2147 989 variis
2174 934 2430 1007 s'ynodis,
2465 952 2530 991 ac
2554 935 2794 993 demum
2817 937 2875 992 in
2898 937 3347 997 Claromontano
3378 939 3624 996 concilio

1969 1021 2276 1078 recitatum
2301 1027 2359 1078 et
2373 1026 2783 1082 conﬁrmatum
2806 1025 2934 1096 fuit,
2957 1024 3222 1100 illudque
3253 1027 3551 1086 Paschalis
3572 1033 3626 1084 ΙΙ

1970 1112 2036 1167 ac
2049 1112 2287 1167 demum
2312 1114 2614 1186 pontiﬁces
2627 1115 3053 1187 subsequentes
3069 1117 3291 1188 passim
3308 1116 3626 1177 laudarunt

1970 1203 2026 1254 et
2040 1201 2459 1272 appr-oberunt.
2484 1202 2698 1259 Datum
2722 1208 2813 1260 est
2835 1204 3176 1262 xKalendas
3195 1206 3431 1279 Aprilis,
3464 1207 3622 1263 Indi-

1970 1289 2160 1344 ctione
2182 1307 2242 1357 ιι,
2264 1308 2416 1347 anno
2444 1292 2602 1357 1093,
2634 1295 2789 1365 quod
2817 1294 3059 1365 scilicet,
3095 1299 3160 1351 ut
3198 1297 3370 1353 modo
3400 1288 3627 1353 diceba-

1973 1394 2127 1444 mus,
2160 1378 2218 1433 in
2246 1379 2656 1437 instrumentis
2685 1378 2756 1437 de
2786 1398 2852 1438 eo
2905 1385 3139 1455 negotio
3168 1385 3341 1453 datis,
3361 1386 3499 1442 anni
3519 1386 3629 1442 ini-

1971 1468 2121 1551 tium
2153 1485 2186 1523 a
2216 1468 2490 1524 Paschate
2514 1470 2735 1542 passim
2758 1471 3283 1545 desumatur,quod
3301 1479 3495 1533 tamen
3518 1477 3623 1533 Ur-

1975 1557 2165 1613 banus
2198 1557 2256 1612 in
2289 1556 2423 1613 aliis
2443 1556 2623 1615 bullis
2640 1575 2707 1615 eo
2748 1564 3015 1632 tempore
3037 1562 3191 1619 datis
3214 1580 3330 1619 non
3355 1566 3623 1636 servavit,

1976 1650 2043 1701 ut
2072 1646 2129 1701 in
2180 1646 2469 1703 sententia
2516 1664 2619 1720 pro
2668 1649 2991 1706 'l‘uronensi
3038 1650 3293 1709 Ecclesia
3344 1654 3626 1713 adversus

1977 1734 2285 1791 Dolensem
2309 1735 2559 1809 aliisque
2580 1737 2889 1795 observare
2909 1738 3060 1797 licet.
3084 1744 3365 1798 Caterum
3386 1742 3629 1817 hocpri-

1975 1822 2251 1897 vilegium
2305 1824 2459 1884 inter
2507 1826 2725 1883 Urbani
2759 1828 3036 1900 epistolas
3083 1830 3340 1899 dabitur,
3388 1832 3542 1889 sicut
3571 1819 3642 1890 et.

215 1918 591 1974 infestatione
607 1912 1116 1973 Cameracensium
1147 1913 1484 1971 clericorum
1505 1919 1562 1971 et
1586 1914 1868 1971 laicorum
1900 1945 1949 2012 B
1980 1916 2230 1987 quatuor
2254 1914 2531 1987 epistola,
2566 1932 2713 1989 quas
2754 1917 2957 1974 eadem
2989 1918 3060 1974 de
3092 1918 3268 1975 causa
3298 1918 3503 1978 diebus
3536 1939 3629 1979 se-

219 2008 483 2076 divitum,
518 2010 729 2075 etc.,ac
756 2004 988 2077 denique
1016 2023 1120 2078 pro
1141 2003 1328 2075 ipsius
1346 2002 1746 2060 Atrebatensis
1764 2004 1868 2059 Ec-

222 2097 409 2155 clesia
441 2100 781 2169 paupertate
810 2098 868 2150 et
891 2095 1074 2151 nimia
1099 2094 1443 2150 vastatione.
1478 2093 1580 2149 Sed
1598 2092 1867 2150 beatissi-

223 2204 355 2243 mus
386 2203 541 2259 papa
570 2186 657 2257 (ut
677 2189 879 2242 auctor
907 2184 1003 2239 ille
1024 2183 1439 2256 prosequitur),
1461 2182 1612 2239 facta
1636 2181 1869 2239 absolu-

222 2272 399 2347 tione,
432 2280 490 2334 et
510 2277 647 2333 data
661 2274 1082 2341 benedictione,
1100 2275 1255 2331 sieut
1276 2290 1403 2331 mos
1426 2277 1514 2330 est
1543 2272 1870 2346 apostolica

226 2362 402 2435 sedis,
437 2360 695 2438 suscepit
723 2380 859 2421 eum
890 2364 950 2419 in
980 2362 1180 2420 Osculo
1215 2366 1438 2430 sancto,
1471 2366 1528 2418 et
1558 2361 1875 2435 ﬂoccipen-

224 2457 370 2512 deus
398 2456 524 2511 hac
545 2454 760 2521 omnia,
794 2448 939 2510 dixit
966 2452 1019 2509 ei
1047 2470 1058 2508 :
1092 2457 1309 2520 Frater,
1342 2470 1458 2509 non
1497 2456 1638 2508 sunt
1669 2449 1871 2507 condi-

228 2562 348 2617 gna
378 2543 684 2616 passiones
714 2542 892 2615 hujus
923 2542 1203 2615 temporis
1236 2542 1307 2598 ad
1340 2541 1594 2598 futuram
1624 2539 1873 2614 gloriam

228 2651 353 2706 qua
385 2632 736 2689 revelabitur
762 2631 820 2687 in
845 2631 1035 2701 nobis,
1071 2636 1129 2687 et
1170 2637 1376 2688 catera
1402 2631 1578 2687 verba
1607 2630 1877 2686 consola-

228 2723 393 2792 toria,
442 2739 590 2795 qua,
640 2721 834 2794 inquit
878 2720 995 2789 ille,
1048 2722 1120 2776 ad
1154 2720 1394 2793 plenum
1434 2718 1726 2777 memoria
1760 2736 1874 2774 non

230 2815 564 2869 occurrunt.
592 2834 614 2862 ι
641 2811 793 2867 Tum
808 2810 877 2866 ab
900 2827 965 2866 eo
998 2808 1332 2867 sciscitatus
1349 2810 1610 2883 pontifex
1631 2808 1726 2865 ubi
1750 2809 1877 2880 ejus

229 2904 425 2967 essent
444 2901 610 2968 socii,
635 2900 905 2957 Daiberto
925 2898 1136 2957 Pisano
1167 2898 1602 2972 archiepiscopo
1631 2899 1878 2954 deman-

232 2990 410 3057 davit,
461 2995 530 3046 ut
560 2988 738 3046 simul
791 3005 921 3044 cum
961 2992 1131 3044 Petro
1166 2986 1376 3045 Leonis
1404 3004 1606 3045 curam
1637 2986 1881 3043 haberet

228 3078 523 3137 Lamberti
570 3076 759 3135 socios
796 3079 868 3135 ab
909 3095 972 3135 se
1020 3072 1050 3133 e
1075 3074 1291 3152 pertica
1334 3076 1519 3134 Sancti
1570 3076 1742 3144 Petri,
1777 3075 1880 3132 ubi

229 3166 867 3236 remanserant,adduci
889 3166 949 3224 in
973 3174 1361 3241 praparatum
1376 3164 1879 3239 hospitium,quod

233 3252 433 3315 statim
462 3258 683 3314 factum
714 3256 841 3312 fuit.
868 3252 951 3313 Ac
981 3257 1254 3330 deinceps
1286 3254 1881 3326 Lambertus,aliique

234 3347 333 3423 qui
363 3364 497 3403 cum
531 3362 597 3404 eo
628 3342 979 3403 advenerant
1007 3345 1261 3403 liberum
1293 3345 1545 3403 habuere
1575 3345 1645 3402 ad
1683 3343 1877 3418 ponti-

233 3426 401 3493 ﬁcem
433 3453 753 3494 accessum.

303 3526 717 3600 Exspectatum
743 3528 832 3583 est
860 3522 931 3581 ad
965 3518 1202 3598 aliquod
1232 3529 1489 3598 tempus,
1526 3523 1575 3580 si
1608 3518 1755 3579 forte
1778 3524 1883 3579 Ca-

231 3612 595 3673 meracenses
616 3613 956 3672 advenirent
975 3632 1215 3671 causam
1242 3631 1408 3672 suam
1430 3610 1755 3681 defensuri;
1780 3612 1878 3669 sed

226 3696 466 3762 tandem
499 3721 634 3761 cum
659 3704 1011 3776 jamdudum
1042 3702 1332 3760 terminus
1364 3700 1634 3776 praﬁXus
1655 3702 1725 3758 ad
1749 3719 1881 3758 cau-

228 3790 355 3851 sam
386 3786 695 3851 dicendam
729 3797 1058 3850 transactus
1088 3790 1313 3863 luisset,
1350 3791 1616 3851 Urbanus
1646 3796 1879 3864 accepto

222 3880 599 3958 episcoporum
649 3892 701 3940 et
736 3880 1109 3939 cardinalium
1147 3870 1373 3939 suorum
1414 3890 1467 3940 et
1512 3882 1877 3938 Romanorum

218 3970 535 4030 consilio...
607 3990 820 4029 omnem
877 3966 1133 4031 Ecclesia:
1197 3970 1560 4028 Atrebatonsis
1609 3972 1878 4028 actionem

214 4065 346 4134 fecit
386 4060 633 4131 recitari,
677 4062 952 4137 diemque
1004 4062 1211 4119 statuit
1253 4079 1367 4135 quo
1419 4059 1766 4118 Lambertus
1814 4060 1873 4117 in

217 4150 563 4226 episcopum
626 4152 1069 4210 Atrebatensem
1136 4146 1526 4207 ordinaretur.
1580 4154 1710 4205 Hac
1763 4149 1876 4205 fuit

216 4238 526 4298 Dominica
581 4240 1081 4315 Quadragesima,
1132 4238 1256 4314 qua
1312 4236 1445 4312 pust
1511 4242 1872 4312 exepectatos

217 4322 437 4387 frustra
458 4348 562 4405 per
580 4330 876 4405 integrum
898 4324 1161 4387 mensem
1186 4328 1697 4386 Cameracensium
1720 4326 1872 4401 lega-

216 4422 327 4487 tos,
345 4425 411 4476 ut
429 4418 557 4494 ipse
579 4412 837 4494 pontifex
857 4418 918 4476 in
937 4418 1099 4476 bulla
1116 4437 1225 4476 sua
1245 4416 1577 4488 declaravit,
1603 4417 1868 4474 Lamber-

215 4508 311 4565 tus
342 4508 402 4565 in
427 4502 763 4583 episcopum
783 4498 1225 4566 Atrebatensem
1250 4508 1319 4565 ab
1343 4508 1469 4579 ipso
1489 4502 1722 4563 Urbano
1740 4522 1870 4563 con-

214 4596 480 4654 secratus
504 4604 613 4655 est.
636 4596 776 4672 Ejus
796 4590 1181 4655 ordinationis
1204 4592 1673 4654 circumstantias
1693 4596 1867 4652 refert

1979 2002 2296 2076 quentibus
2325 2003 2589 2077 pontifex
2617 2007 2689 2062 ad
2713 2007 3153 2064 arChidiaconos
3173 2006 3441 2066 Ecclesia
3461 2009 3629 2068 Atre-

1977 2091 2256 2161 batensis,
2278 2094 2349 2148 ad
2373 2088 2639 2165 ejusdem
2658 2095 2921 2153 dioecesis
2945 2096 3187 2155 abbates
3204 2101 3260 2154 et
3277 2098 3627 2169 abbatissae,

1979 2180 2050 2236 ad
2065 2179 2427 2253 Raynoldum
2441 2183 2944 2259 archiepiscopum
2957 2190 3312 2261 caterosque
3325 2182 3633 2262 provincia

1982 2269 2286 2326 Remensis
2317 2270 2630 2339 antistites,
2663 2291 2729 2330 ac
2746 2275 2983 2331 demum
3015 2279 3147 2348 post
3177 2276 3403 2351 aliquot
3420 2278 3544 2336 dies
3557 2281 3631 2337 ad

1982 2358 2300 2415 Robertum
2356 2360 2640 2418 Flandria
2692 2363 2965 2421 comitem
2997 2366 3370 2440 conscripsit.
3413 2366 3632 2426 Exinde

1982 2448 2145 2503 stetit
2168 2449 2337 2507 sedes
2358 2450 2781 2520 Atrebatensis,
2804 2453 2972 2524 cujus
3002 2455 3393 2513 restitutionis
3408 2452 3632 2515 bullam

1982 2548 2118 2593 cum
2152 2537 2447 2596 Paschalis
2479 2540 2531 2595 II
2560 2539 2793 2610 litteris,
2819 2542 2879 2598 in
2911 2543 3127 2615 quibus
3158 2562 3220 2601 se
3248 2558 3280 2601 a
3308 2555 3507 2603 sancta
3526 2565 3635 2605 me-

1980 2629 2179 2684 moriae
2209 2629 2654 2699 pradecessoris
2686 2630 2775 2686 sui
2809 2629 3116 2691 Urbaniea
3147 2633 3219 2689 de
3249 2650 3310 2689 re
3342 2634 3632 2694 institutio

1983 2732 2288 2788 nunquam
2323 2733 2692 2774 recessurum
2710 2719 2829 2775 fore
2851 2724 3206 2793 pretestatus
3227 2727 3335 2793 est,
3360 2722 3555 2782 Remis
3572 2724 3633 2782 in

1985 2804 2241 2862 Ecclesia
2276 2806 2457 2863 beata
2508 2806 2699 2865 Maria
2731 2811 3060 2866 conservari
3091 2809 3173 2868 ait
3202 2817 3405 2870 auctor
3431 2815 3633 2873 Gesto-

1986 2890 2114 2949 rum
2168 2894 2484 2962 Lamberti,
2545 2897 2605 2952 in
2633 2900 2901 2964 sacrario,
2956 2901 3015 2956 in
3072 2901 3262 2957 loCello
3315 2919 3505 2974 aureo,
3539 2907 3637 2977 qui

1984 2984 2147 3054 vulgo
2167 2984 2374 3039 dicitur
2391 2986 2727 3054 Berceolum,
2742 2987 2827 3043 uti
2847 2984 3044 3045 videre
3066 2991 3317 3063 estapud
3332 2992 3634 3053 Baluzium

1987 3072 2146 3128 tomo
2179 3077 2226 3128 V
2257 3070 2760 3132 Miscellaneorum
2780 3094 2911 3152 pag.
2943 3079 3069 3146 275,
3103 3081 3202 3135 ubi
3230 3081 3318 3137 vir
3347 3082 3634 3153 eruditus,

1988 3163 2055 3216 ut
2077 3163 2200 3232 jam
2232 3163 2591 3233 monuimus,
2625 3163 2727 3221 illa
2760 3166 2934 3223 Gesta
2962 3184 3098 3224 cum
3122 3169 3530 3229 instrumentis
3561 3174 3636 3231 ad

1990 3268 2056 3307 ea
2085 3250 2512 3324 pertinentibus
2541 3254 2769 3327 integra
2794 3256 3079 3322 exhibuit.

1990 3358 2285 3433 CXLVIII.
2344 3361 2611 3440 Dolensis,
2668 3367 2720 3418 et
2764 3366 2966 3440 caeteri,
3030 3366 3270 3440 episcopi
3296 3369 3631 3438 Britamtim,

2472 3432 2747 3491 Turonum
2776 3432 3158 3494 restituuntur.

2060 3522 2180 3574 Hoc
2211 3519 2338 3592 ipso
2367 3524 2628 3594 tempore
2672 3540 2789 3595 quo
2820 3526 3157 3584 Lambertus
3189 3528 3384 3585 Roma
3430 3547 3639 3589 conse-

1990 3608 2188 3665 Cratus
2211 3606 2320 3675 est,
2370 3608 2658 3668 Radulfus
2706 3616 3004 3669 Turonum
3049 3615 3529 3691 archiepiscopus
3558 3620 3640 3678 ibi

1988 3696 2153 3752 litem
2172 3694 2633 3771 prosequebatur
2649 3696 2929 3758 adversus
2949 3701 3254 3761 Dolensem
3272 3706 3636 3781 episcopum,

1989 3786 2113 3871 qui,
2145 3791 2210 3842 ut
2238 3804 2389 3844 anno
2420 3789 2706 3863 superiori
2729 3786 3008 3863 diximus,
3059 3795 3495 3869 metropolitani
3512 3798 3639 3856 Bri-

1986 3877 2199 3933 tannia
2232 3876 2477 3936 minoris
2497 3878 2737 3941 titulum
2758 3885 2814 3937 et
2826 3876 2968 3954 jura
2990 3900 3233 3941 suorum
3256 3883 3482 3959 aliquot
3498 3905 3640 3962 pra-

1986 3962 2363 4024 decessorum
2380 3964 2643 4041 exemplo
2661 3970 2973 4029 ambiebat.
2988 3972 3203 4030 Verum
3218 3990 3354 4033 cum
3374 3979 3638 4051 tempore

1985 4054 2252 4113 condicto
2280 4074 2385 4114 nec
2416 4056 2543 4131 ipse
2584 4057 2851 4117 Dolensis
2882 4061 3151 4132 antistes,
3186 4081 3292 4122 nec
3323 4066 3637 4140 quisquam

1985 4144 2136 4201 alius
2166 4163 2271 4218 pro
2306 4164 2372 4203 eo
2401 4147 2849 4220 comparuisset,
2883 4153 3242 4210 Turonensis
3276 4171 3410 4213 vero
3443 4156 3633 4213 archi-

1982 4233 2291 4308 episcopus
2317 4234 2593 4293 adversus
2625 4250 2759 4294 eum
2790 4239 2950 4296 varia
2969 4243 3417 4314 pracedentium
3448 4246 3636 4318 ponti-

1981 4322 2158 4379 ﬁcum
2192 4341 2257 4380 ac
2278 4322 2454 4381 etiam
2480 4322 2859 4384 conciliorum
2884 4331 3485 4402 protulissetdecreta,
3502 4351 3636 4392 sena

1978 4412 2160 4468 tentia
2189 4405 2467 4471 adversus
2498 4410 2808 4473 Dolensem
2840 4420 3214 4491 pronuntiata
3242 4422 3372 4493 fuit,
3406 4424 3636 4480 restitu-

1978 4504 2153 4573 taque
2175 4506 2262 4558 est
2281 4502 2337 4558 in
2357 4520 2533 4559 suum
2561 4504 2877 4586 pristinum
2889 4508 2991 4579 jus
3015 4510 3317 4566 Turonum
3340 4515 3633 4586 metropo-

1976 4589 2071 4673 lis,
2101 4592 2324 4646 asserta
2372 4590 2423 4647 ei
2463 4584 2869 4664 jurisdiclione
2917 4596 2977 4652 in
3010 4597 3321 4657 Dolensem
3368 4584 3634 4674 aliasque

206 4686 334 4757 “iam
361 4686 640 4744 laudatus
664 4684 872 4744 auctor
893 4686 1200 4744 Gestorum
1224 4680 1514 4741 Lamberti
1537 4683 1634 4741 his
1649 4680 1869 4741 verbis:
1900 4682 1949 4750 D
1978 4674 2292 4736 Britannia
2335 4676 2581 4737 minoris
2626 4681 2935 4741 Ecclesiae.
2990 4678 3109 4742 Hoc
3139 4687 3438 4745 decretum
3466 4689 3634 4749 bulla

207 4774 331 4846 Ille,
367 4776 729 4847 Lambertus,
760 4772 989 4849 inquit:
1038 4776 1256 4833 tandem
1281 4772 1619 4847 requiescens
1648 4773 1869 4831 ordina-

210 4862 304 4921 tur
353 4858 537 4925 Rdmae
586 4860 732 4940 apud
779 4860 1035 4922 Sariolam
1071 4864 1538 4921 Mariam-Novam
1582 4880 1620 4919 a
1672 4863 1868 4919 domno

209 4946 505 5028 apuslolioo
538 4950 750 5014 Urbano
804 4948 951 5011 anno
1000 4952 1095 5012 Dei
1140 4952 1346 5010 Christi
1392 4952 1550 5022 1093,
1584 4950 1723 5009 anni
1755 4949 1877 5008 ini;

208 5034 360 5100 tium
391 5062 428 5102 a
454 5043 735 5103 Paschate
764 5044 995 5117 repetit,
1027 5061 1163 5101 nam
1183 5046 1241 5100 et
1272 5034 1635 5099 characteres
1661 5036 1865 5099 omnes

212 5122 602 5209 chronOIogici
634 5134 707 5191 ab
738 5150 805 5191 eo
828 5132 1061 5207 prolati,
1095 5133 1250 5206 quod
1291 5134 1348 5188 et
1379 5131 1507 5204 ipsa
1536 5148 1730 5187 rerum
1768 5149 1864 5188 se-

214 5212 326 5298 ries
357 5220 688 5281 necessario
719 5223 919 5298 exigit,
968 5215 1188 5279 annum
1223 5221 1359 5277 1094
1392 5220 1723 5294 designant,
1769 5238 1865 5276 xw

213 5296 480 5369 Kalendas
508 5312 737 5387 Aprilis,
771 5296 890 5387 qua
916 5312 1043 5369 tunc
1070 5312 1352 5368 Dominica
1385 5309 1603 5365 Latare
1627 5312 1862 5366 Jerusa-

212 5400 325 5457 lem
339 5400 725 5474 habebalur,id
738 5409 823 5460 est
839 5398 1361 5481 quarlaDominica
1373 5396 1863 5471 Quadragesima,

213 5488 304 5546 die
328 5488 465 5548 vero
504 5493 568 5549 19
599 5486 817 5549 mensis
849 5484 1065 5561 Martii,
1107 5492 1207 5546 sub
1237 5489 1547 5545 testimonio
1574 5486 1862 5544 uenerabi-

211 5581 350 5635 lium
398 5578 774 5653 episcoporum
817 5576 1044 5655 Joannis
1075 5578 1386 5646 Tusculani,
1419 5576 1714 5633 Humbaldi
1758 5577 1860 5634 Sa-

212 5668 473 5743 binensz’s,
521 5668 749 5728 Joannis
824 5672 1159 5741 Porluensis,
1221 5668 1497 5745 Bruuonis
1556 5666 1857 5738 Signensis,

210 5757 400 5817 (lbth
441 5777 650 5833 quoque
696 5758 942 5819 Daiberti
989 5756 1318 5817 Pisanorum
1360 5756 1776 5830 archiepiswpi,
1809 5761 1861 5812 et

1981 4786 2090 4826 sua
2119 4766 2373 4824 ﬁrmavit
2419 4768 2708 4838 Urbanus,
2755 4772 2816 4828 in
2847 4790 2964 4846 qua
3010 4776 3191 4832 totam
3225 4780 3630 4837 controirersia

1978 4857 2191 4916 seriem
2240 4854 2456 4926 retulit,
2489 4876 2617 4931 qua
2664 4856 2845 4918 Nonis
2869 4862 3084 4935 Aprilis
3111 4864 3292 4937 hujus
3324 4867 3462 4924 anni
3495 4869 3633 4927 data

1977 4950 2082 5007 suo
2100 4946 2301 5005 ordine
2324 4944 2623 5017 referetur,
2638 4967 2774 5007 cum
2796 4953 3059 5025 ejusdem
3075 4944 3367 5028 pontiﬁcis
3384 4952 3631 5031 epistola

1975 5039 2048 5095 ad
2082 5037 2385 5093 universos
2415 5030 2727 5094 Britannia
2757 5040 3002 5099 minoris
3031 5044 3357 5119 episcopos,
3393 5030 3512 5120 qua
3530 5064 3630 5105 eos

1973 5127 2171 5183 monet
2201 5124 2366 5182 litem
2396 5124 2546 5182 hanc
2597 5126 2838 5186 tandem
2881 5130 3110 5189 ﬁnitam
3142 5149 3271 5191 esse
3302 5137 3629 5195 secundum

1973 5217 2375 5272 Turonensem
2389 5214 2895 5292 archiepiscopum
2918 5239 2931 5291 ;
2956 5216 3219 5295 adeoque
3236 5223 3354 5281 illis
3368 5228 3630 5301 pracipit

1976 5312 2043 5361 ut
2076 5304 2186 5377 ipsi
2216 5307 2500 5376 tanquam
2534 5321 2665 5362 vero
2693 5312 2749 5363 et
2772 5310 3007 5382 proprio
3041 5329 3147 5369 suo
3180 5316 3629 5391 metropolitano

1973 5393 2268 5452 obediant.
2285 5396 2404 5450 Hoc
2418 5411 2488 5450 au
2497 5397 2616 5453 tem
2633 5396 2849 5455 Urbani
2873 5401 3165 5459 decretum
3188 5403 3269 5460 ita
3281 5405 3528 5463 invaluit
3541 5410 3625 5475 ut,

1970 5482 3628 5567 subsequentibustemporibus,quotiescunquerecruduit

1968 5574 2089 5630 hac
2141 5572 2554 5642 controversia,
2579 5578 2734 5648 quod
2774 5593 2892 5635 non
2906 5580 3366 5657 semelcontigit,
3392 5583 3623 5641 adillud

1970 5660 2189 5720 recurri
2208 5660 2417 5717 debere
2438 5662 2746 5733 pontiﬁces
2777 5682 3010 5741 semper
3026 5672 3374 5739 censuerint,
3406 5676 3471 5726 ut
3490 5678 3625 5743 post

1970 5750 2255 5827 aliosipse
2275 5750 2653 5811 Innocentius
2683 5756 2764 5812 III
2796 5756 2951 5830 fecit,
2986 5759 3085 5831 qui
3113 5759 3360 5817 solemni
3380 5760 3619 5822 tandem
