3962 6358
304 381 427 455 {23

1608 378 1682 448 Β.
1727 380 2026 451 URBANI
2067 379 2124 451 Π
2162 375 2421 450 PAPJE.

3596 376 3726 445 191

300 517 595 585 sententia
623 517 901 583 Dolenses
933 517 1237 595 episcopos
1268 517 1342 576 ab
1370 517 1531 577 omni
1562 537 1665 594 spe
1704 536 1945 594 recupe-
1975 524 2032 591 Α
2066 522 2275 577 derans
2306 517 2578 594 supplere
2620 514 2902 593 impiam,
2954 517 3108 592 quod
3148 518 3207 576 et
3234 516 3333 576 Dei
3363 516 3550 591 gratia
3579 518 3718 574 feci.

301 613 496 670 randae
527 628 792 685 unquam
834 608 1222 683 metropolicae
1252 608 1555 684 dignitatis
1582 627 1825 684 prorsus
1857 627 1950 667 re-

300 701 503 758 movit.
526 705 704 757 Porro
732 704 859 757 acta
874 699 1102 772 integra
1126 699 1373 757 celebris
1394 700 1573 773 hujus
1593 717 1780 757 causa;
1813 717 1949 757 cum

299 791 475 847 variis
505 788 765 864 epistolis
791 792 848 844 et
870 787 1001 844 aliis
1022 788 1281 861 antiquis
1311 790 1708 845 monumentis
1728 806 1854 862 quae
1877 791 1948 846 ad

299 879 454 936 hanc
478 878 940 937 controversiam
974 878 1245 944 attinent,
1270 878 1456 934 edidit
1472 885 1669 936 noster
1700 879 1951 935 Edmun-

299 971 411 1026 dus
440 968 767 1026 Martenein
787 984 934 1024 nova
955 967 1561 1025 collectionevcterum
1574 968 1947 1041 scriptorum,

299 1076 428 1132 quae
477 1076 632 1114 anno
684 1059 826 1113 1090
877 1056 1034 1112 edita
1066 1061 1156 1112 est
1206 1056 1573 1127 Rothomagi.
1618 1060 1689 1114 At
1710 1075 1815 1113 nec
1846 1058 1946 1125 ibi,

296 1165 405 1205 nec
435 1147 581 1203 alias
607 1161 857 1219 usquam
888 1145 1141 1218 reperire
1170 1145 1352 1212 licuit,
1388 1146 1611 1202 Urbani
1640 1146 1948 1219 epistolam

295 1253 476 1309 quam
508 1237 878 1292 Turonenses
907 1234 963 1289 in
996 1234 1477 1306 responsionibus
1507 1236 1579 1291 ad
1612 1235 1948 1292 Dolensium

294 1326 524 1396 objecta
554 1324 634 1380 ibi
665 1323 908 1379 laudant
928 1340 1061 1397 pag.
1100 1324 1224 1390 148,
1257 1322 1316 1378 in
1350 1341 1467 1396 qua
1496 1325 1753 1396 pontifex
1776 1328 1949 1380 testa-

292 1418 393 1469 tur
422 1414 831 1469 Britannorum
882 1413 1169 1468 ieritatem
1203 1416 1259 1467 et
1292 1413 1674 1484 pertinaciam
1721 1417 1946 1470 tantam

292 1503 494 1572 fuisse,
528 1508 590 1556 ut
621 1519 735 1556 non
769 1499 961 1556 solum
987 1500 1107 1555 ulla
1130 1501 1727 1558 excommunicatione
1748 1503 1820 1559 ad
1840 1503 1949 1559 Tu-

293 1590 558 1648 ronensis
588 1588 855 1645 Ecclesia:
899 1588 1297 1645 obedientiam
1336 1590 1590 1646 revocari
1632 1591 1944 1663 potuerint,

291 1679 392 1737 sed
422 1674 598 1735 etiam
613 1695 709 1735 eos
724 1678 1099 1736 Christianam
1111 1679 1274 1750 ﬁdem
1302 1696 1360 1736 se
1386 1678 1691 1737 deserturos
1705 1679 1943 1753 dixisse,

292 1768 341 1825 si
373 1768 446 1825 ad
477 1767 538 1823 id
569 1766 774 1840 quovis
801 1767 975 1823 modo
1003 1767 1394 1840 adigerentur.

454 1868 695 1923 CXLIX.
728 1866 1049 1921 Lambertus
1087 1866 1329 1922 Atrebati
1356 1868 1782 1923 inthronixatur.

362 1956 462 2013 His
494 1955 575 2010 ita
621 1958 816 2010 Romae
863 1953 1137 2027 peractis,
1187 1954 1473 2011 Radult‘us
1503 1956 1860 2013 Turonensis
1891 1960 1949 2013 et

290 2045 634 2103 Lambertus
664 2042 1066 2100 Atrebatensis
1095 2043 1350 2117 episcopi
1392 2044 1567 2101 simul
1600 2045 1661 2101 in
1693 2045 1944 2103 Galliam

290 2134 568 2208 repedare
612 2132 1067 2189 constituerunt.
1114 2132 1300 2189 Roma
1327 2133 1569 2206 egressi,
1619 2136 1765 2206 feria
1790 2140 1947 2192 sexta

289 2225 356 2281 de
384 2224 671 2280 Dominica
698 2220 1021 2291 Quasimodo
1050 2223 1243 2293 geniti,
1271 2222 1330 2277 id
1361 2226 1451 2278 est
1495 2223 1587 2279 die
1608 2225 1669 2278 2t
1704 2223 1942 2296 Aprilis,

287 2313 437 2387 apud.
468 2312 675 2370 Ostiam
709 2328 864 2367 mare
911 2313 1215 2367 intrarunt.
1270 2310 1371 2367 Die
1399 2328 1532 2368 vero
1575 2312 1703 2385 ipso
1733 2316 1944 2369 Pente-

289 2406 482 2460 costes
510 2401 856 2458 Lambertus
904 2400 1247 2456 Atrebatum
1280 2416 1549 2457 reversus
1596 2405 1723 2457 ante
1753 2403 1945 2458 horam

286 2494 512 2550 tertiam
562 2494 622 2547 in
664 2490 977 2564 pontiﬁcali
1011 2489 1173 2561 sede,
1200 2505 1436 2546 summo
1484 2491 1666 2546 totius
1715 2490 1856 2547 cleri
1886 2496 1945 2549 et

285 2579 486 2655 populi
518 2596 807 2637 consensu
840 2582 898 2634 et
919 2576 1229 2651 applausu,
1262 2578 1664 2636 inthronizatus
1687 2582 1815 2650 fuit.

357 2683 460 2735 CL.
496 2678 737 2752 Goﬂ‘ridi
768 2676 1469 2752 Vindocinensisexpensze
1494 2694 1596 2749 pro
1629 2680 1873 2735 Romana

698 2750 956 2805 Ecclesia.
995 2749 1203 2806 Urbani
1230 2750 1532 2822 angustiae.

358 2840 574 2895 Verum
606 2838 949 2912 priusquam
968 2838 1214 2894 Romam
1235 2836 1621 2906 dimittamus,
1647 2838 1941 2910 agendum

285 2933 378 2988 est
406 2929 479 2985 de
525 2928 777 2995 Goﬁ'rido
809 2927 1017 2983 abbate
1067 2925 1507 2996 Vindocinensi,
1542 2926 1641 2999 qui
1671 2926 1844 2983 etiam
1876 2944 1945 2983 ea

285 3021 634 3092 tempestate
673 3018 732 3073 in
780 3016 931 3073 Urbe
961 3016 1321 3085 morabatur,
1366 3032 1479 3087 quo
1535 3017 1610 3072 ad
1642 3016 1941 3088 suppetias

1977 1896 2025 1962 B

2059 611 2209 669 Mala
2250 627 2378 685 quae
2425 609 2485 665 in
2532 607 2738 665 itinere
2794 615 2849 665 et
2894 608 2953 664 in
3011 608 3240 666 civitate
3292 624 3501 681 passus
3554 625 3712 675 sum,

2060 705 2395 757 nostrorum
2425 716 2528 772 per
2560 698 2778 765 omnia,
2812 714 2884 755 ne
2916 714 3250 773 agnoscere,
3286 698 3478 755 factus
3510 697 3713 754 famu-

2057 790 2152 846 lus
2181 789 2558 855 famulorum,
2599 788 2841 861 longum
2891 791 2981 845 est
3008 804 3295 845 enarrare.
3330 786 3507 853 Quasi
3562 787 3717 843 alter

2059 879 2410 935 Nicodamus
2439 879 2512 934 ad
2533 879 2837 935 dominum
2859 894 3071 951 papam
3101 877 3161 933 in
3178 878 3420 933 domum
3448 875 3717 949 praedicti
3753 896 3756 899 λ

2058 969 2304 1025 Joannis
2333 972 2503 1024 nocte
2532 968 2682 1037 veni,
2704 967 2806 1024 ubi
2836 984 2971 1024 eum
3003 983 3149 1040 pene
3180 966 3454 1022 omnibus
3483 968 3717 1038 tempo-

2059 1058 2279 1114 ralibus
2312 1057 2478 1113 bonis
2501 1057 2810 1124 nudatum,
2843 1060 2899 1113 et
2919 1056 3107 1112 alieno
3139 1073 3247 1111 aere
3269 1055 3445 1111 nimis
3471 1071 3718 1127 oppres-

2059 1163 2192 1203 sum
2209 1145 2423 1202 inveni.
2438 1146 2529 1201 Ibi
2549 1162 2652 1219 per
2676 1145 3195 1219 Quadragesimam
3224 1144 3414 1200 mansi
3431 1142 3679 1200 cumillo
3701 1161 3717 1211 ;

2058 1239 2135 1302 et,
2170 1234 2219 1290 si
2265 1234 2354 1290 fas
2410 1239 2499 1291 est
2548 1234 2804 1307 profiteri
2857 1234 3179 1301 veritatem,
3229 1234 3357 1306 ejus
3402 1249 3598 1297 onera,
3653 1232 3716 1287 in

2059 1328 2345 1396 quantum
2391 1324 2576 1396 potui,
2637 1324 2942 1380 charitatis
3014 1322 3279 1379 humeris
3350 1322 3717 1395 supportavi.

2057 1414 2402 1480 Quindecim
2448 1429 2581 1468 vero
2620 1413 2830 1469 diebus
2875 1416 3007 1468 ante
3058 1412 3284 1469 Pascha
3336 1411 3717 1479 Ferruchius,

2059 1519 2232 1575 quem
2265 1501 2674 1558 Lateranensis
2706 1502 2903 1574 palatii
2938 1502 3239 1558 custodem
3264 1500 3605 1557 Guitbertus
3632 1500 3718 1557 fe-

2058 1595 2345 1664 cerat,per
2362 1590 3000 1647 internuntioslocutus
3014 1595 3105 1647 est
3126 1608 3261 1646 cum
3280 1590 3516 1647 domino
3537 1608 3717 1664 papa,

2062 1697 2350 1754 quaerens
2386 1681 2458 1738 ab
2504 1697 2570 1737 eo
2627 1680 2964 1753 pecuniam,
3014 1685 3073 1736 et
3128 1680 3253 1753 ipse
3308 1680 3573 1736 redderet
3630 1679 3720 1736 illi

2056 1771 2267 1828 turrim
2300 1774 2357 1826 et
2397 1770 2639 1826 domum
2671 1769 2856 1825 illam.
2892 1768 3054 1826 Unde
3084 1769 3363 1825 dominus
3392 1784 3547 1842 papa
3576 1785 3723 1845 cum,

2058 1860 2349 1933 episcOpis
2378 1862 2437 1916 et
2472 1858 2875 1915 cardinalibus
2902 1857 3004 1931 qui
3035 1874 3233 1915 secum
3265 1866 3431 1914 erant
3458 1857 3717 1924 locutus,

2057 1950 2129 2006 ab
2156 1949 2301 2022 ipsis
2315 1948 2624 2021 pecuniam
2644 1947 2941 2020 quaesivit;
2967 1948 3069 2004 sed
3084 1948 3381 2004 modicum
3395 1947 3538 2020 quid
3556 1950 3721 2021 apud

2056 2040 2235 2111 ipsos,
2287 2038 2568 2112 quoniam
2620 2037 3023 2110 persecutione
3053 2042 3110 2093 et
3158 2040 3503 2111 paupertate
3535 2037 3723 2094 simul

2054 2128 2496 2203 premebantur,
2517 2126 2777 2182 invenire
2805 2126 3015 2199 potuit.
3044 2128 3226 2193 Quem
3257 2144 3394 2200 ergo
3423 2142 3560 2182 cum
3596 2143 3718 2182 non

2054 2217 2246 2274 solum
2283 2217 2534 2284 tristem,
2576 2232 2780 2272 verum
2837 2216 3015 2272 etiam
3048 2233 3162 2288 prae
3211 2215 3396 2271 nimia
3441 2215 3724 2289 angustia

2053 2306 2474 2379 lacrymantem
2508 2303 2965 2377 conSpexissem,
3026 2305 3172 2377 ccepi
3202 2308 3259 2360 et
3304 2304 3432 2378 ipse
3464 2304 3625 2371 ﬂere,
3661 2308 3723 2360 et

2055 2395 2202 2451 ﬂens
2231 2395 2447 2451 accessi
2477 2395 2549 2450 ad
2579 2410 2714 2450 eum
2745 2394 2968 2462 dicens,
3003 2396 3069 2449 ut
3095 2409 3298 2450 secure
3338 2410 3473 2450 cum
3504 2394 3719 2450 Ferru-

2055 2484 2186 2541 chio
2217 2485 2391 2540 iniret
2419 2488 2677 2557 pactum.
2733 2482 2816 2539 lbi
2849 2498 3060 2540 aurum
3087 2487 3145 2539 et
3173 2487 3505 2556 argentum,
3538 2499 3720 2539 num-

2051 2590 2202 2643 mos,
2236 2572 2429 2629 mulas
2455 2577 2517 2629 et
2563 2589 2745 2645 equos
2795 2571 3040 2644 expendi
3068 2598 3082 2641 ;
3129 2575 3186 2628 et
3214 2571 3297 2629 sic
3327 2572 3722 2629 Lateranense

2058 2661 2381 2719 habuimus
2411 2665 2466 2718 et
2490 2661 2839 2718 intravimus
2869 2660 3176 2734 palatium,
3217 2661 3318 2717 ubi
3349 2677 3453 2733 ego
3487 2661 3723 2734 primus

2053 2751 2357 2808 osculatus
2388 2766 2517 2808 sum
2548 2751 2772 2807 domini
2799 2766 2962 2823 papae
2994 2751 3224 2824 pedem,
3256 2750 3317 2806 in
3351 2751 3488 2807 sede
3510 2748 3723 2807 videli-

2052 2846 2141 2898 cet
2171 2840 2504 2915 apostolica,
2554 2839 2619 2897 in
2654 2857 2769 2912 qua
2809 2839 2980 2914 longe
3027 2845 3165 2897 ante
3210 2839 3536 2897 catholicus
3594 2857 3717 2896 non

2055 2931 2293 2988 sederat
2348 2947 2521 3003 papa.
2571 2949 2602 2984 ιι
2665 2928 2926 3002 Epistola
2980 2929 3249 3001 sequenti
3308 2930 3381 2985 ad
3440 2930 3722 2986 eumdem

2054 3018 2396 3077 Paschalem
2445 3018 2682 3093 scripta,
2735 3018 2849 3075 sibi
2896 3019 3009 3091 ipsi
3040 3017 3372 3091 gratulatur
3413 3018 3566 3091 quod
3590 3024 3721 3092 post

285 3106 547 3183 pontiﬁci
579 3106 829 3164 summis
858 3106 919 3161 in
943 3104 1233 3180 angustiis
1261 3105 1575 3162 constituto
1597 3104 1941 3162 deferendas
2044 3126 2249 3182 papam
2304 3108 2596 3176 Urbanum,
2647 3116 2698 3164 et
2761 3110 3112 3180 praecipuum
3177 3112 3386 3164 sanctae
3452 3108 3720 3166 Romanae

286 3202 422 3255 ante
452 3196 676 3270 aliquot
702 3200 937 3268 tempus
962 3197 1294 3252 advenerat.
1320 3199 1377 3250 Is
1408 3211 1560 3251 anno
1591 3195 1941 3268 praecedenti
1984 3267 2012 3270 __
2049 3199 2284 3255 ecclesia
2330 3198 2514 3269 ﬁlium
2559 3198 3007 3253 Petrum-Leonis
3073 3195 3374 3253 Guitberto
3426 3190 3721 3253 abstulerit

285 3304 364 3345 xu
393 3267 685 3344 Kalendas
724 3267 1080 3358 Septembri,
1112 3287 1180 3339 ut
1226 3282 1406 3339 habet
1444 3267 1767 3340 Chronicon
1799 3283 1942 3340 Vin-
1970 3267 2015 3335 (ἶ
2054 3267 2419 3344 Lateranense
2447 3287 2727 3359 palatium
2754 3285 3017 3359 pecuniae
3047 3283 3270 3341 scilicet
3290 3284 3513 3358 ingenti
3547 3302 3718 3342 sum-

286 3376 601 3434 docinense
649 3363 1272 3445 alias'Andegavense
1336 3389 1371 3428 a
1417 3372 1646 3429 Labbeo
1696 3372 1942 3443 editum,

284 3464 594 3522 Vindocini
645 3464 826 3520 abbas
897 3462 969 3518 ab
1032 3465 1206 3518 Ivone
1275 3460 1615 3517 Carnotensi
1675 3462 1946 3537 episcopo

284 3556 612 3623 ordinatus,
647 3553 845 3611 audito
865 3552 1020 3624 quod
1035 3550 1307 3607 Urbanus
1321 3550 1380 3606 in
1409 3567 1645 3608 summa
1664 3568 1948 3624 pressura

285 3649 458 3714 esset,
494 3660 662 3717 opem
691 3641 747 3699 ei
776 3641 1038 3698 conferre
1069 3639 1293 3695 statuit.
1326 3640 1514 3705 Quare
1541 3640 1789 3698 Romam
1820 3646 1945 3710 sta-_

283 3734 390 3792 tim
422 3733 738 3807 profectus,
794 3733 1085 3802 quantum
1126 3728 1207 3784 ibi
1254 3728 1516 3802 pontifici
1558 3731 1843 3803 profuerit
1880 3748 1947 3788 ex

282 3823 476 3898 ipsius
507 3820 756 3894 epistola
784 3818 984 3883 8,1ibri
1016 3836 1034 3874 ι
1078 3818 1148 3874 ad
1180 3817 1524 3875 Paschalem
1563 3819 1783 3876 Urbani
1812 3838 1945 3877 suc-

285 3927 576 3971 cessorem
607 3909 827 3981 scripta
849 3908 1196 3986 discendum
1228 3910 1333 3963 est.
1367 3911 1434 3962 In
1465 3924 1532 3963 ea
1552 3912 1867 3981 postquam
1885 3926 1947 3966 se

280 4002 573 4077 proprium
629 4003 681 4055 et
727 3998 1039 4071 specialem,
1103 4012 1216 4053 non
1281 3996 1599 4069 adoptivum
1654 3998 1945 4070 pontificis

284 4094 487 4164 ﬁlium,
519 4104 587 4147 ac
618 4082 1044 4145 monasterium
1079 4101 1254 4142 suum
1287 4086 1433 4141 beati
1460 4086 1613 4141 Petri
1651 4088 1947 4159 praprium

284 4179 536 4239 alodium
591 4187 644 4236 et
684 4177 1096 4251 patrimonium
1150 4192 1220 4230 ex
1268 4175 1629 4247 fundator-um
1678 4176 1944 4248 ipsorum

282 4268 583 4326 voluntate
632 4283 760 4323 esse
810 4264 1216 4336 praemisisset,
1256 4264 1561 4336 subjungit
1593 4279 1655 4320 se
1686 4263 1949 4321 tredecim

283 4360 469 4416 millia
495 4357 798 4414 solidorum
842 4357 1095 4419 monetae,
1128 4352 1323 4425 inquit
1351 4356 1576 4410 nostra}.
1594 4355 1657 4410 in
1685 4355 1947 4413 Romanae

284 4448 544 4505 Ecclesiae
572 4446 878 4510 servitium,
905 4445 1021 4499 sola
1070 4443 1378 4510 dilectione,
1410 4458 1523 4499 non
1550 4443 1671 4498 ulla
1702 4445 1947 4516 qualibet

285 4535 603 4592 necessitate
630 4531 970 4604 compulsum
989 4528 1356 4603 expendisse.
1382 4533 1592 4587 Postea
1611 4534 1790 4587 totam
1818 4548 1944 4590 rem

2056 3393 2172 3445 ma,
2200 3393 2378 3450 quam
2404 3392 2533 3432 eam
2554 3375 2613 3431 in
2646 3391 2767 3432 rem
2799 3375 3170 3448 expenderat.
3196 3374 3410 3431 Eadem
3435 3391 3717 3448 compen-

2059 3464 2260 3522 diosus
2272 3464 2494 3538 passim
2509 3463 2720 3536 repetit
2739 3464 3053 3530 Goii‘ridus,
3070 3463 3451 3536 potissimum
3466 3463 3721 3536 epistola

2054 3554 2147 3622 l3,
2221 3553 2485 3626 ejusdem
2534 3552 2670 3609 libri
2724 3553 2795 3608 ad
2846 3550 3134 3609 Calixtum
3181 3568 3417 3624 papam,
3473 3551 3573 3607 ubi
3632 3552 3708 3609 de

2055 3643 2342 3717 impensis
2395 3659 2431 3698 a
2478 3659 2541 3699 se
2570 3642 2631 3698 in
2680 3642 3013 3700 Romanum
3062 3640 3399 3713 pontiﬁcem
3457 3640 3717 3698 servitiis

2054 3734 2266 3790 iterum
2316 3731 2584 3805 loquens,
2634 3730 2713 3786 ait
2762 3747 2825 3787 se
2864 3730 3160 3803 plusquam
3204 3729 3486 3787 duodecim
3526 3729 3718 3786 millia

2052 3822 2351 3879 solidorum
2376 3836 2443 3877 ex
2484 3818 2791 3876 occasione
2822 3820 3283 3892 consumpsisse,
3309 3835 3434 3891 qua:
3457 3834 3715 3890 summa,

2054 3927 2120 3968 eo
2151 3912 2278 3968 ioso
2308 3913 2474 3976 teste,
2505 3912 2727 3965 centum
2754 3925 2972 3966 marcus
3002 3910 3221 3981 argenti
3251 3907 3495 3965 valebat.

2373 3998 2508 4054 CLI.
2553 3999 2932 4072 Privilegium
2978 3999 3381 4056 Vindocinense.

2127 4087 2306 4144 Paulo
2367 4091 2686 4161 antequam
2740 4088 3010 4145 Urbanus
3057 4092 3417 4145 Lateranum
3469 4087 3718 4144 Goﬂ'ridi

2054 4194 2162 4250 ope
2192 4181 2577 4250 recuperaret,
2612 4193 2823 4251 nempe
2854 4178 3043 4251 pridie
3070 4178 3209 4233 Idus
3240 4177 3452 4247 Martii,
3485 4176 3718 4248 insigne

2053 4264 2422 4339 privilegium
2441 4265 2733 4323 concessit
2753 4265 3171 4323 Vindocinensi
3195 4265 3571 4335 monasterio,
3595 4284 3717 4341 quo

2053 4356 2182 4428 ejus
2194 4356 2333 4428 jura
2347 4359 2403 4412 et
2421 4355 2824 4428 possessiones
2837 4359 3202 4413 asseruntur.
3221 4354 3283 4411 Id
3301 4355 3720 4413 conﬁrmatum

2053 4448 2260 4519 postea
2288 4445 2403 4501 fuit
2449 4446 2508 4500 in
2539 4444 2790 4501 concilio
2821 4444 3305 4515 Claromontensi,
3336 4445 3423 4500 uti
3454 4461 3562 4502 suo
3592 4443 3718 4503 loco

2054 4534 2351 4602 dicemus,
2385 4534 2539 4608 quod
2570 4534 2865 4607 integrum
2883 4551 2953 4591 ex
2979 4534 3212 4591 archivo
3234 4534 3500 4606 ejusdem
3520 4551 3724 4592 mona-

287 4622 653 4695 enucleatius
691 4619 949 4695 exponit,
981 4620 1151 4693 cujus
1189 4620 1333 4677 adeo
1365 4619 1495 4693 ipsa
1521 4621 1699 4677 verba
1727 4622 1945 4680 referre
1973 4642 2021 4709 D
2053 4623 2245 4696 sterii,
2273 4623 2427 4680 inter
2477 4622 2688 4679 urbani
2719 4622 2997 4696 epistolas
3028 4623 3283 4681 dabitur.
3319 4623 3442 4680 Huc
3481 4640 3717 4697 quoque

289 4729 478 4786 operae
493 4711 746 4787 pretium
773 4715 880 4780 est,
902 4710 1060 4783 quod
1082 4709 1299 4766 Urbani
1316 4712 1373 4765 et
1383 4709 1653 4766 Ecclesiae
1669 4710 1942 4769 Romanis

289 4819 359 4860 ea
385 4804 733 4875 tempestate
763 4804 982 4857 statum
1014 4798 1242 4873 egregie
1272 4802 1704 4871 repraesentem.
1743 4822 1765 4851 α
1795 4801 1948 4858 Inter

290 4879 513 4961 caetera,
544 4890 758 4964 inquit,
795 4906 921 4963 quae
951 4906 1083 4946 mea
1116 4887 1425 4944 humilitas
1453 4887 1647 4944 Romae
1677 4889 1943 4948 Ecclesia:

288 4983 351 5039 in
380 4997 491 5038 sua
520 4980 868 5038 necessitate
898 4979 1037 5035 fecit
1083 4977 1337 5045 servitia,
1382 4994 1590 5048 unum,
1625 4979 1765 5052 quia
1793 4980 1943 5039 cele-

290 5070 617 5128 berrimum
659 5070 788 5139 fuit,
832 5086 938 5126 nec
984 5083 1250 5141 possum,
1302 5082 1411 5123 nec
1451 5066 1633 5125 debeo
1680 5067 1942 5129 silere....

293 5160 550 5217 «Primo
576 5177 749 5228 anno,
802 5176 940 5232 quo,
988 5159 1103 5214 Deo
1147 5153 1376 5212 volente
1422 5155 1512 5213 vel
1543 5158 1939 5230 permittente,

292 5265 505 5307 nomen
553 5250 786 5306 abbatis
835 5247 1088 5319 suscepi,
1140 5244 1333 5301 audivi
1378 5245 1483 5317 pia:
1524 5248 1942 5307 recordationis

291 5337 597 5396 dominum
629 5354 841 5411 papam
875 5336 1176 5393 Urbanum
1207 5334 1267 5389 in
1281 5334 1453 5391 domo
1482 5336 1725 5394 Joannis
1758 5337 1945 5394 Frica-

293 5443 506 5501 panem
536 5426 786 5494 latitare,
831 5429 889 5482 et
924 5428 1126 5481 contra
1172 5422 1623 5481 Guitbertissam
1670 5425 1942 5483 haeresim

290 5514 534 5571 viriliter
562 5513 845 5587 laborare.
890 5514 1046 5570 Licet
1082 5512 1245 5570 locus
1285 5517 1485 5569 noster
1514 5531 1739 5587 pauper
1767 5521 1941 5586 esset,

294 5605 542 5663 Romam
562 5609 760 5662 tamen
779 5602 1094 5676 veni,illius
1112 5603 1585 5677 persecutionum
1601 5608 1658 5660 et
1676 5604 1944 5662 laborum

292 5694 491 5753 volen
514 5695 803 5770 particeps
833 5695 975 5765 ﬁeri,
1012 5697 1067 5751 et
1088 5709 1256 5754 suam
1290 5711 1392 5768 pro
1423 5709 1595 5768 posse
1627 5710 1757 5752 meo
1790 5695 1940 5754 desi-

2054 4712 2313 4770 revocari
2361 4710 2580 4767 debent
2626 4711 2757 4767 duae
2786 4712 3052 4784 ejusdem
3092 4712 3388 4786 pontiﬁcis
3430 4711 3714 4785 epistolae,

2055 4820 2184 4876 quae
2270 4803 2459 4880 Romae
2515 4800 2662 4859 datm
2718 4801 2997 4858 dicuntur
3043 4805 3079 4858 2
3142 4802 3412 4859 Kalendas
3474 4803 3711 4872 Aprilis.

2052 4893 2314 4949 Primam
2345 4890 2587 4963 scripsit
2636 4891 2896 4963 pontifex
2925 4890 3220 4949 Willelmo
3259 4890 3715 4950 Pictaviensium

2052 4981 2276 5051 comiti,
2301 4983 2368 5037 ut
2396 4978 2565 5036 illum
2600 4980 2671 5035 ad
2712 4980 3135 5039 restituendam
3167 4981 3714 5039 Vindocinensibus

2052 5069 2360 5128 monachis
2391 5069 2696 5126 ecclesiam
2718 5071 2912 5126 Sancti
2943 5072 3171 5146 Georgii
3202 5072 3262 5128 in
3286 5071 3489 5128 Insula
3519 5069 3714 5128 01ero-

2054 5161 2148 5218 nis
2179 5160 2374 5229 sitam,
2409 5158 2699 5232 quamille
2729 5159 2961 5217 cuidam
2977 5159 3208 5231 Ebloni,
3238 5159 3532 5218 uniesuis
3550 5159 3709 5216 mili-

2052 5250 2214 5307 tibus
2239 5250 2555 5306 donaverat
2601 5249 3040 5320 adhortaretur;
3073 5250 3254 5308 altera
3281 5252 3488 5307 Amato
3516 5249 3710 5324 legato

2053 5340 2384 5413 apostolicae
2405 5338 2571 5396 sedis
2595 5338 2843 5412 aliisque
2865 5340 3094 5397 duobus
3116 5340 3406 5415 episcopis
3429 5338 3713 5412 inscripta

2052 5433 2162 5498 est,
2195 5430 2410 5503 quibus
2464 5428 2724 5501 pontifex
2766 5429 3026 5504 injungit
3074 5434 3140 5488 ut
3187 5428 3567 5488 Guillelmum
3603 5446 3708 5503 pro

2053 5519 2556 5575 excommunicato
2602 5517 2876 5588 habeant,
2925 5519 3037 5577 nisi
3097 5520 3253 5577 intra
3296 5523 3534 5592 tempus
3579 5535 3614 5576 a
3646 5536 3727 5575 se

2051 5608 2406 5683 praeﬁnitum
2425 5606 2580 5663 bona
2591 5605 3121 5668 Vindocinensibus
3143 5608 3448 5668 monachis
3480 5608 3707 5681 injuste

2055 5698 2248 5757 ablata
2294 5686 2604 5758 restituere
2658 5696 2851 5756 faciat.
2899 5698 3029 5758 Haec
3075 5700 3190 5759 duo
3237 5698 3520 5772 rescripta
3552 5697 3711 5758 ultra
