3962 6360
419 334 534 446 :127

1725 337 1798 400 Β.
1843 335 2138 402 UBBANI
2180 337 2233 403 II
2275 337 2528 404 ΡΑΡιΕ.

3715 344 3841 410 128

413 475 640 544 madas,
674 478 732 531 et
760 475 820 530 in
863 473 1045 530 altera
1089 472 1481 548 quadraginta
1527 473 1793 530 homines
1823 491 1942 530 una
1972 474 2068 530 die
2097 473 2151 543 Α,
2181 476 2376 546 Fuleo,
2409 476 2566 534 idem
2595 477 2853 551 pontifex
2900 477 2962 536 in
2994 479 3397 555 Langobardia
3429 497 3629 539 mense
3679 481 3844 539 Maio

414 565 707 622 obierunt.
741 565 814 619 At
844 564 965 619 haec
1007 563 1572 636 corporumfclades?
1588 564 1748 620 salus
1796 568 1921 620 erat
1948 563 2071 650 ani:

2181 566 2352 640 longe
2375 568 2446 624 ab
2477 567 2629 625 Urbe
2658 570 3017 626 morabatur.
3043 570 3218 630 Porro
3248 571 3360 629 hac
3400 570 3708 629 occasione
3743 572 3846 629 Ivo

410 653 807 719 marum.'Qui
855 653 1012 708 enirn
1044 651 1144 708 illo
1177 654 1380 709 morbo
1413 653 1865 725 impetebantur,
1901 657 2074 726 quas1
2181 656 2554 714 Carnotensis
2575 657 3286 734 episcopus,quiepist.30
3302 662 3613 719 Fulconem
3636 663 3847 735 ipsum

409 743 551 799 certi
582 746 784 799 essent
813 759 873 798 se
905 742 1062 798 brevi
1116 742 1453 814 morituros,
1473 744 1554 798 ita
1592 745 2073 816 praeparabantur
2182 751 2510 814 monuerat,
2534 757 2595 803 ut
2621 749 2711 804 sui
2737 750 2908 820 ofﬁcii
2928 767 3137 807 memor
3155 753 3495 808 mundanam
3521 754 3851 823 superbiam

406 835 478 888 ad
511 833 752 901 exitum,
777 836 841 888 ut
870 833 927 888 id
980 837 1120 888 tunc
1165 832 1318 888 ultro
1358 837 1723 906 prmstarent,
1748 835 1902 906 quod
1955 834 2068 889 alio

401 927 684 996 tempore,
717 923 913 995 inquit
941 922 1270 990 Bertoldus,
1293 922 1386 978 vix
1427 941 1461 978 a
1503 923 1894 979 sanctioribus
1925 923 2064 978 viris

402 1015 727 1087 exspectari
758 1014 1076 1087 potuisset;
1110 1014 1209 1085 qui
1239 1029 1373 1068 vero
1406 1013 1750 1085 superstites
1777 1017 1965 1082 erant,
1988 1013 2069 1068 ita

399 1103 873 1177 percellebantur
903 1107 1065 1158 metu
1098 1103 1468 1158 imminentis
1508 1103 1718 1171 morbi,
1753 1107 1818 1157 ut
1849 1120 1882 1158 a
1911 1101 2066 1158 vitiis

400 1197 457 1250 et
514 1193 768 1265 peccatis
824 1193 1062 1248 omnino
1120 1193 1502 1260 abstinerent,
1546 1193 1746 1264 sicque
1795 1192 1966 1246 multi
2000 1209 2068 1247 ea

396 1283 702 1339 occasione
747 1283 819 1338 ad
870 1281 1172 1338 meliorem
1225 1281 1460 1336 adducti
1516 1282 1741 1353 frugem
1791 1282 2060 1350 fuerunt;

393 1371 534 1439 imo,
566 1371 827 1444 plerique
856 1373 927 1426 ad
971 1371 1192 1444 seipsos
1212 1371 1444 1434 reversi,
1478 1389 1510 1424 a
1539 1369 1933 1427 schismaticis
1964 1372 2063 1427 de-

400 1455 684 1519 fecerunt.
711 1463 966 1518 Celebris
996 1467 1136 1516 tunc
1182 1464 1304 1516 erat
1335 1461 1392 1516 in
1425 1460 1643 1516 Alsatia
1684 1461 2062 1533 Manegoldus

407 1553 476 1610 de
497 1551 831 1608 Lutenbach
852 1551 1190 1607 monasterii
1219 1550 1620 1606 Murbocensis
1643 1551 2060 1606 canonicorum

401 1642 762 1714 regularium
787 1641 1107 1697 institutor.
1133 1641 1188 1697 Is
1211 1639 1555 1696 auctoritate
1580 1640 1688 1696 sibi
1724 1641 1797 1695 ab
1829 1640 2062 1696 Urbano

397 1732 610 1789 collata
642 1731 884 1796 multos,
911 1731 1085 1786 etiam
1119 1748 1187 1786 ex
1218 1730 1522 1800 provincia
1546 1729 1956 1795 nobilioribus,
1989 1731 2062 1785 ad

393 1824 591 1895 ipsum
633 1821 970 1878 catervatim
1015 1819 1420 1876 convenientes
1450 1819 1856 1875 ecclesiasticae
1903 1836 2055 1874 com-
2085 1850 2133 1914 B

395 1911 661 1967 munioni
694 1909 966 1976 restituit,
1003 1910 1100 1982 qui
1156 1914 1394 1981 accepta
1443 1907 1664 1964 salubri
1714 1909 2055 1981 paenitentia

398 2000 695 2072 deinceps,
720 2001 1184 2056 Simoniaccrum
1213 2003 1270 2054 et
1290 1999 1780 2054 incontinentium
1815 1999 2052 2071 presby-

395 2097 656 2149 terorum
699 2091 1081 2146 contubernia
1110 2089 1289 2156 exosi,
1314 2088 1513 2144 ﬁdeles
1558 2089 1718 2144 fuere
1748 2089 1806 2143 in
1841 2093 2052 2144 sanctas

395 2180 553 2238 sedis
585 2184 642 2237 et
670 2179 916 2252 legitimi
949 2178 1241 2252 pontiﬁcis
1273 2178 1624 2233 obedientia.
1660 2177 1826 2246 Hinc,
1857 2182 1922 2231 ut
1950 2178 2053 2233 ob-

393 2274 587 2328 servat
629 2269 785 2326 idem
831 2267 1544 2334 Bertoldus,ecclesiastica
1592 2268 1788 2337 religio
1827 2267 2051 2338 jamdu-

393 2357 522 2418 dum
553 2362 616 2416 in
644 2361 762 2416 illis
804 2360 1056 2431 partibus
1087 2359 1357 2413 exstincta
1384 2357 1722 2412 mirabiliter
1769 2373 2055 2412 reaccensa

399 2458 498 2517 est,
553 2447 927 2505 monasteriis
979 2446 1154 2502 etiam
1213 2445 1577 2516 restauratis,
1619 2450 1722 2500 aut
1777 2446 1848 2500 de
1906 2463 2052 2501 novo

398 2540 670 2597 conditis.
703 2539 849 2594 Nam
883 2542 1090 2610 praeter
1119 2534 1499 2591 Murbacense
1530 2551 1564 2590 a
1591 2533 1954 2607 Manegoldo,
1989 2539 2054 2590 ut

398 2645 532 2686 mox
571 2628 933 2695 dicebamus,
979 2628 1406 2689 constructum,
1438 2627 1495 2680 et
1541 2622 1674 2689 alia,
1717 2623 1788 2678 de
1835 2624 2052 2695 quibus

399 2737 580 2792 supra
608 2717 890 2782 diximus,
911 2714 1335 2771 monasterium
1357 2712 1552 2769 Sancti
1577 2711 1751 2768 Blasii
1783 2711 1843 2767 in
1875 2712 2054 2783 Nigra

398 2804 547 2866 silva
575 2807 685 2862 hoc
717 2823 891 2870 anno,
923 2821 985 2859 In
1028 2803 1170 2859 Idus
1201 2802 1564 2875 Septembris
1595 2820 1628 2858 a
1655 2801 2054 2857 fundamentis

400 2895 672 2954 aediﬁcari
705 2899 959 2968 coeptum
980 2897 1069 2950 est
1099 2892 1207 2949 sub
1229 2892 1434 2948 Ottone
1456 2891 1693 2960 abbate;
1727 2909 1844 2964 qua
1873 2893 2052 2948 etiam

398 2987 530 3061 ipsa
577 2985 691 3051 die,
722 2983 878 3040 idem
930 2983 1113 3039 abbas
1172 2983 1571 3038 Ilarmannum
1629 2981 1882 3054 priorem
1915 2998 2051 3036 cum

398 3075 624 3147 aliquot
678 3074 854 3130 sociis
912 3075 972 3128 in
1029 3072 1295 3129 orientale
1349 3089 1596 3142 regnum,
1659 3073 1720 3126 in
1770 3069 2054 3126 marcham

397 3159 674 3235 Hungaris
703 3163 1134 3219 collimitaneam
1183 3161 1388 3217 direxit
1422 3161 1493 3216 ad
1545 3176 1744 3216 novam
1775 3160 2054 3215 abbatiam

2177 851 2286 890 non
2336 839 2507 892 armis
2535 837 2834 896 mundana
2879 841 3132 907 malitiae,
3169 842 3324 914 quod
3375 841 3606 896 videtur
3654 841 3851 898 fuisse

2179 925 2570 981 accusationis
2600 926 2658 982 in
2690 945 2825 982 eum
2879 929 3176 985 intentata;
3225 929 3584 1002 praecipuum
3635 935 3845 1002 caput,

2175 1013 2266 1068 sed
2316 1017 2488 1068 armis
2537 1015 2860 1072 Christiana:
2907 1019 3132 1073 militia:
3181 1035 3438 1090 superare
3486 1020 3844 1088 decertaret,

2178 1103 2376 1158 audita
2399 1109 2530 1175 post
2553 1107 2792 1161 modum
2811 1108 2939 1177 ejus
2964 1124 3066 1179 per
3087 1108 3422 1180 pontiﬁcem
3442 1108 3843 1180 absolutione,

2175 1193 2322 1248 ferre
2353 1209 2468 1248 non
2501 1195 2708 1266 potuit,
2735 1199 2800 1250 ut
2829 1195 2988 1252 illius
3018 1213 3194 1252 causa
3225 1215 3259 1252 a
3279 1197 3518 1269 Belgicae
3540 1198 3844 1271 episcopis

2175 1282 2233 1336 in
2284 1289 2571 1338 conventu
2621 1285 2957 1356 provinciali
3012 1290 3441 1342 retraetaretur.
3476 1287 3536 1341 Id
3585 1304 3654 1342 ex
3699 1290 3840 1359 ejus

2173 1372 2342 1442 epist.
2378 1373 2410 1426 3
2443 1390 2600 1427 novae
2649 1374 2920 1430 editionis
2967 1373 3375 1447 intelligimus,
3423 1375 3481 1430 in
3529 1393 3647 1448 qua
3697 1382 3842 1448 post

2175 1462 2650 1517 commendatum
2697 1462 2950 1530 Urbano,
2971 1533 2985 1544 ο
3007 1465 3100 1519 cui
3151 1464 3462 1532 scribebat,
3491 1464 3837 1535 Fulconcm,

2173 1549 2258 1604 sic
2289 1551 2359 1605 de
2389 1552 2589 1606 eodem
2617 1553 2990 1624 prosequitur
3015 1571 3028 1609 :
3053 1554 3185 1608 Mihi
3214 1570 3326 1609 non
3355 1555 3564 1609 videtur
3582 1557 3839 1611 rationa-

2174 1639 2356 1694 biliter
2379 1656 2534 1711 posse
2563 1642 2686 1711 ﬁeri
2719 1645 2778 1696 ut
2828 1659 2862 1696 a
2891 1643 3099 1697 minori
3143 1659 3376 1713 persona
3422 1643 3609 1699 debeat
3653 1652 3837 1700 retra-

2171 1731 2330 1799 ctari,
2363 1730 2502 1800 quod
2546 1733 2646 1785 sub
2689 1733 2856 1786 vestri
2874 1732 3080 1804 judicii
3108 1734 3362 1787 examine
3420 1733 3583 1803 ﬁnem
3640 1735 3843 1789 sortiri

2171 1819 2395 1874 meruit.
2431 1819 2499 1874 Et
2539 1819 2798 1891 quidem,
2830 1825 2896 1875 ut
2945 1821 3101 1876 idem
3133 1825 3230 1875 Ivo
3283 1821 3457 1892 paulo
3508 1825 3639 1878 ante
3687 1824 3834 1879 scri-

2163 1911 2380 1978 pserat,
2412 1911 2468 1962 et
2497 1909 2804 1963 conﬁrmat
2861 1909 2986 1981 ipse
3030 1909 3300 1964 Urbanus
3359 1909 3419 1964 in
3476 1909 3692 1967 litteris
3754 1912 3830 1967 ad

2161 1996 2508 2052 Anselmum
2557 2014 2663 2053 suo
2709 1997 2832 2054 loco
2863 1997 3136 2054 laudatis.
3172 1997 3367 2066 Fulco,
3403 1999 3502 2070 qui
3557 2000 3707 2057 alias
3737 2000 3829 2056 vir

2163 2089 2286 2140 erat
2327 2085 2486 2140 mirae
2520 2085 2942 2158 simplicitatis,
2975 2105 3079 2143 nec
3127 2089 3366 2143 omnino
3416 2087 3718 2144 sufﬁciens
3749 2091 3822 2145 ad

2161 2178 2334 2228 tantae
2391 2173 2657 2230 dimcests
2719 2174 2978 2248 regimen
3033 2177 3391 2242 obeundum,
3443 2193 3478 2232 a
3528 2175 3827 2250 plerisque

2161 2266 2356 2318 tamen
2389 2262 2782 2334 impetebatur
2806 2281 2917 2320 non.
2944 2269 3059 2320 tam
3088 2266 3201 2322 zelo
3223 2267 3484 2338 justitise,
3511 2283 3679 2338 quam
3709 2270 3825 2323 vir-

2161 2355 2345 2407 tutum
2397 2354 2766 2410 aemulatione.
2809 2355 3030 2411 Tamen
3082 2354 3350 2411 Ecclesiae
3399 2373 3517 2411 sua:
3566 2358 3828 2412 auctori-

2161 2445 2279 2497 tate
2309 2441 2610 2514 pontiﬁcia
2661 2443 2945 2512 redditus,
2978 2461 3106 2500 eam
3157 2461 3342 2516 usque
3371 2445 3443 2500 ad
3481 2445 3611 2500 vitae
3642 2445 3827 2502 ﬁnem

2163 2530 2330 2586 rexit.

2198 2638 2434 2694 CLVIII.
2470 2639 2560 2695 Lis
2592 2640 2736 2695 inter
2765 2639 3236 2714 archiepiscopum
3263 2642 3478 2697 Viennae
3500 2645 3554 2698 et
3583 2642 3796 2713 episco-

2691 2729 2828 2784 pum
2855 2713 3282 2785 Gratianbpolis.

2233 2800 2486 2856 Emersit
2541 2802 2743 2858 eodem
2802 2801 2919 2857 fere
2976 2806 3238 2874 tempore
3268 2801 3327 2857 in
3367 2801 3570 2858 Galliis
3625 2802 3828 2875 gravis

2161 2891 2557 2946 controversia
2586 2891 2740 2946 inter
2761 2891 3090 2948 Guidonem
3117 2891 3620 2964 archiepiscopum
3649 2891 3832 2948 Vien-

2161 2971 2404 3036 nensem
2427 2983 2483 3034 et
2513 2980 2814 3053 Hugonem
2845 2981 3452 3054 Gratianopolitanum
3470 2980 3828 3054 episcopum

2162 3067 2232 3123 de
2261 3084 2410 3140 pago
2468 3069 2942 3138 Salmoriacensi,
2987 3086 3164 3142 quem
3219 3075 3466 3142 uterque
3523 3070 3597 3125 ad
3649 3087 3827 3126 suam

2162 3155 2459 3214 dioecesim
2491 3160 2781 3231 pertinere
2818 3159 3222 3215 contendebat.
3247 3160 3327 3214 Ea
3356 3160 3425 3214 de
3453 3175 3514 3214 re
3553 3158 3827 3216 libellum

396 3257 460 3309 in
488 3224 800 3325 episcopatu
836 3253 1172 3317 Pataviensi,
1207 3250 1265 3305 in
1303 3251 1448 3318 loco,
1486 3249 1585 3322 qui
1617 3249 1878 3305 Cotheric
1910 3248 2050 3304 dici-
2081 3224 2126 3292 (ἶ
2165 3246 2347 3302 edidit
2376 3224 2511 3320 ipse
2527 3249 2712 3322 Hugo,
2738 3265 2914 3320 quem
2959 3249 3263 3321 inscripsit
3287 3267 3300 3304 :
3322 3251 3396 3305 De
3425 3249 3653 3321 injuriis
3685 3266 3827 3320 quas

396 3336 496 3399 tur
540 3340 980 3398 instituendam.
1007 3340 1112 3406 Ibi,
1146 3343 1211 3395 ut
1252 3339 1426 3395 habet
1459 3338 1786 3404 Bertoldus,
1820 3337 2048 3393 habita-

396 3434 542 3490 bant
589 3431 864 3505 primitus
913 3429 1103 3485 clerici
1153 3427 1469 3502 regulares,
1503 3429 1604 3483 sed
1653 3425 1737 3482 illi
1784 3432 1987 3499 postea
2016 3445 2050 3483 a

397 3524 659 3579 Romano
703 3519 973 3594 pontiﬁce
1005 3523 1061 3576 et
1090 3537 1193 3592 per
1220 3535 1355 3574 eum
1405 3535 1440 3574 a
1486 3518 1721 3591 proprio
1775 3517 2046 3589 episcopo

395 3612 806 3684 impetrarunt,
836 3614 900 3665 ut
921 3610 1185 3682 deposito
1208 3607 1460 3665 clericali
1483 3607 1687 3663 habitu
1717 3608 1895 3662 vitam
1927 3623 2046 3662 mo-

395 3694 680 3758 nasticam
713 3701 1144 3774 proﬁterentur.
1169 3698 1401 3754 Celebre
1439 3702 1529 3753 est
1565 3696 1710 3752 illud
1754 3699 2047 3751 monaste-

393 3790 570 3857 rium,
595 3790 964 3846 Gotwicense
990 3789 1235 3854 dictum,
1260 3787 1415 3858 quod
1449 3803 1482 3840 a
1514 3789 1714 3840 sancto
1735 3784 2047 3839 Altmanno

393 3883 669 3955 episcopo
712 3877 1060 3942 Pataviensi,
1093 3881 1160 3931 ut
1209 3875 1266 3930 in
1317 3875 1443 3945 ejus
1475 3874 1604 3929 Vita
1647 3872 1878 3945 legitur,
1912 3889 2047 3927 con-

395 3971 709 4035 structum,
741 3965 1032 4036 hodieque
1060 3964 1169 4020 sub
1214 3961 1418 4034 regula
1449 3961 1826 4017 Benedictina
1848 3977 2048 4033 perse-

393 4061 577 4115 verat.
605 4051 1154 4112 Nominatissimum
1203 4051 1379 4106 etiam
1431 4055 1572 4104 tunc
1631 4054 1756 4104 erat
1800 4048 1859 4103 in
1917 4049 2048 4104 istis

395 4146 664 4221 partibus
714 4143 826 4200 sub
875 4145 1078 4198 sancto
1108 4139 1402 4212 Theogero
1434 4139 1662 4205 abbate,
1695 4141 1897 4210 postea
1926 4136 2047 4208 epi-

396 4239 572 4308 scopo
598 4232 864 4299 Metensi,
894 4229 1322 4286 monasterium
1349 4228 1542 4285 Sancti
1564 4226 1792 4299 Georgii
1825 4226 1883 4281 in
1916 4226 2050 4282 Her-

396 4325 552 4382 cinia
582 4322 745 4389 silva,
765 4320 936 4376 hodie
966 4318 1293 4390 Villengam
1319 4317 1691 4382 translatum,
1722 4317 1878 4388 quod
1910 4333 2048 4388 pon-

393 4415 556 4479 tifex,
581 4411 731 4468 datis
761 4410 972 4466 litteris
1013 4409 1122 4464 hoc
1167 4424 1342 4473 anno,
1371 4406 1480 4461 sub
1531 4405 1768 4477 speciali
1816 4410 2045 4477 aposto-

395 4503 519 4561 licae
551 4501 706 4558 sedis
736 4498 1027 4556 tutamine
1056 4495 1289 4568 recepit.
1308 4498 1470 4550 Certe
1495 4493 1764 4550 Urbanus
1794 4494 2048 4566 Theoge-

2160 3339 2290 3408 /ecit
2318 3337 2489 3393 Guido
2514 3339 2946 3411 archiepiscopus
2975 3341 3291 3394 Viennensis
3315 3339 3567 3394 Ecclesia:
3598 3338 3823 3395 Gratia-

2164 3427 2516 3497 nopolitanm,
2541 3428 2756 3495 eto.,in
2806 3445 2921 3500 quo
2951 3428 3100 3484 libro
3130 3428 3217 3483 vir
3267 3432 3510 3484 sanctus
3559 3427 3820 3500 particu-

2169 3514 2335 3571 latim
2366 3515 2614 3588 explicat
2642 3521 2825 3573 totam
2855 3517 3034 3590 hujus
3067 3517 3467 3573 controversia
3495 3516 3730 3583 seriem,
3755 3534 3823 3573 ac

2162 3605 2334 3661 refert
2361 3605 2690 3678 pontiﬁcias
2729 3606 2974 3674 litteras,
3001 3625 3128 3680 quae
3169 3609 3296 3678 ejus
3338 3606 3642 3662 occasione
3675 3607 3823 3662 scri-

2158 3697 2269 3766 ptae
2299 3694 2555 3750 fuerunt.
2582 3696 2652 3750 Et
2677 3695 2913 3768 quidem
2935 3696 3080 3752 illud
3104 3696 3475 3769 opusculum,
3501 3712 3616 3752 non
3640 3697 3820 3752 modo

2158 3799 2227 3839 ea
2251 3784 2659 3856 complectitur
2678 3803 2802 3858 qua
2824 3785 2896 3842 ad
2920 3785 3098 3857 hujus
3121 3785 3820 3842 controversias-notitiam

2158 3871 2492 3928 habendam
2524 3875 2855 3930 necessaria
2899 3880 3057 3943 sunt,
3089 3893 3291 3931 verum
3324 3876 3501 3932 etiam
3554 3875 3818 3931 multum

2159 3961 2420 4016 conferre
2451 3967 2640 4034 potest
2669 3964 2739 4019 ad
2791 3963 3142 4021 illustranda
3190 3963 3306 4020 alia
3353 3964 3566 4020 Urbani
3615 3965 3817 4034 Gesta,

2159 4066 2341 4121 eaque
2370 4051 2497 4108 suis
2529 4069 2774 4125 quaeque
2804 4055 3168 4126 temporibus
3199 4054 3618 4127 consignanda.
3648 4052 3818 4109 Unde

2165 4155 2299 4194 cum
2329 4139 2473 4196 nihil
2509 4141 2626 4197 fere
2655 4142 2949 4198 contineat
2995 4145 3148 4214 quod
3198 4144 3268 4198 ad
3320 4143 3658 4199 institutum
3710 4160 3818 4198 no-

2161 4234 2347 4284 strum
2408 4247 2520 4285 non
2580 4231 2787 4286 debeat
2843 4232 3119 4301 revocari,
3153 4232 3344 4288 visum
3402 4235 3490 4288 est
3542 4231 3688 4287 illud
3747 4248 3822 4289 ex

2159 4317 2353 4373 codice
2385 4334 2495 4374 ms.
2527 4319 2598 4373 ad
2637 4319 2838 4375 Jacobi
2871 4320 3037 4376 Petiti
3088 4321 3402 4378 editionem
3452 4319 3724 4376 collatam
3757 4321 3820 4376 in

2155 4407 2486 4479 Appendice
2517 4407 2808 4481 integrum
2854 4410 3087 4479 referre,
3121 4410 3388 4483 epistolis
3419 4409 3660 4476 Urbani,
3684 4426 3821 4481 quas

2157 4495 2216 4551 in
2273 4511 2340 4551 eo
2398 4497 2712 4566 habentur,
2772 4498 3064 4554 collectori
3133 4499 3373 4556 relictis.
3434 4499 3562 4554 Haec
3619 4501 3820 4556 autem

395 4610 548 4662 rum,
581 4595 648 4647 ut
693 4589 752 4645 in
797 4590 924 4661 ejus
953 4585 1086 4642 Vita
1115 4585 1349 4658 legitur,
1375 4583 1651 4657 apostolis
1684 4587 1740 4640 et
1771 4584 2045 4656 apostoli-
2076 4603 2125 4669 D
2156 4587 2279 4641 tota
2325 4602 2559 4642 summa
2608 4589 2698 4642 est
2742 4586 2987 4644 celebris
3038 4588 3198 4645 illius
3248 4589 3392 4644 litis.
3441 4587 3664 4669 Pagum
3711 4604 3819 4644 seu

395 4684 482 4740 cis
509 4681 650 4737 viris
680 4677 1139 4751 comparandum
1165 4689 1293 4731 esse
1323 4671 1615 4730 censebat.

502 4786 711 4846 CLVII.
738 4787 1026 4843 Fulconem
1055 4783 1362 4910 episcfepuzn
1386 4781 1660 4838 Bellovaci
1691 4781 1940 4838 Urbanus

1097 4872 1193 4910 pro
1249 4871 1348 4910 at.

1097 4855 1348 4926 protegit.

467 4951 532 5006 In
561 4948 747 5004 Gallia
786 4947 967 5018 hujus
1021 4943 1159 5001 anni
1210 4943 1375 4998 initio
1432 4941 1690 5015 episcopi
1739 4942 2046 4998 Remensis

395 5038 703 5113 provincias
737 5034 1005 5092 Fulconis
1035 5031 1293 5106 episcopi
1329 5030 1754 5088 Bellovacensis
1783 5049 2042 5100 causam,

397 5146 545 5202 quas,
604 5131 672 5184 ut
722 5143 876 5182 anno
933 5121 1277 5197 praecedenti
1342 5121 1618 5189 diximus,
1682 5121 1754 5177 ab
1812 5121 2044 5177 Urbano

387 5219 653 5291 judicata
703 5217 910 5281 fuerat,
944 5215 1254 5269 retractare
1287 5211 1414 5268 ausi
1466 5211 1536 5267 ab
1594 5213 1720 5283 ipso
1773 5210 2044 5282 pontiﬁce

396 5305 733 5380 reprehensi
765 5308 924 5370 sunt,
956 5301 1108 5358 datis
1153 5319 1220 5358 ea
1265 5301 1335 5357 de
1367 5319 1426 5357 re
1456 5301 1668 5358 litteris
1697 5301 1769 5357 ad
1803 5299 2046 5372 Raynol-

397 5397 538 5453 dum
564 5394 1077 5467 metropolitanum
1102 5393 1345 5464 ejusque
1367 5393 1767 5464 sulfraganeos
1788 5391 2047 5446 Laterani

394 5477 452 5543 iv
482 5486 606 5541 ldus
662 5485 812 5552 Maii,
867 5482 1225 5554 proindeque
1283 5483 1392 5537 hoc
1453 5498 1624 5549 anno,
1677 5497 1813 5535 nam
1873 5479 2043 5534 annis

397 5573 858 5649 praecedentibus
888 5573 1238 5628 Lateranum
1270 5572 1328 5626 in
1361 5570 1581 5627 Urbani
1612 5572 1897 5642 potestate
1926 5586 2044 5624 non

397 5670 547 5735 erat;
611 5681 762 5720 anno
821 5668 1014 5719 autem
1073 5660 1362 5737 sequenti,
1414 5675 1529 5731 quo
1585 5658 1895 5714 defunctus
1956 5661 2046 5714 est

2157 4675 2699 4731 archidiaconatum
2734 4675 3256 4733 Salmoriacensem
3307 4665 3646 4750 possidebat
3673 4679 3821 4733 Gra-

2153 4764 2581 4837 tianopolitana
2629 4765 2902 4835 Ecclesia,
2944 4767 3178 4838 quando
3207 4767 3394 4822 Guido
3433 4766 3671 4822 Vienna:
3717 4783 3819 4822 ar-

2157 4853 2562 4925 chiepiscopus
2585 4855 2940 4911 contendens
2962 4870 3097 4911 eum
3128 4855 3201 4910 ad
3232 4872 3350 4911 sua:
3380 4854 3650 4912 Ecclesia:
3673 4855 3820 4925 jura

2154 4941 2484 5014 antiquitus
2515 4943 2888 5014 pertinuisse,
2912 4942 3074 5000 litem
3107 4961 3174 5000 ea
3205 4945 3274 5000 de
3308 4962 3369 5000 re
3399 4943 3580 5000 movit
3606 4943 3814 4999 adver-

2155 5048 2258 5087 sus
2289 5031 2591 5104 Hugonem
2622 5031 3226 5106 Gratianopolitanum
3269 5033 3630 5107 episcopum.
3663 5033 3815 5090 Cum

2153 5137 2286 5176 vero
2317 5138 2421 5176 nec
2452 5120 2710 5188 Viennae,
2740 5138 2844 5177 nec
2890 5123 3046 5195 apud
3079 5125 3395 5191 Romanos,
3419 5129 3553 5196 post
3582 5122 3817 5180 diversa

2155 5211 2612 5267 concertationes
2643 5227 2737 5267 res
2767 5213 3039 5286 componi
3074 5215 3385 5287 potuisset,
3417 5213 3601 5270 Guido
3627 5213 3684 5268 vi
3715 5229 3817 5285 pa-

2153 5316 2293 5373 gum
2326 5300 2557 5357 invasit.
2581 5302 2663 5358 Ea
2684 5302 2756 5358 de
2783 5319 2844 5359 re
2873 5303 3151 5360 commoti
3175 5301 3701 5376 Gratianopolitani
3723 5320 3816 5359 ca-

2155 5390 2346 5446 nonici
2377 5391 2449 5446 ad
2480 5392 2680 5447 sedem
2723 5392 3105 5464 apostolicam
3145 5393 3536 5467 appellarunt,
3557 5407 3814 5463 quorum

2153 5479 2422 5552 querelas
2444 5480 2666 5553 excepit
2687 5481 2978 5550 Urbanus,
2995 5482 3313 5555 statimque
3329 5481 3560 5555 Hugoni
3583 5481 3816 5554 Lugdu.

2153 5570 2318 5625 ncnsi
2351 5568 2688 5642 suollegato
2727 5569 3115 5643 dijudicandae
3146 5572 3325 5644 hujus
3359 5588 3548 5628 causa:
3577 5571 3812 5644 provin-

2153 5658 2303 5716 ciam
2331 5657 2646 5716 commisit.
2673 5659 2776 5716 Hic
2806 5662 2959 5736 apud
2991 5661 3246 5722 Baonem
3271 5661 3486 5719 auditis
3507 5661 3805 5734 partibus,
