3962 6356
131 437 264 500 129
1761 435 1970 504 Vl'l‘A.
3453 419 3571 516 430

129 568 1815 648 provisionemGnatianopolitanisadjudicavit,pollicitus
1844 577 1899 644 Α
1929 591 2136 631 norum
2196 575 2526 649 episcopus,
2589 581 2647 633 et
2693 576 2935 652 abbates
2982 579 3331 644 Guillelmus
3376 585 3573 645 Sancti

128 679 199 719 se
239 662 406 719 hanc
437 663 604 720 litem
635 664 694 720 in
730 663 994 738 proximo
1026 663 1292 732 conci-lio,
1326 665 1482 737 quod
1512 665 1570 720 in
1601 664 1807 722 Galliis
1925 664 2224 734 Florentii,
2286 651 2619 722 Bernardus
2693 668 2932 740 Majoris
3016 656 3396 742 Monasterii,
3433 657 3578 733 alter

127 751 568 809 celebraturus
616 757 789 820 esset,
821 752 992 826 plane
1037 755 1490 827 dirempturum.
1520 757 1593 810 At
1621 753 1808 810 Guido
1921 753 2253 810 Bernardus
2306 755 2656 812 Sanctorum
2710 758 2893 830 Sergii
2943 764 3001 816 et
3030 761 3263 832 Bacchi,
3296 762 3577 822 Girardus

125 841 236 897 his
265 843 690 914 praetermissis
708 859 926 926 pagum
965 843 1225 909 retinuit,
1254 843 1533 916 misitque
1563 844 1810 900 Romam
1919 842 2116 898 Sancti
2202 843 2418 912 Albini,
2473 845 2741 918 Nualdus
2811 849 2990 918 Vorte,
3041 850 3288 924 Natalis]
3378 854 3578 910 Sancti

131 930 406 1004 legatos,
436 933 538 1004 qui
583 934 654 988 ab
693 932 820 1006 ipso
861 934 1155 1006 pontiﬁce,
1178 932 1344 990 nulla
1374 934 1554 1005 hujus
1586 937 1812 989 contro-
1920 931 2162 998 Nicolai,
2196 932 2504 990 Buldricus
2535 935 2797 1008 Burgulii
2829 942 2886 992 et
2915 939 3209 996 Goil'ridus
3241 941 3575 1013 Vindocini,

130 1020 359 1077 versim
407 1023 706 1079 mentione
745 1023 916 1090 facta,
971 1023 1302 1096 generalem
1372 1022 1643 1079 Ecclesiae
1691 1038 1813 1078 suae
1922 1021 2022 1092 qui
2056 1037 2260 1076 omnes
2281 1039 2398 1078 uno
2430 1023 2624 1080 animo
2656 1033 3014 1094 censuerunt
3044 1027 3355 1090 Fulconem
3380 1032 3578 1092 abso]-

139 1110 603 1184 privilegiorum
625 1117 681 1168 et
701 1113 1146 1184 possessionum
1179 1112 1682 1168 confirmationem
1709 1128 1810 1183 po-
1922 1110 2178 1165 vendum
2210 1128 2339 1168 esse
2359 1113 2470 1168 sub
2500 1113 2675 1169 certis
2698 1115 3157 1184 conditionibus,
3177 1135 3428 1190 quarum
3460 1139 3580 1179 una

139 1199 470 1258 stularent.
505 1201 670 1265 Quod
705 1201 874 1258 facile
901 1202 975 1258 ab
995 1201 1228 1259 Urbano
1261 1201 1408 1258 nihil
1439 1200 1579 1258 mali
1625 1200 1816 1274 suspi-
1923 1203 2067 1261 erat.
2095 1204 2160 1254 ut
2190 1201 2415 1273 absque
2443 1201 2619 1274 legati
2640 1204 2883 1259 consilio
2919 1222 3159 1270 uxorem
3183 1191 3577 1279 nonduceret,

139 1294 330 1346 canta
391 1291 746 1363 impetravit.
778 1293 848 1347 Et
905 1291 1144 1364 quidem
1202 1292 1259 1347 id
1321 1290 1516 1364 ipsum
1565 1293 1655 1346 est
1699 1289 1814 1344 for-
1923 1289 1990 1343 de
2019 1305 2253 1360 qua-rum
2281 1294 2673 1348 numerositate
2700 1294 3048 1365 culpabatur.
3076 1296 3137 1352 Id
3170 1300 3365 1353 actum
3399 1299 3585 1361 fuisse

139 1386 340 1446 tusae,
405 1380 562 1452 quod
622 1381 915 1436 Goti‘ridus
987 1380 1299 1437 Vindocini
1371 1381 1553 1436 abbas
1620 1378 1817 1434 innuit

141 1469 252 1525 lib.
290 1487 336 1536 1,
399 1469 569 1542 epist.
607 1471 666 1525 11
728 1471 799 1526 ad
858 1471 1054 1542 ipsum
1102 1470 1430 1526 Guidonem
1481 1470 1608 1542 jam
1665 1469 1814 1524 Pon-

143 1560 382 1615 tiﬁcem
414 1558 779 1615 sub'Calixti
810 1560 860 1614 ΙΙ
893 1559 1128 1616 nomine
1177 1559 1432 1632 scripta;
1485 1558 1586 1614 ubi
1647 1558 1697 1613 ei
1756 1557 1814 1612 in

145 1649 510 1704 memoriam
582 1653 810 1705 revocat
862 1653 1169 1721 quantum,
1227 1665 1361 1704 cum
1427 1647 1565 1703 olim
1622 1647 1816 1702 Romae

144 1742 337 1806 esset,
401 1754 506 1810 pro
563 1755 629 1794 eo
689 1739 936 1810 ejusque
1009 1737 1220 1811 legatis
1295 1738 1448 1809 apud
1517 1732 1818 1792 Urbanum

148 1825 534 1883 laboraverit.
579 1827 744 1882 Certe
798 1826 1081 1884 Guidonis
1140 1825 1370 1898 legatus
1450 1824 1820 1900 privilegium

154 1915 342 1988 quale
367 1918 668 1988 optaverat
693 1915 851 1971 brevi
884 1921 1232 1972 consecutus
1263 1919 1371 1980 est,
1405 1919 1581 1986 atque
1625 1913 1683 1968 in
1731 1929 1818 1979 eo,

159 2005 328 2077 quod
360 2004 511 2061 forte
539 2004 798 2076 pontifex
825 2003 1284 2060 controversiam
1316 2001 1478 2058 illam
1500 2003 1571 2057 de
1601 2001 1824 2057 Salmo-

161 2095 420 2153 riacensi
479 2110 631 2166 pago
660 2098 761 2150 aut
790 2093 1039 2150 nesciret
1068 2110 1330 2165 prorsus,
1363 2095 1464 2148 aut
1495 2095 1648 2147 certe
1683 2091 1823 2163 quid

160 2185 235 2240 de
283 2201 359 2240 ea
387 2201 423 2239 a
453 2183 642 2256 legato
697 2187 983 2240 statutum
1043 2182 1235 2249 fuerit,
1269 2181 1319 2237 ei
1377 2179 1822 2236 dissimulatum

161 2274 405 2345 fuisset,
466 2273 620 2328 inter
669 2279 873 2329 caetera
931 2272 1279 2328 Viennensis
1349 2270 1619 2326 Ecclesiae
1683 2271 1824 2340 jura

160 2363 444 2419 interseri
458 2362 702 2430 curavit,
728 2378 960 2417 omnem
987 2363 1049 2416 in
1077 2360 1491 2416 archidiaconia
1518 2359 1824 2415 Salmoria-

164 2454 321 2509 censi
345 2454 686 2525 potestatem.
714 2450 911 2523 Neque
933 2451 990 2505 id
1021 2449 1338 2506 Viennensi
1367 2448 1557 2521 legato
1590 2446 1828 2504 difﬁcile

168 2546 318 2610 erat,
358 2541 514 2613 quod
548 2541 948 2598 Warmundus
978 2538 1262 2596 Guidonis
1308 2538 1599 2607 decessor,
1635 2537 1827 2593 simile

170 2648 427 2704 prorsus
445 2628 815 2703 privilegium
839 2647 872 2685 a
893 2628 1168 2701 Gregorio
1189 2627 1310 2683 VIII
1330 2627 1599 2700 apposita
1628 2631 1828 2682 tamen

174 2720 538 2787 conditione,
563 2736 689 2791 quae
722 2719 781 2774 in
805 2717 915 2774 isto
949 2718 1242 2784 reticetur,
1258 2719 1386 2788 jam
1437 2717 1825 2788 impetrasset.

175 2809 332 2874 Quin
356 2813 414 2864 et
431 2808 590 2864 idem
615 2807 983 2880 privilegium
1015 2823 1132 2861 non
1177 2805 1357 2862 semel
1405 2809 1606 2878 postea
1636 2822 1668 2861 a
1699 2805 1832 2860 sub-

181 2898 573 2971 sequentibus
595 2895 968 2969 pontiﬁcibus
999 2895 1411 2952 conﬁrmatum
1443 2895 1555 2950 fuit
1597 2893 1831 2966 potissi-

183 3005 353 3044 mum
401 3006 436 3044 a
473 2986 737 3042 Guidone
786 2985 935 3058 ipso,
985 3001 1119 3040 cum
1165 3001 1317 3056 papa
1373 2984 1482 3039 sub
1533 2983 1734 3039 Calixti
1783 2983 1833 3039 II

185 3078 426 3134 nomine
447 3077 637 3133 factus
666 3079 772 3131 est.
801 3075 963 3140 Quod
1003 3073 1240 3145 quidem
1291 3073 1508 3129 mirum
1557 3076 1666 3139 est,
1698 3089 1833 3127 cum

183 3169 463 3225 Urbanus
483 3166 610 3239 ipse
632 3165 692 3219 in
730 3163 906 3220 variis
928 3163 1149 3236 passim
1184 3162 1465 3236 epistolis,
1492 3163 1690 3217 fucum
1723 3160 1834 3218 sibi

1928 1377 2038 1433 hoc
2070 1394 2222 1434 anno
2257 1380 2398 1434 1094
2429 1379 2557 1454 ipso
2607 1381 2699 1436 die
2732 1382 3061 1440 Nativitatis
3093 1385 3291 1441 Sancti
3331 1369 3581 1446 Joannis

1927 1467 2223 1540 Baptista,
2274 1469 2481 1540 probat
2525 1473 2692 1525 vetus
2751 1471 3214 1538 instrumentum
3263 1492 3332 1530 ea
3389 1479 3460 1533 de
3517 1495 3580 1534 re

1928 1556 2276 1625 confectum,
2297 1557 2389 1612 cui
2408 1574 2612 1614 omnes
2627 1559 2944 1631 supradicti
2976 1562 3230 1635 episcopi
3255 1569 3312 1619 et
3341 1565 3582 1622 abhates

1929 1644 2424 1718 subscripserunt.
2471 1646 2705 1702 Editum
2743 1653 2833 1703 est
2877 1665 2912 1703 a
2972 1650 3281 1712 Sirmondo
3314 1653 3372 1708 in
3431 1671 3583 1726 pra:-

1931 1733 2130 1790 missis
2163 1736 2233 1789 ad
2268 1735 2509 1790 Goil‘ridi
2541 1736 2991 1802 Vindocinensis
3013 1740 3242 1811 abbatis
3277 1743 3579 1816 opuscula.

1930 1824 2090 1878 Tunc
2142 1823 2418 1881 Urbanus
2471 1825 2664 1880 Romae
2717 1825 2909 1881 adhuc
2954 1832 3096 1896 erat,
3130 1829 3344 1886 etenim
3391 1833 3584 1890 die29

1932 1913 2199 1983 ejusdem
2257 1914 2480 1969 mensis
2537 1915 2715 1984 Junii,
2750 1932 2878 1987 quae
2909 1917 3060 1982 beati
3092 1918 3245 1974 Petri
3303 1922 3583 1998 martyrio

1935 2006 2274 2076 consecrata
2329 2008 2442 2070 est,
2475 2003 2693 2059 ibidem
2725 2004 3094 2078 privilegium
3143 2009 3432 2068 concessit
3459 2027 3585 2081 mo-

1934 2091 2187 2146 nasterio
2208 2092 2421 2146 Montis
2453 2092 2593 2148 Belli
2627 2110 2803 2165 prope
2834 2093 3213 2164 Placentiam,
3236 2102 3302 2154 ut
3330 2102 3488 2172 patet
3516 2115 3586 2171 ex

1934 2179 2188 2235 Historia
2217 2180 2614 2237 ecclesiastica
2643 2183 2906 2251 ejusdem
2936 2184 3119 2252 urbis,
3141 2203 3174 2243 a
3206 2187 3370 2246 Petro
3401 2188 3586 2244 Maria

1934 2270 2138 2341 Campi
2156 2270 2434 2326 canonico
2452 2269 2786 2326 Placentino
2810 2273 2984 2328 edita.
3011 2276 3122 2331 Hoc
3154 2292 3286 2332 vero
3303 2282 3586 2334 monaste-

1934 2360 2111 2428 rium,
2131 2360 2286 2431 quod
2305 2359 2446 2415 olim
2471 2361 2542 2415 ad
2571 2364 2838 2416 nostrum
2862 2363 3303 2421 Benedictinum
3318 2367 3584 2424 ordinem

1935 2448 2280 2520 pertinebat,
2299 2449 2529 2504 unitum
2549 2450 2784 2505 tandem
2804 2455 2890 2515 est
2913 2468 3006 2507 an.
3036 2453 3170 2508 1484
3203 2456 3276 2510 ab
3309 2457 3585 2518 Innocen-

1937 2537 2018 2592 tio
2032 2537 2154 2592 VIII
2167 2537 2601 2610 congregationi
2619 2539 3006 2594 Eremitarum
3021 2543 3206 2597 sancti
3228 2524 3584 2619 Hieronymi,

1940 2624 2024 2679 uti
2051 2625 2378 2680 observavit
2403 2625 2664 2698 Lubinus
2691 2626 2749 2681 in
2770 2626 2975 2682 notitia
2997 2629 3365 2688 abbatiarum
3385 2632 3581 2690 Italiae.

1941 2740 2094 2817 CL}.
2142 2740 2392 2817 Philippi
2446 2743 2591 2817 regis
2619 2743 2942 2817 adulterina:
2999 2747 3229 2817 nuptiae.
3282 2746 3586 2808 Concilium

2011 2814 2284 2867 Rcmcnsc.
2344 2813 2617 2883 Professio
2674 2815 2948 2870 Lambcrti
3002 2813 3386 2874 Atrebatensis.
3448 2819 3586 2875 Con-

2010 2884 2232 2967 ﬁrmata
2260 2884 2458 2940 divisio
2507 2885 2876 2968 Atrebate-usis
2930 2889 3189 2946 Ecclesia:
3243 2908 3278 2946 a
3331 2889 3584 2954 Camera-

2010 2972 2178 3011 censi.
3349 2969 3353 2972 ’

2014 3071 2229 3126 Graves
2290 3075 2485 3127 autem
2540 3073 2724 3128 turbae
2771 3076 2912 3129 tunc
2943 3074 3162 3132 Gallias
3216 3077 3589 3152 exagitabant

1943 3160 2246 3216 occasione
2273 3160 2523 3233 Philippi
2554 3161 2707 3235 regis
2739 3162 3146 3234 qui,pulsa,ut
3163 3165 3288 3236 jam
3308 3166 3582 3245 diximus,

185 3259 323 3314 eoin
337 3256 572 3332 negotio
591 3254 806 3310 factum
825 3253 1004 3309 fuisse
1022 3256 1381 3308 contestatus
1399 3251 1588 3307 fuerit.
1606 3251 1832 3306 Etenim
1871 3325 1902 3332 _
1943 3266 2120 3304 uxore
2142 3265 2267 3316 sua,
2292 3248 2629 3316 Bertradalm
2655 3250 2980 3306 adulterino
2995 3253 3262 3328 conjugio
3280 3255 3392 3310 sibi
3413 3273 3587 3332 copu-

183 3325 706 3418 Gratianbpolitani
736 3344 962 3400 detecta
991 3344 1215 3410 fraude,
1236 3343 1480 3399 Romam
1515 3341 1713 3397 statim
1756 3342 1829 3397 ad
1859 3325 1904 3393 C
1942 3339 2143 3407 latam,
2178 3339 2422 3411 insuper
2452 3338 2668 3394 habitis
2724 3339 3129 3412 episcoporum
3169 3325 3235 3398 ac
3291 3325 3585 3417 pontificis

185 3434 729 3508 Urbanumlegatos
751 3433 1058 3502 miserunt,
1083 3432 1184 3505 qui
1218 3433 1287 3487 de
1333 3431 1441 3486 hac
1469 3429 1833 3504 fraudulenta

179 3527 467 3599 privilegii
523 3523 884 3595 subreptione,
919 3522 1073 3595 apud
1133 3537 1268 3576 eum
1315 3523 1828 3592 conquererentur,

185 3617 494 3688 eidemque
552 3611 955 3669 renuntiarent
1006 3611 1160 3682 quod
1230 3609 1437 3676 Guido,
1499 3613 1832 3681 contempta

187 3703 515 3779 apostolicae
539 3701 694 3759 sedis
715 3699 888 3773 legati
921 3700 1286 3768 auctoritate,
1307 3700 1433 3769 ejus
1449 3697 1671 3770 judicio
1713 3715 1828 3754 non

185 3793 496 3868 paruisset.
526 3792 627 3848 llis
679 3789 915 3855 auditis,
939 3789 1195 3861 pontifex
1251 3787 1448 3844 statim
1489 3787 1714 3844 litteras
1757 3788 1828 3844 ad

183 3888 489 3957 Hugonem
520 3882 992 3954 Lugdunensem,
1028 3882 1155 3934 tum
1195 3877 1340 3934 alias
1396 3877 1467 3934 ad
1525 3877 1829 3952 Hugonem

186 3971 789 4045 Gratianopolitanum
809 3969 1146 4041 episcopum
1171 3967 1426 4040 scripsit,
1460 3967 1660 4039 eisque
1691 3985 1831 4040 prae-

187 4062 336 4134 cepit
385 4065 475 4127 ut,
535 4059 698 4115 nulla
752 4057 952 4114 habita
1010 4057 1233 4113 ratione
1304 4055 1611 4129 privilegii,
1673 4058 1828 4128 quod

189 4150 359 4224 paulo
400 4153 573 4206 antea
628 4147 813 4204 Guido
872 4147 1225 4215 obtinuerat,
1286 4150 1409 4201 tota
1455 4143 1556 4200 illa
1605 4149 1830 4203 contro-

186 4239 370 4296 versia
392 4241 464 4294 de
485 4255 634 4312 pago
654 4236 1098 4293 Salmoriacensi
1122 4235 1512 4291 dirimeretur.
1544 4235 1826 4292 Caeterum

188 4330 350 4402 Hugo
403 4327 835 4401 Lugdunensis,
863 4325 1110 4398 receptis
1169 4322 1384 4380 Urbani
1439 4323 1670 4391 litteris,
1703 4341 1826 4381 rem

188 4423 369 4474 totam
401 4418 474 4474 ad
527 4415 840 4472 concilium
898 4416 1206 4482 Eduense,
1240 4414 1395 4485 quod
1443 4417 1576 4485 post
1606 4412 1829 4485 aliquot

190 4524 418 4564 menses
448 4510 574 4562 erat
595 4505 1015 4572 celebraturus,
1041 4503 1409 4559 referendum
1431 4519 1560 4560 esse
1577 4503 1823 4558 censuit:

191 4597 341 4670 quod
368 4595 452 4651 ita
481 4595 699 4651 factum
724 4594 903 4649 fuisse
925 4592 1168 4649 inferius
1199 4592 1546 4649 videbimus.

1940 3428 2128 3501 ipsius
2163 3427 2419 3496 monitis,
2455 3429 2704 3486 retinere
2743 3431 3167 3500 perseverabat.
3199 3431 3373 3492 Plura
3418 3451 3487 3490 ea
3514 3435 3586 3491 de

1944 3536 2003 3574 re
2035 3517 2258 3590 passim
2292 3516 2582 3572 habentur
2614 3517 2671 3571 in
2706 3518 2898 3574 lvonis
2929 3519 3300 3578 Carnotensis
3327 3523 3585 3596 episcOpi

1939 3607 2149 3662 litteris
2203 3622 2309 3661 nec
2365 3605 2611 3660 dubium
2671 3605 2814 3677 quin
2875 3622 2943 3662 ea
2973 3608 3276 3664 occasione
3312 3610 3583 3668 habitum

1939 3696 2016 3752 sit
2032 3694 2345 3751 concilium
2365 3695 2650 3750 Remense
2674 3695 2828 3766 quod
2851 3695 2958 3754 hoc
2983 3713 3136 3752 anno
3163 3714 3258 3752 xw
3296 3699 3584 3758 Kalendas

1939 3784 2201 3841 Octobris
2230 3788 2609 3852 convocatum
2669 3787 2776 3839 est.
2811 3784 3143 3857 thuidem
3198 3803 3333 3845 cum
3391 3788 3580 3857 Berta,

1938 3875 2204 3948 legitima
2257 3872 2509 3946 Philippi
2566 3891 2727 3940 uxor,
2763 3872 2873 3934 hoc
2930 3891 3105 3942 anno,
3138 3875 3222 3930 uti
3271 3875 3496 3934 Clarius
3521 3877 3582 3934 in

1938 3966 2224 4021 Chronico
2251 3964 2451 4020 Sancti
2502 3964 2654 4020 Petri
2699 3964 2826 4018 Vivi
2877 3964 3070 4034 habet,
3101 3969 3334 4022 mortua
3386 3967 3580 4036 fuerit,

1941 4055 2213 4128 sperabat
2240 4055 2384 4110 forte
2414 4053 2748 4126 Philippum
2780 4054 3084 4127 episcopos
3105 4056 3176 4111 de
3207 4073 3316 4112 sua
3361 4055 3419 4111 in
3451 4061 3584 4114 Ber-

1938 4146 2165 4200 tradam
2200 4143 2682 4216 superinductam
2714 4143 3019 4200 severitate
3049 4144 3275 4218 aliquid
3312 4161 3441 4206 esse
3493 4162 3582 4202 re-

1939 4235 2242 4290 missuros.
2268 4232 2422 4287 Nihil
2445 4233 2602 4294 euim
2652 4250 2767 4288 non
2795 4234 3080 4303 movebat,
3116 4234 3426 4310 omniaque
3456 4234 3584 4310 pol-

1937 4324 2240 4387 licebatur,
2274 4327 2339 4377 ut
2385 4322 2498 4378 sibi
2559 4321 2681 4384 hmc
2737 4323 2952 4378 mulier
3007 4323 3213 4380 saltem
3242 4324 3316 4382 ad
3347 4324 3582 4398 aliquod

1936 4417 2189 4484 tempus,
2215 4416 2278 4479 ut
2308 4411 2366 4465 in
2391 4412 2564 4483 epist.
2589 4412 2773 4466 471νο
2808 4411 2878 4468 ad
2915 4412 3222 4470 Widonem
3254 4413 3583 4486 dapiferum

1937 4502 2159 4571 scribit,
2194 4501 2642 4572 relinqueretur.
2675 4501 2831 4559 Nihil
2865 4507 3060 4562 tamen
3093 4503 3151 4556 in
3211 4502 3305 4558 his
3361 4520 3486 4576 quas
3517 4519 3586 4565 ex

1936 4589 2180 4647 concilio
2204 4589 2476 4644 Remensi
2490 4595 2828 4661 supersunt,
2844 4590 3154 4662 legitur,de
3175 4589 3426 4663 Philippi
3441 4607 3586 4664 nup-

193 4703 368 4760 CLIX.
397 4704 560 4758 Falco
614 4717 787 4757 comes
834 4701 1232 4772 Andegavensis
1280 4700 1554 4755 absolutus
1601 4700 1662 4754 in
1704 4716 1829 4756 con-
1861 4701 1907 4766 D
1937 4681 2070 4772 liis;
2097 4680 2207 4772 nisi
2232 4680 2376 4734 forte
2399 4680 2554 4750 (ἰυοά
2581 4681 2652 4735 ad
2675 4679 2826 4772 hanc
2868 4680 3158 4772 §Yn9dflfn
3186 4679 3472 4772 infla}th
3491 4680 3582 4735 IV'O

255 4779 420 4831 ventu
449 4773 593 4846 apud
624 4775 975 4830 Florentium.
995 4773 1361 4841 Privilegium
1381 4773 1574 4828 Montis
1594 4773 1754 4827 Belli.

257 4865 413 4920 Idem
447 4863 610 4936 Hugo
641 4862 906 4934 Lugduni
935 4861 1178 4916 antistes
1202 4861 1544 4916 mandatum
1577 4859 1737 4916 aliud
1763 4878 1829 4916 eo

189 4959 448 5026 tempore
501 4953 572 5008 ab
633 4951 864 5007 Urbano
907 4949 1141 5022 recepit,
1174 4964 1384 5021 nempe
1412 4953 1477 5004 ut
1515 4950 1828 5006 Fulconem

196 5042 509 5098 Rechinum
543 5041 987 5113 Andegavorum
1015 5039 1290 5094 comitem
1342 5039 1439 5110 qui
1470 5038 1826 5109 jamdudum

196 5133 261 5188 ob
289 5135 522 5204 captum
564 5130 625 5185 in
655 5129 808 5185 bello
831 5134 886 5184 et
911 5128 1126 5184 carceri
1157 5126 1557 5200 mancipatum
1589 5130 1826 5183 fratrem

195 5238 352 5278 suum
385 5219 754 5287 Gaufridum,
775 5217 1314 5274 excommunicatus
1347 5216 1554 5285 fuerat,
1588 5217 1637 5273 si
1669 5217 1826 5274 salva

190 5310 406 5382 justitia
464 5310 590 5366 ﬁeri
640 5312 855 5381 posset,
917 5306 1320 5365 communioni
1379 5305 1725 5366 restitueret.
1757 5309 1829 5362 At

195 5399 324 5456 illud
347 5399 650 5474 negotium
675 5415 788 5454 non
811 5397 951 5454 levis
977 5414 1106 5453 esse
1141 5396 1423 5453 momenti
1455 5400 1615 5452 ratus
1637 5396 1823 5469 Hugo,

195 5489 400 5564 aliquot
429 5489 736 5561 episcopos
766 5491 824 5543 et
851 5488 1090 5543 abbates
1121 5487 1403 5555 invitavit,
1433 5491 1497 5541 ut
1527 5502 1726 5541 secum
1759 5502 1827 5543 ea

193 5581 254 5636 de
279 5597 334 5636 re
368 5581 710 5636 tractarent.
744 5577 1149 5634 Convenerunt
1175 5576 1372 5650 itaque
1404 5593 1539 5632 cum
1569 5593 1634 5632 eo
1669 5576 1824 5648 apud

190 5669 506 5727 cmnobium
530 5667 726 5724 Sancti
761 5666 1035 5723 Florentii
1064 5667 1412 5723 Aldebertus
1441 5664 1825 5738 archiepisco-

191 5778 288 5844 pus
311 5757 721 5832 Bituricensis,
754 5755 1073 5833 Ouveldus,
1117 5773 1219 5815 seu
1258 5755 1468 5816 Ivellus
1509 5755 1826 5816 Cenoman-

1939 4771 2022 4827 ire
2045 4769 2256 4837 renuit,
2277 4773 2342 4824 ut
2363 4772 2521 4841 patet
2550 4783 2617 4822 ex
2641 4768 2769 4838 ejus
2791 4767 3033 4840 epistola
3050 4769 3120 4823 35
3141 4767 3213 4824 ad
3247 4767 3583 4826 Richerium

1940 4861 2335 4915 Senonensem
2395 4863 2450 4912 et
2508 4855 2653 4913 alios
2710 4857 2909 4912 Patres
2969 4856 3027 4910 in
3085 4873 3153 4912 ea
3205 4863 3584 4930 congregatos

1939 4949 2158 5023 scripta
2179 4949 2553 5024 potissimum
2577 4948 2648 5004 ob
2671 4948 2752 5017 id,
2776 4947 2930 5020 quod
2957 4945 3313 5019 pravidebat
3332 4964 3448 5002 non
3470 4946 3584 5003 sibi

1939 5041 2026 5094 fas
2048 5039 2311 5095 futurum
2336 5038 2444 5098 hac
2470 5038 2525 5092 in
2561 5038 2782 5110 synodo
2813 5037 3116 5092 veritatem
3150 5035 3400 5092 dicendi.
3420 5034 3584 5094 Unde

1935 5130 2157 5182 caeteris
2181 5127 2472 5199 episcopis
2508 5126 2753 5180 nimiam
2787 5142 2986 5180 eorum
3019 5124 3446 5199 indulgentiam
3487 5142 3582 5180 ex-

1935 5216 2193 5289 probrat,
2215 5215 2335 5288 regi
2374 5215 2485 5288 ipsi
2526 5216 2704 5270 nimis
2727 5214 3029 5271 exitiosam
3064 5229 3272 5287 :quem
3298 5213 3584 5288 nempe,si

1937 5305 2194 5360 remedio
2223 5307 2352 5376 ejus
2384 5305 2537 5365 malo
2592 5304 2996 5362 convenientia
3026 5308 3085 5360 et
3116 5305 3392 5372 cauteria,
3413 5305 3585 5378 juxta

1937 5411 2158 5452 morem
2188 5395 2508 5468 peritorum
2536 5396 2896 5452 medicorum
2929 5394 3205 5452 adhibere
3235 5395 3578 5466 voluissent,

1928 5485 2315 5558 perduxissent
2371 5484 2440 5539 ad
2491 5490 2789 5558 perfectam
2836 5487 3148 5541 sanitatem.
3183 5485 3397 5542 Multos
3447 5501 3582 5542 vero

1933 5574 2614 5649 episcoposetprincipes
2643 5575 2715 5632 ad
2735 5574 2881 5631 illud
2933 5575 3229 5632 Remense
3270 5575 3580 5632 concilium

1933 5663 2272 5722 convenisse
2294 5664 2460 5722 testis
2481 5668 2572 5722 est
2592 5665 2718 5739 ipse
2739 5664 3076 5740 Raynoldus
3106 5664 3580 5739 archiepiscopus

1933 5759 2252 5819 Remorum
2306 5755 2366 5814 in
2423 5755 2672 5832 epistola
2701 5757 2772 5815 ad
2805 5756 3080 5816 comitem
3107 5754 3390 5818 Flandria
3424 5771 3443 5834 _:
3472 5768 3578 5820 nec
