3962 6382
396 431 506 498 131
1697 429 1772 496 Β.
1813 424 2109 496 URBANI

2152 431 2203 492 ll
2247 425 2500 492 ΡΑΡᾹΞ.
3690 429 3856 492 132

393 570 613 626 mirum
669 584 804 634 cum
835 568 888 625 ei
918 568 1044 643 ipse
1095 583 1193 625 rex
1239 567 1588 634 interfuerit,
1620 569 1677 623 et
1733 565 2037 639 episcopos
2067 565 2124 634 Α
2151 562 2591 622 Suessionensis
2639 566 2918 632 mortem,
2978 566 3202 638 utpote'
3239 579 3491 638 quorum
3541 565 3846 635 primum

343 724 350 732 _
393 657 776 732 quamplures
821 658 938 715 huc
993 659 1198 715 adesse
1254 656 1518 724 voluerit,
1557 661 1621 712 ut
1658 655 1942 712 discimus
1973 671 2044 710 ex

385 749 512 820 jam
534 747 770 805 laudato
793 747 1004 814 Clario,
1028 747 1129 820 qui
1163 748 1234 804 ad
1267 747 1427 804 hunc
1457 763 1680 802 annum
1700 745 1835 801 1094
1867 745 2043 800 refert

393 836 730 910 Philippum
789 853 988 910 regem
1045 853 1430 910 congregasse
1491 835 1922 908 archiepiscopos
1989 837 2042 889 et

389 927 662 998 episcopos
690 927 852 996 regni
877 927 970 982 sui
1009 928 1070 982 in
1125 927 1344 982 civitate
1393 927 1665 994 Remensi,
1697 939 1950 996 eumque
2006 939 2042 978 a

353 1013 661 1072 'Richerio
711 1014 1164 1088 metropolitano
1223 1015 1570 1080 Senonensi,
1617 1029 1768 1087 aegre
1824 1013 2042 1068 ferente

389 1101 537 1160 illud
567 1103 878 1161 concilium
915 1109 1079 1162 extra
1103 1121 1274 1161 suam
1332 1103 1692 1178 provinciam
1737 1100 2039 1170 celebrari,

347 1193 356 1198 ’
391 1192 759 1266 impetrasse,
779 1196 846 1248 ut
866 1193 1079 1250 Remos
1099 1209 1333 1267 quoque
1355 1209 1490 1250 cum
1506 1193 1730 1248 caeteris
1751 1189 2040 1263 episcopis

352 1283 356 1288 ’
391 1281 746 1350 conveniret,
767 1281 922 1354 quod
975 1281 1312 1356 Raynoldus
1333 1281 1622 1354 podagrico
1669 1280 1852 1336 dolore
1905 1295 2038 1334 con-

345 1364 352 1370 ’
391 1373 600 1428 tractus
625 1369 888 1442 progredi
916 1387 1029 1428 non
1064 1374 1244 1442 posset
1274 1388 1303 1427 e
1333 1387 1436 1426 sua
1476 1370 1616 1426 sede.
1652 1370 1793 1426 Tres
1850 1367 2038 1424 archi-

387 1459 647 1533 episcopi
677 1463 734 1514 et
761 1459 1018 1532 episcopi
1049 1464 1274 1532 septem
1297 1460 1399 1532 qui
1439 1458 1578 1515 huic
1608 1459 1830 1532 synodo
1857 1457 2038 1514 inter-

389 1549 570 1618 fuere,
594 1552 972 1604 recensentur
988 1547 1050 1604 in
1073 1547 1270 1605 codice
1290 1565 1403 1606 ms.
1424 1565 1600 1622 quem
1631 1564 1747 1620 pra:
1766 1547 2040 1604 manibus

389 1637 697 1694 habemﬂs.
721 1637 766 1692 li
797 1641 964 1692 erant
989 1635 1330 1710 Raynoldus
1370 1635 1701 1704 Remensis,
1733 1635 2040 1692 Richerius

342 1711 351 1719 ’
388 1725 767 1792 Senonensis,
801 1731 859 1781 et
887 1724 1134 1782 Raulfus
1165 1725 1526 1781 Turonensis
1558 1723 2036 1796 metropolitani;

349 1815 355 1821 ’
386 1814 642 1888 episcopi
665 1831 800 1870 vero
827 1813 1144 1870 Gaufridus
1165 1813 1530 1883 Parisiensis,
1554 1813 1866 1869 Gauterius
1899 1811 2037 1868 Mel-

387 1903 606 1970 densis,
630 1904 792 1976 [Iugo
819 1903 1280 1970 Suessionensis,
1300 1902 1660 1959 Helinandus
1683 1901 2036 1959 Laudunen-
2065 1937 2116 2003 Β

348 1983 354 1991 ’
389 1992 492 2060 sis,
526 1991 802 2048 Babodus
830 1991 1258 2058 Noviomeusis,
1285 1991 1569 2048 Gervinus
1599 1989 2033 2060 Ambianensis,

389 2085 448 2137 et
471 2080 636 2153 Hugo
685 2079 1154 2139 Silvanectensis.
1188 2080 1336 2145 Quid
1395 2087 1592 2136 autem
1626 2081 1699 2136 ab
1731 2079 1818 2136 eis
1847 2083 2035 2136 statu-

387 2171 518 2226 tum
547 2168 741 2238 fuerit,
767 2183 873 2225 nec
903 2169 962 2224 in
994 2169 1106 2226 isto
1167 2169 1363 2226 codice
1393 2169 1660 2236 habetur,
1693 2185 1798 2224 nec
1856 2167 2039 2240 liquet

347 2257 358 2264 ’
390 2275 460 2314 ex
517 2255 638 2314 ullo
695 2256 820 2322 alio,
859 2261 1260 2314 monumento.
1289 2259 1365 2314 At
1419 2255 1692 2314 nonnihil
1735 2255 1806 2312 de
1834 2258 2035 2313 eadem

389 2347 610 2421 synodo
669 2345 922 2403 dicimus
973 2363 1043 2402 ex
1072 2346 1253 2419 gestis
1310 2345 1608 2402 Lamberti
1638 2345 2036 2403 Atrebateusis

388 2425 666 2509 episcopi,
699 2451 874 2508 quem
920 2435 1242 2492 antistitem
1275 2435 1326 2491 ei
1374 2433 1712 2491 interfuisse
1769 2438 2032 2503 constat;

350 2512 360 2518 ’
387 2525 545 2581 unde
566 2525 783 2580 mirum
807 2529 894 2580 est
913 2522 1078 2580 illum
1103 2523 1255 2580 inter
1287 2527 1544 2592 ceteros,
1580 2539 1728 2596 quos
1757 2539 1937 2596 supra
1967 2539 2036 2579 ex

386 2615 514 2670 cod.
529 2630 640 2670 ms.
657 2613 1083 2682 recensuimus,
1102 2612 1295 2670 locum
1309 2630 1424 2670 non
1450 2612 1682 2669 habere.
1700 2612 1802 2668 Hic
1820 2612 2036 2686 quippe

355 2703 517 2776 'epost
529 2703 798 2774 adeptam
817 2703 908 2758 die
935 2703 1322 2769 Pentecostes,
1349 2707 1414 2758 ut
1433 2700 1711 2770 diximus,
1735 2701 1892 2758 sedis
1913 2718 2034 2758 suae

385 2791 837 2866 possessionem,
852 2807 992 2847 cum
1001 2792 1214 2848 Remos
1229 2809 1344 2846 non
1364 2791 1620 2847 venisset
1632 2789 1867 2847 solitam
1885 2806 2037 2846 com-

356 2948 362 2954 .
386 2879 831 2954 provincialium
859 2878 1098 2952 Belgicae
1131 2879 1399 2946 secundae
1417 2878 1828 2951 episcoporum
1859 2877 2036 2934 matri

390 2966 643 3024 ecclesia:
699 2970 756 3022 et
808 2967 938 3038 ejus
976 2965 1394 3023 archiantistiti
1423 2967 1850 3038 subjectionem
1863 2968 2036 3039 juxta

388 3071 640 3112 canones
662 3055 1056 3128 professurus,
1091 3059 1450 3128 conquestus
1477 3060 1567 3112 est
1595 3073 1664 3112 ea
1691 3056 1762 3112 de
1792 3072 1854 3111 re
1885 3055 2033 3130 Ray-

393 3143 604 3200 noldus
623 3143 1012 3217 metropolita,
1048 3148 1114 3200 ut
1135 3148 1294 3217 patet
1314 3161 1450 3202 cum
1470 3161 1535 3200 ex
1557 3144 1766 3201 litteris
1790 3161 2031 3201 excusa-

2150 655 2384 710 illustris
2433 658 2484 709 et
2537 653 2867 712 venerandae
2941 656 3244 726 memoriae,
3304 653 3556 710 alterum
3624 655 3845 727 dignae

2149 745 2425 800 memoriae
2451 744 2712 798 damnum
2732 741 3009 815 appellat,
3029 743 3252 800 caeteris
3274 760 3407 800 vero
3428 743 3655 815 absque
3687 743 3840 800 ullo

2150 832 2345 889 addito
2367 837 2647 900 recenset,
2683 831 2799 888 nisi
2825 833 2978 904 quod
3012 833 3316 906 Hugonem
3360 833 3673 908 gloriosum
3697 833 3839 891 Sil-

2149 930 2519 978 vanectensem
2543 923 2855 994 episcopum
2883 923 3260 995 nuncupavit.

2221 1011 2284 1067 In
2309 1011 2514 1067 eadem
2545 1010 2765 1083 synodo
2786 1011 3226 1082 comprobatam
3249 1011 3430 1068 fuisse
3451 1010 3831 1068 divisionem

2149 1099 2478 1173 utriusque,
2520 1099 2957 1156 Cameracensis
3017 1099 3240 1156 scilicet
3282 1105 3341 1156 et
3392 1099 3823 1158 Atrebatensis

2149 1189 2439 1256 Ecclesiae,
2472 1188 2667 1244 innuit
2723 1187 2848 1261 ipse
2907 1189 3250 1246 Lambertus
3308 1189 3368 1244 in
3425 1189 3679 1263 epistola
3733 1191 3826 1247 ad

2149 1277 2410 1334 Odonem
2437 1277 2776 1350 episcopum
2799 1277 3298 1346 Cameracensem,
3333 1279 3435 1351 qui
3465 1277 3612 1336 velle
3641 1279 3825 1336 vide—

2147 1367 2322 1422 batur
2346 1365 2629 1422 terminos
2661 1366 2811 1423 inter
2841 1361 3156 1440 utramque
3201 1367 3520 1424 Ecclesiam
3579 1367 3821 1431 consti-

2148 1459 2310 1510 tutos
2361 1454 2706 1511 auctoritate
2762 1456 3134 1527 imperatoris
3184 1455 3528 1512 convellere.
3564 1457 3630 1512 In
3693 1457 3822 1513 hac

2150 1543 2398 1616 epistola
2408 1543 2754 1600 Lambertus
2767 1543 3373 1600 testaturdivisionem
3395 1531 3820 1602 Atrebatensia

2149 1631 2415 1689 Ecclesiae
2446 1649 2482 1688 a
2525 1633 2925 1689 Cameracensi
2972 1633 3188 1689 factam
3231 1633 3438 1702 fuisse,
3466 1649 3568 1706 per
3618 1635 3819 1691 consi-

2151 1724 2292 1778 lium
2319 1725 2372 1777 et
2399 1723 2681 1777 auxilium
2725 1723 2937 1779 Robertz
2993 1724 3226 1793 comitis,
3261 1725 3322 1779 in
3341 1725 3494 1797 cujus
3538 1727 3820 1796 potestate

2148 1813 2466 1868 Atrebatum
2510 1815 2629 1867 erat
2647 1830 2665 1878 ;
2698 1827 2908 1868 necnon
2961 1830 3062 1884 per
3116 1813 3398 1870 licentiam
3432 1816 3484 1870 et
3513 1828 3818 1870 assensum

2148 1901 2398 1972 Philippi
2423 1903 2756 1956 Francorum
2798 1903 2940 1973 regis
2979 1902 3043 1956 de
3072 1903 3226 1974 cujus
3258 1917 3427 1972 regno
3477 1903 3816 1960 Atrebatum

2143 2006 2254 2046 esse
2303 1989 2662 2059 dignoscitur,
2686 1998 2738 2045 et
2763 2006 2864 2062 per
2919 1991 3154 2046 concilia
3201 1991 3304 2046 sub
3365 1991 3652 2064 Ragnaldo
3707 2007 3810 2047 ar-

2143 2080 2474 2152 chiepiscopo
2505 2079 2684 2134 Remis
2707 2079 2914 2147 habita,
2940 2088 2990 2136 et
3029 2096 3130 2152 per
3156 2083 3538 2136 auctoritatem
3583 2089 3810 2153 aposto-

2145 2169 2270 2226 licae
2286 2167 2427 2224 sedis
2447 2175 2496 2224 et
2528 2168 2738 2225 Urbani
2770 2169 3004 2224 Romani
3021 2170 3297 2242 pontiﬁcis
3334 2171 3403 2226 II.
3441 2169 3606 2226 Unde
3637 2173 3809 2242 patet

2145 2257 2294 2313 hanc
2337 2255 2685 2330 episc0palis
2748 2257 3005 2330 antiquae
3090 2258 3247 2315 sedis
3300 2259 3808 2316 restaurationem

2145 2347 2367 2419 absque
2395 2345 2673 2418 legitimis
2703 2345 3158 2414 conditionibus,
3191 2347 3346 2420 quod
3377 2347 3563 2420 aliqui
3593 2363 3804 2405 recen-

2143 2435 2321 2491 tiores
2351 2433 2782 2504 existimarunt,
2813 2435 2973 2490 haud
3005 2441 3481 2492 consummatam
3512 2435 3724 2492 fuisse.

2214 2522 2404 2578 Unum
2437 2527 2713 2596 praeterea
2741 2539 2810 2578 ex
2838 2528 3059 2594 nostro,
3094 2523 3233 2580 item
3273 2527 3400 2582 cod.
3433 2541 3572 2592 ms.,
3607 2525 3804 2582 disci-

2144 2629 2278 2668 mus
2299 2612 2359 2667 in
2381 2613 2583 2668 eadem
2605 2612 2826 2685 synodo
2849 2612 3088 2681 factum,
3113 2613 3445 2672 Manassem
3476 2613 3703 2670 scilicet
3718 2615 3800 2672 ad

2143 2700 2620 2756 Cameracensem
2670 2699 2988 2756 Ecclesiam
3047 2701 3316 2772 electum,
3344 2702 3540 2759 nescio
3571 2701 3806 2774 quibus

2143 2788 2368 2846 occulte
2417 2805 2551 2846 eum
2600 2789 3005 2860 incitantibus,
3035 2789 3273 2863 petiisse
3327 2795 3395 2848 ut
3439 2792 3803 2849 Atrebatum

2142 2877 2548 2934 restitueretur
2577 2876 2842 2934 Ecclesia
2864 2879 3288 2936 Cameracensi.
3315 2877 3637 2936 Referenda
3649 2885 3802 2938 sunt

2144 2965 2398 3022 auctoris
2411 2965 2596 3022 nostri
2615 2965 2809 3022 verba.
2831 2989 2858 3016 «
2883 2967 3034 3022 Dum
3051 2983 3208 3042 ergo,
3233 2968 3443 3042 inquit,
3467 2973 3800 3028 Remorum

2140 3053 2490 3110 venerabilis
2521 3053 2994 3128 archiepiscopus
3034 3056 3370 3130 Raynoldus
3430 3057 3796 3128 Manassem,

2141 3141 2620 3200 archidiaconum
2664 3146 3032 3212 Remensem,
3064 3145 3464 3202 Cameracensi
3517 3146 3798 3204 Ecclesiae

386 3233 552 3307 toriis
582 3233 870 3289 Lamberti
896 3233 968 3289 ad
989 3233 1184 3306 ipsum
1229 3232 1602 3308 Raynoldum
1623 3277 1637 3301 ,
1673 3237 1799 3289 tum
1852 3234 2030 3289 etiam
2074 3303 2103 3308 ὲ
2135 3234 2263 3304 jam
2283 3231 2655 3304 designatum
2675 3231 3036 3304 episcopum,
3061 3234 3601 3304 commonefaceret,
3627 3240 3696 3291 ut
3719 3237 3796 3294 ad

363 3303 457 3379 “ex
486 3321 618 3378 aliis
648 3322 720 3378 ad
753 3303 1216 3396 metropolitani».
1261 3303 1519 3380 ecclesiae
1579 3323 1799 3379 clerum
1855 3322 2031 3391 datis,
2063 3303 2106 3370 (ἶ
2143 3303 2383 3378 titulum
2405 3303 2847 3376 Cameracensis
2876 3303 3141 3377 Ecclesiae
3172 3339 3370 3380 sacros
3399 3303 3633 3380 ordines
3663 3325 3795 3398 epi-

388 3411 600 3485 quibus
629 3414 988 3484 protestetur
1018 3411 1128 3468 sibi
1160 3413 1422 3469 nondum
1452 3411 1691 3468 licuisse
1727 3411 1837 3466 iter
1881 3410 2026 3467 illud

363 3499 644 3574 .aggredi,
677 3500 832 3572 quod
863 3515 924 3555 se
955 3500 1301 3562 toto,animo
1349 3500 1642 3558 facturum
1701 3498 2028 3572 pollicetur,

387 3588 827 3662 quamprimum
849 3587 900 3644 ei
926 3587 1171 3646 facultas
1189 3590 1324 3647 data
1344 3589 1521 3645 fuerit
1545 3593 1630 3659 ;et
1651 3589 1844 3661 reipsa
1855 3587 2031 3662 paulo

361 3681 586 3753 postea
615 3678 828 3736 Remos
855 3677 1013 3734 venit
1063 3694 1130 3734 ac
1181 3678 1604 3752 professionem
1661 3676 1817 3746 fecit,
1847 3693 2032 3734 mense

357 3758 680 3839 'Septembri
730 3785 807 3835 xu,
866 3767 1134 3824 Kalendas
1191 3767 1448 3838 Octobris,
1501 3767 1591 3822 die
1645 3767 1834 3823 Natali
1889 3767 2033 3824 beati

382 3855 627 3912 Matthaei
682 3857 914 3926 apostoli
943 3865 993 3912 et
1039 3857 1407 3926 evangelista,
1440 3855 1740 3912 indictione
1791 3869 1856 3921 ιι,
1883 3871 2030 3911 αηηο

387 3944 530 3998 1094
575 3947 631 3998 et
675 3943 912 4015 quidem
971 3942 1031 3998 in
1087 3943 1216 4015 ipso
1248 3943 1512 4012 concilio,
1545 3944 1701 4015 quod
1738 3943 1866 4014 jam
1899 3960 1932 3998 a
1958 3960 2034 4000 xv

385 4030 674 4106 Kalendas
733 4030 997 4102 ejusdem
1029 4031 1250 4088 mensis
1306 4032 1626 4105 incoeptum
1667 4035 1812 4100 erat,
1847 4036 1912 4089 ut
1963 4049 2034 4089 ex

385 4117 668 4192 Raynoldi
699 4117 947 4191 epistola
975 4118 1048 4174 ad
1081 4117 1399 4176 Robertum
1431 4121 1702 4176 comitem
1746 4119 2031 4178 Flandria

364 4197 564 4282 patet.
598 4205 893 4265 Lamberti
925 4211 1120 4263 autem
1150 4210 1479 4266 consecratio
1511 4215 1644 4282 post
1690 4213 2030 4282 susceptam

366 4291 514 4370 Iejus
546 4313 707 4353 more
750 4294 1142 4352 ecclesiastico
1191 4298 1636 4370 professionem,
1667 4315 1702 4353 a
1731 4299 2030 4372 Raynaldo

385 4385 833 4458 metropolitano
849 4384 1187 4458 ceterisque
1217 4386 1523 4460 provinciae
1547 4387 1857 4460 episcopis,
1865 4389 2033 4460 juxta

383 4474 574 4532 damni
607 4489 766 4547 papae
829 4473 1036 4530 Urbani
1071 4484 1344 4548 praecepta
1395 4475 1742 4532 conﬁrmata
1797 4476 1928 4544 fuit,
1965 4481 2033 4534 ut

383 4565 634 4618 testatur
654 4561 810 4617 idem
834 4561 959 4634 ipse
991 4561 1326 4635 Raynoldus
1354 4563 1414 4619 in
1443 4565 1692 4638 epistola
1723 4582 1859 4623 mox
1899 4567 2024 4624 lau-

385 4652 523 4708 data
576 4650 664 4740 ad,
715 4649 994 4740 Flandriaa
1053 4652 1347 4722 comitem,
1410 4653 1656 4726 ideoque
1730 4657 2034 4715 referenda
2061 4674 2109 4740 Ι)

385 4741 538 4796 inter
575 4738 790 4795 Urbani
822 4738 1068 4796 litteras.
1093 4741 1420 4798 Recitatum
1471 4759 1706 4816 quoque
1741 4744 1820 4800 ibi
1851 4745 2032 4804 fuisse

382 4828 748 4886 Atrebatensi
765 4827 1028 4885 Ecclesiae
1052 4829 1423 4904 privilegium
1447 4831 1736 4888 discimus
1755 4849 1824 4888 ex
1836 4839 2034 4892 nostro

377 4918 504 4990 jam
527 4916 760 4973 laudato
783 4935 892 4974 ms.
919 4919 1068 4987 cod.,
1097 4919 1197 4973 ubi
1221 4918 1438 4992 legitur
1456 4919 1513 4975 id
1535 4923 1593 4975 in
1612 4924 2033 4994 metropolitana

385 5007 612 5062 basilica
637 5005 800 5062 beata
829 5007 1018 5064 Maria:
1046 5024 1262 5078 semper
1289 5009 1528 5078 virginis
1557 5009 1798 5068 domina:
1826 5023 2033 5072 nostra?

383 5095 604 5166 factum
638 5095 838 5164 fuisse,
873 5098 936 5151 in
961 5097 1295 5168 provinciali
1321 5106 1373 5152 et
1403 5098 1604 5153 celebri
1657 5101 1908 5170 concilio,
1939 5104 2034 5158 cui

383 5186 638 5257 interfuit
664 5185 950 5256 Philippus
1001 5201 1103 5240 rex
1147 5187 1506 5252 Francorum,
1541 5187 1682 5258 quod
1737 5189 2034 5247 celebravit

383 5274 733 5348 Raynoldus,
794 5273 1205 5330 consedentibus
1233 5275 1351 5348 ejus
1407 5277 1636 5342 concilio
1686 5277 1893 5334 duobus
1937 5297 2030 5335 ar-

382 5363 734 5436 chiepiscOpis
762 5371 814 5419 et
841 5365 1102 5435 episcopis
1130 5372 1350 5436 septem,
1382 5381 1531 5435 quos
1587 5383 1770 5439 supra
1807 5385 2030 5424 memo-

383 5452 643 5510 ravimus
670 5470 684 5522 ;
717 5451 1118 5508 archidiaconis
1169 5469 1378 5526 quoque
1405 5458 1458 5510 et
1485 5454 1772 5512 abbatibus
1805 5459 2030 5529 provin-

382 5544 489 5600 cia:
513 5543 791 5598 Remensis
821 5542 880 5597 in
909 5541 1092 5598 eodem
1117 5543 1346 5600 concilio
1373 5559 1499 5600 cum
1536 5544 1756 5602 honesto
1785 5547 1928 5602 clero
1977 5550 2032 5602 et

378 5633 582 5708 populo
611 5630 1048 5686 consistentibus.
1077 5630 1205 5688 Haec
1253 5633 1550 5690 scribebat
1596 5638 1761 5690 vetus
1822 5639 2030 5692 auctor

382 5719 558 5807 paulo
587 5723 721 5800 post
745 5719 1028 5800 Raynoldi
1055 5719 1360 5782 Remeusis
1389 5724 1447 5782 et
1475 5720 1737 5800 Hugonie
1767 5722 2028 5804 episcopi

2141 3409 2551 3483 scopalemque
2576 3409 3071 3466 consecrationem
3092 3412 3386 3485 suscipere
3421 3418 3795 3486 procuraret,

2139 3501 2375 3556 hortatu
2393 3498 2783 3571 quorumdam
2811 3515 3054 3555 suorum
3076 3501 3156 3558 ait
3174 3519 3186 3557 :
3203 3501 3445 3558 Reddite
3463 3501 3609 3558 mihi
3631 3505 3800 3560 Atre-

2139 3591 2364 3656 batum,
2389 3588 2480 3644 cui
2502 3587 2779 3660 providus
2800 3591 2856 3643 et
2869 3587 3104 3660 sapiens
3125 3590 3600 3664 archiepiscopus
3615 3592 3796 3664 quasi

2138 3679 2418 3735 invectiva
2460 3677 2765 3749 respondit
2797 3676 3074 3734 :Domine
3104 3679 3425 3748 Manasses,
3447 3679 3628 3736 vultis
3653 3697 3788 3740 esse

2139 3768 2366 3842 primus
2387 3765 2928 3822 excommunicatus
2948 3767 3020 3822 ab
3044 3767 3364 3839 apostolica
3383 3769 3540 3838 sede,
3566 3773 3626 3824 et
3655 3771 3793 3842 ejus

2140 3860 2504 3914 decretorum
2526 3857 2584 3910 et
2602 3855 3088 3911 constitutionum
3109 3855 3354 3914 violator
3380 3858 3668 3914 existere?
3681 3877 3793 3932 pro

2139 3947 2249 4002 hac
2279 3959 2416 4016 ergo
2445 3947 2911 4016 presumptuosa
2946 3945 3204 4001 Atrebati
3263 3946 3678 4004 reclamatione
3733 3954 3794 4006 et

2139 4033 2508 4092 oblocutione
2535 4033 2606 4088 ad
2624 4032 3080 4106 increpatiouem
3094 4035 3514 4110 archiepiscopi
3547 4035 3789 4110 culpam

2139 4121 2490 4196 recognovit,
2513 4121 2740 4178 veniam
2762 4121 2946 4194 petiit,
2977 4126 3034 4178 et
3063 4124 3123 4179 in
3153 4124 3398 4181 concilio
3457 4125 3790 4184 absolutio-

2138 4228 2274 4268 nem
2295 4209 2662 4266 satisfaciens
2679 4210 2958 4284 suscepit.
2977 4233 3005 4261 »
3025 4212 3142 4268 Nec
3166 4212 3337 4286 plura
3351 4215 3422 4270 de
3435 4213 3544 4270 hoc
3563 4215 3794 4288 synodo

2137 4301 2315 4358 habet
2345 4299 2442 4356 ille
2471 4303 2698 4372 auctor,
2730 4299 2845 4355 nisi
2895 4301 3051 4372 quod
3083 4302 3432 4359 Lambertus
3464 4307 3789 4376 antequam

2137 4389 2338 4447 Remio
2359 4388 3044 4462 egrederetur,invitatus
3065 4391 3136 4446 ad
3159 4391 3474 4448 concilium
3498 4386 3792 4450 [Eduense

2139 4479 2316 4535 fuerit
2363 4479 2434 4534 ab
2475 4477 2716 4550 Hugone
2747 4478 3122 4550 Lugdunensi
3163 4479 3626 4553 archiepiscopo,
3689 4482 3794 4554 qui

2137 4567 2284 4624 illud
2315 4567 2382 4622 ad
2419 4567 2574 4623 diem
2605 4566 2814 4622 Iduum
2846 4567 3108 4624 Octobris
3164 4569 3580 4625 celebrandum
3619 4571 3796 4643 juxta

2139 4655 2359 4714 Urbani
2377 4657 2724 4712 mandatum
2743 4655 3054 4712 indixerat.
3071 4657 3372 4714 Manasses
3397 4675 3530 4714 vero
3553 4659 3793 4716 nonnisi

2143 4752 2276 4820 post
2292 4745 2534 4819 longum
2556 4749 2791 4818 tempus
2813 4745 3118 4802 ordinatus
3138 4745 3247 4802 fuit
3259 4747 3331 4803 ob
3345 4747 3794 4804 schismaGual-

2142 4835 2323 4892 cherii
2349 4834 2784 4890 Cameracensis
2826 4833 3243 4904 archidiaconi,
3278 4835 3380 4908 qui
3428 4854 3462 4891 a
3518 4837 3794 4895 factionis

2139 4941 2260 4982 suae
2293 4922 2632 4978 hominibus
2680 4922 2900 4980 electus
2929 4927 3407 4982 Cameracensem
3465 4924 3790 4983 Ecclesiam

2141 5013 2410 5069 invadere
2439 5011 2751 5068 nitebatur.

2141 5101 2319 5158 CLXI.
2352 5100 2656 5156 Concilium
2715 5101 3028 5158 Ostionense
3071 5119 3165 5158 seu
3220 5104 3508 5159 lEduense.
3554 5104 3788 5159 Excom-

2212 5174 2532 5245 manicatur
2559 5172 2852 5244 Philippus
2879 5190 2996 5228 rex.
3021 5175 3386 5245 Privilegium
3417 5177 3786 5232 Atrebatense.

2213 5243 2614 5314 Archiepiscopi
2681 5243 3005 5302 Turonensis
3079 5243 3246 5302 causa
3319 5265 3444 5313 cum
3504 5248 3791 5304 monachis

2210 5315 2429 5397 Majoris
2487 5318 2829 5384 Monasterii,
2889 5320 2939 5374 et
2999 5318 3068 5373 lis
3141 5335 3238 5388 pro
3288 5336 3430 5392 pago
3479 5318 3790 5374 Salmoria-

2209 5401 2376 5442 censi.

2215 5457 2462 5514 Primam
2491 5459 3046 5531 Augustodunensis
3082 5461 3288 5532 synodi
3323 5459 3590 5518 notitiam
3615 5462 3790 5519 debe-

2139 5563 2272 5604 mus
2293 5545 2584 5614 Bertoldo,
2611 5548 2887 5606 scribenti
2914 5552 3170 5622 generale
3218 5551 3512 5608 consilium
3561 5551 3621 5605 in
3663 5550 3794 5608 Gal-

2141 5638 2364 5695 liarum
2398 5639 2638 5708 civitate,
2687 5655 2851 5710 quam
2905 5639 3178 5697 Ostionem
3220 5641 3523 5715 vulgariter
3577 5639 3790 5712 dicunt,

2140 5725 2249 5788 hoc
2322 5744 2474 5791 anno
2532 5743 2636 5788 VIII
2693 5728 2962 5789 Kalendas
3019 5730 3352 5802 Novembris,
3398 5733 3794 5810 congregatum
