3962 6412
204 446 320 521 133

1800 454 2009 527 VITA.

3476 422 3612 527 1134

200 594 370 665 fuisse
395 593 467 648 ab
517 592 742 664 Hugone
795 588 1140 665 Lugdunensi
1180 591 1581 667 archiepiscopo
1620 604 1672 652 et
1715 611 1845 668 apo-
1874 597 1933 665 Α
1962 594 2180 652 exitum
2209 594 2271 651 in
2301 594 2411 651 hac
2440 593 2718 652 IEduensi
2749 594 2991 668 synodo,
3021 595 3071 651 si
3105 594 3390 653 Rodulfus
3420 597 3612 655 archi-

198 682 402 740 stetisse
438 681 585 740 sedis
641 682 837 752 legato,
867 698 994 739 cum
1019 683 1434 757 archiepiscopis
1463 692 1514 741 et
1565 685 1851 741 abbatibus

198 770 545 828 diversarum
557 772 1125 844 provinciarumqua
1151 772 1391 845 quidem
1410 773 1587 829 verba
1604 773 1851 830 Baronio

198 861 446 933 ejusque
497 860 853 932 sequacibus
909 877 1115 919 ansam
1185 861 1468 934 prebuere
1535 862 1851 919 concilium

200 947 460 1016 Ostiense,
493 947 642 1004 alias
672 948 910 1004 omnino
933 948 1199 1022 ignotum
1238 949 1675 1007 intrudendi.At
1702 950 1848 1007 illud

199 1038 270 1094 ab
296 1036 821 1111 Augustodunensi
853 1036 1118 1107 concilio,
1151 1039 1308 1111 quod
1338 1038 1448 1095 hoc
1478 1055 1630 1095 anno
1678 1039 1851 1096 habi-

202 1130 333 1182 tum
356 1124 541 1183 fuisse
572 1142 641 1182 ex
670 1125 1007 1183 auctoribus
1027 1126 1350 1199 aequalibus
1380 1132 1628 1197 constat,
1689 1127 1849 1185 aliud

199 1232 314 1273 non
335 1231 468 1273 esse
497 1215 895 1272 certissimum
927 1219 1051 1273 est:
1085 1217 1240 1289 quod
1267 1217 1507 1290 quidem
1538 1218 1851 1275 Ostionense

198 1303 752 1373 Bertholdus,homo
770 1307 1023 1373 exterus,
1038 1303 1350 1378 appellavit
1377 1321 1448 1361 ex
1465 1306 1628 1363 urbis
1646 1309 1848 1380 Augu-

195 1393 573 1451 stodunensis
600 1393 828 1466 vulgari
856 1393 1137 1450 vocabulo
1164 1395 1477 1463 Autun,seu
1503 1398 1568 1452 ut
1596 1413 1850 1469 pronum-

194 1482 327 1540 tiari
356 1482 527 1551 solet,
556 1484 748 1552 0stun,
779 1481 870 1539 vel
916 1482 1111 1555 potius
1142 1482 1302 1552 Otun,
1335 1501 1404 1539 ex
1455 1501 1573 1556 quo
1629 1484 1715 1540 illi
1745 1485 1847 1557 qui

192 1577 403 1645 postea
421 1572 482 1628 in
505 1572 666 1627 hunc
688 1588 944 1628 errorem
962 1571 1333 1645 impegerunt
1348 1573 1621 1630 Ostionem
1638 1574 1847 1630 urbem

198 1661 495 1717 efﬁnxere.
528 1661 698 1734 Hugo
744 1659 1199 1717 Flaviniacensis
1232 1662 1289 1717 in
1322 1663 1451 1734 ipsa
1477 1665 1850 1735 Augustodu-

191 1750 361 1806 nensi
413 1749 651 1807 dioecesi
701 1750 903 1819 abbas,
961 1755 1166 1807 auctor
1222 1750 1456 1807 illorum
1515 1756 1846 1824 temporum

189 1838 386 1912 gravis
418 1843 477 1895 et
504 1839 1379 1911 accuratus,Angustodinensis
1401 1856 1505 1896 seu
1535 1840 1849 1898 {Eduensis

188 1926 353 1983 illius
381 1928 591 2001 synodi
621 1928 890 1983 meminit
918 1928 976 1983 in
1009 1927 1291 1985 Chronico
1319 1929 1847 1998 Virdunensis,ubi

194 2016 438 2090 triginta
456 2017 605 2073 duos
634 2017 938 2090 episcopos
969 2034 1103 2073 cum
1135 2017 1406 2090 pluribus
1446 2018 1760 2075 abbatibus
1789 2023 1848 2075 et

192 2105 335 2163 viris
356 2104 649 2179 religiosis
670 2106 743 2162 ad
766 2122 893 2162 eam
920 2106 1262 2162 convenisse
1290 2111 1527 2176 narrat;
1561 2108 1661 2163 sed
1696 2107 1843 2163 nihil

192 2194 371 2252 habet
399 2194 473 2251 de
503 2194 597 2251 bis
629 2211 756 2267 qua
776 2211 812 2250 a
841 2194 1110 2251 Patribus
1139 2193 1222 2251 ibi
1251 2199 1472 2252 statuta
1496 2195 1677 2263 fuere.
1698 2196 1849 2252 Non-

192 2281 362 2339 nulla
388 2288 589 2339 tamen
620 2299 689 2338 ex
730 2284 859 2355 ejus
888 2283 1141 2340 decretis
1187 2289 1458 2357 excerpta
1504 2283 1681 2340 refert
1709 2285 1845 2342 Ber-

191 2371 410 2442 toldus,
445 2371 549 2445 qui
592 2373 674 2429 ait
701 2376 1021 2430 renovatam
1051 2371 1234 2429 fuisse
1280 2374 1341 2429 in
1372 2389 1440 2429 ea
1495 2373 1719 2446 synodo
1749 2391 1845 2430 ex-

188 2461 791 2519 communicationem
839 2462 900 2517 in
930 2461 1249 2518 Henricum
1278 2479 1496 2536 regem,
1524 2467 1583 2519 et
1610 2462 1671 2518 in
1703 2463 1844 2519 Gui-

188 2551 425 2608 bertum
455 2567 778 2623 eorumque
828 2549 1182 2623 complices;
1216 2548 1552 2624 Philippum
1613 2568 1845 2623 quoque

190 2657 386 2714 regem
421 2640 710 2713 ibi,quod,
738 2640 964 2696 vivente
994 2656 1101 2696 sua
1132 2639 1319 2713 ipsius
1348 2656 1546 2707 uxore,
1600 2639 1844 2696 alteram

196 2728 729 2803 superinduxisset,
787 2728 1357 2785 excommunicatum
1421 2729 1642 2798 fuisse;
1701 2730 1843 2786 item

192 2820 538 2878 damnatam
561 2820 660 2876 sub
684 2820 1242 2876 excommunicatione
1254 2817 1436 2876 fuisse
1448 2818 1568 2875 Sim
1577 2818 1843 2875 oniacam

189 2906 485 2975 haeresim,
517 2912 577 2964 et
604 2907 1078 2981 presbyterorum
1101 2907 1587 2971 incontinentiam
1612 2925 1627 2977 ;
1650 2924 1717 2964 ac
1747 2908 1844 2964 de-

189 2994 371 3069 nidue
398 2995 644 3055 vetitum
666 2995 970 3053 monachis
1001 3013 1074 3052 ne
1097 2995 1452 3069 parochialia
1471 2996 1842 3053 sacerdotum

193 3085 387 3142 ofﬁcia
430 3085 493 3142 in
540 3086 833 3160 parochiis
863 3090 1182 3159 usurpent;
1214 3101 1340 3158 quae
1380 3088 1588 3159 omnia,
1648 3086 1844 3158 inquit

190 3175 349 3232 idem
379 3180 604 3242 auctor,
638 3177 718 3232 ibi
742 3180 872 3232 sunt
899 3177 1189 3232 constituta
1220 3178 1270 3231 et
1298 3176 1593 3247 apostolica
1624 3176 1844 3248 legatio-

189 3280 256 3321 ne
282 3264 527 3335 ﬁrmata.

1960 685 2272 758 episcopus
2330 684 2673 753 concordiae,
2734 684 2825 740 cui
2886 684 3198 740 videbatur
3217 686 3610 758 consensisse,

1961 779 2120 830 stare
2172 773 2474 831 voluisset.
2537 774 2767 831 Etenim
2824 790 2959 829 cum
3000 790 3068 830 ex
3117 791 3237 830 una
3266 779 3433 848 parte
3487 776 3615 849 ipse

1961 863 2267 931 Rodulfus,
2299 867 2357 918 et
2384 862 2607 919 Joellus
2652 863 3151 919 Cenomannensis
3204 864 3516 937 episcopus
3546 881 3616 922 ex

1959 951 2141 1008 altera
2167 968 2301 1008 vero
2332 952 2665 1008 Bernardus
2696 950 3002 1008 Remensis
3034 950 3194 1024 prior
3223 953 3616 1026 Maioris-Mo-

1960 1041 2221 1109 nasterii,
2263 1040 2547 1114 Hilgodus
2606 1039 3048 1101 Suessionensis
3106 1040 3415 1115 episcopus
3472 1046 3614 1099 tunc

1957 1129 2223 1201 ejusdem
2235 1128 2347 1187 loci
2361 1129 2818 1202 monachus,qui
2834 1130 3028 1203 ipsum
3042 1129 3614 1205 privilegiumRomai

1956 1218 2428 1289 impetraverant,
2461 1223 2519 1275 et
2547 1219 2814 1291 ejusdem
2855 1219 3087 1293 Hilgodi
3118 1220 3298 1276 frater
3349 1220 3615 1278 Andreas

1958 1307 2211 1364 multum
2240 1308 2395 1364 ultro
2425 1309 2689 1380 citroque
2733 1310 3152 1378 decertassent,
3211 1326 3327 1382 pax
3374 1309 3614 1366 tandem

1957 1396 2113 1453 inter
2149 1413 2247 1452 eos
2304 1396 2452 1453 inita
2503 1402 2612 1465 est,
2669 1398 2770 1454 sed
2824 1415 2951 1470 quae
3006 1398 3162 1455 brevi
3197 1400 3402 1471 postea
3430 1398 3617 1455 fracta

1957 1485 2086 1556 fuit,
2120 1490 2185 1541 ut
2212 1502 2280 1541 ex
2311 1485 2597 1557 colloquio
2628 1486 2861 1542 Dolensi
2925 1485 3277 1559 colligimus.
3311 1486 3395 1543 Ibi
3455 1486 3614 1544 enim

1957 1591 2153 1630 coram
2185 1576 2391 1631 eodem
2422 1574 2684 1648 Hugone,
2717 1592 2781 1630 ac
2812 1577 3020 1649 Amato
3051 1575 3491 1649 Burdegalensi,
3525 1593 3618 1633 ar-

1958 1663 2347 1736 chiepiscopis
2366 1668 2424 1719 et
2454 1663 2786 1736 apostolicre
2818 1664 2975 1720 sedis
2996 1663 3204 1736 legatis
3225 1665 3614 1737 praesentibus

1958 1752 2304 1809 Piotaviensi
2361 1757 2419 1808 et
2448 1753 2936 1820 Cenomannensi,
2973 1752 3221 1825 aliisque
3254 1752 3458 1810 multis
3487 1755 3613 1828 epi-

1957 1841 2152 1914 scopis
2181 1842 2384 1897 eadem
2416 1858 2593 1898 causa
2624 1858 2757 1897 cum
2791 1840 2979 1898 multa
2995 1841 3614 1899 contentionerursum

1876 1968 1924 2035 B
1957 1931 2176 2003 agitata
2204 1930 2637 2035 fuit,Bernardo
2669 1931 2879 1988 abbate
2911 1930 3203 2035 cum'suis
3218 1931 3524 2035 monachis
3546 1947 3617 1987 ex

1955 2035 2074 2074 una
2100 2024 2288 2090 parte,
2320 2025 2377 2074 et
2407 2019 2655 2088 Rodulfo
2700 2018 3115 2091 archiprtesule
3145 2036 3281 2076 cum
3319 2036 3425 2077 suo
3458 2019 3612 2076 clero

1954 2124 2023 2163 ex
2052 2106 2236 2164 altera
2266 2108 2580 2165 stantibus.
2618 2109 2728 2165 Sed
2760 2107 2906 2163 nihil
2938 2108 3269 2181 quoqueibi
3284 2110 3614 2182 profectum

1954 2201 2062 2266 est,
2095 2196 2287 2270 lisque
2343 2198 2606 2255 indecisa
2636 2198 2857 2254 mansit
2886 2198 2957 2254 ad
2991 2214 3214 2255 annum
3247 2202 3613 2271 sequentem,

1956 2291 2170 2358 quo,ut
2199 2286 2280 2343 ibi
2305 2286 2519 2343 dicturi
2540 2304 2772 2356 sumus,
2804 2286 2864 2342 in
2897 2286 3141 2344 concilio
3162 2285 3614 2344 Claromontano

1958 2375 2202 2431 omnino
2232 2377 2343 2431 fuit
2398 2376 2685 2433 absoluta.
2738 2380 2872 2432 Haec
2922 2376 3115 2432 fusius
3171 2377 3503 2433 referuntur
3547 2376 3612 2432 in

1955 2463 2152 2521 libello
2177 2465 2246 2521 de
2276 2465 2452 2522 rebus
2472 2464 3084 2537 Majoris-Monasterii
3116 2482 3220 2537 per
3271 2464 3614 2522 Bochellum

1954 2554 2106 2609 edito
2136 2555 2207 2610 ad
2231 2553 2451 2611 calcem
2473 2553 2737 2611 Historia”:
2759 2553 3021 2626 Gregorii
3043 2554 3612 2625 TurOnensis,quem

1952 2641 2169 2697 librum
2201 2643 2307 2715 qui
2338 2641 2509 2714 plura
2536 2643 2698 2715 cupit
2725 2640 3013 2698 consulat.
3043 2640 3124 2697 De
3174 2640 3379 2697 eadem
3408 2657 3469 2698 re
3501 2641 3615 2697 Ra-

1952 2730 2114 2787 dulfo
2144 2731 2471 2789 Turonensi
2491 2731 2730 2804 scripsit
2756 2730 2849 2787 lvo
2879 2733 3238 2788 Carnotenus
3292 2729 3463 2803 epist.
3480 2730 3608 2801 235,

1958 2837 2027 2876 ex
2058 2837 2176 2893 qua
2203 2819 2551 2895 intelligitur
2581 2820 2641 2877 id
2671 2820 3048 2894 potissimum
3084 2820 3142 2876 in
3173 2820 3284 2876 hac
3314 2836 3496 2876 causa
3523 2835 3614 2875 ar-

1952 2909 2328 2983 chiepiscopo
2360 2909 2756 2983 displicuisse,
2789 2910 2946 2983 quod
2977 2909 3030 2966 ei
3061 2908 3396 2966 Bernardus
3427 2909 3613 2966 abbas

1952 2999 2342 3071 subjectionis
2364 2999 2788 3072 professionem
2802 3012 2803 3015 ‘
2817 2999 3002 3055 facere
3025 2999 3392 3055 detractaret.

2021 3088 2428 3145 Convenerant
2455 3087 2630 3144 etiam
2661 3088 2732 3144 ad
2756 3086 2922 3143 illam
2953 3087 3242 3160 synodum
3264 3087 3618 3144 )Eduensem

1953 3176 2140 3233 Guido
2170 3176 2522 3233 Viennensis
2553 3176 3028 3249 archiepiscopus
3050 3181 3106 3232 et
3126 3175 3294 3249 Hugo
3314 3174 3617 3233 Gratiano-

1952 3264 2271 3337 politanus,
2300 3283 2556 3339 quorum
2587 3265 2661 3321 lis
2720 3266 2791 3322 de
2822 3264 3279 3322 Salmoriacensi
3329 3280 3479 3338 pago
3531 3263 3616 3320 ibi

256 3354 344 3410 Ad
373 3354 642 3411 eamdem
672 3354 961 3427 synodum
998 3353 1298 3423 invitatus,
1329 3360 1393 3412 ut
1412 3358 1541 3429 jam
1566 3354 1843 3422 diximus,
1874 3342 1918 3408 Ο
1956 3371 2190 3427 quoque
2221 3372 2423 3411 coram
2454 3354 2662 3428 synodi
2693 3355 2964 3411 Patribus
2991 3353 3271 3411 ventilata
3326 3353 3456 3423 fuit,
3504 3353 3607 3409 sed

199 3442 549 3500 Lambertus
571 3443 971 3500 Atrebatensis
993 3442 1262 3511 antistes,
1295 3445 1348 3500 ei
1376 3444 1660 3514 interfuit,
1696 3449 1762 3500 ut
1781 3461 1851 3500 ex

200 3536 400 3590 nostro
430 3548 545 3589 ms.
579 3533 706 3588 cod.
734 3532 1117 3600 discimus,in
1149 3550 1266 3605 quo
1297 3533 1514 3606 legitur
1538 3550 1674 3590 eum
1704 3532 1785 3588 ibi
1816 3551 1850 3589 a

191 3621 415 3679 Dommo
445 3623 670 3693 Hugone
700 3622 929 3691 benigne
955 3631 1287 3694 susceptum,
1316 3626 1569 3679 recitasse
1618 3624 1848 3694 privile-

182 3711 338 3782 gium
366 3711 705 3768 venerabilis
728 3713 1019 3768 Remorum
1047 3713 1460 3785 archiepiscopi,
1493 3712 1553 3787 id
1583 3716 1671 3768 est
1690 3711 1846 3784 quod

183 3800 255 3857 ab
284 3817 352 3857 eo
383 3800 647 3857 antistite
679 3800 1100 3873 impetraverat
1131 3802 1203 3858 ad
1239 3801 1397 3858 sedis
1444 3799 1849 3858 Atrebatensis

184 3889 623 3948 restitutionem
657 3889 1145 3959 conﬁrmandam,
1204 3907 1391 3948 coram
1437 3906 1726 3947 numerosa
1753 3907 1846 3946 ar-

180 3979 656 4051 chiepiscome
711 3983 763 4035 et
818 3979 1209 4051 episcOporum,
1273 3983 1323 4037 et
1375 3980 1654 4049 abbatum,
1713 3981 1849 4036 cleri

182 4083 397 4139 quoque
418 4075 472 4125 et
497 4069 693 4140 populi
720 4084 834 4124 non
875 4085 1057 4140 parva
1083 4069 1439 4126 multitudine
1476 4071 1842 4126 consistensis.

180 4156 374 4222 Quare
402 4157 608 4213 statim
662 4157 827 4230 Hugo
889 4156 1111 4214 Urbani
1169 4158 1406 4214 nomine
1437 4164 1511 4214 ad
1568 4158 1844 4214 comitem

186 4244 474 4303 Flandriaa
495 4244 825 4319 scripsit,ut
838 4246 1210 4304 Lambertum
1233 4263 1336 4319 pro
1356 4263 1492 4304 vero
1512 4251 1570 4303 et
1583 4246 1844 4320 legitimo

183 4334 529 4393 Atrebatum
562 4334 834 4409 episcopo
872 4335 1154 4404 haberet;
1186 4351 1440 4409 eumque
1494 4337 1843 4394 adhortatus

187 4427 275 4480 est
305 4428 373 4479 ut
400 4422 517 4497 ipsi
549 4423 621 4480 ad
665 4425 1065 4497 recuperanda
1111 4425 1381 4482 Ecclesiae
1437 4426 1843 4483 Atrebatensis

186 4512 361 4580 bona,
396 4510 758 4585 adjutorium
808 4514 1208 4586 impenderet;
1244 4513 1353 4570 hac
1394 4513 1659 4588 epistola,
1690 4514 1845 4570 inter

180 4599 421 4671 Urbani,
451 4603 623 4674 cujus
641 4602 878 4659 nomine
910 4603 1131 4677 scripta
1156 4602 1495 4670 est,litteras
1516 4603 1844 4677 proferetur

180 4690 254 4746 ad
284 4695 555 4748 nostrum
577 4692 835 4749 codicem
868 4709 981 4749 ms.
1014 4692 1247 4750 collata.

253 4784 471 4837 Actum
503 4781 683 4837 etiam
714 4786 805 4837 est
833 4781 893 4837 in
924 4782 1128 4839 eadem
1159 4783 1381 4855 synodo
1412 4784 1484 4839 de
1512 4783 1673 4856 gravi
1703 4799 1843 4839 con-

182 4870 485 4939 troversia,
504 4886 633 4943 quae
640 4871 998 4941 jamdudum
1014 4871 1511 4928 vertebaturinter
1523 4871 1842 4928 Rodulium

181 4958 590 5016 Turonensem
616 4959 1210 5033 archiepiscopum,et
1240 4961 1560 5017 monachos
1579 4961 1845 5033 Majoris-

189 5047 555 5116 Monasterii,
618 5049 920 5106 occasione
977 5050 1285 5124 privilegii,
1334 5068 1448 5123 quo
1499 5052 1618 5123 isti,
1678 5055 1744 5107 ut
1772 5052 1847 5106 ad

188 5153 415 5194 annum
446 5138 589 5192 1090
641 5137 919 5207 diximus,
952 5139 1024 5195 ab
1055 5138 1287 5196 Urbano
1346 5140 1544 5196 donati
1595 5141 1845 5196 fuerant.

189 5224 323 5282 Haec
343 5243 529 5285 causa
549 5228 677 5298 jam
692 5227 867 5300 paulo
895 5232 1068 5285 antea
1094 5228 1374 5285 ventilata
1395 5228 1586 5285 fuerat
1614 5229 1675 5285 in
1706 5246 1843 5286 con-

185 5314 317 5371 cilio
346 5315 681 5372 Brivatensi
711 5332 908 5374 coram
937 5318 1142 5374 eodem
1174 5317 1418 5391 Hugone
1448 5317 1660 5391 legato,
1695 5318 1845 5375 assi-

189 5404 471 5461 dentibus
507 5404 559 5461 ei
592 5405 825 5462 duobus
855 5406 985 5462 aliis
1044 5406 1523 5480 archiepis00pis,
1581 5408 1852 5466 Λαπίθηνδὶ

190 5492 421 5551 scilicet
448 5496 502 5551 et
528 5493 891 5563 Narbonensi,
941 5513 1071 5553 cum
1096 5497 1292 5554 multis
1340 5497 1683 5553 diversarum
1716 5515 1851 5570 pro-

191 5584 509 5640 vincian
536 5584 799 5657 episcopis
828 5587 880 5642 et
907 5586 1199 5644 abbatibus
1216 5604 1239 5650 ;
1269 5587 1646 5643 assistentibus
1674 5587 1851 5645 etiam

185 5671 529 5731 diversorum
555 5673 833 5744 graduum
863 5692 928 5732 ac
950 5675 1287 5749 dignitatum
1305 5676 1693 5749 personis.Sed
1725 5693 1852 5749 quae

1958 3443 2199 3501 minime
2230 3445 2573 3517 composita.
2597 3444 2744 3500 Nam
2775 3461 2910 3500 cum
2942 3444 3131 3500 Guido
3176 3442 3418 3517 prolatis
3449 3441 3613 3499 falsis

1955 3532 2168 3589 litteris
2191 3534 2441 3605 jamjam
2469 3538 2626 3590 esset
2659 3532 3165 3598 condemnandus,
3188 3532 3485 3604 pollicitus
3523 3535 3614 3587 est

1957 3639 2020 3678 se
2054 3622 2282 3695 Hugoni
2314 3622 2758 3694 quamprimum
2789 3622 3018 3679 Viennae
3057 3620 3499 3677 satisfacturum
3524 3636 3613 3675 es-

1957 3728 2020 3770 se
2045 3730 2058 3779 ;
2092 3711 2193 3766 sed
2225 3727 2330 3767 nec
2360 3711 2484 3783 ipse
2515 3710 2640 3766 suis
2672 3709 2980 3783 promissis
3002 3709 3183 3776 stetit,
3217 3714 3282 3765 ut
3305 3708 3498 3764 videre
3523 3711 3614 3764 est

1956 3803 2014 3857 in
2046 3800 2309 3874 Hugonis
2343 3799 2559 3872 libello,
2594 3799 2697 3872 qui
2748 3798 2810 3855 in
2841 3797 3181 3872 Appendice
3232 3798 3413 3870 hujus
3443 3795 3613 3863 volu-

1958 3891 2134 3948 minis
2161 3889 2435 3946 habetur.

2165 3979 2376 4036 CLXII.
2412 3978 2604 4037 Turbae
2632 3978 2912 4035 occasione
2941 3977 3201 4050 Philippi
3227 3977 3394 4047 regis.

2025 4070 2192 4127 Haud
2242 4068 2490 4125 dubium
2543 4067 2685 4140 quin
2744 4066 3272 4123 excommunicatio
3327 4066 3613 4123 adversus

1955 4159 2290 4232 Philippum
2324 4173 2520 4230 regem
2550 4156 2610 4212 in
2641 4157 2845 4213 eadem
2876 4157 3097 4228 synodo
3122 4153 3612 4211 IEduensiinten-

1953 4254 2076 4305 tata
2104 4248 2327 4321 aliquot
2345 4247 2405 4302 in
2436 4245 2625 4303 Gallia
2647 4249 2845 4302 motus
2876 4242 3400 4302 excitaverit.Certe
3423 4243 3614 4299 mode-

1954 4339 2200 4395 ratiores
2252 4338 2491 4393 fuerunt
2546 4336 2748 4392 Patres
2788 4335 3022 4392 concilii
3075 4332 3407 4403 Remensis,
3457 4333 3615 4406 quod

1953 4428 2099 4484 forte
2129 4425 2397 4500 Philippo
2444 4425 2635 4498 magis
2687 4423 2908 4481 addicti
2964 4429 3193 4481 essent:
3266 4427 3326 4479 et
3373 4422 3616 4496 quidem

1954 4515 2290 4589 Raynoldus
2312 4514 2620 4572 Remensis
2638 4512 3243 4586 archiepiscopus,qui
3265 4512 3349 4568 illi
3382 4512 3602 4587 synodo

1954 4605 2204 4679 praefuit,
2238 4620 2453 4677 magna
2485 4602 2641 4676 apud
2673 4619 2869 4676 regem
2927 4601 3187 4675 pollebat
3241 4600 3610 4671 auctoritate,

1872 4715 1922 4780 D
1954 4693 2109 4748 unde
2123 4691 2394 4747 Urbanus
2416 4690 2645 4780 Hugoni
2669 4690 3048 4762 Lugdunensi
3067 4689 3329 4747 scribens
3349 4690 3421 4746 de
3432 4705 3615 4780 causa

1954 4782 2090 4856 pagi
2123 4778 2636 4846 Salmorianensis,
2651 4795 2786 4834 eum
2804 4782 3096 4845 monet,ut
3111 4795 3214 4851 pro
3241 4776 3615 4835 conservanda

1949 4886 2088 4943 pace
2115 4878 2167 4927 et
2197 4870 2420 4942 negotio
2455 4867 2680 4940 facilius
2733 4866 3061 4938 peragenda,
3113 4870 3316 4924 utatur
3368 4864 3615 4923 concilio

1958 4960 2267 5016 Remensis
2293 4956 2733 5030 archiepiscOpi,
2768 4956 2907 5029 quod
2938 4959 2997 5013 in
3026 4958 3143 5031 ejus
3169 4974 3343 5013 manu
3369 4957 3617 5029 familia-

1956 5053 2073 5105 rius
2101 5066 2264 5104 causa
2296 5050 2440 5120 regis
2469 5057 2827 5112 versaretur;
2890 5047 2963 5102 ob
2994 5045 3217 5103 scilicet
3274 5047 3403 5119 ejus
3455 5044 3613 5102 sedis

1958 5137 2329 5210 dignitatem,
2380 5140 2437 5193 et
2491 5135 2637 5191 forte
2684 5136 2924 5209 propria
2970 5136 3217 5192 merita:
3277 5152 3415 5191 nam
3451 5132 3614 5189 hunc

1959 5226 2284 5283 antistitem
2316 5226 2441 5300 ipse
2470 5225 2764 5291 Urbanus,
2824 5230 2881 5282 et
2911 5225 3011 5281 alii
3063 5241 3298 5299 quoque
3328 5226 3458 5297 ejus
3506 5222 3614 5278 aevi

1956 5315 2064 5372 viri
2094 5315 2356 5372 illustres
2387 5314 2596 5371 multis
2627 5314 2904 5371 laudibus
2936 5320 3076 5372 sunt
3102 5313 3414 5389 prosecuti.
3439 5313 3615 5370 Ceste-

1959 5423 2110 5475 rum,
2146 5405 2195 5461 si
2224 5406 2371 5462 bene
2393 5403 2662 5477 conjicio,
2695 5405 2999 5462 occasione
3018 5404 3197 5477 hujus
3219 5402 3617 5460 excommuni-

1960 5495 2209 5553 cationis
2239 5494 2462 5551 indicta
2514 5494 2627 5551 fuit
2682 5495 2945 5568 synodus
2999 5492 3329 5561 Trecensis,
3369 5509 3520 5565 quae,
3552 5493 3618 5547 ut

1959 5587 2137 5643 habet
2168 5585 2284 5657 lvo,
2332 5584 2502 5656 epist.
2537 5584 2627 5651 46,
2686 5585 2759 5640 ad
2794 5582 3097 5640 Urbanum
3152 5584 3290 5639 data
3334 5578 3616 5637 celebrari

1961 5676 2219 5733 debebat
2239 5672 2541 5730 Dominica
2561 5673 2755 5746 prima
2791 5677 2926 5746 post
2946 5672 3317 5730 festivitatem
3346 5667 3613 5726 omnium

179 5762 275 5831 ibi
293 5762 575 5843 componi
596 5780 713 5825 non
725 5765 1341 5845 potuerat,feliciorem
1359 5770 1628 5829 assecuta
1645 5766 1856 5829 fuisset
1969 5766 2343 5837 Sanctorum,
2401 5761 2474 5823 ad
2518 5778 2698 5840 quam
2727 5764 3027 5836 Bernensis,
3079 5766 3131 5822 et
3168 5758 3514 5829 Senonensis,
3561 5757 3617 5821 et
