3962 6388
376 350 493 414 135

1668 350 1738 414 B.
1784 352 2083 447 unum
2128 350 2181 415 II
2224 348 2476 416 PAPE.

3661 344 3784 433 ne

376 486 696 541 Turonensis
744 482 1138 556 archiepiscopi
1191 498 1316 541 suos
1363 486 1734 557 su/fraganeos
1774 486 2012 540 invitav-
2044 484 2099 553 Α
2128 466 2497 554 ’l‘recensi,ct
2516 482 2704 561 eidem
2733 478 2991 537 Waltero
3023 476 3303 561 Meldensi
3327 478 3638 557 episcopis,
3673 481 3780 559 qui

370 577 548 631 erant
580 573 729 631 Cum
785 577 984 631 tamen
1032 572 1257 633 nullam
1317 577 1460 629 tunc
1492 574 1779 646 synodum
1825 573 2023 629 Trecis
2070 568 2073 573 ’
2128 571 2707 645 ρνᾶευανίεαιίηιῐὶΗθ
2733 573 2936 626 auctor
2956 569 3583 647 seribit,fuerant,ncn
3602 570 3785 647 modo

362 662 720 721 celebratam
748 661 1159 730 inveniamus,
1205 663 1327 717 haec
1375 663 1504 735 ipsa
1551 662 1696 718 forte
1744 666 1855 728 est,
1893 678 2020 734 quas

371 752 530 824 apud
548 756 762 807 Remos
783 750 892 806 hoc
912 767 1066 807 anno
1088 767 1218 806 men
1228 768 1290 807 se
1302 750 1651 823 Septembri,
1666 756 1731 807 ut
1745 750 2018 817 vidimus,

366 841 446 897 ab
494 840 641 913 ipsis
685 839 877 897 tribus
925 838 1381 912 archiepiscopis
1437 839 1639 896 habita
1683 839 1814 904 fuit,
1860 839 2018 895 haud

372 929 621 986 dubium
642 928 702 985 in
723 929 873 984 hanc
891 929 1097 984 urbem
1118 928 1425 997 translata,
1444 929 1620 1001 quod,
1643 932 1706 985 ut
1733 946 1801 985 ex
1829 927 2019 984 Clario

366 1018 828 1085 observavimus,
849 1016 1187 1090 Raynoldus
1220 1017 1527 1074 Remensis
1556 1017 1821 1086 antistes,
1853 1018 2019 1072 infir-

364 1106 574 1163 mitate
628 1106 922 1171 detentus,
950 1110 1114 1162 extra
1144 1107 1350 1163 urbem
1397 1123 1567 1162 suam
1600 1106 1867 1179 progredi
1901 1123 2017 1162 non

363 1195 817 1268 valeretzatque
851 1211 918 1251 eo
957 1199 1127 1267 pacto
1162 1193 1307 1250 illud
1331 1193 1665 1263 concilium,
1702 1211 1818 1250 non
1850 1210 2017 1249 occa-

369 1285 536 1341 sione
548 1285 675 1356 jam
694 1284 825 1345 latae
845 1283 1491 1352 excommunicationis,
1509 1299 1645 1339 nam
1663 1284 2014 1339 IEduensem

364 1374 658 1446 synodum
708 1372 1023 1446 praecessit,
1069 1372 1278 1429 fuisset
1327 1371 1612 1427 indictum
1650 1389 1663 1439 ;
1709 1373 1811 1427 sed
1861 1372 2014 1443 quod

368 1462 788 1535 Philippusid
847 1466 913 1517 ut
943 1461 1107 1517 ﬁeret
1154 1460 1217 1515 in
1251 1461 1469 1532 synodo
1521 1460 1823 1527 IEduensi,
1857 1461 2015 1532 quod

367 1567 564 1607 revera.
602 1549 864 1622 contigit,
891 1552 1205 1605 vereretur.
1240 1548 1313 1605 Ut
1352 1552 1418 1604 ut
1447 1548 1641 1618 fuerit,
1677 1566 1747 1605 ex
1777 1548 2016 1605 laudata

366 1639 558 1695 Ivonis
586 1637 834 1711 epistola
861 1637 1167 1705 discimus,
1199 1636 1535 1710 Philippum
1575 1637 1685 1693 hac
1725 1638 2016 1694 sententia

363 1731 773 1801 exasperan
825 1726 1048 1799 legatos
1116 1727 1189 1783 ad
1238 1726 1539 1782 Urbanum
1595 1727 1850 1795 misisse,
1912 1726 2013 1798 qui

363 1819 751 1924 impunitatem
779 1816 945 1887 hujus
971 1816 1204 1916 ﬂagitii,
1236 1815 1321 1871 sic
1359 1814 1622 1915 loquitur
1662 1815 1778 1916 Ivo,
1804 1833 1838 1871 α
1873 1831 2011 1924 non;-
2040 1858 2088 1924 B

363 1908 508 1979 tiﬁce
535 1905 921 1979 postularent,
951 1905 1143 1960 minas
1173 1904 1538 1973 intentaturi,
1556 1909 1622 1960 ut
1649 1904 1761 1960 nisi
1794 1905 1915 1978 regi
1937 1904 2010 1963 ab

365 1995 733 2068 anathemate
752 1993 944 2050 soluto
964 2008 1184 2061 corona,
1208 1993 1268 2047 id
1298 1996 1408 2059 est,
1432 1994 1777 2050 caeremonia
1797 2010 1929 2049 eum
1948 1993 2006 2048 in

365 2085 675 2157 precipuis
723 2082 1139 2139 festivitatibus
1161 2082 1477 2138 coronandi
1509 2082 1566 2138 in
1600 2083 1858 2139 Ecclesia
1917 2099 2008 2139 re-

363 2173 719 2242 stitueretur,
748 2188 883 2228 cum
914 2171 1073 2227 brevi
1105 2172 1179 2226 ab
1209 2171 1339 2243 ejus
1369 2171 1700 2227 obedientia
1721 2172 2009 2229 discessu-

362 2263 628 2319 rum.lvo
649 2262 890 2329 interea,
914 2261 1014 2333 qui
1043 2260 1180 2316 huic
1197 2259 1441 2317 concilio
1472 2259 1755 2318 interesse
1799 2260 2005 2327 noluit,

363 2353 560 2408 timens
588 2367 660 2407 ne
688 2350 822 2422 quid
857 2358 1049 2405 contra
1068 2350 1368 2421 justitiam,
1390 2356 1488 2404 aut
1528 2348 1709 2405 sedem
1749 2350 2006 2421 apostoli-

361 2457 484 2496 cam
526 2441 814 2497 moliretur
869 2440 965 2495 ille
1005 2445 1318 2504 conventus,
1369 2437 1587 2510 quique
1645 2435 2006 2494 adulterinas

361 2528 616 2602 Philippi
636 2528 873 2601 nuptias
890 2526 1082 2600 palam
1104 2526 1463 2600 etprivatim,
1477 2525 1711 2599 scriptis
1728 2532 1783 2584 et
1793 2528 2003 2595 verbis,

362 2619 707 2692 impugnare
719 2634 835 2674 non
858 2617 1144 2684 cessabat,
1168 2616 1241 2672 ab
1263 2616 1465 2675 eodem
1488 2632 1622 2688 rege
1642 2616 1713 2671 ad
1727 2616 2005 2688 placitum

361 2710 664 2776 invitatus,
714 2709 798 2765 ire
855 2707 1167 2773 recusavit,
1219 2706 1293 2762 ob
1340 2705 1740 2772 interdictum,
1773 2711 1840 2762 ut
1892 2705 2005 2778 ipsi

362 2798 483 2870 regi
504 2796 708 2853 scribit
722 2796 892 2869 epist.
916 2797 1005 2865 28,
1030 2794 1083 2849 ei
1105 2795 1178 2850 ab
1208 2794 1442 2850 Urbano
1485 2797 1681 2850 torum
1742 2794 2015 2851 mulieris

363 2886 661 2954 adulteras,
681 2901 858 2958 quam
912 2884 1109 2940 uxoris
1144 2883 1268 2939 loco
1289 2882 1590 2955 illegitime
1616 2884 1867 2941 habebat
1898 2901 1910 2939 :
1944 2885 2003 2939 in

362 2978 533 3049 cujus
564 2974 646 3030 rei
665 2974 867 3030 odium
887 2973 1041 3029 idem
1065 2973 1316 3029 antistes
1332 2972 1394 3027 in
1414 2988 1702 3029 carcerem
1728 2973 2004 3030 inductus

363 3069 471 3134 est,
486 3067 547 3120 et
573 3053 701 3135 ejus
736 3061 1003 3119 Ecclesiae
1019 3062 1170 3117 bona
1198 3061 1426 3133 direpta
1456 3066 1613 3129 sunt,
1639 3064 1706 3116 ut
1732 3079 1802 3118 ex
1826 3063 2004 3118 variis

364 3155 494 3227 ejus
513 3150 777 3225 epistolis
799 3153 977 3223 patet,
1003 3167 1118 3207 non
1140 3150 1378 3223 quidem
1411 3150 1564 3224 regis
1573 3152 1771 3222 jussu,
1786 3154 1888 3208 sed
1902 3152 2002 3224 qui

2129 663 2363 734 culpam
2410 660 2679 729 remisit;
2710 677 2914 716 verum
2974 658 3149 715 etiam
3182 659 3485 732 Hugonem
3517 656 3785 731 legatum

2129 768 2303 807 suum
2326 767 2393 807 eo
2415 749 2628 823 adegit,
2647 750 2799 805 datis
2821 749 3017 805 Romae
3046 748 3277 815 litteris,
3302 751 3371 803 ut
3397 764 3497 803 eos
3526 746 3585 801 in
3620 762 3786 802 com-

2130 841 2409 897 munione
2428 844 2485 897 et
2506 839 2666 911 pacis
2683 838 2886 895 osculo
2906 837 3207 918 reciperet.
3240 837 3420 893 Nemo
3444 839 3642 893 tamen
3665 836 3785 893 sibi

2126 931 2481 1003 persuadeat
2510 928 2810 985 Urbanum
2833 944 3095 1003 unquam
3127 926 3248 982 illis
3278 925 3531 999 Philippi
3553 926 3788 1003 nuptiis

2126 1018 2519 1083 consensisse,
2543 1021 2643 1073 aut
2668 1016 2881 1073 saltem
2903 1016 3207 1089 cupiditati
3237 1016 3431 1088 regias,
3463 1016 3537 1070 ob
3565 1014 3788 1070 huma-

2127 1125 2235 1164 nos
2290 1107 2534 1163 timores
2594 1123 2711 1162 non
2771 1104 2914 1161 satis
2968 1104 3215 1160 viriliter
3257 1103 3565 1175 restitisse,
3598 1107 3665 1159 ut
3694 1103 3783 1159 ibi

2122 1197 2363 1253 innuere
2390 1197 2622 1252 videtur
2676 1196 2842 1268 Hugo
2901 1193 3375 1251 Flaviniacensis.
3401 1193 3443 1247 E
3472 1192 3778 1249 contrario

2125 1290 2349 1342 certum
2370 1289 2457 1341 est
2480 1302 2614 1342 eum
2646 1284 2754 1340 hac
2785 1283 2845 1339 in
2876 1300 2937 1339 re
2967 1300 3273 1355 nunquam
3305 1300 3340 1338 a
3366 1299 3499 1338 vero
3530 1287 3588 1337 et
3617 1285 3782 1338 recte

2123 1375 2447 1442 deﬂexisse,
2473 1378 2539 1431 ut
2567 1378 2728 1447 patet
2756 1390 2825 1429 ex
2853 1375 2983 1445 ejus
3013 1371 3263 1446 epistola
3291 1373 3363 1427 ad
3403 1369 3782 1445 Raynoldum

2124 1464 2474 1521 Remensem
2508 1463 3011 1536 archiepiscopum
3042 1479 3109 1518 ac
3136 1463 3266 1534 ejus
3286 1460 3691 1534 sutfraganeos
3709 1475 3786 1516 ea

2124 1555 2194 1610 de
2222 1571 2281 1610 re
2310 1554 2467 1609 data.
2500 1554 2621 1608 Imo
2674 1553 2800 1624 ipse
2860 1553 2972 1622 Ivo,
2999 1568 3175 1624 quem
3206 1567 3383 1606 nemo
3428 1548 3639 1605 dixerit
3668 1548 3785 1605 hac

2122 1644 2181 1698 in
2212 1659 2272 1698 re
2302 1642 2558 1709 Urbano,
2580 1645 2683 1696 aut
2723 1642 3001 1713 cuiquam
3050 1640 3366 1695 hominum
3422 1638 3782 1712 pepercisse.

2121 1731 2292 1803 epist.
2333 1732 2406 1786 30
2435 1731 2507 1786 ad
2564 1730 2873 1786 Fulconem
2906 1728 3372 1786 Bellovacensem
3404 1727 3779 1803 episcopum,
3850 1724 3853 1727 ’

2121 1820 2260 1876 talia
2290 1820 2536 1876 fortasse
2592 1818 2966 1892 cogitantem,
3015 1819 3087 1874 ad
3118 1817 3614 1892 perseverantiam
3668 1816 3783 1872 ad-

2120 1908 2410 1977 hortatur,
2432 1908 2601 1980 eique
2631 1907 2928 1980 exemplar
2956 1906 3283 1963 litterarum
3307 1905 3607 1979 pontiﬁcis
3639 1910 3780 1981 post

2117 1996 2445 2070 legatorum
2469 1997 2621 2069 regis
2643 1997 2970 2052 discessum
2985 1997 3447 2068 conscriptarum
3467 1994 3777 2051 transmit-

2116 2087 2207 2153 tit,
2234 2091 2300 2142 ut
2347 2087 2568 2154 sciatis,
2601 2086 2818 2159 inquit,
2850 2088 2981 2157 quia
3022 2085 3249 2142 domnus
3296 2100 3457 2157 papa,
3502 2085 3605 2140 etsi
3658 2099 3773 2140 non

2116 2176 2403 2243 antecedit,
2436 2192 2548 2231 non
2571 2179 2771 2231 tamen‘
2786 2184 2930 2231 retro
2960 2175 3121 2231 cedit.
3154 2177 3227 2230 At
3273 2174 3373 2247 qui
3430 2174 3552 2247 regi
3613 2174 3776 2230 fave-

2118 2266 2260 2321 bant
2280 2265 2337 2320 id
2366 2265 2719 2338 spargebant
2746 2265 2805 2319 in
2835 2264 3069 2337 vulgus,
3094 2264 3251 2336 quod
3282 2279 3487 2320 ansam
3520 2262 3776 2335 praebuit

2117 2355 2343 2427 Hugoni
2372 2352 2793 2410 Flaviniacensi
2824 2357 2881 2410 et
2910 2354 3056 2410 forte
3080 2352 3213 2410 aliis
3258 2349 3559 2409 nonnullis
3590 2351 3774 2425 paulo

2116 2443 2358 2500 liberius
2414 2442 2523 2499 hac
2577 2442 2879 2500 occasione
2938 2444 3011 2499 de
3052 2442 3284 2498 Urbano
3328 2440 3629 2515 loquendi,
3663 2442 3772 2498 sed

2115 2531 2408 2588 immerito
2430 2531 2620 2604 plane.
2642 2532 2757 2588 Nec
2796 2532 3111 2588 defuerunt
3138 2531 3317 2587 etiam
3343 2531 3447 2604 qui
3478 2545 3764 2587 conaren-

2114 2626 2211 2675 tur
2232 2620 2463 2675 Ivcnem
2481 2620 2553 2675 ad
2595 2619 2749 2691 regis
2770 2622 2964 2691 partes
2995 2618 3306 2687 attrahere,
3331 2622 3433 2674 aut
3458 2617 3673 2693 saltem
3705 2619 3764 2674 ei

2115 2709 2463 2781 persuadere
2483 2712 2548 2762 ut
2562 2724 2684 2762 rem
2708 2707 3127 2764 dissimularet.
3146 2708 3209 2763 Id
3229 2707 3477 2780 probant
3489 2708 3619 2762 dum
3632 2708 3768 2779 ejus

2114 2797 2373 2870 epistolae
2405 2798 2475 2852 23
2499 2795 2723 2853 scilicet
2752 2801 2809 2852 et
2842 2798 2909 2851 47
2938 2797 3011 2853 ad
3042 2796 3354 2852 Widonem
3385 2795 3538 2869 regis
3593 2795 3764 2869 dapi-

2115 2885 2440 2958 ferum,qui
2470 2902 2606 2941 eum
2628 2887 2701 2941 ad
2723 2887 3090 2942 concordiam
3115 2887 3245 2967 sub
3266 2886 3375 2941 hac
3401 2885 3592 2957 specie
3622 2902 3789 2972 cup)-

2114 2993 2255 3048 rege
2274 2976 2590 3031 ineundam
2643 2975 3003 3043 invitaverat,
3039 2976 3139 3031 sed
3188 2961 3509 3031 incassum.
3542 2961 3764 3051 Cceptis

2113 3065 2327 3137 quippe
2386 3065 2619 3121 fortiter
2674 3064 2845 3121 hesit
2885 3064 3212 3137 intrepidus
3243 3065 3511 3133 antistes,
3538 3063 3763 3120 Urbani

2111 3154 2341 3223 litteris,
2364 3171 2512 3226 quas
2533 3171 2601 3210 ea
2620 3154 2693 3209 de
2717 3171 2778 3210 re
2798 3155 2870 3209 ad
2889 3153 3356 3226 archiepiscopos
3377 3156 3434 3208 et
3454 3152 3791 3227 episcopos

361 3242 472 3299 hoc
497 3242 571 3297 ab
601 3240 733 3299 aliis
789 3240 1010 3296 factum
1067 3237 1498 3296 dissimulabat.
1531 3240 1653 3295 lmo
1682 3256 1838 3305 vero,
1869 3258 2004 3297 cum
2036 3228 2078 3294 C
2117 3243 2610 3300 Galliarumidem
2625 3242 2883 3315 pontifex
2899 3241 3768 3314 scripseratcommunitus;un—

363 3348 462 3388 rex
484 3331 753 3387 eumdem
777 3330 1009 3386 Ivonem
1039 3329 1111 3384 ad
1133 3327 1444 3384 concilium
1466 3329 1787 3396 invitasset,
1806 3335 2004 3386 tamen

362 3437 482 3477 non
540 3420 731 3476 solum
779 3423 855 3488 ei,
889 3434 1005 3491 qua
1050 3417 1121 3473 de
1178 3433 1241 3473 re
1299 3416 1470 3489 epist.
1503 3417 1573 3472 35
1603 3418 2000 3490 conqueritur,

362 3514 759 3567 commeatum
805 3508 1107 3582 providere
1154 3506 1367 3575 renuit,
1400 3505 1504 3562 sed
1562 3506 1740 3563 etiam
1799 3508 2001 3578 vetuit,

363 3605 427 3657 ut
446 3600 697 3673 ipsemet
716 3602 965 3655 testatur
986 3597 1102 3664 Ivo,
1125 3597 1296 3670 epist.
1316 3586 1411 3666 28,
1445 3612 1518 3652 ne
1546 3597 1726 3653 nilum
1757 3597 1830 3666 ei,
1846 3599 2000 3670 quod

359 3694 556 3746 tamen
594 3691 945 3762 praeceperat
987 3686 1268 3760 pontifex,
1296 3693 1704 3744 sacramentum
1748 3686 1814 3743 de
1851 3704 2003 3743 secu-

358 3781 524 3836 ritate
553 3778 884 3850 ﬁeret.Hinc
903 3778 996 3832 Ivo
1016 3775 1187 3832 taedio
1207 3776 1473 3842 affectus,
1499 3780 1555 3831 et
1584 3780 1668 3832 tet
1695 3776 2001 3833 turbarum

361 3876 642 3941 pertaesus
695 3866 925 3921 Urbano
984 3882 1101 3920 non
1152 3863 1335 3920 semel
1389 3863 1643 3936 scripsit,
1705 3870 1769 3921 ut
1821 3866 1873 3921 ei
1931 3867 2003 3922 ab

362 3954 798 4029 episc0palibus
829 3953 986 4011 curis
1002 3951 1294 4019 absoluto,
1318 3951 1604 4023 privatam
1625 3952 1804 4010 vitam
1836 3970 2005 4027 agere

360 4045 740 4120 permitteret.

540 4120 774 4190 CLXIII.
812 4131 1063 4189 Urbanus
1092 4146 1218 4186 cum
1245 4145 1371 4201 rege
1396 4130 1670 4187 moderate
1688 4135 1825 4202 agit.

430 4227 714 4281 Caeterum
758 4220 1029 4277 Urbanus
1060 4224 1191 4292 post
1228 4219 1541 4275 concilium
1573 4222 1881 4291 Aiduense,
1913 4239 2004 4279 re-

363 4318 533 4388 cepta
560 4310 815 4384 Philippi
845 4308 1154 4382 legatione,
1179 4324 1355 4380 quam
1385 4325 1455 4364 ex
1483 4310 1676 4365 Ivonis
1705 4310 1875 4382 epist.
1934 4313 2004 4368 46

362 4419 545 4477 supra
573 4399 1048 4470 memoravimus,
1068 4398 1375 4455 remissius
1405 4414 1540 4454 cum
1561 4415 1626 4454 eo
1646 4399 2003 4472 egissevide-

362 4499 495 4561 tur;
523 4490 679 4563 quod
738 4489 884 4544 forte
939 4487 1091 4545 hanc
1130 4503 1390 4556 causam,
1420 4504 1545 4559 quae
1577 4505 1716 4545 sane
1744 4490 2004 4549 difficilis

2115 3334 2186 3388 de
2208 3333 2321 3401 Ivo,
2345 3330 2518 3387 sicuti
2556 3347 2787 3403 semper
2805 3331 3037 3394 fecerat,
3063 3330 3254 3388 invehi
3296 3348 3413 3387 non
3446 3330 3674 3386 destitit
3702 3331 3766 3386 in

2113 3439 2211 3479 eos
2241 3421 2565 3494 episcopos,
2588 3437 2738 3494 quos
2759 3421 3031 3477 credebat
3048 3422 3202 3493 regis
3223 3419 3492 3493 pravitati
3506 3420 3766 3477 nimium

2113 3510 2434 3583 indulgere.

2114 3616 2350 3672 CLXIV.
2383 3618 2604 3677 Litterae
2663 3616 2867 3673 Urbani
2911 3615 2980 3689 ad
3029 3618 3279 3689 comitem
3315 3617 3635 3673 Tolosanum
3659 3633 3764 3689 pro

2183 3689 2478 3755 Moissiaco,
2503 3692 2554 3745 et
2583 3689 2885 3744 cremeterio
2917 3688 3090 3745 beatae
3117 3688 3309 3745 Mari}?
3348 3689 3650 3744 Deauratae.

2185 3778 2374 3834 Pauca
2387 3782 2701 3848 antequam
2715 3776 2872 3833 hunc
2888 3794 3111 3833 annum
3128 3759 3502 3833 absolvemus
3514 3776 3766 3847 dicenda

2116 3870 2256 3923 sunt
2285 3867 2357 3921 de
2378 3865 2676 3921 nonnullis
2707 3866 2924 3921 Urbani
2949 3864 3234 3938 epistolis,
3269 3883 3396 3938 quae
3445 3864 3556 3921 etsi
3603 3865 3762 3921 notis

2114 3954 2374 4011 chronici
2411 3954 2700 4010 destitutae
2735 3955 2873 4021 sint,
2897 3971 2966 4010 ex
3003 3954 3077 4010 iis
3106 3958 3303 4010 tamen
3334 3971 3462 4026 quae
3496 3952 3763 4026 comple-

2114 4048 2370 4111 ctuntur,
2395 4043 2664 4100 videntur
2681 4045 2877 4116 potius
2895 4060 3048 4099 anno
3071 4043 3343 4117 praesenti
3373 4060 3550 4116 quam
3587 4042 3759 4100 alteri

2113 4134 2323 4190 debere
2344 4132 2576 4206 illigari.
2612 4137 2775 4189 Certe
2803 4149 2872 4188 ex
2917 4133 2992 4188 iis
3049 4132 3347 4195 nonnullae
3387 4132 3543 4188 ultra
3600 4131 3762 4188 hunc

2112 4239 2333 4279 annum
2389 4222 2607 4278 differri
2665 4239 2779 4278 non
2829 4226 3097 4294 possunt.
3125 4222 3322 4278 Prima
3351 4239 3419 4277 ex
3445 4221 3521 4277 iis
3549 4225 3639 4277 est
3686 4223 3763 4279 ad

2113 4312 2489 4370 Guillelmum
2512 4312 2787 4368 comitem
2809 4311 3184 4383 Tolosanum,
3203 4312 3264 4367 in
3297 4328 3413 4384 qua
3429 4310 3584 4367 hunc
3596 4309 3762 4383 prin-

2112 4403 2301 4476 cipem
2331 4401 2533 4458 laudat
2553 4400 2811 4474 pontifex
2831 4401 2904 4457 ob
2933 4402 3030 4474 pia
3059 4401 3327 4473 quaedam
3383 4401 3512 4471 ejus
3559 4416 3760 4472 opera,

2111 4496 2168 4549 et
2202 4491 2508 4547 tuitionem
2541 4491 2601 4546 in
2652 4489 3011 4546 monasteria
3060 4489 3476 4546 Moissiacense
3498 4493 3553 4544 et
3586 4489 3763 4545 Leza-

362 4586 486 4639 erat
541 4585 598 4637 et
651 4578 891 4657 maximi
948 4566 1250 4644 momenti,
1284 4577 1343 4631 in
1404 4575 1741 4635 Placentina
1783 4582 2001 4657 synodo
2031 4600 2079 4665 D
2111 4586 2274 4637 tenze
2298 4580 2637 4652 irrogatam.
2661 4581 2815 4635 Tum
2846 4583 2904 4635 et
2932 4578 3308 4652 indulget,ut
3337 4576 3666 4634 cmmeteric
3699 4578 3763 4634 in
3794 4578 3799 4583 ”

361 4670 693 4729 accuratius
751 4685 887 4725 cum
946 4666 1167 4723 caeteris
1196 4666 1483 4739 episcopis
1521 4667 1850 4726 examinare
1874 4671 1997 4734 jam

362 4760 747 4818 decrevisset:
780 4758 987 4814 exinde
1044 4759 1238 4812 tamen
1287 4754 1553 4811 nonnulli
1585 4757 1864 4831 episcopi,
1899 4761 1998 4832 qui

363 4855 532 4906 antea
561 4849 681 4921 regi
713 4848 884 4921 plane
921 4845 1401 4911 adversabantur,
1436 4843 1801 4917 aliquantum
1858 4849 1997 4905 titu-

362 4940 501 4995 bare
529 4941 848 5009 cceperunt,
866 4953 1012 5008 quos
1028 4935 1155 4990 Ivos
1186 4934 1245 4989 in
1274 4934 1462 5006 primo
1486 4936 1784 5007 proposito
1797 4938 2002 4993 conﬁr-

362 5044 523 5084 mare
554 5026 719 5083 nisus
750 5029 856 5081 est.
890 5029 1014 5080 Huc
1045 5040 1254 5095 nempe
1314 5023 1564 5078 revocari
1619 5024 1828 5081 debere
1884 5044 1997 5082 non

362 5117 703 5173 dubitamus
731 5116 858 5187 ejus
889 5112 1196 5187 epistolam
1227 5112 1314 5179 l6,
1340 5112 1398 5167 in
1423 5128 1539 5183 qua
1568 5112 1826 5171 Waltero
1859 5115 1998 5172 Mel-

363 5205 530 5263 densi
562 5205 836 5279 episcopo
866 5203 951 5260 sic
979 5202 1186 5258 scribit
1219 5220 1232 5257 :
1271 5201 1422 5257 Vobis
1471 5204 1709 5271 consulo,
1743 5208 1804 5259 ut
1846 5206 2001 5283 regis

360 5297 694 5368 conjugium,
727 5294 867 5366 quod
912 5298 1037 5349 ante
1082 5296 1288 5365 factum
1315 5293 1532 5348 ratione
1558 5295 1837 5350 resistente
1891 5311 2002 5351 non

363 5385 663 5447 taudastis;
686 5392 809 5457 post
826 5386 1032 5456 factum
1061 5397 1160 5438 nec
1185 5382 1324 5437 dicto
1351 5396 1451 5437 nec
1502 5384 1645 5453 facto
1701 5384 2003 5440 inconsulte

359 5474 685 5553 approbatis.
720 5473 880 5529 Idem
912 5472 1223 5528 dicendum
1245 5472 1317 5528 de
1346 5470 1610 5542 ejusdem
1641 5472 1889 5543 epistola
1929 5472 2001 5527 ad

363 5563 675 5621 Fulconem
696 5562 1155 5619 Bellovacensem
1179 5559 1426 5616 interius
1456 5558 1769 5618 laudanda.
1785 5560 1935 5626 Quin
1948 5566 2004 5618 et

359 5638 937 5739 pontifex,siHugcni
954 5649 1375 5714 Flavianicensi
1391 5649 1722 5727 credamus,
1735 5648 2003 5727 Philippo

2108 4674 2287 4728 beatae
2319 4669 2509 4725 Marias
2541 4668 2785 4725 ecclesia
2816 4669 3107 4736 instituto,
3142 4667 3225 4723 ibi
3266 4684 3400 4723 cum
3433 4685 3542 4723 sua
3596 4667 3763 4721 omni

2110 4762 2241 4832 ejus
2264 4758 2541 4832 progenie
2566 4756 2739 4813 liceat
2765 4756 3016 4829 sepeliri.
3039 4756 3104 4812 In
3127 4756 3235 4813 hac
3253 4756 3501 4830 epistola
3533 4772 3762 4812 memo-

2110 4855 2198 4906 rat
2227 4850 2495 4905 Urbanus
2527 4846 2671 4903 alias
2702 4846 2926 4902 litteras
2949 4865 2982 4901 a
3011 4864 3072 4903 se
3106 4847 3167 4902 in
3194 4845 3492 4918 Asquilini
3525 4844 3763 4901 abbatis

2110 4936 2543 4996 Moissiacensis
2581 4936 2830 5007 gratiam
2861 4937 3031 4991 datas
3062 4936 3334 5009 episcopo
3390 4935 3756 5011 Caturcenei,

2108 5045 2253 5100 quas
2284 5044 2398 5099 prae
2457 5025 2730 5081 manibus
2783 5025 3070 5081 habemus
3111 5043 3179 5081 ex
3206 5026 3332 5082 cod.
3368 5041 3479 5079 ms.
3513 5023 3575 5078 in
3636 5039 3761 5094 quo

2112 5117 2396 5174 Guilletmo
2427 5115 2554 5186 ejus
2585 5115 2747 5170 urbis
2778 5115 3050 5187 episcopo
3082 5115 3376 5187 inscriptas
3420 5113 3755 5181 habentur;

2110 5207 2209 5263 sed
2241 5221 2373 5259 cum
2407 5203 2606 5259 nullus
2632 5204 2759 5274 ejus
2795 5204 3070 5272 nominis,
3102 5204 3331 5259 vivente
3359 5202 3610 5269 Urbano,
3644 5200 3764 5256 Ca-

2109 5294 2368 5351 turcensi
2419 5292 2684 5349 Ecclesiae
2740 5293 3035 5365 praefuerit
3089 5292 3419 5365 episcopus,
3451 5305 3655 5346 vereor
3685 5306 3763 5345 ne

2111 5385 2171 5439 in
2186 5382 2485 5438 referendo
2506 5398 2572 5437 eo
2599 5382 2836 5438 nomine
2866 5399 3026 5438 error
3056 5382 3115 5436 in
3148 5381 3403 5438 codicem
3434 5377 3761 5451 irrepserit,

2110 5471 2423 5545 legendum
2446 5470 2605 5526 haud
2635 5471 2811 5527 dubie
2843 5471 3102 5539 Gerardo,
3124 5470 3224 5543 qui
3246 5475 3366 5525 toto
3397 5466 3762 5525 Urbanivitaa

2111 5567 2372 5635 tempore
2393 5559 2541 5616 rexit
2563 5559 2716 5616 hanc
2759 5560 3078 5617 Ecclesiam
3105 5579 3116 5616 :
3140 5561 3295 5616 unde
3326 5556 3534 5630 conjici
3563 5559 3766 5628 potest

2112 5651 2173 5712 in
2206 5649 2506 5730 primariis
2536 5650 2666 5727 ejus
2696 5649 2952 5734 epistolae
2979 5650 3262 5730 exemplis
3277 5649 3527 5729 primam
3540 5644 3767 5709 solum-
