3962 6402
143 460 246 523 137

1787 467 2000 530 VITA.

3420 475 3536 535 138

144 595 305 651 modo
331 594 464 667 ejus
493 594 751 651 nominis
783 594 1037 652 litteram
1077 596 1143 652 G.
1195 598 1520 670 appositam
1572 598 1774 669 fuisse,
1805 608 1860 675 Α
1890 601 2120 677 CLXVI.
2187 602 2432 677 Urbanus
2465 605 2523 656 in
2584 605 2771 660 Tuscia
2822 604 3107 677 prmvalet.
3165 606 3431 663 Henricus
3478 607 3540 662 in

142 701 307 757 quam
339 701 735 742 amanuenses
766 691 980 742 temere
1004 686 1077 742 ad
1108 686 1485 744 Guillelmum
1537 706 1641 760 pro
1672 690 1781 745 Ge-

143 774 301 829 rardo
329 773 716 830 deﬂexerunt.
747 774 913 831 Certe
940 776 1309 848 Aymericum
1354 777 1557 850 Peyrat
1604 779 1783 834 abba-

144 870 249 919 tem
278 862 592 935 Moissyaci
620 864 681 919 in
714 862 998 920 Chronico
1029 864 1129 936 qui
1160 882 1279 931 eas,
1323 866 1408 920 uti
1456 866 1557 934 ait,
1608 868 1785 922 refert

142 952 509 1021 crmiginale,
544 953 648 1007 sed
682 952 835 1024 quod
854 954 950 1008 vix
979 953 1087 1024 legi
1115 958 1357 1026 poterat,
1386 954 1444 1009 in
1478 955 1678 1012 multis
1700 973 1786 1012 er-

141 1058 289 1097 rasse
318 1058 391 1097 ex
419 1041 551 1114 ipso
580 1041 710 1113 ejus
737 1041 1071 1098 authentico
1098 1047 1275 1113 patet,
1303 1045 1458 1116 quod
1482 1044 1538 1099 in
1567 1044 1780 1099 Biblio-

141 1131 294 1187 theca
313 1129 655 1188 Colbertina
673 1137 1021 1186 asservatur.
1057 1132 1228 1188 Porro
1260 1132 1388 1188 ideo
1419 1133 1527 1188 has
1556 1133 1780 1189 litteras

142 1220 206 1275 ad
233 1227 581 1292 prasentem
608 1236 828 1275 annum
871 1237 1232 1289 revocamus,
1267 1222 1422 1293 quod
1474 1222 1581 1278 hoc
1628 1222 1777 1294 ipso,

140 1313 231 1364 aut
258 1312 418 1364 certe
477 1324 632 1363 anno
691 1310 979 1381 sequenti,
1036 1309 1385 1365 Guillclmus
1433 1311 1779 1367 comitatum

139 1397 353 1454 Tolosae
382 1396 669 1469 abjecisse
692 1397 975 1466 videatur;
1021 1399 1367 1471 praecedenti
1423 1416 1578 1467 vero,
1635 1417 1778 1455 non-

137 1486 271 1541 dum
295 1485 545 1542 ecclesia
573 1487 798 1542 Sanctae
829 1486 1017 1542 Mariae
1049 1489 1121 1543 ad
1153 1487 1515 1559 sepeliendos
1539 1489 1780 1545 comites

136 1576 409 1649 deputata
426 1575 627 1641 fuerit,
660 1579 727 1630 ut
755 1578 911 1648 patet
940 1594 1009 1633 ex
1037 1578 1213 1632 veteri
1230 1577 1618 1634 instrumento
1641 1579 1779 1634 anni

138 1666 267 1722 1093
297 1664 453 1737 apud
477 1663 763 1720 Catellum
794 1664 998 1722 relati:
1050 1684 1165 1738 quo
1200 1672 1329 1739 post
1377 1666 1582 1740 longas
1630 1667 1780 1723 inter

134 1754 406 1811 ecclesias
434 1755 634 1809 Sancti
684 1754 964 1826 Stephani
1015 1761 1071 1811 et
1101 1755 1296 1812 Sancti
1346 1756 1641 1811 Saturnini
1679 1774 1778 1828 pro

127 1846 251 1914 jure
270 1842 1086 1915 cmmeteriiconcertationes,
1103 1849 1393 1900 statutum
1424 1860 1490 1899 ex
1522 1844 1777 1916 partium

134 1950 420 1989 consensu
452 1933 525 1987 ab
540 1931 739 1988 lsarno
754 1932 1040 1989 Tolosano
1058 1934 1397 2006 cmterisque
1412 1934 1777 2005 comprovin-

2080 674 2474 745 Longobardia.
2506 674 2837 732 Placentina
2853 676 3090 748 synodus
3122 677 3347 737 indicta.

1966 761 2149 818 Roma
2187 763 2519 834 jamdudum
2576 764 2813 835 exierat,
2846 769 2911 821 ut
2966 764 3275 822 Bertoldus
3316 764 3544 836 scribit,

1892 849 2325 917 Urbanus,cum
2348 852 2459 907 sub
2474 852 2655 924 hujus
2683 852 2822 910 anni
2846 854 3021 910 ﬁnem
3049 855 3296 910 Natalem
3323 855 3551 927 Domini

1894 940 1954 993 in
1988 940 2176 995 Tuscia
2204 940 2603 1009 gloriosissime
2652 944 2979 1006 celebravit;
3023 943 3126 1000 ubi
3184 943 3544 1007 indefessum

1893 1044 2131 1099 suarum
2156 1029 2411 1101 partium
2453 1031 2818 1088 defensorem
2866 1032 3118 1089 habebat
3162 1034 3540 1104 Dagobertum,

1892 1133 1992 1171 seu
2025 1117 2362 1173 Daibertum
2410 1119 2732 1177 antistitem
2790 1122 3091 1190 Pisanum,
3150 1139 3331 1196 quem
3383 1122 3541 1192 idem

1892 1206 2170 1277 pontifex,
2204 1212 2269 1262 ut
2298 1208 2576 1277 diximus,
2607 1209 2769 1282 pallii
2800 1210 3019 1268 honore
3058 1211 3313 1284 aliisque
3349 1210 3542 1279 urebi-

1890 1295 2322 1368 episcopalibus
2336 1297 2669 1371 insignibus
2681 1317 2746 1355 ac
2768 1301 3006 1372 juribus
3022 1302 3141 1373 iam
3171 1306 3345 1358 antea
3358 1302 3543 1371 dona-

1890 1389 2069 1447 verat.
2103 1384 2366 1441 Octobris
2401 1387 2567 1444 initio
2598 1389 2748 1444 Pisis
2778 1391 3123 1447 versabatur
3163 1390 3454 1461 Urbanus,
3491 1389 3543 1447 si

1889 1473 2183 1528 credimus
2216 1476 2297 1545 (et
2324 1491 2428 1530 cur
2457 1476 2530 1531 iis
2562 1493 2631 1533 ea
2660 1478 2721 1532 in
2752 1481 2915 1550 parte
2945 1496 3061 1535 non
3100 1479 3477 1545 crederemus
3494 1478 3547 1551 ?)_

1887 1558 1961 1615 iis
1996 1560 2205 1618 litteris
2232 1578 2381 1634 quas
2412 1563 2779 1622 Humbaldus
2810 1567 3183 1637 Lemovicum
3229 1567 3569 1641 episcopus,

1889 1647 2142 1716 falsavit,
2177 1653 2241 1704 ut
2273 1651 2342 1706 ad
2371 1650 2604 1707 initium
2625 1653 2763 1709 anni
2790 1654 3228 1712 1096idicemus.
3254 1654 3551 1715 Henricus

1891 1738 2130 1802 interea,
2168 1740 2222 1795 id
2254 1746 2343 1796 est
2367 1742 2476 1796 sub
2507 1742 2687 1814 hujus
2737 1743 2876 1801 anni
2930 1744 3107 1803 finem
3137 1748 3195 1801 et
3239 1744 3541 1818 sequentis

1890 1826 2076 1895 initio,
2112 1832 2177 1884 ut
2231 1831 2607 1902 prosequitur
2663 1832 2993 1900 Bertoldus,
3024 1832 3086 1888 in
3135 1833 3543 1906 Longobardia

1890 1917 2230 1983 morabatur
2253 1936 2392 1990 pene
2421 1923 2575 1976 omni
2603 1923 2755 1991 regia
2785 1922 3052 1994 dignitate
3065 1923 3337 1995 privatus,
3383 1922 3540 1996 quod

137 1981 420 1989 --.η-----
453 1981 521 1987 __
543 1981 736 1988 --_----
766 1981 1039 1989 -----_---
1061 1981 1747 2006 -.νη-.-.ιηννν---ι-η.--
2020 1981 2022 1983 τ
2253 1981 2268 1990 .
2663 1981 2687 1991 υ
2840 1981 2867 1994 υ
3065 1981 3081 1995 .
3266 1986 3270 1993 .
3322 1981 3334 1992 α
3400 1981 3420 1996 ι

136 2022 377 2078 cialibus
396 2021 696 2094 episcopis
717 2021 842 2088 fuit,
861 2027 923 2077 ut
948 2023 1228 2095 episcOpi,
1261 2022 1781 2089 comites,milites,
1810 1981 1859 2046 B
1892 2006 2190 2095 (Ῑοῐπδάυε
2221 2009 2350 2079 eius
2410 2009 2589 2076 ﬁlius:
2646 2010 2746 2083 qni
2780 2028 2933 2067 anno
2993 2012 3133 2067 1093
3173 2012 3414 2069 ineunte
3443 2027 3544 2068 rex

138 2129 195 2167 ac
223 2129 432 2169 eorum
473 2128 705 2177 uxores,
749 2128 816 2167 ac
876 2111 981 2165 ﬁlii
1014 2115 1071 2167 et
1102 2111 1232 2166 ﬁlia:
1291 2112 1443 2184 apud
1505 2113 1784 2168 Sanctum

138 2201 558 2269 Saturninum;
618 2200 807 2255 caeteri
857 2217 989 2257 vero
1030 2218 1234 2256 omnes
1291 2202 1445 2274 apud
1503 2202 1784 2257 Sanctum

136 2292 499 2363 Stephanum
532 2289 937 2362 sepelirentur,
972 2289 1133 2345 nulla
1164 2290 1345 2345 beata:
1383 2289 1570 2344 Marize
1621 2307 1782 2345 men-

138 2380 285 2436 tione
311 2379 487 2436 l'acta.
525 2378 668 2434 Hinc
700 2378 935 2434 nonnisi
964 2384 1097 2451 post
1125 2378 1333 2434 initam
1356 2378 1519 2434 illam
1547 2395 1783 2434 concor-

137 2469 313 2536 diam,
347 2466 721 2537 Guillelmus,
742 2466 840 2540 qui
871 2484 1010 2541 erga
1026 2474 1287 2524 sanctam
1301 2468 1399 2524 Dei
1434 2467 1783 2523 Genitricem

140 2560 281 2615 bene
311 2557 559 2614 allectus
588 2560 732 2624 erat,
761 2556 836 2612 ab
867 2556 1098 2613 Urbano
1130 2557 1474 2629 impetrasse
1504 2557 1786 2613 dicendus

138 2654 225 2704 est
251 2653 315 2704 ut
340 2651 465 2703 tam
498 2647 626 2719 ipse
657 2663 833 2719 quam
866 2646 958 2702 sui
989 2647 1203 2718 posteri
1238 2646 1296 2700 in
1312 2647 1440 2718 ejus
1470 2646 1785 2719 percelebri

140 2736 378 2794 basilica
403 2735 873 2793 tumularentur:
910 2752 1086 2808 quam
1110 2735 1327 2791 Urbani
1350 2736 1785 2791 concessionem

141 2826 439 2884 Paschalis
470 2826 519 2881 II
547 2827 677 2898 ejus
693 2841 996 2881 successor
1008 2828 1209 2897 postea
1231 2825 1613 2881 conﬁrmavit.
1635 2824 1786 2880 Visi-

137 2922 236 2972 tnr
287 2915 579 2987 hodieque
637 2914 697 2970 in
726 2930 796 2970 ea
854 2912 1118 2983 ecclesia,
1151 2913 1325 2988 vulgo
1364 2915 1549 2971 Beatzs
1596 2914 1788 2970 Mariis

140 3006 436 3062 Deaurata
467 3004 566 3075 (La
592 3003 865 3075 Daurade)
904 3003 1078 3074 dicta,
1112 3020 1238 3076 quae
1293 3008 1503 3059 nostrae
1549 3020 1789 3076 congre-

143 3094 357 3168 gationi
386 3094 590 3149 Sancti
604 3092 789 3149 Mauri
806 3092 1029 3148 ordinis
1052 3092 1409 3148 Benedictini
1431 3092 1662 3148 addicta
1678 3097 1786 3162 est,

146 3183 507 3256 epitaphium
540 3182 720 3239 unius
748 3198 817 3237 ex
844 3180 1067 3245 Alfonsi
1099 3182 1332 3238 comitis
1371 3181 1527 3250 filiis,
1579 3182 1790 3238 saeculo

145 3273 407 3345 sequenti
436 3272 498 3327 in
527 3271 697 3327 cunis
727 3271 964 3339 mortui,
990 3273 1269 3326 marmori
1321 3272 1695 3343 inscriptum,
1729 3271 1789 3325 in

1895 2093 2069 2150 Italia)
2102 2098 2472 2154 renuntiatus
2502 2099 2710 2167 fuerat,
2728 2099 3340 2169 Mathildicomitissae,
3373 2103 3541 2156 caete-

1894 2185 2096 2256 risque
2124 2185 2319 2242 Sancti
2355 2187 2527 2256 Petri,
2563 2188 2648 2243 uti
2680 2205 2780 2245 eos
2824 2188 3217 2262 appellabant,
3268 2188 3544 2251 ﬁdelibus

1893 2274 2263 2344 conjunctus,
2294 2277 2485 2330 totum
2515 2276 2693 2331 robur
2722 2276 2947 2349 paterni
2977 2276 3265 2347 exercitus
3299 2275 3359 2335 in
3392 2276 3543 2335 Lons

1893 2362 2174 2434 gobardia
2204 2362 2507 2431 obtineret;
2537 2380 2718 2436 quare
2749 2365 3027 2437 pontifex,
3060 2365 3231 2433 cujus
3261 2381 3353 2422 res
3400 2363 3544 2420 adeo

1893 2456 2032 2506 tunc
2062 2468 2351 2524 prosperae
2385 2458 2573 2518 erant,
2605 2453 2715 2509 hac
2744 2457 3074 2526 temporum
3105 2452 3575 2526 opportunitate'v

1895 2541 2041 2595 bene
2099 2542 2384 2597 utendum
2444 2546 2627 2609 ratus,
2686 2544 2745 2597 in
2802 2543 2987 2598 media
3037 2540 3435 2614 Longobardia,
3463 2540 3547 2597 ait

1896 2629 2219 2698 Bertoldus,
2253 2632 2313 2684 in
2332 2631 2554 2685 civitate
2575 2632 2918 2701 Placentina,
2950 2632 3095 2687 inter
3114 2632 3255 2703 ipsos
3283 2629 3548 2687 schisma-

1895 2720 2047 2785 ticos,
2075 2723 2126 2773 et
2154 2723 2345 2774 contra
2374 2722 2515 2791 ipsos
2544 2721 2857 2790 generalem
2884 2719 3154 2792 synodum
3181 2718 3446 2789 condixit,
3475 2717 3546 2782 ad

1895 2824 2062 2879 quam
2087 2810 2359 2880 episcopos
2387 2810 2588 2875 Italiae,
2616 2809 2970 2882 Burgundite,
2994 2810 3257 2885 Francia,
3289 2810 3547 2866 Aleman-

1895 2898 2024 2967 niae,
2057 2899 2347 2970 Bajoariaz,
2379 2899 2724 2971 aliarumque
2750 2900 3165 2971 provinciarum
3207 2899 3473 2957 canonica
3499 2898 3552 2954 et

1897 2988 2189 3058 apostolica
2218 2989 2546 3043 auctoritate
2573 2990 2760 3045 missis
2806 2989 3009 3044 litteris
3054 2989 3384 3044 convocavit.
3433 2989 3551 3045 Has

1899 3075 1971 3130 ad
2004 3075 2483 3148 metropolitanos
2513 3077 2819 3139 universos
2849 3077 3233 3135 transmissas
3260 3076 3464 3145 fuisse,
3486 3078 3555 3131 ut

1900 3165 2013 3237 ipsi
2044 3182 2184 3220 suos
2214 3166 2618 3238 suﬂ‘raganeos
2650 3183 2783 3221 cum
2816 3166 3128 3223 abbatibus
3157 3166 3242 3224 eis
3273 3164 3553 3238 subjectis

1899 3255 1970 3309 ad
2003 3253 2314 3310 concilium
2350 3255 2683 3325 invitarent,
2718 3254 3007 3312 discimus
3031 3272 3100 3312 ex
3132 3254 3377 3328 epistola
3406 3255 3555 3327 Bay-

148 3343 262 3434 quo
290 3361 512 3418 Urbani
543 3377 615 3417 ea
663 3361 733 3416 de
763 3377 825 3416 re
866 3360 1161 3416 decretum
1209 3359 1483 3415 laudatur
1521 3359 1615 3415 his
1664 3377 1777 3415 ver-

1956 3343 2062 3401 )ldi
2086 3344 2401 3434 Remorum
2434 3344 2860 3434 archiepiscopi
2880 3344 2953 3400 ad
2985 3344 3363 3401 Lambertum
3381 3344 3569 3434 Atre-v

146 3451 334 3507 sibus:

286 3585 376 3641 Vir
401 3601 558 3641 sacer
589 3585 836 3641 Urbanus
868 3585 1140 3639 Romanus
1161 3600 1309 3656 papa
1335 3584 1602 3640 secundus

353 3676 480 3730 Esse
507 3674 850 3729 cimeterium
874 3674 1129 3745 praecipit
1156 3664 1253 3729 hoc
1279 3676 1555 3729 comitum.

280 3767 532 3836 Insuper,
563 3771 623 3819 ut
652 3762 841 3831 didici,
860 3764 1017 3834 jubet
1048 3763 1173 3818 illos
1205 3762 1293 3818 hic
1319 3763 1560 3835 sepeliri,

355 3853 519 3908 Sacro
548 3851 806 3908 mandato
835 3852 1042 3907 civibus
1072 3852 1200 3909 inde
1229 3852 1371 3908 dato.

211 3986 378 4042 Circa
402 3986 559 4041 idem
590 3989 824 4057 tempus
859 3984 1164 4041 monachis
1214 3985 1379 4041 Silvae
1429 3985 1665 4058 Majoris
1695 3985 1795 4059 qui

154 4076 301 4147 apud
315 4076 602 4130 Sanctum
620 4073 934 4129 Antonium
950 4075 1238 4146 degebant
1266 4074 1511 4130 indulsit
1542 4076 1799 4147 pontifex

152 4170 212 4218 ut
237 4164 297 4219 in
332 4164 569 4236 propria
598 4161 846 4219 ecclesia
864 4161 1094 4234 sepeliri
1114 4168 1374 4235 possent,
1405 4168 1799 4236 contraquam

152 4270 183 4308 a
209 4254 447 4309 Simone
477 4253 751 4326 episcopo
783 4257 1070 4308 statutum
1105 4252 1312 4320 fuerat,
1343 4257 1410 4308 ut
1439 4269 1508 4308 ex
1534 4253 1801 4325 ejusdem

151 4342 402 4398 Simonis
432 4342 828 4397 instrumento
855 4344 1035 4413 patet,
1068 4340 1160 4395 cui
1192 4343 1249 4397 S.
1303 4341 1588 4397 Geraldus
1637 4341 1802 4398 Silvae

152 4431 381 4502 Majoris
413 4431 599 4486 abbas
630 4429 985 4501 subscripsit
1015 4447 1167 4485 anno
1202 4430 1343 4485 1095
1372 4430 1702 4486 defunctus.

181 4572 386 4631 CLXV.
440 4573 847 4630 Bilionensium
888 4575 1276 4629 canonicorum
1320 4588 1563 4645 repressa
1607 4577 1766 4630 teme-

901 4647 1057 4700 ritas.

215 4789 299 4845 Ad
315 4789 498 4861 hujus
513 4803 748 4860 quoque
778 4786 916 4843 anni
950 4786 1123 4842 linem
1147 4786 1401 4843 revocari
1437 4786 1814 4860 possevisum

151 4884 232 4934 est
258 4879 527 4950 ejusdem
544 4876 841 4949 pontificis
859 4874 1165 4948 epistolam
1190 4876 1465 4932 Duranno
1487 4866 1803 4932 Avernensi

152 4967 438 5041 episcopo,
458 4966 562 5038 qui
593 4982 748 5021 anno
761 4966 1027 5038 sequenti
1046 4971 1313 5021 mortuus
1328 4970 1435 5030 est,
1462 4966 1802 5039 inscriptam

152 5058 427 5113 adversus
460 5054 826 5111 Bilionenses
849 5054 1287 5127 canonicos,qui
1322 5055 1811 5111 immanisacrile-

152 5146 241 5217 gio
251 5145 948 5217 ecclesiam,omnemque
964 5160 1189 5200 sacram
1205 5149 1261 5199 et
1275 5160 1645 5199 communem
1667 5162 1811 5217 sup-

152 5234 493 5305 pellectilem
508 5233 805 5307 prioratus
823 5233 1018 5289 Sancti
1042 5233 1208 5305 Lupi,
1229 5249 1263 5288 a
1280 5231 1572 5288 Celsinian
1581 5233 1703 5289 ensi
1722 5250 1814 5288 or-

151 5324 303 5380 dinis
315 5322 720 5381 Gluniacensis
747 5322 1098 5380 monasterio
1120 5322 1526 5395 dependentis,
1546 5322 1804 5396 diripue-

152 5411 864 5481 rant.Ha2ccontroversia,
887 5427 1064 5484 quam
1099 5415 1410 5467 Durannus
1442 5427 1557 5467 non
1571 5427 1807 5484 compo-

152 5506 368 5570 suerat,
392 5500 571 5574 paulo
581 5504 719 5574 post
730 5502 778 5573 ej
788 5518 857 5557 us
873 5504 1121 5557 mortem
1139 5499 1456 5567 recruduit,
1484 5517 1541 5556 re
1555 5501 1625 5556 ad
1643 5499 1812 5555 Guil-

152 5590 310 5648 lelmi
345 5591 509 5647 illius
545 5590 907 5647 successoris
938 5591 1173 5647 curiam
1207 5589 1421 5646 delata.
1457 5588 1816 5646 Bilionenses

154 5697 329 5737 causa
340 5696 587 5754 prorsus
602 5680 956 5750 cecidere,ut
971 5679 1161 5736 fusius
1175 5682 1452 5734 narratur
1469 5678 1527 5733 in
1540 5677 1719 5734 veteri
1734 5678 1822 5733 in-

154 5774 481 5830 stramento
506 5769 667 5842 quod
695 5769 1064 5828 exchartario
1095 5767 1524 5829 Celcinianensi
1536 5768 1820 5827 vidimus.

476 5895 750 5962 Panos.
809 5895 953 5961 GLI.

1900 3434 2203 3489 batensem
2225 3432 2567 3505 episcopum
2599 3449 2667 3490 ea
2678 3433 2980 3490 occasione
2997 3434 3235 3508 scripta,
3260 3449 3386 3515 qua:
3407 3432 3550 3490 adeo

1900 3524 2052 3578 inter
2082 3522 2299 3578 Urbani
2332 3522 2629 3594 epistolas,
2660 3539 2794 3579 cum
2825 3523 2967 3596 ipsae
2994 3522 3307 3595 pontiﬁciaa
3346 3521 3549 3579 littere

1900 3610 2154 3683 amplius
2188 3628 2301 3667 non
2327 3612 2595 3681 existant,
2631 3612 2932 3667 referetur.
3520 3606 3526 3612 ’

2183 3716 2439 3772 CLXVII.
2478 3718 2725 3774 Urbanus
2753 3718 3055 3772 Bononiam
3091 3718 3262 3773 venit.

1970 3806 2310 3862 Pontificem
2343 3823 2375 3862 e
2404 3807 2617 3862 Tuscia
2643 3806 2967 3879 profectum
2984 3805 3306 3869 Bononiam
3336 3803 3554 3861 adiisse

1903 3894 2106 3951 scribit
2155 3894 2604 3962 Ghirardaceus,
2655 3895 2714 3950 in
2747 3895 2875 3966 ejus
2931 3894 3095 3951 urbis
3145 3893 3425 3965 Historia,
3453 3892 3557 3961 ubi

1905 3985 2115 4042 asserit
2144 4001 2276 4040 eum
2302 4002 2514 4058 magno
2536 4001 2669 4040 cum
2687 3987 2967 4057 apparatu
2983 3984 3062 4040 ibi
3081 3983 3263 4041 fuisse
3280 4000 3320 4040 a
3334 3983 3561 4053 civibus

1907 4078 2269 4147 susceptum,
2306 4079 2480 4146 atque
2506 4073 2640 4129 inde
2658 4074 2967 4130 abeuntem
2991 4077 3223 4147 septum
3254 4073 3438 4130 fuisse
3457 4072 3565 4129 triv

1908 4165 2022 4220 bus
2054 4165 2320 4236 equitum
2367 4162 2816 4219 Bononiensium
2831 4163 3190 4231 cohortibus,
3215 4179 3342 4235 quae
3365 4161 3562 4235 ipsum

1910 4252 2343 4309 Claromontem
2374 4268 2563 4324 usque
2584 4254 2873 4309 comitatae
2888 4253 3143 4318 fuerunt,
3159 4251 3415 4325 praesidii
3435 4267 3566 4325 pro.

1915 4342 2006 4398 cul
2042 4341 2219 4421 dubio
2251 4340 2428 4398 simul
2458 4347 2515 4398 et
2543 4341 2783 4399 honoris
2809 4359 3006 4399 causa.

1915 4449 2209 4504 CLXVIII.
2243 4450 2491 4505 Urbanus
2520 4450 2792 4521 synodum
2842 4449 3264 4505 Guastellensem
3309 4448 3565 4504 celebrat.
3642 4448 3645 4453 ’

2290 4521 2516 4576 Canusii
2546 4538 2581 4575 a
2610 4521 2866 4577 Mat/tilde
2895 4523 3185 4592 excipitur.

1988 4609 2272 4664 Eumdem
2305 4612 2442 4664 tunc
2462 4613 2577 4666 tem
2589 4609 2745 4682 poris
2767 4625 2982 4682 magno
3015 4607 3424 4675 cardinalium,
3446 4607 3570 4679 epi-

1841 4712 1888 4777 D
1922 4714 2230 4770 scoparum
2264 4714 2330 4752 ac
2359 4697 2692 4769 principum
2724 4697 2903 4754 Italiae
2955 4698 3234 4753 comitatu
3282 4697 3567 4769 stipatum

1924 4788 2078 4858 apud
2109 4784 2610 4854 Guardescallum,
2646 4802 2749 4841 seu
2784 4790 2847 4841 ut
2874 4785 3048 4857 vulgo
3079 4784 3408 4858 appellatur
3427 4783 3578 4841 Gua-

1915 4876 2178 4948 stallum,
2205 4876 2492 4948 synodum
2512 4874 2790 4931 habuisse
2803 4879 3006 4931 narrat
3038 4874 3333 4947 Sigonius,
3357 4873 3579 4931 libram

1916 4966 1995 5021 De
2028 4982 2206 5037 regno
2239 4963 2435 5034 Italia;
2466 4965 2620 5037 quod
2652 4964 2832 5021 etiam
2875 4963 2973 5019 alii
3026 4968 3292 5021 auctores
3338 4962 3578 5020 habent.

1922 5056 1986 5109 Et
2017 5055 2255 5127 quidem
2283 5053 2608 5110 Pandult‘us
2632 5054 2691 5109 in
2724 5052 3111 5122 UrbaniVita,
3138 5053 3292 5109 inter
3309 5052 3425 5110 alia
3442 5067 3582 5109 con-

1923 5143 2057 5198 cilia
2090 5160 2217 5214 quae
2250 5144 2322 5197 ab
2355 5160 2421 5199 eo
2467 5142 2756 5200 celebrata
2802 5143 2983 5200 fuisse
3038 5147 3343 5211 memorat,
3393 5156 3582 5199 unum

1927 5232 2177 5288 occurrit
2227 5232 2719 5290 Ewardastallense
2776 5235 2837 5288 in
2868 5232 3290 5305 Langobardia:
3347 5233 3407 5288 in
3465 5245 3581 5306 quo

1918 5321 2134 5378 factam
2168 5321 2349 5377 fuisse
2380 5322 2779 5393 praefationem
2804 5324 2874 5379 de
2906 5324 3076 5379 beata
3122 5322 3308 5379 Maria
3356 5321 3580 5401 scribit,

1921 5428 2048 5484 quae
2080 5409 2378 5483 vulgoipsi
2412 5410 2711 5468 tribuitur.
2734 5412 2951 5468 Verum
2982 5429 3117 5469 cum
3132 5411 3282 5468 nihil
3302 5409 3588 5468 ibistatw

1927 5505 2055 5557 tum
2091 5500 2274 5556 fuisse
2294 5516 2544 5572 usquam
2570 5502 2817 5574 legatur,
2842 5502 2915 5559 ob
2943 5501 3002 5558 id
3033 5501 3225 5559 solum
3246 5501 3398 5558 hanc
3418 5516 3592 5575 syno-

1929 5591 2072 5646 dum
2121 5592 2381 5646 coactam
2424 5590 2606 5647 fuisse
2623 5591 2938 5648 verisimile
2954 5594 3062 5661 est,
3100 5595 3162 5647 ut
3182 5608 3309 5664 quas
3329 5591 3401 5647 ad
3416 5586 3596 5646 Galli-

1931 5696 2144 5735 canum
2204 5678 2332 5747 iter,
2367 5682 2424 5734 et
2472 5679 2544 5734 ad
2604 5680 2916 5736 concilium
2976 5680 3402 5749 Placentinum,
3435 5677 3592 5750 quod

1929 5770 2077 5847 jamj
2087 5786 2179 5828 am
2212 5767 2472 5847 pontifex
2485 5772 2610 5827 erat
2620 5768 3043 5841 celebraturus,
3059 5768 3388 5830 necessaria
3402 5770 3600 5851 erant,
