3962 6438
397 457 512 520 139

1692 459 1762 522 Β.
1810 459 2106 525 URBANI
2147 462 2198 524 ll
2243 459 2498 524 ΡΑΡᾹΞ.
3265 487 3300 501 ν

3681 465 3806 526 MO

391 591 506 648 rite
531 591 1000 666 disponerentur.
1035 594 1206 650 Favet
1233 593 1370 650 huic
1399 594 1741 666 conjecturae
1771 593 2040 667 Sigonius
2067 597 2123 664 Α
2153 595 2280 665 ejus
2308 595 2452 650 Acta
2478 595 2633 668 apud
2665 594 3031 653 Holstenium
3061 600 3120 654 et
3156 597 3453 654 Labbeum
3499 601 3810 657 testantur

391 679 540 752 ipse,
573 680 676 754 qui
702 682 968 739 eamdem
997 683 1287 756 synodum
1317 683 1389 739 ad
1419 683 1598 755 hujus
1627 683 1766 740 anni
1798 683 1935 739 4094
1963 683 2036 738 ﬁ-

393 785 530 826 nem
563 774 810 838 revocat;
843 774 969 827 tum
999 771 1308 845 subjungit
1337 771 1638 828 Urbanum
1671 771 1808 828 inde
1846 771 2037 845 profe-

391 862 553 916 ctum
583 859 893 934 magniﬁco
923 866 1211 934 apparatu
1240 861 1472 918 Canusii
1505 861 1836 917 aMathilde
1866 861 2038 916 comi-

391 945 538 1004 tissa
565 952 866 1024 exceptum
896 949 1100 1006 fuisse.
1130 949 1590 1007 Wardastellum
1623 967 1689 1006 ac
1719 949 2033 1006 Canusium

389 1035 727 1108 pontiﬁcem
747 1036 963 1094 adiisse
989 1037 1158 1094 testis
1187 1056 1418 1118 quoque
1468 1043 1560 1095 est
1606 1037 2036 1112 Ripamontius,

391 1124 487 1180 cui
517 1124 618 1181 alii
631 1126 1320 1200 auctoresastipulantur.
1337 1127 1630 1185 Nonnulla
1658 1127 1836 1184 habet
1865 1132 2038 1182 Dom-

392 1213 524 1270 nizo
550 1215 623 1272 de
633 1214 850 1272 Urbani
866 1215 926 1272 in
945 1216 1410 1290 Longobardiam
1424 1217 1701 1282 adventu,
1725 1217 1825 1273 sed
1841 1215 2036 1272 locum

393 1319 511 1360 non
541 1304 816 1376 exprimit
845 1305 945 1362 ubi
971 1323 1006 1362 a
1037 1305 1318 1362 Mathilde
1347 1306 1522 1362 fuerit
1569 1309 1899 1378 susceptus,
1933 1321 2036 1360 nec

394 1391 572 1448 aliam
601 1399 806 1465 praeter
837 1394 1232 1450 Placentinam
1272 1395 1562 1467 synodum
1592 1398 2031 1450 commemorat.

392 1482 466 1536 At
494 1481 803 1538 Ciaconius
833 1483 1052 1556 synodo
1108 1482 1456 1540 Placentinis
1505 1482 1804 1556 praemittit
1858 1483 2033 1539 aliam

391 1570 534 1642 apud
571 1572 797 1628 Willam
825 1573 1131 1628 Rastallam
1159 1589 1323 1644 super
1351 1574 1533 1645 ripam
1560 1573 1719 1640 Padi,
1771 1572 1864 1628 cui
1914 1572 2034 1628 Ma-

388 1658 634 1735 thildem
664 1659 1002 1718 interfuisse
1033 1661 1258 1718 scribit.

389 1766 612 1824 CLXIX.
648 1769 1227 1844 Urbanusgremonae.
1263 1769 1624 1844 Privilcyi-um
1651 1768 1764 1844 dat~
1788 1767 1842 1822 S.
1885 1769 2036 1836 {Egi-

744 1840 831 1895 dio
861 1843 913 1894 et
931 1839 1276 1896 Part/ienoni
1307 1841 1678 1896 cremonensi.

2145 685 2439 738 concilium
2459 685 2641 756 primo
2672 701 2734 740 ac
2761 686 2920 742 tertio
2950 685 3040 742 die
3071 688 3130 742 in
3155 702 3345 760 campo
3377 687 3596 757 sedisse,
3643 691 3804 762 quod

2144 775 2328 827 tantus
2343 773 2578 844 populus
2609 773 2681 829 ad
2739 772 2885 830 illud
2935 775 3322 846 convenisset,
3358 779 3425 832 ut
3483 775 3648 833 nulla
3699 795 3808 835 eos

2146 861 2390 917 ecclesia
2419 877 2622 934 capere
2648 862 2915 919 valuerit.
3588 875 3592 880 '

2146 967 2374 1024 CLXXI.
2437 969 2550 1037 Quo
2581 977 2814 1042 tempore
2870 971 3119 1027 habitum
3147 973 3221 1026 sit
3267 972 3572 1031 Placentiae
3619 977 3804 1031 conci-

2587 1042 2745 1109 lium,
2777 1051 2828 1098 et
2857 1043 2952 1114 qui
2979 1045 3032 1098 ci
3053 1042 3358 1114 adfuerint.

2217 1129 2374 1184 lianc
2431 1130 2720 1202 synodum
2788 1133 2934 1187 circa
3004 1132 3244 1188 mediam
3315 1134 3806 1206 Quadragesimm

2145 1217 2495 1273 celebratam
2529 1219 2709 1275 fuisse
2741 1219 2944 1276 scribit
2967 1219 3374 1278 Bertoldus.id
3406 1229 3496 1280 est
3525 1221 3670 1296 ipsis
3693 1225 3806 1281 Ka-

2143 1305 2335 1362 lendis
2368 1307 2580 1375 Martii,
2613 1313 2678 1364 ut
2709 1308 2883 1366 habet
2896 1311 3254 1366 vetuscodex
3283 1327 3318 1366 a
3345 1311 3574 1369 Labbeo
3597 1313 3806 1370 lauda-

2143 1400 2261 1464 tus,
2293 1401 2350 1452 et
2379 1397 2666 1454 consentit
2688 1399 2962 1454 Domnizo
2994 1400 3053 1454 in
3084 1399 3348 1456 versibus
3379 1417 3526 1473 quos
3564 1401 3626 1458 in
3657 1421 3800 1477 app.

2144 1485 2482 1541 referemus.
2515 1486 2653 1542 Eam
2669 1503 2802 1543 vero
2819 1487 3028 1544 diebus
3055 1493 3277 1562 septem
3292 1491 3642 1562 perdurasse
3653 1493 3805 1550 Acta

2137 1575 2262 1644 jam
2296 1573 2534 1630 laudata
2563 1575 2973 1647 perhibenthis
2993 1577 3208 1633 verbis:
3233 1577 3805 1650 Septimotandemdie

2141 1667 2258 1734 post
2301 1665 2676 1719 tractationem
2703 1665 3026 1720 diuturnam
3061 1666 3259 1738 synodi
3280 1669 3520 1740 capitula
3551 1672 3798 1742 prolata,

2145 1760 2196 1806 ct
2225 1767 2442 1806 assensu
2465 1754 2626 1808 totius
2646 1753 2875 1808 concilii
2902 1755 3248 1826 comprobata
3273 1757 3446 1828 fuere.
3480 1757 3644 1814 Certe
3666 1775 3800 1816 eam

2147 1839 2295 1895 altra
2329 1841 2454 1896 dies
2487 1846 2612 1896 octo
2645 1859 2758 1897 non
2785 1843 3126 1914 productam
3157 1843 3340 1900 fuisse
3361 1831 3699 1920 colligimus
3729 1865 3803 1904 ex

459 1925 814 1984 Placentiam
843 1942 1092 2000 pergens
1123 1927 1393 2028 Urbanus
1431 1927 1717 2029 Cremona
1745 1927 2030 2029 transivit,
2064 1963 2112 2029 Β
2147 1928 2359 2029 Erbani
2393 1929 2638 2029 epistola
2668 1931 2738 2029 ad
2769 1931 3184 2029 Noviomenses
3213 1933 3350 1990 data
3395 1935 3489 1990 die
3535 1953 3612 1992 vn
3655 1937 3802 2029 ldus

390 2012 589 2089 ibique
620 2017 856 2090 scripsit
869 2017 1175 2089 epistolam
1190 2018 1262 2073 ad
1295 2017 1600 2073 universos
1631 2015 1874 2072 Gotthia:
1893 2017 2034 2072 ﬁde-

388 2105 475 2162 le's
504 2107 565 2162 in
597 2105 846 2186 gratiam
901 2107 1318 2164 monachorum
1361 2107 1557 2163 Sancti
1610 2105 1822 2180 [Εείάἰὶ
1853 2105 2032 2162 Vallis

389 2191 693 2264 Flavianas,
725 2195 942 2268 quibus
954 2196 1257 2268 Raymund
1267 2212 1332 2251 us
1344 2211 1540 2252 comes
1564 2194 1847 2252 nonnulla
1866 2195 2034 2252 resti-

386 2289 598 2354 tuerat,
650 2303 778 2358 quae
807 2283 944 2341 huic
993 2285 1349 2342 monasterio
1383 2284 1508 2357 ipse
1537 2288 1593 2340 et
1621 2285 1750 2357 ejus
1779 2289 2035 2341 anteces-

387 2369 797 2446 sores’injuste
852 2371 1236 2431 abstulerant.
1271 2377 1336 2428 In
1397 2373 1714 2446 pontificiis
1764 2391 1831 2431 ea
1871 2374 1942 2430 de
1973 2391 2033 2430 re

387 2461 618 2532 litteris,
654 2481 781 2536 qua:
808 2469 1010 2536 postea
1041 2464 1100 2518 in
1129 2463 1349 2536 synodo
1371 2462 1704 2520 Placentina
1735 2461 1956 2519 reiecta:
1976 2469 2033 2520 et

387 2543 742 2610 confirmata;
772 2553 1028 2627 fuerunt,
1061 2553 1216 2608 datis
1259 2552 1555 2608 Cremonae
1604 2551 1712 2608 hoc
1763 2569 1913 2608 anno
1953 2570 2031 2609 x11

382 2641 675 2712 Kalendas
727 2642 938 2709 Martii,
989 2641 1206 2698 mentio
1263 2641 1328 2696 ﬁt
1358 2641 1604 2698 Herviraa
1655 2642 1852 2697 uxoris
1882 2642 2029 2716 Ray-

383 2733 790 2804 mundi,cujus
802 2748 1013 2788 nomen
1026 2731 1120 2786 hic
1143 2747 1697 2797 commemoramus,
1712 2731 1865 2806 quod
1885 2731 2030 2788 illud

382 2821 540 2876 varie
569 2821 726 2892 apud
737 2819 930 2876 varios
951 2818 1126 2874 ctiam
1144 2820 1417 2892 antiquos
1437 2825 1700 2876 auctores
1725 2820 2027 2876 referatur.

382 2908 542 2966 Idem
573 2907 831 2980 pontifex
847 2907 1216 2980 privilegium
1229 2909 1519 2963 concessit
1531 2907 1711 2964 Gissze
1724 2907 2030 2965 abbatissae

384 2987 1557 3068 monasteriiSanctiJoannisEvangelistae
1573 3013 1752 3068 prope
1762 2998 2030 3054 eamdem

381 3088 731 3144 Cremonam
788 3086 1014 3153 urbem,
1077 3084 1231 3156 quod
1263 3100 1395 3140 cum
1449 3083 1678 3140 nullum
1732 3085 1943 3142 habeat
1971 3087 2028 3142 in

383 3177 580 3234 codice
609 3193 678 3234 ex
705 3191 820 3248 quo
850 3174 995 3230 illud
1025 3174 1332 3242 habemus,
1375 3173 1764 3248 chronologite
1807 3180 2026 3244 notam,

383 3252 500 3323 Huc
529 3281 797 3322 revocare
825 3263 1017 3322 visum
1049 3266 1154 3320 est.
1191 3263 1406 3320 Mirum
1439 3267 1636 3320 autem
1665 3269 1756 3320 est
1803 3265 2024 3322 nullam

2146 2017 2356 2083 Martii,
2391 2023 2520 2089 post
2551 2018 2882 2074 absolutam
2899 2021 3208 2094 synodum.
3243 2026 3317 2078 At
3345 2039 3638 2096 nusquam
3656 2024 3802 2099 legi-

2142 2111 2238 2160 tur
2266 2113 2407 2178 quot
2437 2107 2522 2162 vel
2556 2107 2657 2180 qui
2679 2109 2935 2182 episcopi
2966 2109 3018 2166 ei
3049 2111 3440 2181 interfuerint,
3474 2113 3590 2170 nisi
3634 2117 3798 2186 quod

2140 2194 2198 2250 in
2232 2197 2409 2251 veteri
2444 2197 2728 2253 Chronico
2769 2199 3072 2264 Saxonico,
3129 2201 3282 2272 quod
3319 2217 3429 2257 ms.
3479 2201 3795 2274 habemus,

2141 2283 2370 2339 dicatur
2396 2284 2680 2342 Henricus
2709 2285 2768 2341 in
2801 2289 3799 2362 easynodoaducentisfcrePatribus

2141 2373 2551 2430 communione
2577 2374 2976 2432 ecclesiastica
3042 2378 3308 2449 privatus
3369 2379 3570 2436 fuisse.
3628 2381 3797 2439 Idem

2138 2464 2388 2516 testatur
2415 2461 2686 2518 Albertus
2717 2463 3020 2520 Stadensis
3051 2465 3233 2521 abbas
3266 2466 3327 2522 in
3345 2484 3452 2524 suo
3483 2467 3820 2527 Chronico.‘

2139 2551 2282 2605 Acta
2309 2566 2442 2607 vero
2472 2567 2599 2624 quae
2633 2552 2883 2608 modoex
2905 2553 3554 2626 Labbcolaudabamus,
3573 2558 3800 2616 habent

2140 2637 2290 2694 hanc
2321 2639 2608 2710 synodum
2637 2641 2960 2712 praesidente
3006 2641 3224 2700 domino
3252 2645 3464 2702 Urbano
3503 2662 3628 2702 cum
3673 2650 3795 2720 epi-

2137 2729 2306 2797 scopis
2335 2733 2384 2782 ci
2414 2728 2699 2784 abbatibus
2729 2733 2842 2785 tam
2872 2729 3180 2788 Galliarum
3209 2750 3372 2804 quam
3399 2738 3450 2792 et
3478 2735 3794 2808 Langobar-

2138 2815 2249 2873 αἰῶ»
2275 2819 2326 2872 et
2387 2817 2594 2874 Tusciae
2631 2817 2814 2875 fuisse
2867 2817 3255 2891 celebratam;
3315 2823 3419 2880 sed
3474 2824 3796 2883 nonnullos

2139 2920 2372 2978 quoque
2402 2907 2707 2978 episcopos
2733 2924 2802 2964 ea:
2831 2909 3177 2978 Alemannia,
3220 2912 3500 2984 Bajoaria,
3551 2913 3797 2986 aliisque

2137 2995 2454 3066 provinciis
2503 2994 2618 3050 huc
2650 2997 2992 3054 convenisse
3038 2998 3346 3058 Bertoldus
3391 3001 3666 3072 afﬁrmat,
3721 3021 3795 3062 ex

2139 3083 2352 3155 quibus
2382 3085 2707 3154 Dimonem,
2741 3103 2844 3142 seu
2877 3087 3258 3146 Thiemonem
3277 3089 3790 3164 Salisburgensem

2137 3171 2638 3246 archiepiscopum
2666 3180 2723 3231 et
2754 3175 3090 3234 Udalricum
3123 3179 3464 3252 episcopum
3485 3181 3794 3239 Patavien-

2137 3278 2261 3317 sem
2283 3279 2352 3318 ex
2380 3263 2665 3334 Bajoaria,
2698 3265 3108 3322 Gebehardum
3156 3268 3663 3326 Constantiensem
3717 3288 3792 3329 ex

383 3355 566 3428 hujus
595 3352 933 3412 monasterii
979 3353 1334 3409 mentionem
1366 3352 1632 3422 inveniri,
1686 3370 1757 3410 ne
1787 3354 2023 3424 quidem
2056 3335 2098 3400 Ο
2134 3349 2476 3408 Alemannia
2505 3357 2563 3409 et
2592 3353 2926 3412 Udalricum
2941 3357 3138 3430 Augite
3151 3358 3442 3427 abbatem,
3467 3359 3600 3416 data
3618 3375 3788 3418 occa-

385 3445 540 3518 apud
571 3444 866 3501 Lubinum
897 3443 958 3498 in
983 3441 1200 3498 Notitia
1228 3441 1596 3498 abbatiarum
1627 3441 1826 3508 Italize,
1857 3445 2028 3516 cujus

383 3535 715 3592 conditores
740 3533 924 3590 fuisse
952 3530 1312 3589 Bernardum
1343 3531 1635 3599 comitem,
1667 3536 1725 3586 et
1751 3531 2025 3589 Bertham

377 3627 506 3700 ejus
536 3642 775 3684 uxorem
805 3629 1066 3698 tempore
1081 3619 1340 3696 Gregorii
1366 3623 1547 3679 Vllex
1567 3622 1676 3678 hoc
1707 3622 2026 3696 diplomate

375 3717 678 3775 discimus.

753 3804 950 3862 CLXX.
986 3805 1290 3860 Concilium
1324 3804 1634 3859 Placentia.

441 3896 559 3950 Sub
587 3895 764 3950 ﬁnem
793 3893 1092 3949 Februarii
1123 3891 1380 3964 pontifex
1410 3890 1766 3947 Placentiam
1789 3891 2022 3948 advenit

367 3968 682 4040 concilium
714 3999 848 4038 mox
859 3979 1442 4050 celebraturus,quod
1465 3979 1572 4035 hoc
1586 3996 1736 4035 anno
1749 3979 2016 4036 habitum

367 4073 551 4129 fuisse
575 4055 780 4128 omnes
811 4069 1200 4128 consentiunt.
1215 4068 1274 4123 Si
1301 4085 1434 4124 vero
1453 4067 1762 4124 concilium
1785 4067 2020 4124 Placen-

360 4162 552 4218 tinum
582 4158 1064 4218 auctorChronici
1079 4156 1725 4228 Malleacensis,aliique
1745 4157 2015 4214 nonnulli

363 4255 628 4309 auctores
658 4267 811 4307 anno
848 4249 985 4304 1094
1013 4245 1434 4321 consignarint,
1473 4245 1582 4302 hac
1631 4247 1690 4301 in
1721 4263 1782 4302 re
1827 4249 2013 4303 secuti

365 4345 505 4400 sunt
532 4343 786 4398 veterem
828 4337 1126 4394 Gallorum
1175 4335 1554 4408 computandi
1613 4351 1858 4404 morem,
1909 4337 2011 4408 qui

363 4429 502 4488 anni
530 4427 831 4486 exordium
865 4443 898 4482 a
922 4426 1204 4482 Paschate
1226 4425 1584 4497 repetebant.
1611 4423 2008 4482 Placentinum

361 4518 678 4576 Ecclesiam
707 4521 846 4573 tunc
876 4515 1134 4588 regebat,
1163 4515 1212 4571 si
1230 4513 1472 4588 Ugbello
1502 4511 1828 4583 credamus,
1847 4515 2008 4570 Addo

361 4627 464 4667 seu
493 4607 698 4675 Aldus,
730 4605 960 4662 Henrici
989 4603 1236 4677 Augusti
1271 4602 1662 4673 consiliarius,
1713 4604 1825 4672 cui,
1875 4609 2009 4676 post

2138 3441 2321 3509 sione,
2354 3447 2632 3512 recenset;
2665 3449 2817 3500 certe
2845 3444 3154 3502 Udalricus
3173 3445 3290 3504 illis
3313 3449 3690 3521 temporibus,
3717 3455 3788 3508 ut

2136 3529 2291 3586 idem
2324 3535 2528 3587 auctor
2557 3532 2779 3602 scribit,
2831 3534 2904 3589 ab
2933 3534 3060 3606 ipso
3106 3535 3374 3607 pontiﬁce
3411 3536 3468 3592 in
3510 3537 3784 3601 abbatem

2135 3625 2508 3678 consecratus
2591 3621 2720 3677 fuit.
2792 3622 3053 3680 Aliorum
3137 3641 3388 3697 quorum
3449 3626 3786 3686 antistitum

2133 3711 2373 3768 nomina
2401 3729 2470 3767 ex
2491 3711 2622 3768 aliis
2655 3713 3056 3770 monumentis
3082 3713 3384 3772 discimus.
3422 3716 3515 3772 Sic
3557 3715 3784 3776 Hmllus

2131 3803 2634 3857 Cenomannorum
2667 3801 2912 3858 antistes
2940 3802 2999 3858 in
3025 3803 3181 3860 Actis
3211 3804 3338 3876 ejus
3367 3803 3635 3862 Ecclesiae
3657 3807 3786 3880 epi-

2130 3907 2464 3962 scoporum,
2495 3889 2666 3946 editis
2703 3895 2862 3948 tomo
2895 3891 2972 3948 Ill
2989 3892 3398 3950 Analectorum
3417 3893 3786 3952 Mabillonia-

2129 3995 2360 4045 norum,
2395 3977 2608 4034 dicitur
2637 3995 2702 4035 eo
2733 3985 2990 4052 tempore
3022 3982 3268 4038 Romam
3318 3982 3550 4051 adiisse,
3603 3988 3786 4058 atque

2126 4067 2376 4140 benigne
2405 4068 2476 4122 ab
2507 4066 2738 4124 Urbano
2770 4073 3042 4140 acceptus
3072 4087 3205 4126 cum
3237 4087 3304 4127 eo
3345 4072 3490 4144 apud
3536 4073 3781 4131 Placen-

2122 4157 2258 4210 tiam
2279 4157 2569 4228 apostolico
2601 4158 2916 4229 inter/uisse
2945 4161 3202 4216 concilio.
3240 4160 3400 4216 Idem
3441 4159 3780 4234 colligimus

2123 4245 2193 4300 de
2221 4244 2499 4301 Radbodo
2529 4245 2802 4319 episcopo
2835 4247 3204 4305 Noviomensi
3235 4265 3304 4305 ex
3341 4249 3590 4322 epistola
3638 4267 3781 4308 mox

2119 4333 2374 4402 laudata,
2407 4339 2465 4390 et
2497 4333 2567 4390 de
2597 4334 2839 4408 Hugone
2859 4336 3778 4412 Gratianopolitano,exepistolis

2119 4423 2190 4479 de
2216 4423 2610 4480 controversia
2639 4423 2772 4497 pagi
2798 4424 3300 4484 Salmoriacensis.
3325 4425 3490 4483 Haud
3523 4428 3774 4486 dubium

2117 4513 2258 4585 quin
2291 4513 2478 4570 eidem
2511 4513 2732 4586 synodo
2763 4515 3542 4572 interfuerintNarbonensis
3564 4521 3622 4573 et
3639 4519 3775 4576 Are-

2115 4601 2358 4658 latensis
2389 4601 2812 4675 archiepiscopi
2843 4619 2975 4660 cum
2996 4605 3287 4677 episcOpis
3309 4605 3691 4663 Nemausensi
3715 4610 3776 4664 et

359 4699 714 4757 Bonizonem
741 4695 1124 4762 Sutriensem,
1145 4691 1446 4766 praemittit
1463 4691 1559 4749 ille
1590 4696 1790 4749 auctor
1809 4693 2008 4749 Vindi-
2035 4708 2082 4774 D
2113 4691 3564 4764 Magalonensi,quibusUrbanusPsalmodiensium
3579 4711 3774 4752 causa

357 4789 514 4846 cium
534 4805 686 4846 anno
708 4786 838 4843 1091
877 4789 934 4841 et
961 4783 1277 4855 Watrium,
1312 4781 1546 4840 natione
1589 4781 1804 4852 Gallos,
1857 4801 2004 4855 quos

355 4877 668 4950 fortehuic
699 4875 1043 4932 Henriciano
1057 4864 1326 4945 episcopo
1344 4870 1614 4928 Urbanus
1631 4876 2000 4944 opposuerat,

356 4983 422 5025 eo
453 4967 628 5022 modo
661 4982 775 5038 quo
807 4964 997 5036 ipsius
1027 4962 1199 5019 Urbis
1231 4961 1383 5018 cives
1412 4960 1680 5016 Ecclesiae
1729 4961 2001 5017 Romanae

357 5053 747 5114 addictissimi
772 5053 1122 5109 Bonizonem
1146 5055 1316 5108 antea
1333 5050 1695 5122 adoptarant.
1722 5049 1894 5106 Porro
1927 5051 1999 5106 ad

354 5145 666 5202 concilium
695 5148 860 5200 tanta
889 5141 1156 5198 convenit
1184 5158 1252 5196 ex
1283 5141 1440 5196 omni
1474 5139 1706 5194 natione
1729 5157 1855 5212 qum
1889 5141 1998 5196 sub

355 5235 497 5290 cmlo
527 5237 617 5290 est
646 5233 952 5288 hominum
987 5229 1320 5296 multitudo,
1345 5234 1410 5284 ut
1439 5246 1536 5284 eos
1567 5229 1731 5284 nulla
1760 5229 2003 5286 ecclesia

356 5322 588 5398 nullave
607 5323 819 5379 domus
845 5321 1082 5394 publica
1099 5325 1198 5376 aut
1227 5319 1468 5392 privata,
1489 5318 1606 5375 imo
1639 5318 1800 5375 nulla
1823 5319 1997 5374 etiam

357 5408 551 5486 platea
597 5411 760 5467 urbis
816 5408 1112 5465 continere
1173 5408 1460 5478 potuerit;
1517 5425 1697 5481 quare
1743 5407 2003 5480 pontifex

354 5501 563 5572 synodi
592 5504 911 5556 conventus
931 5502 1092 5554 extra
1114 5499 1316 5555 urbem
1347 5499 1403 5552 in
1437 5514 1644 5570 campo
1667 5495 1998 5564 celebravit,

351 5591 482 5664 ipso
511 5593 763 5645 testante
819 5587 1110 5655 Bertoldo,
1163 5585 1262 5660 qui
1312 5587 1485 5644 etiam
1541 5584 1716 5659 paulo
1757 5585 2004 5640 inferius

353 5679 558 5737 scribit
589 5679 658 5734 ad
691 5695 818 5735 eam
832 5677 1172 5734 clericorum
1186 5680 1436 5748 quatuor
1452 5676 1568 5732 fere
1598 5673 1804 5742 millia,
1823 5673 2005 5732 laico-

347 5784 484 5837 rum
513 5783 648 5826 vero
661 5766 793 5844 plus
825 5781 1001 5844 quam
1013 5765 1258 5844 triginta
1289 5753 1474 5823 millia
1503 5761 2005 5831 occurrisse.Hinc

2113 4781 2504 4854 cognitionem
2535 4780 2814 4837 adversus
2846 4781 3245 4839 Massilienses
3277 4782 3476 4839 Sancti
3515 4783 3772 4841 Victoris

2113 4869 2429 4926 monachos
2461 4869 2569 4924 hoc
2602 4886 2757 4926 anno
2789 4870 3107 4939 commisit,
3143 4871 3194 4928 si
3220 4888 3336 4928 non
3367 4869 3518 4927 fallit
3547 4872 3772 4928 instru-

2111 4962 2377 5014 mentum
2389 4958 2540 5014 ea'de
2553 4975 2612 5013 re
2627 4958 3052 5014 confectum.At
3062 4960 3424 5032 probabilius
3435 4964 3526 5018 est
3541 4977 3770 5018 annum

2111 5047 2246 5104 4095
2281 5063 2384 5118 pro
2444 5047 2583 5102 1096
2639 5046 2806 5102 initio
2837 5048 2966 5119 ejus
3023 5048 3402 5105 instrumenti
3433 5048 3764 5122 irrepsisse.

2109 5137 2268 5192 Alios
2295 5135 2543 5192 fortasse
2575 5137 2740 5192 nobis
2773 5137 3234 5209 suppeditabunt
3249 5138 3365 5194 alia
3381 5137 3623 5210 antiqua
3643 5155 3770 5196 mo-

2110 5229 2411 5295 numenta,
2444 5226 2546 5280 sed
2578 5225 2804 5280 nullum
2828 5225 3027 5297 plures
3055 5227 3276 5284 indicat
3322 5243 3500 5300 quam
3532 5227 3770 5301 privile-

2108 5315 2270 5387 gium
2303 5313 2498 5370 Sancti
2528 5314 2736 5386 [Egidii
2777 5315 2906 5386 jam
2952 5314 3281 5384 laudatum,
3333 5317 3490 5389 quod
3538 5315 3599 5372 in
3649 5316 3762 5374 hac

2109 5403 2330 5476 synodo
2355 5419 2490 5460 cum
2521 5403 2752 5460 Urbano
2768 5404 3194 5462 conﬁrmarunt
3223 5404 3394 5462 multi
3412 5405 3764 5475 cardinales,

2110 5493 2367 5566 episcopi
2399 5498 2458 5550 et
2484 5496 2603 5550 tres
2633 5494 2896 5566 abbates,
2929 5511 3183 5566 quorum
3217 5495 3458 5552 nomina
3484 5494 3626 5552 huic
3643 5498 3765 5570 pri-

2109 5581 2320 5655 vilegio
2371 5582 2820 5640 subnectuntur.
2881 5583 3146 5640 Pontiﬁci
3177 5585 3238 5640 in
3286 5585 3490 5641 eadem
3537 5587 3768 5658 synodo

2113 5670 2510 5728 consiliarium
2525 5670 2786 5730 adfuisse
2797 5676 3067 5730 sanctum
3080 5673 3436 5743 Brunonem,
3455 5679 3767 5747 parentem

2114 5759 2656 5833 Carthusianorum,
2719 5778 2922 5822 omnes
2978 5763 3160 5824 ferme
3215 5763 3436 5841 vulgati
3492 5768 3770 5830 auctores
