3962 6412
172 424 289 487 141-

1767 431 1975 497 VITA.

3456 427 3577 501 “2

172 561 557 630 tradiderunt,
592 579 697 617 nec
727 562 959 619 animus
990 570 1079 619 est
1101 562 1248 620 hanc
1270 565 1600 637 opinionem
1625 567 1814 639 impu-
1843 573 1900 635 Α
1929 567 2151 640 cedenti
2187 568 2551 636 convenerat,
2574 566 2745 638 eique
2774 564 3008 620 nomine
3039 562 3379 635 patriarcha:
3407 564 3573 621 Jero-

167 649 412 721 gnandi;
444 655 504 706 at
533 650 651 707 illis
680 652 951 708 assentiri
994 670 1108 709 non
1143 671 1383 726 possum
1417 654 1513 726 qui
1544 660 1815 711 asserunt

166 740 298 795 huic
339 745 546 796 sancto
598 741 719 797 viro
768 746 906 798 tunc
956 743 1236 815 temporis
1276 744 1535 800 oblatum
1570 745 1752 801 fuisse
1783 763 1816 801 a

164 829 433 901 pontiﬁce
450 830 1014 903 archiepiscopatum
1039 832 1424 905 Rhegiensem
1450 834 1510 888 in
1527 833 1810 890 Calabria.

165 919 277 973 Hoc
308 919 467 974 enim
498 921 570 975 ad
593 919 751 975 aliud
768 925 1001 994 tempus
1024 923 1411 979 revecandum
1433 940 1581 992 esse,
1610 928 1675 979 ut
1691 925 1810 995 jam

164 1006 304 1063 alias
326 1006 611 1077 diximus,
633 1025 701 1064 ex
721 1026 786 1065 eo
808 1010 1093 1066 evincitur
1114 1012 1266 1083 quod
1302 1015 1440 1067 tunc
1471 1012 1599 1083 ejus
1623 1011 1810 1068 Eccle-

164 1098 257 1152 sia;
306 1098 480 1154 sedes
520 1115 704 1155 vacua
734 1116 851 1155 non
885 1100 1075 1156 fuerit.
1108 1100 1179 1156 Ut
1211 1106 1275 1156 ut
1300 1100 1395 1168 sit,
1451 1105 1675 1157 certum
1724 1106 1814 1159 est

164 1186 518 1255 Brunonem,
538 1187 645 1243 etsi
672 1188 971 1245 Urbanum
997 1189 1348 1245 Placentiam
1371 1208 1558 1261 usque
1579 1191 1814 1246 comita-

160 1279 254 1332 tus
277 1275 374 1344 sit,
405 1276 467 1331 in
493 1275 712 1332 Gallias
738 1294 872 1334 cum
900 1295 965 1334 eo
990 1296 1103 1335 non
1126 1278 1398 1346 rediisse;
1420 1280 1569 1350 quod
1600 1280 1742 1335 forte
1758 1281 1809 1336 ei

161 1376 330 1436 grave
368 1364 582 1420 fuisset
602 1383 705 1437 per
730 1369 815 1421 tot
846 1366 1108 1424 civitates
1140 1385 1205 1423 ac
1236 1368 1564 1441 provincias
1614 1385 1809 1440 perer-

160 1470 313 1510 rare:
348 1471 534 1527 quare
592 1454 649 1509 in
681 1454 1006 1511 Calabriam
1064 1456 1324 1523 secessit,
1359 1456 1458 1511 ubi
1509 1458 1634 1529 jam
1681 1462 1808 1513 tum

159 1542 380 1599 ordinis
404 1543 497 1599 sui
520 1542 901 1602 fundamenta
920 1552 1193 1618 posuerat
1215 1544 1537 1619 multisque
1559 1547 1809 1602 donatus

158 1631 347 1689 fuerat
394 1633 894 1706 possessionibus,
927 1639 992 1690 ut
1030 1640 1189 1708 patet
1216 1653 1285 1691 ex
1316 1634 1545 1709 Rogerii
1577 1635 1809 1692 comitis

157 1725 212 1777 et
241 1721 493 1778 aliorum
526 1721 958 1789 instrumentis,
985 1740 1110 1797 quae
1130 1724 1350 1797 passim
1369 1723 1427 1779 in
1451 1724 1614 1781 libris
1636 1724 1808 1782 editis

158 1816 493 1867 occurrunt.

157 1918 409 2008 CLXXII-Ii.
438 1919 587 2008 Quid
741 1920 1202 2008 eodeniﬁconfitio
1246 1925 1555 2008 tractatum.
1594 1922 1804 2008 fti-
1838 1943 1884 2008 B

225 1992 398 2046 vertio
426 1990 698 2065 Pragedis
716 1993 1000 2065 Augustae.
1053 1993 1572 2049 Excommunicatur
1602 1994 1808 2065 Philip-

219 2078 324 2135 pus
354 2079 479 2117 rex.
516 2062 898 2135 Expeditiones
926 2079 1117 2121 sacrae.

222 2172 440 2225 Auctor
465 2172 555 2224 est
578 2167 888 2224 0rdericus
917 2169 1148 2239 Vitalis,
1173 2171 1337 2225 initio
1357 2169 1487 2225 libri
1511 2189 1588 2235 1x.
1624 2171 1798 2227 Urba-

158 2275 293 2314 num
327 2274 546 2331 papam
578 2256 636 2312 in
670 2257 912 2314 concilio
945 2258 1275 2315 Placentino
1321 2261 1384 2315 de
1408 2278 1542 2332 pace
1572 2261 1806 2333 aliisque

157 2348 488 2403 utilitatibus
519 2352 725 2404 sanctae
768 2349 1025 2405 Eorlcsiw
1054 2348 1348 2418 diligenter
1378 2354 1656 2405 tractasse.
1692 2350 1804 2405 Sed

154 2454 273 2509 quae
307 2436 404 2493 hic
435 2440 642 2492 auctor
670 2437 1010 2493 summatim
1062 2438 1304 2510 protulit
1335 2456 1519 2510 operas
1548 2439 1804 2512 pretium

154 2533 234 2581 est
262 2524 443 2599 paulo
474 2525 804 2581 accuratius
835 2543 904 2581 ex
933 2526 1061 2582 aliis
1095 2528 1499 2598 scriptoribus,
1534 2545 1598 2584 ac
1624 2528 1802 2599 potis-

154 2617 368 2671 simum
422 2632 491 2672 ex
536 2615 821 2683 Bertoldo,
873 2615 1237 2688 singulatim,
1300 2623 1472 2688 prout
1531 2617 1618 2671 fas
1673 2619 1802 2684 erit,

154 2706 496 2778 expendere.
547 2705 634 2760 Ad
691 2704 842 2760 hanc
893 2705 1180 2777 synodum
1240 2710 1477 2761 venerat
1534 2705 1803 2761 Praxedis

154 2796 436 2866 Augusta,
464 2808 496 2847 a
518 2790 963 2864 chronographo
997 2792 1302 2864 Saxonico,
1326 2810 1501 2865 quem
1526 2795 1650 2865 jam
1682 2793 1803 2849 lau-

155 2883 443 2947 davimus,
476 2885 533 2937 et
563 2880 946 2937 aDodechino
978 2882 1132 2937 dicta
1161 2882 1515 2948 Adheleidis,
1540 2883 1707 2953 cujus
1732 2884 1803 2938 ab

156 2970 396 3027 Henrico
426 2970 777 3043 imperatore
827 2987 1121 3026 secessum
1153 2971 1552 3044 approbarunt
1585 2972 1801 3041 Patres,

160 3076 285 3115 cum
314 3058 389 3113 ab
409 3074 480 3113 ea
500 3056 826 3113 audiissent
843 3059 1035 3114 varias
1065 3060 1472 3127 contumelias,
1506 3064 1557 3115 el
1588 3061 1804 3116 inaudi-

158 3152 234 3203 tas
262 3147 702 3220 fomicationum
755 3149 1045 3219 spurcities
1105 3165 1252 3220 quas
1301 3166 1334 3203 a
1392 3150 1599 3204 marito
1639 3167 1804 3223 passa

163 3238 363 3293 fuerat.
399 3236 550 3292 Hinc
594 3237 1000 3293 commissorum
1026 3236 1368 3293 delictorum
1411 3256 1535 3311 quae
1570 3239 1803 3295 nonnisi

1927 656 2260 730 selymitani
2312 659 2656 728 exposuerat
2702 671 2878 727 quam
2930 652 3292 709 necesarium
3335 652 3481 708 foret
3508 656 3575 709 ut

1923 746 2237 801 Christiani
2272 745 2587 824 principes,
2610 744 2785 799 simul
2805 743 2862 797 in
2885 760 3070 799 unum
3093 741 3425 814 conjunctis
3444 741 3577 797 viri-

1924 835 2055 903 bus,
2090 852 2317 890 sacram
2342 834 2769 907 expeditionem
2792 832 3156 905 susciperent
3172 832 3233 887 in
3255 832 3571 900 Orientem,

1925 924 1997 979 ad
2028 924 2287 979 locorum
2325 940 2626 980 sacrorum
2660 921 3159 995 recuperationem
3204 924 3262 976 et
3308 923 3574 976 tutamen

1923 1012 2410 1081 Christianorum,
2444 1012 2543 1086 qui
2590 1013 2649 1067 in
2704 1012 2797 1067 his
2844 1011 3182 1084 regionibus
3235 1008 3411 1084 positi
3463 1008 3574 1064 sub

1922 1102 2396 1176 inﬁdeliumjugo
2413 1102 2923 1175 opprimebantur;
2948 1116 3127 1172 quare
3150 1099 3291 1154 dum
3304 1098 3573 1154 Urbanus

1921 1192 2191 1249 absoluta
2238 1192 2573 1248 Placentina
2626 1191 2871 1265 synodo,
2942 1189 3116 1246 aliam
3174 1186 3571 1265 celebraturus

1920 1282 2122 1337 eadem
2171 1282 2242 1337 de
2300 1299 2478 1338 causa
2526 1281 2584 1335 in
2614 1261 2829 1336 Gallias
2883 1261 3573 1349 veniret,'Petrus"ipse

1921 1371 2109 1426 varias
2122 1370 2452 1443 provincias
2465 1387 2531 1426 eo
2548 1370 2744 1443 animo
2760 1368 3199 1445 peragrabat,nt
3219 1364 3572 1440 populorum

1919 1464 1973 1515 et
1995 1459 2367 1531 potissimum
2384 1459 2634 1515 virorum
2654 1457 2935 1513 nobilium
2951 1456 3180 1513 animos
3193 1473 3259 1511 ac
3274 1454 3572 1529 principes

1920 1550 1990 1605 ad
2021 1549 2127 1604 has
2164 1548 2559 1621 expeditiones
2584 1546 3023 1621 amplectendas
3053 1547 3424 1618 praepararet.

2273 1637 2522 1693 CLXXII.
2582 1639 2824 1694 Hazreses
2862 1636 3207 1709 proscripta.

1988 1726 2331 1799 Proscriptae
2362 1726 2422 1781 in
2453 1726 2655 1782 eadem
2688 1726 2907 1798 synodo
2927 1724 3179 1779 haereses
3205 1738 3333 1794 quis
3361 1720 3559 1777 Eccle-

1919 1816 2066 1871 siam
2102 1820 2243 1871 tunc
2274 1815 2553 1888 temporis
2586 1814 3028 1881 perturbabant.
3072 1812 3376 1885 Praecipua:
3405 1811 3572 1866 erant

1920 1904 2387 1961 Simoniacorum
2410 1908 2468 1960 et
2498 1920 2698 1959 eorum
2723 1902 2824 1975 qui
2856 1903 2928 1958 ab
2958 1901 3124 1974 ipsis,
3150 1918 3299 1975 quos
3319 1900 3404 1955 uti
3423 1897 3569 1955 tales

1918 1997 2216 2060 noverant,
2251 1994 2483 2049 fuerant
2514 1991 2798 2061 ordinati;
2832 1992 2971 2065 item
3000 1989 3441 2060 Nicolaitarum,
3464 2001 3570 2044 seu

1916 2084 2389 2156 presbyterorum
2448 2081 2817 2154 aliorumque
2870 2080 3160 2151 majorum
3222 2077 3569 2135 clericorum

1916 2172 2427 2228 incontinentium.
2453 2172 2749 2227 Renovata
2780 2173 2920 2226 sunt
2949 2169 3125 2226 etiam
3157 2168 3265 2237 ibi,
3296 2170 3365 2224 ut
3393 2165 3571 2223 refert

1916 2261 2242 2327 Bertoldus,
2275 2261 2403 2316 dira
2433 2260 2488 2315 in
2526 2262 2993 2331 Berengarianam
3041 2258 3295 2314 haeresim
3336 2257 3459 2329 jam
3498 2254 3568 2311 ab

1914 2352 2138 2423 antiquo
2187 2351 2486 2422 saepissime
2527 2348 3083 2415 anathemitamtam;
3131 2350 3189 2403 et
3222 2348 3416 2404 contra
3445 2359 3568 2399 eam

1912 2441 2183 2495 sententia
2208 2438 2493 2495 catholij
2536 2438 2665 2508 ﬁdei
2700 2439 2920 2509 ﬁrmata
2951 2435 3089 2491 fuit:
3121 2434 3369 2491 videlicet
3427 2429 3568 2503 quod

1908 2531 2072 2599 panis
2101 2532 2148 2584 et
2180 2529 2369 2582 vinum
2384 2544 2509 2581 eum
2539 2529 2598 2581 in
2630 2527 2799 2581 altari
2825 2527 3231 2589 consecrantur,
3253 2538 3363 2578 non
3391 2522 3568 2577 solum

1912 2621 2164 2689 ﬁgurate,
2208 2617 2298 2671 sed
2348 2618 2515 2671 etiam
2566 2631 2688 2671 rere
2717 2619 2765 2669 et
2794 2615 3157 2670 essentialiter
3184 2614 3241 2667 in
3290 2626 3483 2682 corpus
3514 2612 3568 2665 et

1913 2709 2235 2777 sanguinem
2267 2707 2489 2761 Domini
2507 2707 2868 2760 (revertantur.
2897 2703 3155 2773 Denique
3186 2699 3565 2757 anathemata

1912 2814 2031 2850 eum
2078 2795 2319 2850 candelis
2349 2794 2664 2849 ardentibus
2697 2793 2754 2847 in
2788 2792 3134 2848 Guibertum
3165 2793 3223 2846 et
3250 2790 3379 2861 ejus
3410 2803 3564 2844 com-

1916 2884 2110 2957 pliccs.
2144 2884 2297 2956 quod
2339 2884 2464 2954 jam
2502 2900 2614 2938 non
2648 2881 2828 2938 semel
2855 2881 3072 2936 factum
3106 2879 3313 2948 fuerat,
3345 2877 3560 2933 iterum

1912 2972 2290 3045 pronuntiata
2307 2977 2361 3027 et
2381 2976 2652 3027 renovata
2674 2988 2787 3026 uno
2802 2970 3068 3027 omnium
3092 2968 3329 3024 Patrum
3352 2968 3483 3022 voto
3504 2967 3564 3021 et

1912 3080 2198 3119 consensu
2216 3062 2469 3117 fuerunt.
2491 3060 2763 3131 Ejusdem
2784 3064 2841 3116 et
2860 3057 3087 3115 Henrici
3108 3060 3259 3130 facta
3280 3056 3563 3112 damnata

1913 3172 1945 3209 a
1976 3152 2246 3208 Pati-ibus
2280 3152 2459 3206 fuisse
2492 3154 2689 3205 narrat
2733 3149 3032 3214 Domnizo,
3069 3146 3170 3220 qui
3199 3146 3373 3202 refert
3400 3143 3559 3200 Hen-

1913 3242 2014 3298 rici
2074 3243 2131 3297 in
2181 3241 2495 3296 Praxedem
2543 3238 2763 3311 ﬂagitia
2793 3238 2848 3293 in
2907 3236 3211 3310 publicum
3266 3233 3556 3307 evulgata,

162 3318 341 3382 invita
380 3329 747 3398 perpetrasse
792 3325 1115 3393 videbatur,
1154 3326 1320 3382 venia
1365 3326 1415 3383 ei
1442 3328 1577 3383 data
1609 3332 1715 3395 est,
1746 3316 1874 3384 etC
1914 3330 2493 3387 multisoccasionem
2508 3324 3196 3400 deserendiimperatoris
3217 3322 3558 3397 praebuisse:

162 3414 403 3470 remissa
437 3413 780 3486 poenitentia
803 3431 929 3486 quas
964 3416 1322 3488 injungenda
1354 3417 1561 3472 fuisset
1590 3418 1660 3472 ad
1686 3422 1808 3473 tan-

160 3509 347 3560 torum
397 3503 729 3560 facinorum
777 3503 1187 3576 expiationem,
1236 3506 1391 3577 quod
1443 3505 1653 3562 delicta
1700 3525 1808 3563 sua

164 3593 351 3665 palam
376 3611 495 3650 non
516 3593 849 3650 erubuisset
869 3595 1148 3651 confiteri.
1174 3595 1301 3649 Haec
1321 3613 1473 3663 vero,
1500 3601 1728 3667 recepta
1749 3596 1804 3651 in

162 3683 403 3740 concilio
435 3680 827 3754 absolutione,
878 3684 939 3740 in
988 3686 1235 3757 patriam
1288 3703 1455 3740 suam
1505 3686 1808 3741 revertisse

163 3772 396 3839 dicitur,
454 3773 557 3828 ubi
600 3773 824 3829 reclusa
869 3775 925 3829 in
960 3775 1311 3831 monasterio
1365 3775 1492 3829 vita:
1525 3775 1806 3847 religiosae

163 3863 451 3918 exercitiis
484 3879 717 3934 operam
752 3880 993 3932 navans,
1028 3866 1374 3919 sanctoline
1408 3865 1645 3937 quievit.

230 3952 542 4025 Philippus
573 3951 929 4008 Francorum
962 3969 1082 4019 rex,
1112 3954 1211 4024 qui
1245 3972 1394 4008 anno
1441 3954 1805 4025 praecedenti,

164 4047 223 4097 ut
254 4042 537 4108 diximus,
570 4042 643 4096 ab
687 4041 926 4115 Hugone
966 4042 1156 4115 legato
1186 4043 1343 4098 sedis
1375 4043 1702 4114 apostolicae
1737 4044 1809 4099 ob

163 4131 527 4187 adulterinas
559 4132 689 4203 ejus
710 4131 948 4203 nuptias
969 4131 1506 4187 excommunicatus
1538 4131 1593 4186 in
1620 4138 1812 4205 Augu-

164 4220 510 4277 stodunensi
538 4220 783 4276 concilio
816 4222 1022 4286 fuerat,
1055 4223 1324 4291 legatione
1351 4222 1422 4276 ad
1456 4222 1604 4276 hanc
1634 4239 1811 4294 syno-

165 4312 301 4368 dum
333 4310 543 4377 missa,
576 4310 842 4365 inducias
873 4328 907 4366 a
936 4311 1212 4383 pontiﬁce
1243 4309 1464 4382 accepit
1494 4310 1566 4365 ad
1598 4312 1811 4367 festum

168 4400 566 4467 Pentecostes;
592 4399 716 4471 ipse
737 4416 872 4455 vero
892 4403 1079 4472 Hugo,
1101 4400 1254 4472 quod
1268 4443 1281 4469 ,
1301 4399 1374 4454 ab
1396 4398 1628 4456 Urbano
1650 4417 1813 4456 voca-

168 4496 262 4546 tus
291 4490 364 4544 ad
415 4488 727 4561 synodum,
778 4505 884 4544 nec
916 4488 1040 4560 ipse
1071 4505 1175 4544 nec
1206 4488 1363 4544 ullus
1393 4489 1464 4543 ab
1495 4505 1561 4544 eo
1592 4488 1811 4545 missus

168 4577 553 4646 interfuisset,
584 4593 617 4632 a
646 4575 954 4649 legationis
981 4574 1311 4649 apostolicae
1338 4576 1527 4632 ofﬁcio
1561 4593 1810 4649 suspen-

168 4685 269 4725 sus
291 4672 404 4724 est.

234 4758 611 4813 Advenerunt
631 4755 701 4811 ad
725 4755 991 4811 eamdem
1023 4755 1312 4827 synodum
1333 4754 1512 4811 Alexii
1531 4754 1812 4810 Constan-

168 4844 535 4918 tinopolitani
591 4844 961 4917 imperatoris
1008 4843 1203 4916 legati,
1255 4844 1325 4898 ad
1387 4843 1814 4916 implorandam

169 4935 459 5007 pontificis
473 4933 994 4990 etChristiancrum
1010 4932 1340 5006 principum
1354 4949 1522 5005 opem
1537 4933 1815 4989 adversus

168 5024 454 5094 infideles,
480 5024 579 5096 qui
612 5024 684 5078 ad
709 5040 907 5079 muros
930 5040 1114 5094 usque
1146 5022 1815 5093 Constantinopolitanos

169 5114 363 5169 omnia
397 5113 807 5185 subjugarant.
834 5112 936 5167 His
967 5111 1024 5166 in
1049 5111 1292 5166 concilio
1315 5110 1612 5182 expositis,
1648 5111 1814 5166 multi

171 5203 238 5257 ad
266 5202 697 5275 expeditionem
728 5202 788 5257 in
820 5201 926 5257 has
946 5202 1211 5274 regiones
1243 5200 1814 5272 suscipiendamjam

171 5298 307 5347 tunc
322 5308 384 5347 se
401 5291 833 5359 astrinxerunt;
858 5292 1012 5363 quod
1036 5290 1272 5345 famosa;
1285 5288 1596 5360 illiusque:
1616 5294 1817 5360 postea

171 5382 227 5435 in
259 5380 711 5437 Claromontano
741 5379 984 5437 concilio
1016 5380 1249 5435 decreta
1280 5377 1407 5446 fuit,
1431 5378 1816 5450 expeditionis

171 5470 406 5543 aliquod
436 5469 615 5526 veluti
645 5469 993 5542 praeludium
1028 5468 1156 5524 fuit.
1205 5468 1275 5524 Et
1321 5467 1559 5539 quidem
1609 5472 1817 5526 Petrus

171 5561 430 5627 eremita,
450 5564 517 5616 ut
536 5558 805 5617 scribunt
823 5558 1042 5632 vulgati
1065 5561 1334 5614 auctores
1364 5556 1617 5612 historiae
1646 5574 1815 5630 expe-

172 5650 459 5706 ditionum
501 5646 1147 5724 Jerosolymitanarum,
1179 5663 1247 5702 ex
1290 5644 1521 5701 Oriente
1551 5661 1814 5705 reversus

173 5739 526 5817 pontificem,
559 5742 876 5817 antequam
908 5736 1093 5797 Roma
1122 5735 1321 5805 exiret,
1344 5734 1472 5809 jam
1503 5750 1655 5793 anno
1676 5752 1816 5813 pris-

1917 3420 2070 3493 quod
2103 3420 2333 3476 Urbano
2378 3417 2641 3473 animum
2673 3418 2965 3489 adjecerat
2995 3415 3066 3470 ad
3098 3415 3209 3470 iter
3234 3413 3295 3469 in
3340 3412 3561 3484 Longo-

1916 3508 2181 3565 bardiam
2224 3506 2686 3578 suscipiendum,
2720 3506 2918 3577 ibique
2940 3503 3231 3577 synodum
3262 3500 3562 3558 celebran-

1916 3600 2068 3653 dam.
2106 3596 2336 3652 Videsis
2365 3597 2493 3666 ejus
2526 3593 2781 3649 auctoris
2811 3610 3013 3649 versus
3045 3593 3103 3647 in
3135 3590 3489 3664 Appendice.

1987 3686 2258 3741 CLXXIV.
2297 3686 2474 3753 Λυσία
2522 3684 2768 3754 ερίδσορο
2800 3682 3200 3737 Constantiensi
3227 3679 3488 3750 subjecta.

1988 3776 2180 3830 Testis
2205 3778 2291 3829 est
2306 3771 2610 3827 Bertoldus
2632 3771 2932 3827 Urbanum
2950 3770 3009 3824 in
3031 3785 3099 3825 ea
3116 3767 3336 3841 synodo
3349 3780 3563 3823 omnem

1913 3869 2227 3937 potestatem
2258 3864 2317 3917 in
2369 3863 2576 3917 clerum
2624 3869 2674 3916 et
2709 3861 2973 3932 populum
3026 3857 3319 3927 Augiensis
3367 3855 3565 3911 insula:

1920 3954 2185 4010 Udalrieo
2217 3951 2413 4025 Augiae
2462 3949 2679 4017 abbati,
2716 3964 2890 4021 quem
2922 3948 3175 4020 ipsemet
3204 3962 3270 4002 eo
3300 3948 3564 4017 tempore

1919 4046 2374 4107 consecraverat,
2455 4038 2847 4106 interdixisse,
2898 4051 3145 4109 eamque
3204 4033 3565 4091 concessisse

1918 4132 2257 4189 Gebehardo
2278 4128 2711 4185 Constantiensi
2728 4127 3019 4199 episcopo,
3045 4125 3145 4198 qui
3159 4123 3403 4181 concilio
3426 4137 3567 4196 prte-

1921 4238 2056 4278 sens
2077 4225 2226 4283 erat;
2261 4219 2395 4273 hinc
2423 4234 2553 4272 eum
2578 4214 2906 4288 paulopost
2928 4214 3231 4270 Udalricus
3252 4212 3319 4267 de
3336 4212 3438 4267 illa
3454 4225 3569 4267 sese

1921 4310 2301 4366 intromisissct
2332 4305 2541 4361 litteris
2574 4304 2790 4361 Urbani
2824 4304 3171 4377 redargutus
3189 4305 3295 4358 est.
3319 4299 3427 4357 Sed
3452 4298 3565 4355 illa

1921 4398 2125 4454 litterae
2159 4395 2522 4451 interierunt.

2098 4485 2344 4541 CLXXV.
2394 4484 2655 4540 Canenes.
2687 4484 2762 4538 De
2792 4483 3047 4539 Ecclesiae
3073 4480 3384 4552 disciplina.

1995 4575 2270 4631 Praeclara
2300 4573 2475 4629 etiam
2510 4573 2569 4627 in
2601 4572 2803 4627 eadem
2835 4571 3055 4643 synodo
3101 4569 3256 4625 circa
3288 4584 3481 4624 mores
3511 4569 3568 4623 et

1922 4662 2290 4737 disciplinam
2323 4661 2776 4716 ecclesiasticam
2811 4659 3079 4715 instituta
3108 4663 3166 4713 et
3194 4656 3566 4730 promulgata

1925 4756 2103 4821 fuere,
2138 4768 2387 4824 quorum
2421 4749 2701 4804 nonnulla
2726 4747 2919 4820 capita
2950 4750 3210 4802 recenset
3234 4745 3391 4800 idem
3424 4745 3579 4799 Ber-'

1924 4844 2137 4900 toldus.
2169 4866 2193 4891 ‹‹
2222 4842 2376 4896 Inter
2399 4837 2531 4907 alia,
2562 4837 2753 4910 inquit
2771 4835 2867 4892 ille
2888 4840 3109 4903 auctor,
3134 4838 3371 4890 cautum
3391 4837 3481 4889 est
3502 4836 3567 4889 ut

1925 4935 1995 4989 ad
2031 4930 2428 5006 paenitentiam
2454 4945 2568 4984 non
2592 4925 2950 4999 recipiantur
2978 4924 3075 4997 qui
3099 4923 3478 4992 concubinas,
3510 4926 3569 4979 et

1925 5023 2125 5078 odium
2158 5038 2226 5077 ex
2250 5020 2442 5085 corde,
2463 5021 2520 5072 et
2550 5015 2849 5088 quodlibet
2878 5013 3122 5071 mortale
3150 5017 3450 5085 peccatum
3478 5012 3569 5067 di-

1926 5113 2179 5167 mitteret
2212 5108 2451 5165 nollent.
2487 5106 2557 5161 Ut
2588 5104 2787 5162 nullus
2808 5105 3125 5178 presbyter,
3160 5103 3271 5159 nisi
3295 5102 3569 5175 proprius

1926 5201 2233 5275 episcopus
2256 5198 2404 5253 hanc
2426 5196 2475 5251 ei
2506 5212 2707 5250 curam
2739 5194 3116 5264 commiserit,
3140 5192 3474 5266 quempiam
3495 5190 3567 5247 ad

1924 5286 2323 5365 paenitentiam
2370 5285 2628 5356 recipiat.
2672 5283 2741 5339 Ut
2772 5284 2843 5340 iis
2872 5284 2973 5356 qui
3004 5298 3243 5356 corpore
3270 5297 3387 5337 non
3430 5295 3567 5336 vero

1925 5383 2119 5436 mente
2148 5376 2298 5430 inter
2328 5373 2861 5430 exeommunieatos
2886 5377 3210 5440 morantur,
3240 5371 3313 5426 ad
3339 5369 3566 5426 confes-

1925 5470 2148 5526 sionem
2172 5465 2281 5520 rite
2299 5463 2667 5519 venientibus
2687 5462 3056 5519 Eucharistia
3072 5478 3188 5518 non
3214 5461 3563 5532 denegetur;

1924 5557 2096 5613 modo
2115 5551 2750 5610 excommunicatorum
2769 5550 3152 5607 sacramentis
3174 5565 3289 5605 non
3311 5563 3570 5604 commu-

1924 5644 2263 5703 nicaverint.
2300 5641 2371 5697 Ut
2400 5657 2602 5696 eorum
2634 5641 2735 5714 qui
2766 5642 2839 5696 ab
2869 5636 3390 5697 exeommunicatis
3410 5634 3567 5691 ordi-

1926 5736 2045 5798 nati
2067 5733 2283 5796 fuerint
2301 5730 2466 5788 irrita
2487 5747 2602 5797 non
2622 5730 2698 5790 sit
2709 5729 3016 5805 ordinatio,
3031 5728 3205 5789 modo
3217 5726 3462 5807 probare
3472 5739 3566 5789 va-
