3962 6376
360 445 492 563 i143

1677 485 1748 545 B.
1795 423 2094 546 URBAl‘lI
2137 475 2191 538 II
2234 470 2485 534 PAPJE.

3670 451 3792 514 144

373 629 1049 693 leantsenesciissesuos
1062 611 2028 682 ordinatoresfuisseexcommuni-
2055 607 2112 684 Α
2141 603 2494 672 Placentina,
2529 602 2630 658 lib.
2662 619 2740 659 x11
2771 601 2844 658 ad
2875 616 2970 656 an.
2995 598 3162 668 4095;
3187 610 3315 669 quae
3337 608 3474 650 cum
3501 607 3618 648 non
3641 587 3793 647 satis

380 729 570 784 catos:
596 746 626 776 ››
659 738 730 779 ex
775 736 889 794 quo
935 732 1156 774 canone
1207 715 1367 787 patet
1413 711 1542 782 ejus
1571 705 1800 765 concilii
1831 705 2030 760 Patres
2143 696 2255 754 sibi
2284 695 2572 760 constent,
2602 691 2717 748 huc
2749 690 2958 746 referre
2985 687 3177 745 visum
3209 701 3323 740 non
3355 686 3465 740 est.

383 834 504 874 non
533 793 833 872 censuisse
863 805 1259 865 ordinationes
1297 801 1368 857 ab
1399 793 1918 858 excommunicatis
1949 793 2031 848 fa-

387 911 532 978 ctas,
557 901 843 961 invalidas
873 914 1027 956 esse.
1072 919 1102 947 ‹‹
1125 895 1422 952 Statutum
1447 903 1679 978 quoque
1706 883 1814 940 fuit
1839 886 1904 939 ut
1933 896 2034 978 pro

390 969 727 1060 chrismate,
749 989 1043 1063 baptismo
1064 989 1123 1042 et
1152 981 1456 1056 sepultura
1474 976 1618 1033 nihil
1639 989 1902 1046 unquam
1925 969 2040 1026 exi-

393 1091 606 1162 gatur:
661 1077 935 1153 denique,
995 1079 1062 1132 ut
1093 1071 1322 1147 jejunis.
1377 1071 1636 1162 Quatuor
1683 1065 2040 1162 :I‘emporum

397 1149 1006 1234 custodiantur—statis
1030 1159 1438 1226 hebdomadis,
1463 1173 1590 1230 quae
1622 1152 1702 1209 ibi
1736 1149 2044 1224 designan-

401 1271 517 1323 tur.
539 1285 568 1314 »
609 1261 888 1334 Ejusdem
919 1251 1147 1312 concilii
1179 1264 1431 1307 canones
1461 1241 1795 1320 quindecim
1843 1235 2045 1294 haberi

405 1357 468 1412 in
498 1351 833 1410 collectione
867 1343 1128 1402 Anselmi
1170 1338 1451 1396 Lucensis
1507 1331 1763 1408 episcopi
1813 1326 2016 1399 scripsi

410 1442 716 1508 Baronius,
751 1438 851 1510 qui
872 1435 1066 1506 reipsa
1091 1430 1311 1503 passim
1340 1427 1400 1482 in
1431 1423 1730 1482 codicibus
1756 1435 1898 1476 mss.
1923 1417 2050 1488 ejus

413 1531 664 1590 auctoris
687 1505 1022 1591 occurrunt,
1047 1521 1147 1576 sed
1170 1519 1227 1574 id
1261 1513 1705 1586 intelligendum
1730 1513 1820 1565 est
1849 1509 1920 1563 de
1951 1505 2051 1561 ad-

413 1619 730 1678 ditionibus
753 1616 826 1672 ad
857 1615 1006 1670 hanc
1035 1607 1436 1666 collectionem
1463 1601 1648 1670 factis,
1673 1600 1890 1673 quippe
1921 1610 2054 1652 cum

410 1709 726 1770 Anselmus
775 1702 1060 1761 novennio
1088 1702 1223 1756 ante
1267 1694 1430 1751 illam
1464 1691 1751 1766 synodum
1781 1689 1854 1746 ad
1885 1684 2058 1740 caelos

419 1799 646 1860 abierit.
659 1795 753 1854 Illi
775 1799 971 1852 autem
1002 1803 1256 1846 canones
1283 1781 1664 1850 Anselmiani,
1697 1779 1734 1834 ii
1771 1775 1885 1851 ipsi
1921 1791 2033 1830 sun

422 1906 572 1964 quos
592 1887 864 1944 Labbeus
895 1899 964 1940 ex
989 1879 1168 1936 variis
1197 1875 1495 1933 codicibus
1525 1887 1670 1927 mss.
1695 1865 1952 1940 vulgavit
1975 1868 2060 1918 to-

423 1954 522 2038 mo
551 1977 596 2034 Χ
622 1973 1010 2033 Conciliorum
1036 1987 1049 2025 :
1083 1966 1298 2040 quippe
1327 1963 1426 2037 qui
1456 1961 1692 2019 omnino
1714 1954 2037 2014 conveniun

413 2085 562 2133 ,cum
581 2067 656 2122 iis
677 2063 913 2122 statutis
933 2077 1061 2133 quae
1077 2075 1148 2116 ex
1177 2053 1446 2112 Bertoldo
1467 2049 1859 2108 laudavimus.
1885 2044 2066 2100 Iidem

429 2157 650 2232 passim
679 2155 741 2210 in
764 2151 940 2210 variis
971 2145 1229 2206 Gratiani
1259 2149 1316 2200 et
1340 2142 1592 2199 aliorum
1623 2135 2072 2210 compilatorum

411 2219 681 2304 .decretis
727 2243 1062 2300 occurrunt.
1111 2237 1194 2292 Ex
1222 2234 1314 2290 his
1355 2235 1578 2304 septem
1611 2227 1834 2302 priores
1858 2219 2075 2279 conditi

435 2340 574 2394 sunt
600 2335 878 2391 adversus
908 2327 1291 2391 Simoniacos,
1317 2326 1420 2379 aut
1448 2337 1546 2377 eos
1569 2317 1669 2392 qui
1689 2317 1761 2372 ab
1783 2313 1899 2370 illis
1929 2309 2079 2368 ordi-

441 2700 558 2763 tus,
583 2692 684 2767 qui
715 2692 774 2748 in
805 2689 1031 2762 aliquot
1051 2683 1352 2741 codicibus
1383 2679 1770 2744 desideratur,
1805 2675 1862 2728 et
1889 2675 2088 2726 tamen

444 2761 718 2841 laudatur
747 2797 782 2837 a
811 2761 1106 2843 Gratiano,
1127 2775 1286 2830 vetat
1303 2787 1374 2826 ne
1399 2768 1534 2841 quis
1555 2766 1857 2823 ordinetur
1870 2761 2091 2830 absque

431 2873 634 2942 titulo,
665 2873 769 2930 aut
814 2884 886 2925 ne
931 2865 1237 2922 ordinatus
1285 2861 1346 2914 in
1378 2874 1496 2914 una
1535 2853 1783 2912 ecclesia
1810 2849 1883 2906 ad
1915 2847 2093 2904 aliam

443 2938 992 3034 transmigret,neve
1003 2951 1218 3024 aliquis
1231 2948 1459 3005 duabus
1471 2940 1810 3000 inEcclesiis
1824 2938 2092 2994 titutetur.

435 3026 987 3111 Adduntvnonnulli
1017 3041 1246 3099 codices
1275 3051 1560 3094 canonem
1590 3046 1777 3088 unum
1811 3026 2031 3101 passim
2064 3041 2100 3080 a

448 3142 626 3200 variis
654 3136 994 3198 auctoribus
1022 3131 1350 3193 laudatum,
1378 3127 1580 3181 contra
1600 3119 1840 3178 clericos
1873 3115 1974 3188 qui
2003 3114 2100 3169 in-

451 3231 796 3290 vestituram
823 3223 1180 3298 dignitatum
1210 3213 1737 3273 ecclesiasticarum
1763 3225 1798 3264 a
1824 3205 1988 3263 laicis
2019 3219 2102 3260 re-

457 3323 702 3396 cipiunt.

783 3399 1066 3458 CLXXVI.
1097 3398 1358 3470 Prw/alio
1387 3395 1450 3450 de
1482 3395 1546 3449 Β.
1590 3391 1783 3448 Μανία.

533 3497 788 3566 Recepta
817 3495 907 3548 est
933 3487 1088 3562 apud
1120 3490 1387 3544 auctores
1417 3481 1684 3555 vulgatos
1711 3475 1967 3544 traditio,
2001 3472 2104 3529 Ur-

464 3590 689 3646 banum
710 3595 924 3655 papam
938 3579 999 3634 in
1015 3578 1123 3636 hoc
1138 3575 1382 3633 concilio
1398 3571 1687 3629 decimam
1709 3566 2108 3640 praefationem

466 3691 593 3748 quae
615 3675 704 3730 est
725 3671 796 3728 de
824 3671 995 3728 beata
1021 3667 1224 3734 Maria,
1258 3679 1464 3720 novem
1497 3657 1758 3731 antiquis
1787 3655 2107 3712 addidisse.

466 3745 530 3822 I‘d
553 3763 766 3820 diserte
785 3760 1036 3816 habetur
1062 3758 1124 3813 in
1152 3753 1331 3812 veteri
1361 3751 1556 3808 codice
1587 3765 1699 3804 ms.
1742 3745 2108 3802 archimona-

466 3851 630 3910 sterii
680 3847 1008 3923 Remigiani
1064 3846 1220 3918 apud
1267 3844 1500 3909 Remos,
1551 3839 1623 3895 ab
1673 3835 1844 3894 annis
1881 3833 2112 3890 circiter

469 3939 808 4014 quingentis
829 3922 1066 4009 scripto,
1085 3935 1187 3990 ubi
1208 3935 1340 4006 post
1357 3929 1607 3986 relatum
1628 3927 1740 3982 sub
1763 3922 1978 3996 Pelagii
2011 3939 2112 3994 pa-

468 4011 554 4106 pae
576 4011 812 4086 nomine
823 4027 894 4083 de
905 4041 1110 4081 novem
1126 4019 1565 4096 praefationibus
1585 4011 2112 4079 decretum,eadem

467 4101 652 4179 manu
681 4119 979 4174 adduntur
1015 4113 1137 4168 hac
1183 4111 1393 4167 verba:
1441 4109 1658 4164 Decima
1707 4103 1894 4159 addita
1918 4103 2026 4173 fuit
2054 4101 2116 4156 in

469 4209 702 4268 concilio
747 4204 1070 4262 Placentino
1115 4201 1216 4256 sub
1249 4199 1461 4257 Urbano
1481 4213 1630 4269 papa
1656 4193 1939 4250 celebrato.
1977 4191 2116 4245 Rem

469 4316 608 4357 vero
638 4298 722 4354 sic
751 4293 1067 4367 contigisse
1096 4291 1309 4346 ferunt.
1341 4293 1484 4344 Cum
1516 4284 1772 4359 pontifex
1801 4281 1947 4354 apud
1976 4280 2114 4336 San-

473 4393 618 4446 ctam
643 4386 876 4443 Mariam
903 4382 970 4438 de
999 4381 1319 4452 Campania,
1342 4375 1724 4433 vetustissimae
1734 4372 1962 4444 pietatis
1987 4374 2118 4425 tem-

469 4479 650 4552 plum,
700 4475 872 4531 sacris
923 4473 1260 4544 operaretur,
1317 4471 1380 4522 ut
1429 4468 1566 4521 Deus
1619 4464 1852 4533 incwpta
1900 4459 2120 4516 concilii

477 4571 611 4625 bene
637 4571 882 4632 verteret,
924 4562 1150 4634 jamque
1185 4558 1575 4631 praefationem
1619 4553 1876 4626 oﬁerret;
1904 4552 2122 4622 repente

473 4671 546 4716 ea:
596 4655 859 4713 instinctu
905 4651 1091 4708 divino
1147 4651 1207 4704 in
1239 4648 1340 4702 illa
1375 4645 1688 4701 dulcissima
1736 4643 1899 4698 verba
1921 4640 2121 4712 populo

2144 783 2443 856 CLXXVII.
2521 781 2938 856 Conﬁrmagam_
2993 778 3050 833 S.
3127 775 3334 856 @gidii
3389 771 3794 856 privilegium.

2215 835 2352 913 illim
2375 835 2758 912 Cluniacense.
2786 835 2877 906 Lis
2903 849 2968 906 de
2987 864 3128 923 pago
3153 835 3638 902 Ὲῖιὶνηωοίᾰεεησςί.⁷
3784 917 3790 921 ἱ

2217 947 2424 1000 Actum
2456 941 2629 1000 etiam
2652 940 2708 996 in
2732 938 3070 996 Placentina
3089 935 3310 1010 synodo
3339 934 3409 990 de
3430 933 3656 1005 aliquot
3675 930 3798 1006 pri:

2148 1035 2296 1090 vatis
2329 1031 2818 1088 monasteriorum
2847 1033 2904 1084 et
2933 1027 3182 1084 aliarum
3205 1023 3599 1082 Ecclesiarum
3622 1037 3803 1093 nego-

2150 1123 2269 1178 tiis.
2293 1123 2454 1179 Certe
2468 1121 2594 1194 jam
2614 1136 2792 1192 supra
2811 1115 3250 1174 observavimus
3275 1098 3494 1170 Urbani
3515 1109 3802 1182 diploma,

2155 1229 2270 1284 quo
2316 1211 2469 1267 bona
2519 1209 2786 1282 quaedam
2837 1203 3193 1262 monasterio
3249 1201 3442 1258 Sancti
3507 1198 3722 1274 IEgidii
3773 1215 3809 1274 a

2025 1287 2048 1380 ί
2157 1297 2504 1371 Raymundo
2536 1295 2746 1352 comite
2778 1293 3068 1361 restituta,
3101 1309 3298 1349 coram
3346 1291 3526 1363 hujus
3571 1287 3810 1345 concilii

2157 1387 2428 1444 Patribus
2450 1385 2756 1442 recitatum
2789 1401 2854 1440 ac
2889 1382 3192 1439 laudatum
3225 1381 3425 1436 fuisse.
3449 1379 3813 1436 Conﬁrmata

2161 1477 2334 1533 etiam
2369 1477 2447 1531 ibi
2483 1475 2642 1531 fuere
2681 1473 2981 1547 privilegia
3011 1470 3348 1528 monasterii
3379 1467 3808 1536 Cluniacensis,

2165 1573 2229 1622 ut
2256 1567 2378 1638 ipse
2403 1564 2656 1636 pontifex
2685 1566 2934 1619 testatur
2955 1562 3011 1616 in
3043 1560 3360 1634 diplomate
3389 1577 3456 1616 ea
3487 1559 3558 1614 de
3589 1575 3651 1614 re
3672 1559 3814 1614 dato

2166 1660 2296 1729 post
2318 1653 2538 1726 aliquot
2559 1653 2703 1720 dies,
2739 1654 2939 1708 sancto
2977 1649 3226 1724 Hugoni,
3272 1649 3572 1722 inscripto.
3623 1648 3816 1704 Litem

2039 1737 2062 1826 ί
2169 1746 2239 1801 de
2285 1741 2728 1799 Salmoriacensi
2763 1757 2912 1814 pago
2959 1739 3110 1795 inter
3137 1739 3461 1796 Guidoncm
3491 1737 3732 1793 Viennae
3763 1742 3824 1793 et

2169 1835 2470 1906 Hugonem
2495 1829 2921 1903 Gratianopolis
2937 1829 3380 1902 episcoposjam
3402 1829 3460 1884 in
3483 1826 3660 1884 variis
3690 1843 3828 1884 con-

2041 1956 2066 2007 t
2098 2005 2128 2007 ᾧ
2171 1923 2460 1988 ventibus,
2496 1926 2560 1976 ut
2589 1919 2864 1986 diximus,
2909 1919 3270 1986 ventilatam,
3322 1917 3382 1974 in
3431 1917 3540 1974 hac
3583 1933 3825 1990 quoque

2095 2005 2144 2072 B
2176 2013 2394 2085 synodo
2421 2009 2698 2084 agitatam
2722 2009 2903 2065 fuisse
2933 2007 3218 2064 discimus
3247 2025 3316 2064 ex
3341 2007 3527 2081 ipsius
3559 2006 3830 2081 Hugonis

2179 2100 2398 2169 libello,
2427 2100 2485 2154 in
2509 2116 2623 2171 quo
2664 2097 2837 2154 refert
2857 2096 3150 2170 pontiﬁcis
3170 2095 3478 2170 epistolam
3511 2095 3583 2171 ad
3611 2095 3838 2152 Guido-

2184 2208 2316 2246 nem
2348 2168 2545 2244 datam
2569 2168 2876 2242 Placentiae
2899 2185 2991 2242 die
3013 2205 3068 2243 ιν
3091 2168 3226 2242 Idus
3258 2185 3476 2254 Martii,
3499 2168 3565 2240 ut
3593 2202 3732 2241 eum
3761 2185 3836 2240 ad

2186 2278 2486 2336 meliorem
2544 2294 2784 2333 sensum
2843 2279 3154 2332 revocaret.
3185 2275 3295 2330 Sed
3354 2275 3602 2342 frustra;
3650 2279 3711 2331 at
3743 2273 3843 2330 die

2187 2367 2536 2442 praecedenti
2585 2367 2900 2438 scripserat
2923 2364 3181 2438 pontifex
3211 2364 3283 2420 ad
3316 2363 3636 2420 Robertum
3663 2363 3844 2420 Flau-

2190 2459 2328 2516 driae
2361 2457 2654 2518 comitem.
2707 2458 2772 2511 ut
2799 2455 3104 2510 Lamberto
3148 2453 3421 2527 episcopo
3467 2453 3848 2510 Atrebatensi

2194 2548 2494 2622 suppetias
2524 2546 2700 2602 ferret
2729 2544 2799 2600 ad
2833 2543 3232 2616 recuperanda
3262 2560 3381 2598 suae
3413 2542 3603 2616 ipsius
3647 2542 3854 2600 Eccle-

2197 2638 2293 2694 sine
2335 2638 2506 2706 bona,
2535 2651 2662 2707 quae
2693 2635 2763 2690 ob
2795 2633 2923 2706 ejus
2955 2649 3090 2688 cum
3138 2630 3396 2688 Ecclesia
3442 2627 3858 2688 Cameracensi

2197 2725 2472 2782 unionem
2505 2725 2786 2779 distracta
2813 2722 3062 2778 fuerant.
3092 2721 3208 2777 Hac
3249 2721 3427 2778 etiam
3459 2720 3593 2794 ipsa
3637 2721 3756 2789 die,
3792 2725 3862 2777 ut

2201 2815 2378 2872 codex
2435 2818 2634 2869 noster
2677 2829 2788 2867 ms.
2839 2811 3088 2884 praefert,
3139 2809 3286 2867 alias
3334 2809 3558 2867 litteras
3613 2809 3862 2883 scripsit

2201 2905 2357 2961 idem
2392 2902 2552 2976 ponti
2565 2902 2652 2958 fex
2665 2899 2988 2957 Gualchero
3011 2899 3192 2957 electo
3224 2899 3652 2968 Cameracensi,
3684 2904 3859 2962 utne

2205 2995 2511 3067 impeteret
2531 2991 2684 3064 quod
2710 3008 2744 3047 a
2764 2990 2900 3047 sede
2920 2988 3240 3062 apostolica
3259 2991 3330 3046 de
3351 2989 3636 3046 divisione
3659 2987 3864 3045 Came-

2207 3083 2464 3140 racensis
2490 3085 2548 3138 et
2577 3078 2976 3136 Atrebatensis
3027 3078 3414 3135 Ecclesiarum
3466 3077 3860 3135 constitutum

2209 3174 2434 3240 fuerat;
2485 3189 2554 3227 ex
2596 3168 2812 3242 quibus
2840 3167 3106 3242 epistolis
3151 3168 3422 3241 colligere
3471 3167 3608 3224 licet
3661 3171 3863 3224 actum

2211 3278 2442 3334 quoque
2472 3259 2654 3316 fuisse
2684 3259 2744 3315 in
2776 3256 3020 3314 concilio
3042 3257 3376 3314 Placentino
3399 3257 3470 3313 de
3491 3255 3868 3312 restitutione

2134 3376 2178 3443 ρ
2216 3349 2613 3408 Atrebatensis
2644 3347 2860 3404 Eccles.
2887 3349 3011 3420 jam
3039 3347 3100 3402 in
3123 3347 3326 3404 multis
3357 3345 3620 3403 conciliis
3651 3344 3871 3402 conﬁr-

2218 3445 2394 3496 mata.

2216 3547 2544 3632 CLXXXIII.
2589 3547 2836 3632 Ury'anus
2873 3546 3078 3630 synodo
3126 3545 3377 3632 abactam
3404 3542 3878 3632 paria'co‘ncedit

2283 3621 2598 3693 ρνίῠὶἰιῖειίτιζ
2658 3614 3064 3693 Hirsaugiense,
3102 3617 3512 3693 etc._Epistola
3547 3614 3878 3693 ad__Novio-

2290 3687 2530 3774 nienses:
2565 3691 2701 3773 Duaz
2751 3687 2874 3774 pro;
2897 3690 3242 3774 A_tr_eb.atensi
3290 3687 3548 3774 Iigclesia.
3611 3687 3732 3744 Una
3753 3701 3880 3774 “pro

2291 3765 2390 3820 lite
2435 3758 2876 3819 Salmoriacénsi.
2911 3762 3274 3830 Privilegium
3311 3760 3710 3830 Magalonense.
3746 3758 3878 3813 Pri-

2290 3837 2551 3907 vilegium
2579 3834 2963 3890 Ctuniacense.‘

2289 3928 2420 3978 Haac
2441 3924 2513 3980 de
2532 3922 2778 3996 negotiis
2809 3939 2936 3994 quas
2964 3921 3025 3977 in
3055 3921 3184 3995 ipsa
3212 3921 3434 3994 synodo
3463 3923 3715 3976 tractata
3747 3919 3880 3976 fue-

2221 4017 2378 4082 runt,
2402 4017 2689 4085 quantum
2710 4011 2876 4068 licuit
2894 4011 3259 4085 collegimus,
3280 4015 3340 4066 at
3358 4010 3495 4065 hinc
3515 4009 3732 4066 inferre
3753 4025 3880 4065 non

2222 4103 2357 4160 licet
2375 4101 2652 4174 epistolas
2673 4117 2820 4174 quas
2845 4100 3234 4169 laudavimus,
3259 4100 3507 4155 durante
3521 4097 3717 4154 adhuc
3739 4114 3887 4154 con-

2223 4192 2354 4250 cilio
2383 4192 2740 4265 conscriptas
2773 4190 2974 4256 fuisse,
3007 4206 3141 4246 cum
3173 4194 3396 4246 certum
3425 4188 3502 4245 sit
3530 4205 3599 4244 ex
3623 4203 3693 4244 ea
3743 4203 3884 4260 qua:

2224 4283 2297 4339 ad
2315 4282 2535 4338 clerum
2551 4286 2608 4337 et
2625 4279 2908 4354 populum
2931 4279 3194 4335 Noviomi
3209 4277 3280 4334 de
3296 4277 3574 4334 Radbodo
3595 4274 3886 4348 episcopo

2224 4375 2361 4430 data
2386 4377 2494 4438 est,
2554 4370 2706 4426 hanc
2763 4369 3052 4442 synodum
3107 4366 3360 4425 solutam
3420 4365 3602 4422 fuisse
3660 4362 3760 4420 die
3799 4379 3887 4420 vn

2228 4463 2439 4518 Iduum
2460 4457 2669 4516 Martii.
2699 4458 2761 4514 In
2783 4473 2851 4514 ea
2869 4457 3087 4529 quippe
3107 4455 3376 4511 Urbanus
3397 4451 3602 4510 scribit
3631 4467 3694 4506 se
3723 4450 3890 4506 llad-

2227 4552 2448 4608 bodum
2479 4549 2822 4604 remandare
2851 4546 2922 4602 ad
2955 4561 3122 4602 suam
3154 4543 3342 4616 ipsius
3373 4541 3598 4608 urbem,
3634 4555 3775 4595 cum
3807 4539 3888 4594 ad

2229 4639 2566 4705 concilium,
2589 4637 2767 4710 quod,
2783 4634 3322 4707 inquit,Placentiaz,
3345 4637 3620 4687 annuente
3633 4627 3893 4694 domino,

473 4748 782 4805 demirante
824 4742 1106 4816 prorupit:
1159 4760 1186 4791 «
1219 4737 1290 4793 Et
1315 4740 1371 4792 te
1400 4736 1457 4791 in
1519 4731 1884 4790 veneratione
1940 4731 2120 4786 beatae
2151 4754 2202 4818 Β
2229 4733 2460 4818 egimus,
2489 4727 2842 4800 pervenisset.
2866 4723 3126 4780 Pontifex
3145 4721 3344 4794 itaque
3369 4734 3485 4776 non
3517 4717 3723 4774 statim
3749 4721 3897 4787 post

477 4836 672 4893 Maria:
692 4833 940 4906 virginis
971 4827 1327 4892 collaudare,
1348 4823 1688 4882 benedicere
1710 4826 1766 4878 et
1786 4821 2117 4894 praedicare;

480 4942 608 4998 quae
639 4929 698 4980 et
723 4921 1103 4996 Unigenitum
1131 4923 1303 4973 tuum
1335 4914 1520 4971 sancti
1541 4912 1793 4986 Spiritus
1814 4910 2125 4966 obumbra-

479 5014 638 5070 tione
689 5011 972 5082 concepit,
1015 5013 1072 5066 et
1118 5005 1466 5080 virginitatis
1513 5002 1698 5076 gloria
1750 5003 2126 5074 permanente

481 5101 620 5159 huic
633 5101 852 5156 mundo
873 5099 1073 5154 lumen
1085 5099 1365 5153 aeternum
1384 5093 1587 5149 effudit
1605 5091 1636 5146 J
1641 5107 1806 5145 esum
1831 5089 2124 5144 Christum

483 5190 803 5248 Dominum
829 5191 1119 5252 nostrum,
1149 5203 1250 5258 per
1279 5200 1474 5256 quem,
1508 5205 1536 5231 »
1569 5185 1676 5236 etc.
1711 5195 1888 5252 quam
1921 5176 2126 5250 praefa-

483 5281 704 5337 tionem
735 5275 1084 5334 universalis
1104 5273 1494 5348 postmodum
1517 5269 1774 5326 Ecclesia
1797 5265 2126 5338 adoptando

487 5369 772 5444 probavit,
807 5371 864 5425 et
900 5366 1078 5422 etiam
1109 5381 1264 5421 nunc
1307 5362 1536 5420 retinet.
1589 5360 1748 5416 Hanc
1794 5352 2064 5413 nonnulli
2095 5369 2131 5408 a

485 5443 657 5518 beato
686 5461 957 5516 Brunone
977 5456 1192 5513 editam
1213 5454 1394 5511 fuisse
1413 5450 1646 5519 volunt;
1671 5454 1730 5504 at
1758 5462 1887 5502 eam
1909 5444 1979 5499 ab
2000 5443 2128 5515 ipso

467 5551 716 5608 Urbano
767 5551 976 5620 factam
1023 5545 1205 5602 fuisse
1253 5543 1467 5600 diserte
1506 5539 1686 5595 tradit
1713 5531 2037 5592 Pandull'us
2066 5531 2127 5586 in

481 5643 612 5714 ejus
637 5639 790 5705 Vita,
822 5653 937 5692 non
969 5635 1206 5707 quidem
1239 5633 1298 5688 in
1321 5628 1678 5696 Placentina,
1711 5625 1813 5680 sed
1855 5623 1915 5678 in
1943 5622 2128 5676 Ewar-

469 5709 819 5797 dastallensi,
847 5727 1049 5798 utjam
1073 5724 1433 5787 monuimus,
1457 5717 1700 5791 synodo.
1723 5713 1902 5770 Plura
1917 5711 1988 5768 de
2017 5709 2128 5766 hac

479 5818 816 5906 praefatione
845 5816 1022 5877 habet
1051 5815 1254 5876 Petrus
1282 5809 1466 5870 Maria
1494 5806 1749 5882 Campus
1780 5803 1842 5861 in
1870 5799 2127 5861 Historia

2230 4817 2458 4876 concilii
2481 4816 2658 4872 ﬁnem
2682 4812 2974 4869 Placentia
2991 4809 3258 4876 excessit,
3289 4808 3412 4864 sive
3433 4805 3592 4880 quod
3615 4805 3898 4860 nondum

2231 4907 2430 4964 omnia
2455 4906 2527 4962 ad
2559 4905 2688 4975 ejus
2717 4903 2826 4958 iter
2846 4899 3211 4958 Gallicanum
3231 4895 3562 4954 necessaria
3591 4893 3898 4966 disposita

2233 5000 2447 5060 essent,
2476 4994 2598 5051 sive
2649 4996 2884 5065 propter
2939 4987 3087 5044 alias
3117 4985 3355 5060 quasvis
3394 4985 3668 5048 rationes,
3731 4999 3893 5056 quas

2233 5085 2491 5140 divinare
2533 5081 2679 5137 nihil
2726 5082 2984 5135 interest.
3033 5076 3112 5132 Eo
3153 5092 3288 5132 vero
3332 5071 3614 5146 temporis
3662 5071 3889 5144 spatio,

2235 5175 2390 5246 quod
2421 5172 2502 5228 ibi
2547 5170 2754 5243 exegit,
2803 5168 2876 5224 de
2901 5165 3079 5223 variis
3125 5163 3302 5220 rebus
3343 5162 3568 5219 litteras
3614 5160 3890 5232 scripsit,

2235 5278 2486 5335 quarum
2515 5257 2851 5325 nonnullas,
2883 5255 3040 5328 quod
3069 5255 3143 5310 ad
3165 5252 3454 5327 synodum
3475 5247 3894 5306 Plaeentinam

2235 5353 2584 5424 spectarent,
2639 5363 2822 5420 supra
2847 5343 3324 5402 memoravimus.
3375 5341 3456 5397 De
3495 5337 3719 5394 caeteris
3748 5353 3897 5394 vero

2228 5441 2396 5512 juxta
2422 5436 2704 5512 temporis
2733 5437 2945 5492 seriem
2966 5431 3170 5506 paucis
3190 5430 3286 5486 hic
3314 5427 3628 5502 agendum.

2305 5530 2500 5586 Primo
2529 5524 2779 5584 occurrit
2809 5522 2979 5580 nobis
3007 5519 3242 5593 insigne
3262 5515 3634 5591 privilegium
3653 5513 3918 5572 Hirsau-’

2237 5618 2424 5692 giensi
2446 5613 2821 5680 monasterio,
2839 5611 2990 5685 quod
3012 5603 3904 5666 GebehardussanctiWillelmi

2237 5705 2582 5779 discipulus,
2615 5701 2711 5760 cui
2741 5700 3094 5772 inscriptum
3127 5700 3237 5763 est,
3265 5699 3410 5751 tunc
3449 5693 3712 5766 regebat,
3760 5709 3906 5750 con-

2236 5809 2471 5859 cessum
2494 5793 2587 5854 die
2607 5807 2708 5854 vm
2737 5790 2874 5852 Idus
2885 5786 3101 5860 Martii,
3126 5783 3488 5864 proindeque
3508 5779 3722 5843 ultimo
3751 5797 3903 5846 con-
