3962 6360
180 379 304 461 H5

1786 383 1998 491 YI'I‘A:

3474 399 3594 477 146

181 517 302 611 cilii
327 513 657 611 Placentini
678 516 791 611 die,
823 519 923 575 aut
976 522 1148 611 certe,
1178 516 1228 575 si
1270 519 1425 578 intra
1453 519 1577 580 dies
1607 526 1833 597 septem
1862 529 1918 611 Α
1946 526 2290 597 potestatem
2320 543 2453 585 vero
2484 508 2683 587 utendi
2716 529 2890 590 mitra
2919 536 2975 590 et
2998 530 3129 592 aliis
3158 532 3592 608 pontiﬁcalibus

179 607 523 668 absolutum
554 608 683 679 fuit,
716 608 809 666 die
837 609 1100 684 proximo
1132 616 1265 685 post
1303 612 1431 685 ejus
1488 613 1832 672 celebratio-

1944 614 2323 687 ornamentis,
2356 635 2484 691 quae
2507 617 2634 691 jam
2664 619 2893 696 Hugoni
2917 621 3116 680 abbati
3142 642 3247 699 pro
3279 628 3405 683 octo
3431 626 3591 689 festi:

178 716 333 757 nem.
367 699 527 757 Nihil
558 703 757 757 autem
804 700 1023 758 mirum
1078 705 1171 757 est
1196 702 1496 760 Urbanum
1528 705 1832 762 monachis
1939 704 2217 762 vitatibus
2263 708 2573 781 praecipuis
2632 727 2910 769 concessa
2967 713 3176 784 fuerat,
3226 714 3489 788 pontifex
3516 716 3590 773 ad

175 788 703 863 Hirsaugiensibus
748 792 891 848 adeo
940 791 1183 861 favisse,
1203 808 1334 847 cum
1367 796 1591 849 certum
1623 795 1699 850 sit
1730 812 1828 851 ne-

175 880 395 936 minem
421 868 481 936 in
505 880 819 937 Germania
839 880 1243 938 ferventiorem
1280 881 1402 939 illis
1428 882 1488 938 in
1513 883 1828 957 insequen-

174 970 265 1025 dis
295 970 475 1025 verbo
506 974 566 1026 et
591 969 807 1043 scripto
848 970 1236 1027 schismaticis
1272 972 1470 1040 fuisse,
1504 978 1568 1027 ut
1598 989 1667 1028 ex
1689 991 1826 1047 apo-

172 1057 328 1132 logia
346 1058 583 1117 Henrici
604 1059 853 1132 Augusti
873 1063 1033 1133 patet
1066 1078 1101 1117 a
1138 1060 1385 1118 Frehero
1407 1061 1464 1117 in
1490 1061 1826 1119 collectione

173 1154 484 1205 auctorum
515 1150 869 1206 Germanicas
915 1149 1170 1206 historias
1224 1153 1398 1208 edita.
1431 1153 1579 1217 Quin
1608 1158 1667 1209 et
1694 1153 1826 1209 Hir-

171 1237 486 1311 saugiense
519 1239 943 1295 monasterium
957 1256 1078 1296 sem
1088 1257 1188 1313 per
1207 1241 1571 1297 tutissimum
1592 1242 1822 1315 asylum

170 1330 435 1400 tempore
465 1326 748 1383 Willelmi
780 1328 1009 1385 abbatis
1038 1328 1221 1385 fuisse
1252 1331 1527 1387 omnibus
1561 1332 1658 1405 qui
1717 1349 1822 1405 pro

168 1415 445 1490 Gregorio
476 1416 580 1472 VII
611 1416 864 1486 stabant,
894 1416 1179 1474 discimus
1217 1436 1285 1474 ex
1331 1420 1597 1491 ejusdem
1633 1423 1818 1477 sancti

165 1505 318 1571 Vita,
342 1522 473 1578 quae
496 1504 721 1562 Saeculo
737 1521 794 1562 v1
813 1506 1183 1562 Benedictino
1200 1508 1437 1582 vulgata
1457 1514 1564 1564 est.
1589 1511 1818 1567 Trithc-

165 1595 324 1651 mius
336 1594 556 1667 aliique
570 1593 835 1651 nonnulli
854 1595 1008 1651 aliud
1029 1597 1202 1652 etiam
1224 1596 1541 1670 vulgarunt
1555 1600 1816 1669 ejusdem

160 1683 272 1741 loci
298 1684 692 1758 privilegium,
720 1687 820 1742 sed
840 1684 1022 1742 multo
1045 1686 1313 1754 minoris,
1342 1687 1392 1743 si
1423 1689 1813 1762 rcctejudico,

161 1774 553 1841 auctoritatis,
591 1775 746 1847 quod
788 1779 983 1831 tamen
1033 1775 1273 1832 omnino
1328 1777 1593 1834 omittere
1623 1779 1815 1835 visum

1937 792 2097 851 illius
2130 812 2363 869 quoque
2389 814 2757 855 successores
2784 801 3062 859 extendit.

2006 883 2211 939 Adhuc
2242 885 2542 942 Placentiae
2577 893 2699 944 erat
2719 889 2988 947 Urbanus
3026 891 3190 951 initio
3222 893 3458 966 Aprilis,
3488 894 3590 955 ubi

1936 972 2122 1044 pridie
2150 973 2342 1030 Nonas
2355 976 2619 1047 ejusdem
2637 979 2858 1035 mensis
2875 979 3068 1038 simile
3081 981 3197 1038 fere
3210 982 3587 1057 privilegium

1935 1064 2291 1120 monasterio
2322 1065 2517 1121 Sancti
2560 1066 2810 1124 Victoris
2857 1069 3242 1127 Massiliensis
3274 1074 3584 1143 concessit,

1932 1150 2221 1207 Ricbardo
2248 1154 2528 1211 cardinali
2585 1160 2642 1212 et
2699 1157 2897 1213 abbati
2927 1157 3300 1233 inscriptum,
3349 1162 3450 1233 qui
3480 1163 3583 1225 diu

1933 1241 2262 1312 apostolicae
2294 1244 2450 1300 sedis
2497 1243 2672 1319 legati
2723 1263 2966 1303 munere
3021 1249 3258 1307 functus
3306 1250 3497 1307 fuerat
3523 1252 3583 1309 in

1929 1330 2226 1402 Hispania.
2264 1335 2472 1389 Datum
2500 1334 2559 1389 in
2593 1334 2809 1392 nostris
2860 1336 3141 1411 exemplis
3185 1338 3400 1397 dicitur
3429 1358 3581 1398 anno

1932 1419 2068 1473 1096
2096 1438 2107 1487 ;
2143 1421 2240 1476 sed
2272 1423 2547 1478 mendum
2582 1428 2671 1479 est
2700 1426 2772 1481 ab
2803 1427 3268 1484 amanuensibus
3300 1431 3579 1488 commis-

1928 1525 2082 1577 sum,
2117 1511 2269 1582 quod
2301 1510 2471 1567 facile
2509 1529 2578 1568 ex
2635 1513 2769 1570 aliis
2824 1514 3114 1572 chronicis
3169 1518 3325 1574 notis
3383 1520 3579 1577 sanari

1926 1603 2136 1671 potest,
2170 1600 2282 1656 nisi
2313 1618 2525 1667 annus,
2556 1606 2621 1657 ut
2668 1603 2725 1657 in
2775 1602 3068 1677 plerisque
3121 1605 3252 1661 aliis
3311 1606 3491 1679 hujus
3522 1613 3579 1664 et

1925 1689 2225 1761 sequentis
2254 1690 2394 1745 anni
2425 1689 2847 1764 diplomatibus
2905 1693 3213 1750 observare
3245 1694 3459 1766 licebit,
3495 1697 3577 1753 ibi

1924 1794 1959 1832 a
1989 1776 2193 1835 Martio
2221 1796 2421 1835 mense
2469 1781 2839 1853 praecedenti,
2874 1781 2934 1837 in
2990 1781 3102 1840 isto
3162 1783 3462 1858 privilegio
3494 1785 3577 1842 in-

162 1882 277 1921 non
311 1864 443 1933 fuit,
481 1881 574 1934 ne,
607 1864 761 1937 quod
793 1863 890 1920 alii
919 1881 1023 1936 pro
1066 1864 1327 1938 legitimo
1358 1866 1690 1937 habuerint,
1724 1873 1814 1925 te-
1843 1906 1891 1979 Β
1923 1865 2183 1923 choetur.

162 1970 318 1979 ..-η
346 1954 554 1979 --2,1---
580 1953 847 1979 ,,ε,,ε,-,
894 1954 1141 1979 ιι,-ε...-
1178 1956 1326 1979 ---Α
1362 1956 1518 1979 ηι-ξιι.
1539 1959 1719 1979 ---ε--μ
1751 1958 1801 1979 ε,
1968 1974 2025 1979 __

161 1970 321 2011 mere
346 1954 554 2010 videar
580 1953 868 2025 rejecisse.
893 1954 1144 2011 Maxime
1174 1956 1331 2027 quod
1362 1956 1721 2014 Trithemius
1750 1958 1812 2015 in

160 2044 432 2115 ejusdem
475 2043 587 2100 loci
632 2044 913 2099 Chronico
957 2048 1203 2100 testatur
1244 2044 1354 2102 hoc
1412 2046 1608 2119 ipsum
1658 2048 1810 2104 aRi-

158 2134 377 2191 chardo
410 2132 754 2207 Moguntino
802 2133 1246 2206 metropolitano
1276 2135 1588 2208 probatum
1619 2141 1676 2193 et
1696 2138 1809 2193 ad-

156 2225 409 2280 missum
445 2223 648 2279 fuisse.

223 2314 324 2369 D16
350 2313 645 2385 sequenti,
668 2311 726 2367 id
747 2316 835 2369 est
856 2330 1010 2369 nona
1031 2313 1245 2378 Martii,
1269 2314 1505 2387 scripsit
1537 2316 1808 2374 Urbanus

147 2402 460 2476 epistolam
492 2403 561 2458 ad
612 2402 1030 2460 Noviomenses
1084 2419 1261 2475 quam
1301 2405 1427 2476 jam
1478 2422 1595 2461 non
1627 2407 1805 2463 semel

149 2492 546 2559 laudavimus,
576 2507 681 2564 pro
714 2492 990 2548 Radbodo
1011 2509 1216 2548 eorum
1246 2493 1539 2566 episcopo,
1576 2499 1641 2550 ut
1669 2512 1805 2552 eum

151 2583 209 2638 in
240 2585 541 2655 pastorem
572 2580 951 2652 recipiant.Et
980 2582 1219 2654 quidem
1250 2598 1383 2638 eum
1417 2599 1802 2656 nemo,quan-

155 2672 253 2727 diu
283 2671 345 2727 in
368 2670 535 2726 curia
576 2671 839 2727 Romana
882 2671 1072 2727 fuerat
1122 2677 1411 2743 versatus,
1448 2674 1801 2746 cujusquam

156 2758 424 2817 criminis
454 2763 843 2816 accusaverat.

219 2850 362 2908 Post
389 2850 541 2906 duos
571 2849 943 2917 dies,scilicet
963 2852 1275 2907 undecima
1296 2853 1561 2923 ejusdem
1580 2854 1801 2909 mensis

156 2939 368 3008 Martii,
401 2939 557 2995 idem
588 2938 845 3011 pontifex
880 2940 1187 3013 epistolam
1227 2958 1405 2998 unum
1455 2942 1801 2999 Gualcherio

153 3029 328 3085 electo
387 3028 814 3099 Cameracensi,
873 3033 932 3085 et
988 3030 1228 3086 alteram
1296 3032 1542 3087 Roberto
1600 3032 1799 3088 comiti

157 3117 436 3174 Flandrize
466 3117 838 3190 conscripsit,
865 3118 924 3174 in
965 3119 1210 3192 gratiam
1263 3121 1663 3177 Atrebatensis
1692 3123 1796 3177 Ec-

158 3206 364 3277 clesiae,
399 3210 467 3263 ut
495 3206 756 3262 diximus
784 3224 1029 3264 numero
1061 3210 1428 3281 praecedenti.
1462 3210 1578 3267 Has
1608 3211 1798 3284 sequi-

153 3300 248 3353 tur
273 3297 543 3369 ejusdem
576 3296 868 3369 pontiﬁcis
900 3279 1146 3370 epistola
1175 3299 1247 3354 ad
1278 3299 1601 3356 Guidonem
1627 3279 1799 3359 Vien-
1830 3279 1873 3346 Ο

156 3402 390 3442 nensem
424 3384 928 3458 archiepiscopum
971 3386 1274 3444 occasione
1322 3387 1801 3446 Salmoriacensis

157 3476 305 3548 pagi,
339 3473 546 3530 itidem
577 3473 848 3547 superius
893 3475 1146 3545 laudata,
1196 3493 1323 3549 quae
1368 3495 1423 3532 xv
1465 3478 1603 3533 Idus
1624 3478 1682 3534 id
1714 3483 1802 3535 est

161 3568 221 3621 t2
242 3564 339 3620 die
368 3563 563 3620 Martii
595 3565 924 3637 conscripta
946 3565 1074 3621 fuit.

224 3654 414 3710 Pridie
443 3652 583 3710 Idus
613 3654 876 3726 ejusdem
908 3655 1129 3711 mensis
1150 3655 1421 3712 Urbanus
1450 3657 1640 3713 varias
1667 3674 1799 3729 pos-

159 3743 446 3800 sessiones
475 3758 510 3799 a
539 3743 847 3800 Gotofredo
886 3744 1157 3817 episcopo
1204 3761 1512 3801 concessas
1544 3745 1800 3819 Magalo-

160 3832 437 3888 nensibus
462 3832 887 3905 canonicis,qui
910 3833 1235 3906 regularem
1255 3834 1435 3890 vitam
1450 3836 1620 3906 juxta
1640 3852 1802 3907 regu-

160 3920 271 3977 lam
293 3920 494 3977 Sancti
511 3920 821 3994 Augustini
843 3920 1092 3995 amplexi
1128 3923 1381 3990 fuerant,
1414 3923 1797 3991 conﬁrmavit,

162 4010 294 4066 data
321 4010 409 4065 eis
438 4026 548 4067 sua
579 4010 963 4079 benedictione,
989 4015 1047 4067 et
1070 4015 1415 4083 peccatorum
1445 4014 1795 4069 absolutione.

160 4101 343 4171 Hujus
373 4099 643 4171 rescripti
675 4098 940 4155 meminit
958 4101 1244 4157 Antonius
1260 4100 1336 4157 de
1360 4101 1800 4173 Verdaliaejus-

162 4189 288 4245 dem
308 4186 585 4244 Ecclesiae
628 4188 959 4261 episcopus,
992 4190 1092 4262 qui
1120 4190 1278 4246 sedis
1310 4208 1430 4246 suae
1469 4191 1802 4247 antistitum

160 4277 470 4334 Historiam
498 4276 734 4350 scripsit
778 4278 995 4335 editam
1026 4284 1183 4336 tomo
1214 4297 1234 4335 ι
1269 4279 1636 4336 Bibliothecae
1658 4281 1802 4336 Lab-

161 4367 374 4424 beanae.
406 4369 497 4422 'An
546 4383 682 4422 vero
741 4366 1086 4425 Gotofredus
1138 4370 1285 4442 ipse,
1317 4369 1417 4441 qui
1475 4370 1621 4425 forte
1664 4374 1803 4425 tunc

163 4454 462 4513 Placentiae
494 4460 641 4521 erat,
672 4455 816 4511 illud
848 4455 972 4528 ipse
1003 4458 1419 4530 impetraverit,
1453 4476 1563 4513 non
1615 4459 1804 4529 expri-

163 4544 525 4616 mitur,quod
548 4547 743 4600 tamen
768 4544 1083 4601 verisimile
1103 4552 1213 4615 est,
1243 4564 1374 4602 cum
1400 4547 1526 4619 ipse
1550 4546 1803 4602 multum

1957 1974 2232 2030 CLXXIX.
2268 1977 2525 2032 Richerus
2552 1978 2833 2049 episcopus
2860 1978 3091 2035 Virduni
3124 1980 3338 2037 Urbano
3357 1990 3534 2053 paret.

1990 2063 2113 2127 Quo
2143 2068 2405 2137 tempore
2434 2065 2556 2121 haec
2586 2066 2647 2121 in
2690 2066 2857 2124 Italia
2886 2068 3228 2140 agebantur,
3262 2068 3569 2141 Richerus,

1919 2153 2020 2227 qui
2053 2155 2124 2210 ab
2155 2153 2327 2210 annis
2374 2159 2597 2227 septem
2628 2155 2686 2212 in
2745 2156 3176 2214 Virdunensem
3229 2159 3571 2232 episcopum

1918 2242 2137 2300 electus
2168 2243 2444 2300 baculum
2476 2245 2548 2300 ab
2580 2244 2826 2302 Henrico
2845 2247 3108 2319 Augusto
3140 2255 3463 2321 acceperat,
3496 2250 3569 2305 ad

1919 2332 2219 2405 Hugonem
2251 2332 2523 2406 Lugduni
2553 2333 3060 2407 archiepiscopum
3091 2336 3355 2408 accessit,
3389 2354 3423 2393 a
3453 2354 3567 2410 quo

1915 2426 2049 2493 post
2090 2423 2382 2495 ejuratum
2432 2422 2693 2479 schisma
2742 2427 3113 2481 consecratus
3167 2428 3259 2491 est
3314 2425 3442 2499 ipso
3472 2426 3566 2484 dio

1914 2515 2115 2567 sancto
2168 2512 2632 2568 Resurrectionis
2691 2512 3027 2581 Dominicae,
3061 2530 3128 2569 ac
3184 2512 3359 2586 paulo
3409 2520 3562 2587 post,

1913 2598 2215 2656 Dominica
2244 2599 2465 2656 scilicet
2519 2601 2780 2657 secunda
2833 2604 2969 2672 post
3026 2601 3268 2671 Pascha,
3312 2602 3562 2663 Virduni

1913 2706 2047 2744 cum
2064 2688 2285 2763 ingenti
2307 2688 2520 2744 civium
2542 2688 2831 2762 applausu
2849 2694 3160 2763 susceptus
3194 2690 3324 2759 fuit,
3355 2696 3562 2764 agente

1913 2778 2162 2834 Rodulfo
2205 2778 2399 2835 Sancti
2444 2777 2693 2834 Victoris
2751 2779 2983 2848 abbate,
3019 2779 3121 2852 qui
3177 2779 3396 2839 Urbani
3425 2798 3558 2854 par-

1909 2868 2061 2923 tium
2100 2872 2224 2923 erat
2273 2868 2545 2924 defensor
2596 2868 2938 2927 acerrimus.
2996 2868 3127 2926 Haec
3178 2869 3462 2927 discimus
3491 2888 3560 2931 ex

1912 2957 2222 3013 Laurentio
2278 2958 2347 3013 de
2388 2958 2596 3013 Leodio
2651 2958 2711 3014 in
2742 2957 2998 3014 Historia
3052 2959 3181 3029 ejus
3237 2958 3403 3017 urbis
3430 2960 3558 3033 epi-

1909 3063 2242 3120 scoporum,
2277 3063 2404 3119 quae
2435 3052 2593 3103 tomo
2622 3047 2717 3102 ΧΠ
2747 3046 3042 3122 Spicilegii
3067 3047 3374 3106 Acheriani
3404 3048 3559 3107 edita

1906 3141 2015 3192 est.

1981 3226 2231 3282 CLXXX.
2268 3226 2515 3283 Urbanus
2556 3243 2590 3281 α
2623 3225 2875 3282 Conrado
2922 3242 3044 3298 rege
3073 3227 3346 3300 excipit-ur
3367 3228 3487 3284 Cre-

2636 3314 2835 3353 τηοηεε.

1981 3386 2240 3442 Pontifex
2265 3403 2398 3444 vero
2432 3387 2726 3443 Placentia
2770 3386 2938 3444 initio
2990 3387 3206 3461 Aprilis
3265 3403 3559 3460 egressus,

1910 3474 2129 3531 multas
2160 3476 2355 3543 urbes,
2405 3480 2471 3531 ut
2519 3475 2694 3531 habet
2744 3476 3042 3543 Domnizo,
3099 3475 3465 3550 peragravit;
3499 3492 3565 3531 ac

1910 3565 2120 3638 primo,
2153 3569 2220 3619 ut
2265 3563 2504 3636 quidem
2554 3562 2783 3637 exigere
2828 3565 3058 3622 videtur
3108 3564 3337 3621 itineris
3385 3563 3565 3625 series

1911 3670 2044 3710 cum
2076 3654 2452 3725 antiquorum
2483 3657 2789 3709 auctorum
2811 3652 3192 3711 relationibus
3217 3653 3559 3727 composita.

1910 3743 2256 3799 Cremonam
2271 3758 2478 3797 rursus
2492 3741 2760 3810 adiit,ubi
2779 3742 3112 3813 Conradum
3125 3741 3359 3800 Henrici
3372 3740 3560 3799 {ilium

1911 3832 2086 3889 Italiae
2135 3848 2331 3904 regem
2363 3849 2419 3887 IV
2471 3832 2605 3887 Idus
2652 3830 2888 3904 Aprilis,
2916 3835 2983 3887 ut
3028 3830 3335 3888 Bertoldus
3365 3831 3558 3900 refert,

1910 3921 2117 3979 habuit
2145 3922 2402 3992 obvium,
2429 3920 2530 3993 qui
2561 3922 2612 3977 ei
2635 3922 2890 3979 stratoris
2919 3921 3165 3993 ofﬁcium
3191 3919 3465 3987 exhibuit,
3496 3936 3563 3976 ac

1909 4013 2037 4085 fecit
2068 4012 2385 4082 ﬁdelitatem
2413 4013 2731 4084 juramento
2761 4011 2825 4067 de
2872 4013 3008 4077 vita,
3039 4010 3104 4066 de
3138 4011 3397 4066 membris
3426 4013 3479 4067 et
3501 4008 3566 4066 de

1906 4110 2116 4174 papam
2146 4103 2403 4157 Romano.
2436 4100 2702 4157 Urbanus
2731 4116 2865 4156 vero
2888 4101 3091 4172 recepit
3131 4101 3293 4155 illum
3310 4101 3370 4154 in
3384 4099 3563 4175 ﬁlium

1910 4198 2120 4247 sanctae
2144 4191 2397 4245 Rmnanae
2442 4190 2717 4257 Ecclesiae,
2752 4190 2908 4261 eique
2947 4189 3237 4263 consilium
3266 4192 3318 4244 et
3345 4187 3564 4261 adjuto-

1911 4282 2061 4335 rium
2109 4280 2178 4334 ad
2225 4278 2577 4334 obtinendum
2634 4295 2880 4349 regnum,
2931 4286 2985 4334 et
3026 4293 3285 4334 coronam
3342 4278 3567 4349 imperii

1913 4368 2302 4440 acquirendam
2329 4385 2515 4423 coram
2540 4368 2738 4439 populo
2769 4367 3083 4438 ﬁrmissime
3104 4367 3383 4439 promisit,
3413 4367 3568 4422 salva

1912 4458 2131 4530 quidem
2144 4458 2376 4529 justitia
2398 4458 2551 4512 illius
2574 4458 2828 4514 Ecclesiae
2856 4465 2908 4512 et
2951 4458 3164 4512 statutis
3217 4456 3565 4529 apostolicis;

1912 4549 2153 4602 maxime
2177 4547 2241 4602 de
2269 4548 2608 4602 inrestituris
2640 4548 2701 4602 in.
2727 4546 3112 4618 spirituatibus
3142 4547 3338 4621 ofﬁciis
3356 4563 3390 4602 α
3428 4546 3566 4603 laico

164 4634 479 4690 desudasse
504 4632 734 4690 dicatur
779 4633 839 4689 in
869 4635 1231 4692 restituenda
1258 4636 1528 4693 Ecclesiae
1560 4654 1678 4692 suae
1710 4653 1802 4692 ca-
1837 4656 1882 4721 Β
1910 4654 2021 4692 non
2050 4635 2399 4707 usurpandis.
2434 4636 2565 4690 Haec
2600 4652 2734 4690 cum
2758 4634 3080 4706 accepisset
3126 4638 3222 4691 Ivo
3252 4638 3566 4690 Carnoten—

164 4724 504 4780 nonicorum
537 4721 789 4798 regulari
818 4723 956 4779 vita.

229 4812 346 4868 Hoc
367 4810 738 4885 privilegium
753 4811 910 4869 aliud
927 4813 1635 4886 sequituramplissimum
1652 4814 1806 4888 quod

166 4905 292 4973 post
318 4900 468 4956 duos
496 4899 641 4966 dies,
661 4900 727 4956 id
749 4906 839 4957 est
860 4903 926 4956 16
949 4900 1158 4970 Martii,
1184 4908 1383 4960 sancto
1419 4905 1647 4978 Hugoni
1677 4904 1806 4961 Clu-

167 4989 416 5045 niacensi
449 4989 645 5045 abbati
667 4990 924 5062 pontifex
955 4992 1216 5047 indulsit.
1250 4993 1313 5048 In
1347 5010 1413 5048 eo
1432 4999 1811 5050 recensentur

168 5077 430 5134 Ecclesiae
450 5077 638 5134 eidem
658 5081 1011 5135 monasterio
1046 5081 1105 5135 in
1126 5080 1302 5136 variis
1324 5082 1636 5153 provinciis
1668 5084 1807 5139 sub-

164 5167 902 5241 jecte,conlirmanturque
935 5168 1132 5225 omnia
1161 5169 1275 5225 alia
1304 5170 1607 5244 privilegia
1636 5189 1806 5245 supe-

172 5256 379 5314 riorum
438 5255 821 5329 pontiﬁcum;
856 5261 983 5313 tum
1026 5257 1340 5325 interdicit,
1397 5260 1556 5326 sicut,
1618 5261 1810 5334 inquit

170 5344 437 5417 pontifex,
470 5363 505 5400 a
534 5344 788 5417 Gregorio
846 5349 906 5401 in
954 5347 1199 5404 Romana
1239 5348 1462 5421 synodo,
1489 5353 1544 5403 ct
1572 5366 1749 5421 nuper
1777 5369 1810 5407 a

168 5435 315 5491 nobis
364 5437 427 5491 in
475 5435 806 5492 Placentina
860 5440 1127 5492 statutum
1181 5437 1392 5505 fuerat,
1426 5437 1666 5495 cuilibet
1716 5457 1807 5496 ar-

170 5523 552 5597 chiepiscopo,
579 5525 870 5599 episcopo,
904 5530 1006 5582 aut
1033 5526 1208 5582 etiam
1256 5527 1444 5601 legato
1492 5527 1808 5601 apostolico

170 5630 391 5671 omnem
423 5613 762 5672 facultatem
803 5614 1216 5673 Cluniacenses
1274 5616 1661 5674 interdicendi
1717 5618 1807 5674 vel

171 5703 733 5774 excommunicandi,
767 5708 868 5761 aut
912 5706 1299 5779 cognoscendi
1348 5723 1548 5765 eorum
1575 5724 1806 5776 causas,

1914 4726 2068 4783 sium
2091 4725 2337 4781 antistes
2384 4723 2609 4779 litteras
2659 4722 2922 4795 pontifici
2978 4721 3213 4795 scripsit
3269 4722 3485 4794 quibus
3515 4723 3567 4778 ei

1916 4812 2458 4890 gratularetur.Huc
2491 4811 2646 4868 enim
2674 4811 3058 4867 revocandam
3081 4826 3209 4867 esse
3226 4827 3341 4867 non
3364 4808 3568 4868 dubito

1917 4906 2045 4977 ejus
2075 4902 2385 4978 epistolam
2414 4903 2480 4957 1.3
2532 4900 2643 4973 ipsi
2701 4899 2935 4956 Urbano
2969 4898 3336 4972 inscriptam,
3366 4899 3425 4955 in
3457 4917 3575 4974 qua

1917 4994 2189 5068 gaudium
2247 5008 2407 5049 suum
2463 4990 2636 5046 nullis
2692 4988 3038 5063 syllabarum
3089 4991 3248 5045 metis
3302 4990 3576 5063 explicari

1919 5101 2091 5156 posse
2121 5083 2428 5146 aflirmat,u
2455 5079 2609 5152 quod
2636 5078 2885 5136 audierit
2906 5078 3230 5135 Romanam
3252 5076 3572 5135 Ecclesiam

1921 5174 2031 5228 sub
2062 5173 2189 5242 ejus
2224 5170 2505 5243 regimine
2568 5168 2646 5224 ita
2703 5184 3066 5241 prosperare,
3098 5172 3163 5223 ut
3211 5168 3284 5224 ad
3339 5171 3574 5240 portum

1919 5279 2064 5335 pene
2116 5264 2410 5332 pervenla,
2464 5256 2639 5313 Italiae
2694 5273 2940 5331 regnum
2991 5256 3224 5330 jamdiu
3274 5255 3485 5313 rebelle
3515 5256 3574 5311 in

1919 5354 2232 5423 conspectu
2279 5349 2407 5421 ejus
2438 5350 2629 5404 totum
2653 5364 2800 5419 pene
2820 5346 3126 5418 conticeat,
3159 5349 3216 5403 et
3244 5363 3429 5404 novus
3455 5362 3575 5416 rex,

1919 5438 2146 5514 (procul
2176 5436 2354 5495 dubio
2377 5437 2702 5508 Conradus)
2733 5453 2861 5495 sese
2889 5436 3128 5494 omnino
3160 5436 3232 5493 ad
3262 5434 3385 5505 Dei,
3418 5436 3574 5507 ejus-

1919 5548 2031 5604 que
2060 5528 2423 5586 voluntatem
2454 5527 2513 5583 in
2554 5528 2683 5600 ejus
2732 5544 2946 5584 manus
2999 5524 3246 5583 dederit.
3284 5547 3312 5575 »
3344 5525 3414 5581 Et
3444 5523 3573 5598 qui-

1920 5623 2074 5689 dem,
2110 5624 2176 5675 ut
2224 5617 2555 5677 observavit
2601 5618 2898 5691 Sigonius,
2932 5634 3065 5674 cum
3124 5614 3408 5673 Henricus
3466 5616 3574 5669 im-

1921 5714 2153 5783 perator
2210 5723 2279 5765 ex
2331 5705 2497 5764 ltalia
2576 5707 2943 5773 excessisset,
3001 5706 3157 5763 brevi
3238 5719 3443 5761 omnes
3502 5703 3575 5760 ad
