3962 6360
371 381 486 476 ατ

1667 403 1740 469 Β.
1781 383 2180 488 ΠΒΒΛΝΙἹῙ
2221 398 2473 462 PAPE.

3659 381 3788 458 ηε

367 545 619 607 Conradi
643 547 835 620 partes
857 545 1255 613 accurrerunt,
1289 559 1421 599 cum
1467 541 1591 612 jam
1633 539 1798 597 initio
1829 539 2011 610 hujus
2039 534 2098 604 Α
2123 534 2460 609 proceribus
2483 530 2757 609 praeclara
2779 530 2916 605 jura
2939 530 3206 590 concedit
3224 529 3285 588 in
3306 526 3604 600 ecclesias,
3629 545 3788 605 quas

367 637 532 706 anni,
565 640 633 694 ut
660 653 730 692 ex
759 633 1026 692 Bertoldo
1073 633 1352 701 diximus,
1385 633 1537 688 idem
1596 631 1865 703 princeps
1897 629 2018 686 Ma-

370 727 546 785 thildi
567 728 813 799 junctus
840 727 1029 780 totum
1060 722 1289 795 paterni
1335 721 1618 778 exercitus
1665 721 1843 776 robur
1869 718 2015 775 obti-

372 816 623 879 nuisset.

444 923 726 980 CLXXXI.
763 921 986 993 Welpho
1013 923 1076 974 in
1101 918 1428 993 Mathildem
1454 927 1642 993 movet.
1674 917 1951 993 Conradus

637 995 858 1064 Rogerii
879 990 1098 1048 comitis
1128 992 1304 1062 ﬁliam
1334 1006 1561 1046 uxorem
1588 990 1756 1046 ducit.

442 1104 668 1160 Novum
697 1104 891 1158 tamen
913 1100 1144 1154 hostem
1171 1115 1236 1154 eo
1259 1112 1519 1169 tempore
1545 1097 1834 1153 sustinere
1862 1111 2018 1150 com-

373 1193 550 1268 pulsa
561 1188 1272 1260 Mathildis,Welphonem
1296 1186 1520 1243 scilicet
1541 1191 1782 1258 patrem,
1813 1186 2018 1240 ducem

373 1280 764 1352 Bavaria3,qui
795 1295 946 1352 aegro
979 1276 1176 1334 animo
1206 1277 1396 1332 ferens
1428 1275 1816 1348 Welpbonem
1843 1290 2020 1329 suum

372 1370 564 1429 ﬁlium
594 1387 628 1426 a
658 1367 958 1426 Mathildis
1015 1367 1143 1437 ejus
1195 1365 1391 1420 uxoris
1447 1369 1571 1421 toro
1623 1366 2020 1436 sequestratum

369 1461 580 1527 vivere,
611 1457 829 1515 veritus
854 1472 925 1512 ne
963 1471 1028 1511 eo
1052 1459 1220 1526 pacto
1258 1455 1430 1510 bonis
1459 1455 1588 1525 ejus
1619 1455 2015 1516 frustraretur,

373 1549 446 1606 ad
473 1546 788 1604 Henricum
822 1543 1084 1610 descivit,
1105 1547 1170 1598 ut
1197 1560 1266 1598 ea
1296 1543 1448 1599 bona
1478 1543 1526 1598 si
1560 1559 1674 1598 non
1707 1548 1932 1614 sponte,
1963 1541 2018 1595 vi

369 1636 666 1695 saltemab
689 1651 758 1692 ea
775 1637 1177 1704 extorqueret;
1211 1632 1310 1687 sed
1331 1631 1476 1686 irriti
1501 1633 1660 1688 fuere
1706 1633 2020 1703 ejuscona-

370 1725 796 1784 tus.Mathildis
819 1723 1056 1796 quippe,
1073 1723 1270 1777 animo
1293 1721 1862 1794 imperterrita,artes
1893 1724 2021 1792 ejus

371 1815 548 1874 elusit
575 1819 633 1870 et
661 1813 982 1887 potentiam
1014 1811 1223 1884 fregit;
1249 1827 1354 1866 nec
1405 1811 1644 1866 mirum.
1696 1810 1800 1867 Illa
1839 1813 2017 1882 enim,

372 1903 461 1962 uti
517 1903 695 1960 refert
748 1899 1080 1956 Willelmus
1141 1899 1705 1966 Malmesburiensis,
1757 1901 1856 1972 qui
1916 1917 2021 1958 nec
2051 1909 2100 1974 Β

372 1992 607 2050 Urbano
636 2007 744 2047 nec
765 1987 1030 2046 Mathildi
1061 1988 1250 2044 favere
1288 1987 1604 2054 consuevit,
1639 1989 1808 2044 oblita
1835 2005 2016 2057 sexus,

370 2098 472 2140 nec
523 2081 712 2153 dispar
768 2078 1012 2150 antiquis
1077 2077 1460 2142 amawnibus,
1509 2079 1719 2147 ferrata
1775 2080 2020 2134 virorum

371 2171 598 2242 agmina
653 2170 718 2224 in
764 2168 969 2224 bellum
1014 2167 1207 2236 agebat
1260 2168 1488 2238 femina.
1522 2167 1636 2222 Nec
1682 2166 1903 2224 felicior
1957 2169 2016 2224 in

369 2257 718 2316 Alemannis.
756 2255 1004 2328 Welpho
1059 2254 1188 2322 fuit,
1221 2254 1323 2310 ubi
1381 2253 1656 2325 multum,
1690 2260 1836 2313 teste
1885 2258 2016 2313 Ber-

366 2347 551 2417 toldo,
609 2363 745 2404 cum
793 2344 925 2402 aliis
981 2343 1344 2416 principibus
1431 2344 1728 2401 nonnullis
1801 2346 2019 2402 frustra

364 2435 654 2496 laboravit
709 2435 768 2490 in
824 2434 1192 2508 procuranda
1247 2432 1477 2490 Henrici
1538 2434 1904 2492 restitutione
1957 2437 2014 2491 in

365 2541 636 2602 regnum.

437 2599 661 2672 Interea
691 2613 1012 2680 Conradus,
1029 2599 1324 2669 crescente
1351 2610 1411 2667 in
1435 2612 1560 2668 dies
1587 2613 1715 2684 ejus
1737 2614 2012 2686 potentia.

363 2704 531 2763 Pisas
561 2721 697 2760 cum
729 2706 1014 2775 apparatu
1046 2702 1202 2774 regio
1225 2701 1388 2770 adiit,
1423 2701 1621 2774 ibique
1659 2703 1891 2775 Rogerii
1922 2721 2014 2759 co-

365 2791 530 2851 mitis
567 2790 782 2848 Sicilia:
824 2795 882 2846 et
899 2790 1174 2846 Calabriae
1197 2788 1377 2844 ﬁliam
1408 2805 1543 2844 cum
1572 2791 1826 2847 inaudita
1850 2809 2014 2864 pecu-

365 2884 468 2940 nia
495 2881 555 2937 in
581 2895 861 2954 sponsam
891 2877 1148 2950 accepit:
1181 2878 1338 2950 quod
1379 2877 1595 2933 Urbani
1626 2883 1683 2934 et
1715 2878 2014 2936 Mathildis

369 2969 616 3029 consilio
638 2969 859 3025 factum
883 2966 1064 3023 fuisse
1083 2970 1334 3023 testatur
1361 2965 1678 3022 Gaufridus
1693 2969 2014 3025 monachus

365 3057 516 3117 libro
539 3075 613 3126 ιν,
645 3055 747 3112 ubi
767 3055 992 3113 litteras
1031 3071 1064 3110 a
1083 3053 1352 3128 pontiﬁce
1378 3070 1444 3111 ea
1464 3055 1766 3111 occasione
1796 3058 1868 3112 ad
1910 3057 2014 3113 Ilo-

369 3146 601 3222 gerium
632 3144 882 3218 scriptas
912 3147 1348 3200 commemorat.
1381 3144 1490 3199 Sed
1537 3143 1623 3199 hae
1655 3143 2011 3213 exciderunt,

370 3251 609 3296 summa
646 3250 849 3291 earum
879 3250 943 3290 ex
975 3232 1076 3288 illo
1107 3237 1341 3289 auctore
1370 3233 1491 3288 haec
1521 3237 1677 3290 erat:
1711 3233 2010 3290 Urbanum

367 3324 616 3399 Rogerio
637 3322 946 3396 scripsisse
991 3323 1104 3378 sibi
1130 3338 1330 3392 magno
1361 3322 1557 3378 honori
1581 3327 1633 3378 et
1656 3323 1898 3395 proﬁcuo
1925 3326 2014 3395 fu-

367 3421 580 3482 turum,
607 3413 660 3469 si
685 3412 807 3484 ﬁlia
835 3412 950 3482 ﬁlio
980 3413 1125 3482 regis
1171 3413 1362 3482 futuro
1389 3427 1579 3484 sponso
1624 3412 1938 3484 jungatur;
1963 3417 2018 3468 et

356 3504 580 3578 juvenis
606 3504 812 3560 sanctae
841 3503 1102 3559 Romam?
1127 3501 1380 3556 Ecclesia
1410 3500 1672 3571 ﬁdelitate
1707 3502 2014 3569 adhaerens,

365 3593 460 3652 sed
487 3591 808 3665 sumptibus,
859 3591 1058 3663 quibus
1103 3593 1292 3646 contra
1345 3598 1578 3662 patrem,
1629 3592 1726 3662 qui
1771 3607 1897 3647 eum
1925 3594 2016 3647 in-

356 3683 509 3758 juste
535 3680 902 3754 oppugnabat,
939 3681 1126 3736 minus
1171 3679 1476 3752 sufficiens,
1537 3696 1668 3752 quos
1710 3685 1868 3752 pater
1894 3699 2018 3736 cum

366 3772 488 3844 ﬁlia
515 3771 694 3838 daret,
722 3769 936 3826 viribus
965 3771 1136 3826 vietus
1165 3769 1256 3840 [f.,
1285 3770 1516 3840 auctus]
1571 3768 1642 3824 ad
1675 3770 2018 3826 debellandos

367 3860 623 3918 inimicos
667 3862 871 3915 sanctae
916 3859 1014 3914 Dei
1068 3857 1325 3915 Ecclesiae
1375 3859 1722 3930 praevaleret.
1779 3860 1941 3924 Quod
1986 3877 2020 3914 a

371 3945 618 4020 Rogerio
677 3943 1004 4018 praestitum
1069 3943 1252 4001 fuisse
1327 3945 1653 4018 subjungit,
1706 3945 1889 4002 missa
1946 3947 2017 4002 ad

370 4035 525 4094 hanc
574 4049 696 4090 rem
726 4032 950 4105 ingenti
988 4031 1174 4089 classe
1214 4050 1339 4090 cum
1394 4034 1588 4090 multis
1641 4035 2022 4090 thesaurorum

367 4125 574 4182 xeniis.

371 4229 682 4289 CLXXXII.
715 4230 910 4286 Petrus
958 4245 1060 4302 reae
1105 4229 1419 4300 Aragonum
1454 4229 1572 4285 sedi
1593 4230 1897 4302 apostolicae
1926 4230 2021 4286 ad-

1023 4301 1377 4356 dictissimus.

441 4389 704 4463 Hocipso
753 4393 1013 4463 tempore
1061 4391 1322 4464 suscepit
1377 4390 1646 4446 Urbanus
1705 4389 1929 4447 litteras
1986 4409 2019 4446 a

368 4481 539 4538 Petro
569 4481 903 4552 Aragonum
935 4494 1090 4552 rege,
1123 4479 1338 4552 quibus
1369 4478 1467 4534 ille
1506 4483 1715 4550 praeter
1743 4479 2018 4535 obedien-

365 4569 512 4626 tiam
542 4566 780 4624 ﬁlialem
811 4585 972 4641 papa:
1011 4567 1290 4636 debitam,
1324 4583 1452 4623 sese
1511 4568 1689 4622 etiam
1721 4567 2018 4640 obligabat

369 4659 442 4718 ad
473 4675 684 4716 census
703 4657 863 4714 illius
894 4656 1268 4725 solutionem,
1301 4673 1474 4728 quem
1509 4656 1646 4712 olim
1679 4674 1822 4712 suus
1857 4661 2018 4728 pater
2052 4654 2097 4718 D

367 4749 615 4806 Saucius
646 4753 908 4822 tempore
947 4746 1205 4820 Gregorii
1245 4746 1346 4802 VII
1378 4746 1499 4802 sedi
1533 4745 1864 4819 apostolicae
1897 4747 2022 4801 red-

369 4837 628 4894 dendum
676 4837 1030 4894 instituerat.
1079 4835 1194 4892 Has
1242 4833 1464 4890 litteras
1505 4852 1574 4890 ex
1623 4835 1847 4890 Joanne
1895 4837 2022 4891 Briz

370 4924 676 4983 Martineio
691 4926 898 4981 abbate
911 4923 1258 4980 Pennatensi
1271 4922 1474 4980 laudat
1486 4923 1570 4979 vir
1581 4923 2020 4981 illustrissimus

372 5013 580 5071 Petrus
609 5012 681 5068 de
710 5013 906 5068 Marca
932 5011 992 5066 in
1019 5011 1274 5067 Historia
1308 5013 1648 5080 Bearnensi,
1672 5030 1884 5086 easque
1915 5014 2022 5070 hoc

372 5119 528 5160 anno
560 5101 808 5173 scriptas
836 5101 1018 5156 fuisse
1050 5099 1210 5155 dicit.
1245 5101 1316 5155 Et
1347 5100 1582 5173 quidem
1613 5102 1769 5157 hunc
1799 5120 2019 5159 annum

373 5191 605 5266 praefert
642 5189 893 5263 insignis
948 5187 1167 5245 Urbani
1213 5188 1391 5257 bulla,
1425 5189 1636 5246 harum
1694 5191 2018 5248 litterarum

373 5279 698 5349 occasione,
728 5279 815 5335 uti
859 5277 1107 5344 videtur,
1157 5277 1217 5334 in
1266 5279 1529 5350 ejusdem
1577 5281 1728 5353 regis
1771 5281 2021 5354 gratiam

375 5369 529 5426 data.
555 5368 616 5424 In
647 5385 718 5426 ea
745 5369 1014 5425 Urbanus
1064 5383 1255 5440 regem
1305 5369 1376 5424 dc
1415 5369 1542 5440 ejus
1591 5371 1648 5426 in
1702 5369 2022 5426 Ecclesiam

375 5457 698 5516 reverentia
724 5462 782 5514 et
812 5456 1196 5531 pmpensione
1227 5457 1584 5530 gratulatur;
1619 5465 1744 5516 tum
1768 5474 2022 5530 conque-

375 5548 526 5605 ritur
559 5548 712 5620 quod
747 5546 1058 5604 nonnullos
1107 5547 1418 5615 antistites,
1473 5549 1571 5621 qui
1623 5549 1674 5605 ei
1707 5550 1894 5604 favere
1924 5547 2022 5602 de-

375 5637 664 5707 buissent,
697 5636 1058 5694 adversarios
1087 5640 1419 5708 pateretur;
1449 5655 1513 5693 ac
1556 5639 1809 5710 denique
1840 5635 2026 5691 multa

382 5727 432 5782 ei
481 5727 726 5799 ejusque
776 5725 1056 5800 prosapiae
1109 5725 1492 5802 principibus,
1552 5745 1615 5782 ac
1673 5725 1802 5783 aliis
1862 5725 2026 5796 regni

2130 625 2609 698 velliberaverint
2639 642 2672 680 a
2717 624 3138 680 Saracenorum
3162 623 3328 695 jugo,
3356 624 3456 678 aut
3503 624 3657 677 certe
3707 620 3789 678 de

2129 733 2275 773 novo
2324 713 2732 771 exstruxerint.
2787 713 2905 768 Hoc
2940 710 3330 784 privilegium,
3367 727 3436 766 ex
3480 709 3789 766 historicis

2130 803 2461 878 Hispanicis
2492 803 2728 859 dabitur
2772 801 2928 857 inter
2974 799 3192 856 Urbani
3223 798 3537 872 epistolas;
3574 799 3630 854 in
3664 816 3789 872 quo

2130 894 2364 968 quidem
2395 893 2538 949 satis
2568 891 2680 948 sibi
2733 893 3000 948 constant
3057 888 3339 945 chronica:
3381 892 3550 958 notae,
3586 889 3690 945 sed
3725 889 3788 946 id

2129 985 2305 1040 habet
2349 981 2730 1052 incommodi,
2761 981 2916 1053 quod
2967 979 3169 1034 datum
3228 975 3456 1033 dicatur
3498 979 3686 1036 Roma
3726 981 3790 1034 16

2129 1073 2344 1146 Aprilis
2373 1072 2554 1144 hujus
2585 1070 2756 1126 anni:
2791 1086 2906 1142 quo
2935 1072 3196 1141 tempore
3229 1071 3453 1123 certum
3477 1070 3562 1123 est
3594 1067 3785 1124 Urba-

2129 1178 2271 1218 num
2291 1161 2349 1216 in
2372 1159 2777 1233 Longobardia
2796 1161 3092 1215 versatum
3112 1155 3578 1213 fuisse.Joannes
3600 1157 3783 1212 etiam

2131 1251 2210 1307 ibi
2233 1254 2598 1324 praesignator
2637 1233 2848 1305 dornini
2902 1247 3109 1306 Urbani
3163 1247 3396 1313 dicitur,
3430 1262 3604 1318 quem
3637 1246 3788 1302 titu-

2127 1341 2347 1409 lum,ut
2371 1337 3041 1410 observavimus,primis
3070 1339 3303 1392 tantum
3334 1335 3552 1391 Urbani
3583 1337 3784 1403 annis,

2129 1431 2347 1502 quibus
2378 1429 2580 1485 Petrus
2603 1427 2866 1484 nondum
2888 1426 3184 1500 regnabat,
3214 1424 3533 1497 usurpavit.
3559 1424 3786 1481 Verum

2129 1519 2252 1574 haec
2281 1535 2350 1574 ex
2379 1516 2829 1572 amanuensium
2864 1515 3092 1570 incuria
3114 1513 3414 1586 provenire
3440 1517 3784 1586 potuerunt:

2131 1609 2286 1680 quod
2307 1625 2373 1662 eo
2407 1605 2778 1662 verisimilius
2807 1609 2916 1671 est,
2950 1621 3062 1678 quo
3095 1607 3301 1660 caetera
3341 1603 3399 1658 in
3428 1603 3536 1658 hoc
3569 1619 3786 1658 monu-

2132 1700 2328 1752 mento
2353 1711 2545 1750 rerum
2577 1693 2824 1761 veritati,
2857 1697 2913 1750 et
2942 1698 3275 1766 temporum
3318 1687 3790 1750 circumstantiis

2131 1785 2393 1858 apprime
2416 1785 2780 1841 conveniant.

2131 1874 2454 1930 CLXXXIII.
2480 1875 2836 1945 Privilegium
2882 1873 2936 1930 S.
2981 1873 3173 1928 Leonis
3223 1873 3487 1928 Tullensis
3529 1875 3792 1929 canonici

2441 1947 2718 2018 regulares
2739 1947 2924 2017 primo
2948 1945 3164 2000 abbates
3200 1945 3460 2000 obtinent.

2199 2035 2402 2090 Varias
2433 2039 2573 2090 tunc
2606 2035 2950 2108 peragrabat
2975 2032 3388 2106 Longobardize
3439 2032 3612 2090 urbes
3638 2050 3787 2106 pon-

2129 2125 2286 2194 tifex,
2319 2129 2466 2182 teste
2499 2123 2787 2191 Bertoldo,
2813 2126 2878 2178 ut
2923 2139 3133 2196 nempe
3164 2139 3262 2178 eas
3294 2121 3407 2178 sibi
3437 2121 3784 2190 devinciret,

2129 2232 2194 2271 ac
2247 2232 2354 2271 sua
2399 2213 2708 2286 praesentia
2754 2213 3147 2279 confirmaret,
3180 2227 3286 2267 nec
3334 2215 3467 2284 post
3509 2228 3685 2267 suum
3721 2212 3786 2268 in

2128 2303 2314 2360 Gallia
2345 2305 2672 2360 discessum
2721 2303 2794 2358 ab
2839 2319 2904 2358 eo
2955 2301 3283 2357 deﬁcerent.
3337 2300 3503 2356 Certe
3557 2301 3619 2356 in
3662 2300 3786 2358 illis

2127 2393 2392 2466 partibus
2413 2391 2754 2448 versabatur
2767 2407 2900 2446 cum
2914 2389 3178 2446 Lutolfus
3199 2387 3493 2446 Tullensis
3509 2388 3785 2446 Ecclesia:

2126 2483 2382 2538 decanus
2403 2482 2471 2536 ab
2495 2497 2562 2537 eo
2584 2479 2951 2553 privilegium
2981 2478 3314 2552 impetravit
3345 2494 3450 2551 pro
3483 2483 3784 2536 monaste-

2127 2573 2212 2628 rio
2241 2590 2276 2627 a
2305 2587 2366 2628 se
2396 2587 2599 2628 recens
2637 2569 2870 2625 condito
2923 2585 3101 2641 prope
3152 2568 3419 2625 eamdem
3481 2568 3686 2626 urbem
3721 2567 3786 2624 in

2125 2663 2405 2719 honorem
2431 2659 2586 2715 beati
2619 2675 2780 2731 papaa
2819 2658 3030 2714 Leonis
3078 2659 3168 2728 IX,
3203 2659 3302 2732 qui
3333 2663 3467 2716 ante
3499 2659 3786 2730 adeptum

2125 2745 2852 2826 pontiﬁcatum'_'l‘ullensis
2881 2747 3189 2820 episcopus
3217 2747 3422 2803 fuerat.
3453 2748 3532 2803 Eo
3562 2745 3621 2802 in
3654 2746 3788 2804 loco

2125 2838 2434 2896 canonicos
2480 2836 2777 2909 regulares
2823 2835 3285 2908 Augustinianos
3330 2836 3440 2892 sub
3484 2838 3788 2908 prwpositi

2125 2927 2408 3002 regimine
2439 2925 2774 2981 instituerat
2793 2923 3080 2990 Lutolfus,
3097 2925 3196 2980 sed
3210 2925 3366 2980 hunc
3396 2925 3783 2998 praepositum

2123 3014 2418 3073 Tullensis
2451 3013 2698 3070 antistes
2747 3017 2948 3086 postea
2989 3013 3048 3068 in
3099 3014 3370 3070 abbatem
3431 3013 3780 3070 solemniter

2122 3103 2498 3162 consecravit.
2527 3103 2673 3168 Quid
2699 3120 2832 3159 vero
2884 3103 2943 3159 in
2993 3103 3208 3159 Urbani
3258 3102 3562 3176 privilegio
3592 3104 3781 3159 conti-

2123 3194 2542 3260 neretur,haud
2573 3196 2796 3249 certum
2827 3197 2937 3260 est,
2956 3209 3086 3248 cum
3120 3194 3247 3265 ejus
3278 3191 3578 3266 exemplar
3608 3210 3779 3249 recu-

2043 3279 2086 3346 C
2125 3301 2327 3358 perare
2359 3299 2474 3338 non
2507 3281 2773 3349 licuerit;
2808 3286 2866 3338 at
2896 3283 3024 3354 ejus
3063 3281 3367 3339 occasione
3411 3298 3535 3338 rem
3569 3285 3782 3338 notatu

2125 3375 2362 3444 dignam
2395 3371 2720 3428 observavit
2737 3369 3044 3428 Bertoldus
3073 3387 3086 3426 :
3120 3389 3330 3444 nempe
3359 3371 3518 3427 hunc
3549 3388 3779 3427 morem

2126 3462 2314 3536 primo
2339 3461 2398 3515 in
2431 3459 2548 3515 illis
2561 3459 2829 3533 partibus
2851 3459 3264 3528 invaluisse,ut
3285 3458 3779 3516 monasteriorum

2125 3551 2492 3615 clericorum,
2527 3567 2654 3622 quae
2685 3549 2931 3605 Romani
2961 3550 3228 3605 canonica
3257 3547 3649 3622 appellabant,
3686 3566 3785 3605 re-

2127 3645 2335 3706 ctores,
2364 3642 2534 3696 antea
2558 3640 2852 3710 praepositi
2895 3637 3085 3694 solum
3135 3638 3293 3705 dicti,
3328 3637 3786 3694 nominarentur

2127 3731 2386 3795 abbates,
2419 3745 2603 3800 eoque
2648 3727 2822 3783 titulo
2859 3732 3356 3794 consecrarentur,
3390 3726 3499 3783 hoc
3543 3731 3783 3784 tantum

2127 3822 2361 3889 excepto
2388 3817 2542 3888 quod
2577 3815 2815 3872 baculos
2847 3833 2964 3871 non
2989 3816 3413 3889 gestarent.Hic
3444 3832 3589 3872 usus
3616 3821 3783 3889 post-

2129 3907 2370 3962 modum
2402 3906 2460 3960 in
2494 3904 2636 3961 alias
2660 3922 2892 3978 quoque
2933 3905 3200 3978 regiones
3230 3899 3580 3978 penetravit;
3605 3909 3663 3961 et
3684 3923 3786 3961 ca-

2129 3995 2472 4052 nonicorum
2489 3994 2846 4068 regularium
2864 3995 3156 4068 praepositi
3171 3995 3444 4068 deinceps
3463 4011 3580 4050 non
3603 3996 3785 4052 modo

2129 4083 2372 4141 dimisso
2399 4084 2693 4158 praepositi
2737 4083 2908 4165 titulo
2956 4101 3084 4140 sese
3135 4085 3374 4140 abbates
3406 4101 3786 4157 nuncupave-

2129 4177 2286 4242 runt,
2320 4173 2421 4230 sed
2453 4172 2628 4229 etiam
2661 4173 2846 4228 mitrae
2878 4187 3050 4228 usum
3087 4177 3144 4229 et
3187 4172 3301 4229 alia
3331 4173 3612 4229 abbatum
3642 4171 3791 4229 insi-

2128 4263 2285 4335 gnia,
2340 4262 2815 4335 permittentibus
2865 4260 3268 4334 pontiﬁcibus,
3325 4266 3392 4317 ut
3437 4261 3556 4326 alii,
3608 4278 3787 4316 usur-

2129 4351 2598 4424 parunt.Videsis
2630 4352 2948 4424 Rupertum
2964 4350 3115 4407 libro
3136 4369 3192 4406 Iv
3222 4351 3281 4406 in
3304 4349 3565 4424 regulam
3581 4351 3787 4406 Sancti

2128 4440 2440 4508 Benedicti,
2476 4440 2572 4494 ubi
2606 4439 2914 4512 epistolam
2961 4455 3030 4495 ea
3077 4439 3379 4495 occasione
3428 4457 3462 4495 a
3489 4437 3787 4495 Friderico

2130 4528 2562 4602 archiepiscopo
2593 4529 2925 4584 Coloniensi
2959 4528 3238 4601 scriptam
3273 4528 3463 4584 refert.

2129 4619 2456 4675 CLXXXIV.
2492 4619 2740 4675 Urbanus
2788 4618 3089 4690 Mediolani
3121 4619 3479 4690 privilegium
3521 4617 3787 4675 Ecclesiae

2203 4691 2616 4746 Carcassonensi
2664 4691 2775 4744 dat.
2836 4691 3008 4761 Epist.
3061 4689 3131 4744 de
3181 4691 3277 4746 lite
3331 4689 3783 4746 Salmoriacensi.

2203 4763 2537 4818 Humbaldus
2609 4763 2889 4832 episcopus
2964 4761 3330 4817 Antissiodori
3408 4769 3780 4816 consecratur.

2201 4835 2466 4906 Arnulfus
2531 4833 2971 4890 Mediolanensis.
3039 4832 3409 4888 Herlembaldi
3463 4832 3782 4888 translatio.

2202 4921 2511 4978 Mediolani
2563 4938 2836 4995 magnam
2883 4921 3106 4978 mensis
3153 4921 3286 4977 Maii
3337 4926 3563 4994 partem
3593 4921 3788 4993 exegit

2131 5012 2419 5080 Urbanus,
2442 5010 2540 5068 ubi
2572 5011 2665 5066 die
2707 5013 2775 5065 24
2809 5009 3106 5084 regulares
3137 5011 3474 5078 canonicos,
3508 5025 3656 5082 quos
3685 5008 3788 5064 Pe-

2129 5105 2258 5156 trus
2305 5098 2784 5156 Carcassoncnsis
2835 5099 3145 5173 episcopus
3197 5101 3255 5154 in
3305 5117 3412 5156 sua
3462 5097 3784 5155 cathedrali

2133 5189 2377 5260 aliisque
2425 5189 2684 5244 ecclesiis
2733 5188 3069 5245 instituerat
3127 5188 3514 5256 conﬁrmavit,
3548 5188 3683 5244 dato
3716 5205 3786 5244 ea

2131 5280 2203 5334 dc
2236 5295 2295 5334 re
2347 5279 2646 5351 rescripto,
2690 5279 2784 5333 cui
2845 5277 3004 5334 aliud
3057 5277 3196 5336 olim
3230 5279 3619 5351 subjungetur
3647 5282 3785 5352 post

2133 5366 2356 5439 aliquot
2375 5366 2499 5424 dies
2522 5368 2591 5422 ad
2625 5366 2845 5423 clerum
2880 5372 2936 5424 et
2973 5367 3256 5441 populum
3297 5365 3784 5423 Salmoriacensis

2133 5456 2639 5513 archidiaconatus
2671 5457 2896 5526 datum,
2925 5475 3040 5530 quo
3087 5457 3172 5514 eis
3219 5455 3483 5530 praecipit
3521 5455 3784 5528 pontifex

2133 5550 2200 5601 ut
2231 5547 2499 5619 episcopo
2530 5546 3068 5620 Gratianopolitano
3102 5545 3587 5613 obediant,donec
3617 5543 3781 5600 aliud

2134 5652 2167 5692 a
2197 5637 2333 5692 sede
2363 5634 2684 5708 apostolica
2710 5636 3007 5692 decretum
3035 5635 3230 5692 fuerit.
3261 5637 3334 5690 At
3358 5635 3485 5708 jam
3519 5633 3592 5689 ab
3616 5633 3783 5690 initio

2133 5726 2311 5797 hujus
2349 5724 2570 5783 mensis
2619 5723 2889 5781 Urbanus
2939 5725 3332 5783 Mediolanum
3365 5724 3698 5790 advenerat,
3733 5723 3781 5777 si
