  <div class='ocr_page' id='page_1' title='image "/cluster/home/n/w/nwhite01/storage/ocr_20150623/151/umn.31951002477444s/114.png"; bbox 0 0 3962 6396; ppageno 0'>
   <div class='ocr_carea' id='block_1_1' title="bbox 256 361 366 434">
    <p class='ocr_par' dir='ltr' id='par_1_1' title="bbox 256 361 366 434">
     <span class='ocr_line' id='line_1_1' title="bbox 256 361 366 434; baseline -0.018 0"><span class='ocrx_word' id='word_1_1' title='bbox 256 361 366 434; x_wconf 73' lang='lat'>“9</span> 
     </span>
    </p>
   </div>
   <div class='ocr_carea' id='block_1_2' title="bbox 1843 364 2062 436">
    <p class='ocr_par' dir='ltr' id='par_1_2' title="bbox 1843 364 2062 436">
     <span class='ocr_line' id='line_1_2' title="bbox 1843 364 2062 436; baseline -0.009 0"><span class='ocrx_word' id='word_1_2' title='bbox 1843 364 2062 436; x_wconf 71' lang='lat' dir='ltr'>VITA.‘</span> 
     </span>
    </p>
   </div>
   <div class='ocr_carea' id='block_1_3' title="bbox 3498 368 3653 469">
    <p class='ocr_par' dir='ltr' id='par_1_3' title="bbox 3498 368 3653 469">
     <span class='ocr_line' id='line_1_3' title="bbox 3498 368 3653 469; baseline 0.013 -28"><span class='ocrx_word' id='word_1_3' title='bbox 3498 372 3505 379; x_wconf 58' lang='lat'><strong>‘</strong></span> <span class='ocrx_word' id='word_1_4' title='bbox 3532 368 3653 469; x_wconf 64' lang='lat' dir='ltr'>no</span> 
     </span>
    </p>
   </div>
   <div class='ocr_carea' id='block_1_4' title="bbox 257 482 3644 583">
    <p class='ocr_par' dir='ltr' id='par_1_4' title="bbox 257 482 3644 583">
     <span class='ocr_line' id='line_1_4' title="bbox 257 482 3644 583; baseline 0.002 -22"><span class='ocrx_word' id='word_1_5' title='bbox 257 519 359 561; x_wconf 88' lang='lat' dir='ltr'>non</span> <span class='ocrx_word' id='word_1_6' title='bbox 385 501 602 562; x_wconf 80' lang='lat' dir='ltr'>fallunt</span> <span class='ocrx_word' id='word_1_7' title='bbox 618 506 813 563; x_wconf 83' lang='lat' dir='ltr'><strong>vetera</strong></span> <span class='ocrx_word' id='word_1_8' title='bbox 832 506 1213 565; x_wconf 85' lang='lat' dir='ltr'>monumenta</span> <span class='ocrx_word' id='word_1_9' title='bbox 1230 501 1498 563; x_wconf 80' lang='lat' dir='ltr'>Ecclesiae</span> <span class='ocrx_word' id='word_1_10' title='bbox 1526 503 1888 563; x_wconf 88' lang='lat' dir='ltr'>Antissiodo-</span> <span class='ocrx_word' id='word_1_11' title='bbox 1916 502 1972 570; x_wconf 82' lang='grc' dir='ltr'><strong>Α</strong></span> <span class='ocrx_word' id='word_1_12' title='bbox 1998 507 2122 579; x_wconf 83' lang='lat' dir='ltr'>fora</span> <span class='ocrx_word' id='word_1_13' title='bbox 2150 522 2213 563; x_wconf 88' lang='lat' dir='ltr'>ac</span> <span class='ocrx_word' id='word_1_14' title='bbox 2240 505 2376 575; x_wconf 87' lang='lat' dir='ltr'>vias,</span> <span class='ocrx_word' id='word_1_15' title='bbox 2396 504 2749 564; x_wconf 86' lang='lat' dir='ltr'>manantibus</span> <span class='ocrx_word' id='word_1_16' title='bbox 2774 522 2897 580; x_wconf 69' lang='lat' dir='ltr'>prae</span> <span class='ocrx_word' id='word_1_17' title='bbox 2924 506 3398 583; x_wconf 80' lang='lat' dir='ltr'>gaudiolacrymzs</span> <span class='ocrx_word' id='word_1_18' title='bbox 3416 482 3644 570; x_wconf 83' lang='lat' dir='ltr'>darent.</span> 
     </span>
    </p>
   </div>
   <div class='ocr_carea' id='block_1_5' title="bbox 254 592 1888 670">
    <p class='ocr_par' dir='ltr' id='par_1_5' title="bbox 254 592 1888 670">
     <span class='ocr_line' id='line_1_5' title="bbox 254 592 1888 670; baseline -0.001 -17"><span class='ocrx_word' id='word_1_19' title='bbox 254 593 450 666; x_wconf 87' lang='lat' dir='ltr'>rensis,</span> <span class='ocrx_word' id='word_1_20' title='bbox 474 594 535 651; x_wconf 91' lang='lat' dir='ltr'>in</span> <span class='ocrx_word' id='word_1_21' title='bbox 584 595 799 668; x_wconf 85' lang='lat' dir='ltr'>quibus</span> <span class='ocrx_word' id='word_1_22' title='bbox 855 595 1071 670; x_wconf 80' lang='lat' dir='ltr'>legitur</span> <span class='ocrx_word' id='word_1_23' title='bbox 1122 592 1520 653; x_wconf 82' lang='lat' dir='ltr'>Humbaldum</span> <span class='ocrx_word' id='word_1_24' title='bbox 1552 596 1679 668; x_wconf 87' lang='lat' dir='ltr'>ejus</span> <span class='ocrx_word' id='word_1_25' title='bbox 1724 594 1888 652; x_wconf 86' lang='lat' dir='ltr'>urbis</span> 
     </span>
    </p>
   </div>
   <div class='ocr_carea' id='block_1_6' title="bbox 253 685 1887 760">
    <p class='ocr_par' dir='ltr' id='par_1_6' title="bbox 253 685 1887 760">
     <span class='ocr_line' id='line_1_6' title="bbox 253 685 1887 760; baseline -0.002 -18"><span class='ocrx_word' id='word_1_26' title='bbox 253 686 584 760; x_wconf 85' lang='lat' dir='ltr'>episcopum</span> <span class='ocrx_word' id='word_1_27' title='bbox 635 686 707 741; x_wconf 91' lang='lat' dir='ltr'>ab</span> <span class='ocrx_word' id='word_1_28' title='bbox 756 686 882 759; x_wconf 90' lang='lat' dir='ltr'>ipso</span> <span class='ocrx_word' id='word_1_29' title='bbox 935 687 1206 759; x_wconf 82' lang='lat' dir='ltr'>pontifice</span> <span class='ocrx_word' id='word_1_30' title='bbox 1244 685 1551 743; x_wconf 88' lang='lat' dir='ltr'>Mediolani</span> <span class='ocrx_word' id='word_1_31' title='bbox 1586 703 1640 742; x_wconf 78' lang='lat' dir='ltr'>v1</span> <span class='ocrx_word' id='word_1_32' title='bbox 1693 686 1887 741; x_wconf 83' lang='lat' dir='ltr'><strong>Nonas</strong></span> 
     </span>
    </p>
   </div>
   <div class='ocr_carea' id='block_1_7' title="bbox 252 774 1890 849">
    <p class='ocr_par' dir='ltr' id='par_1_7' title="bbox 252 774 1890 849">
     <span class='ocr_line' id='line_1_7' title="bbox 252 774 1890 849; baseline -0.001 -18"><span class='ocrx_word' id='word_1_33' title='bbox 252 775 372 831; x_wconf 84' lang='lat' dir='ltr'>Maii</span> <span class='ocrx_word' id='word_1_34' title='bbox 404 774 744 831; x_wconf 88' lang='lat' dir='ltr'>ordinatum</span> <span class='ocrx_word' id='word_1_35' title='bbox 762 775 943 831; x_wconf 90' lang='lat' dir='ltr'>fuisse</span> <span class='ocrx_word' id='word_1_36' title='bbox 968 793 981 832; x_wconf 90' lang='lat'>:</span> <span class='ocrx_word' id='word_1_37' title='bbox 1006 780 1065 831; x_wconf 91' lang='lat' dir='ltr'>et</span> <span class='ocrx_word' id='word_1_38' title='bbox 1096 774 1333 849; x_wconf 88' lang='lat' dir='ltr'>quidem</span> <span class='ocrx_word' id='word_1_39' title='bbox 1364 776 1474 830; x_wconf 93' lang='lat' dir='ltr'>hoc</span> <span class='ocrx_word' id='word_1_40' title='bbox 1505 791 1678 841; x_wconf 89' lang='lat' dir='ltr'>anno,</span> <span class='ocrx_word' id='word_1_41' title='bbox 1697 780 1761 830; x_wconf 91' lang='lat' dir='ltr'>ut</span> <span class='ocrx_word' id='word_1_42' title='bbox 1792 776 1890 830; x_wconf 90' lang='lat' dir='ltr'>ha-</span> 
     </span>
    </p>
   </div>
   <div class='ocr_carea' id='block_1_8' title="bbox 251 862 1886 921">
    <p class='ocr_par' dir='ltr' id='par_1_8' title="bbox 251 862 1886 921">
     <span class='ocr_line' id='line_1_8' title="bbox 251 862 1886 921; baseline -0.001 -2"><span class='ocrx_word' id='word_1_43' title='bbox 251 865 336 920; x_wconf 87' lang='lat' dir='ltr'>bet</span> <span class='ocrx_word' id='word_1_44' title='bbox 362 865 538 920; x_wconf 80' lang='lat' dir='ltr'>breve</span> <span class='ocrx_word' id='word_1_45' title='bbox 576 863 900 920; x_wconf 89' lang='lat' dir='ltr'>Chronicon</span> <span class='ocrx_word' id='word_1_46' title='bbox 944 882 978 920; x_wconf 91' lang='lat' dir='ltr'>a</span> <span class='ocrx_word' id='word_1_47' title='bbox 1017 865 1244 921; x_wconf 87' lang='lat' dir='ltr'>Labbeo</span> <span class='ocrx_word' id='word_1_48' title='bbox 1274 865 1497 920; x_wconf 91' lang='lat' dir='ltr'>editum</span> <span class='ocrx_word' id='word_1_49' title='bbox 1548 868 1708 921; x_wconf 90' lang='lat' dir='ltr'>tomo</span> <span class='ocrx_word' id='word_1_50' title='bbox 1740 864 1765 918; x_wconf 87' lang='grc' dir='ltr'>Ι</span> <span class='ocrx_word' id='word_1_51' title='bbox 1795 862 1886 919; x_wconf 89' lang='lat' dir='ltr'>Bi-</span> 
     </span>
    </p>
   </div>
   <div class='ocr_carea' id='block_1_9' title="bbox 250 953 1888 1026">
    <p class='ocr_par' dir='ltr' id='par_1_9' title="bbox 250 953 1888 1026">
     <span class='ocr_line' id='line_1_9' title="bbox 250 953 1888 1026; baseline 0 -17"><span class='ocrx_word' id='word_1_52' title='bbox 250 953 542 1009; x_wconf 69' lang='lat' dir='ltr'>bliotheca:</span> <span class='ocrx_word' id='word_1_53' title='bbox 566 970 747 1021; x_wconf 71' lang='lat' dir='ltr'>novae,</span> <span class='ocrx_word' id='word_1_54' title='bbox 772 954 863 1009; x_wconf 89' lang='lat' dir='ltr'>cui</span> <span class='ocrx_word' id='word_1_55' title='bbox 889 955 1262 1011; x_wconf 89' lang='lat' dir='ltr'>consentiunt</span> <span class='ocrx_word' id='word_1_56' title='bbox 1291 954 1535 1026; x_wconf 89' lang='lat' dir='ltr'>antiqua</span> <span class='ocrx_word' id='word_1_57' title='bbox 1564 953 1680 1009; x_wconf 88' lang='lat' dir='ltr'>alia</span> <span class='ocrx_word' id='word_1_58' title='bbox 1709 955 1888 1009; x_wconf 90' lang='lat' dir='ltr'>docu-</span> 
     </span>
    </p>
   </div>
   <div class='ocr_carea' id='block_1_10' title="bbox 250 1041 1888 1116">
    <p class='ocr_par' dir='ltr' id='par_1_10' title="bbox 250 1041 1888 1116">
     <span class='ocr_line' id='line_1_10' title="bbox 250 1041 1888 1116; baseline -0.001 -18"><span class='ocrx_word' id='word_1_59' title='bbox 250 1047 455 1099; x_wconf 88' lang='lat' dir='ltr'>menta.</span> <span class='ocrx_word' id='word_1_60' title='bbox 475 1043 624 1099; x_wconf 86' lang='lat' dir='ltr'>Hinc</span> <span class='ocrx_word' id='word_1_61' title='bbox 648 1044 958 1099; x_wconf 88' lang='lat' dir='ltr'>emendare</span> <span class='ocrx_word' id='word_1_62' title='bbox 987 1047 1212 1116; x_wconf 83' lang='lat' dir='ltr'>oportet</span> <span class='ocrx_word' id='word_1_63' title='bbox 1244 1043 1596 1100; x_wconf 86' lang='lat' dir='ltr'>Chronicum</span> <span class='ocrx_word' id='word_1_64' title='bbox 1626 1041 1888 1116; x_wconf 88' lang='lat' dir='ltr'>Hugonis</span> 
     </span>
    </p>
   </div>
   <div class='ocr_carea' id='block_1_11' title="bbox 252 1131 1890 1204">
    <p class='ocr_par' dir='ltr' id='par_1_11' title="bbox 252 1131 1890 1204">
     <span class='ocr_line' id='line_1_11' title="bbox 252 1131 1890 1204; baseline -0.002 -16"><span class='ocrx_word' id='word_1_65' title='bbox 252 1133 514 1189; x_wconf 82' lang='lat' dir='ltr'>monachi</span> <span class='ocrx_word' id='word_1_66' title='bbox 541 1133 740 1189; x_wconf 84' lang='lat' dir='ltr'>Sancti</span> <span class='ocrx_word' id='word_1_67' title='bbox 769 1133 1010 1189; x_wconf 89' lang='lat' dir='ltr'>Mariani</span> <span class='ocrx_word' id='word_1_68' title='bbox 1043 1134 1309 1204; x_wconf 86' lang='lat' dir='ltr'>ejusdem</span> <span class='ocrx_word' id='word_1_69' title='bbox 1336 1133 1519 1201; x_wconf 81' lang='lat' dir='ltr'>urbis,</span> <span class='ocrx_word' id='word_1_70' title='bbox 1555 1131 1654 1187; x_wconf 90' lang='lat' dir='ltr'>ubi</span> <span class='ocrx_word' id='word_1_71' title='bbox 1677 1131 1890 1203; x_wconf 84' lang='lat' dir='ltr'>legitur</span> 
     </span>
    </p>
   </div>
   <div class='ocr_carea' id='block_1_12' title="bbox 250 1220 1887 1294">
    <p class='ocr_par' dir='ltr' id='par_1_12' title="bbox 250 1220 1887 1294">
     <span class='ocr_line' id='line_1_12' title="bbox 250 1220 1887 1294; baseline -0.003 -14"><span class='ocrx_word' id='word_1_72' title='bbox 250 1222 641 1280; x_wconf 89' lang='lat' dir='ltr'>Humbaldum</span> <span class='ocrx_word' id='word_1_73' title='bbox 682 1240 836 1278; x_wconf 91' lang='lat' dir='ltr'>anno</span> <span class='ocrx_word' id='word_1_74' title='bbox 875 1222 899 1278; x_wconf 75' lang='grc'><strong><em>4</em></strong></span> <span class='ocrx_word' id='word_1_75' title='bbox 911 1223 1037 1289; x_wconf 85' lang='grc'>096,</span> <span class='ocrx_word' id='word_1_76' title='bbox 1065 1227 1200 1294; x_wconf 89' lang='lat' dir='ltr'>post</span> <span class='ocrx_word' id='word_1_77' title='bbox 1230 1223 1545 1278; x_wconf 85' lang='lat' dir='ltr'>Robertum</span> <span class='ocrx_word' id='word_1_78' title='bbox 1573 1220 1887 1276; x_wconf 85' lang='lat' dir='ltr'>Ecclesiam</span> 
     </span>
    </p>
   </div>
   <div class='ocr_carea' id='block_1_13' title="bbox 250 1310 1890 1379">
    <p class='ocr_par' dir='ltr' id='par_1_13' title="bbox 250 1310 1890 1379">
     <span class='ocr_line' id='line_1_13' title="bbox 250 1310 1890 1379; baseline 0 -14"><span class='ocrx_word' id='word_1_79' title='bbox 250 1310 816 1367; x_wconf 81' lang='lat' dir='ltr'>Antissiodorensem</span> <span class='ocrx_word' id='word_1_80' title='bbox 849 1312 1086 1379; x_wconf 80' lang='lat' dir='ltr'>rexisse,</span> <span class='ocrx_word' id='word_1_81' title='bbox 1122 1311 1170 1366; x_wconf 88' lang='lat' dir='ltr'>si</span> <span class='ocrx_word' id='word_1_82' title='bbox 1202 1315 1397 1367; x_wconf 89' lang='lat' dir='ltr'>tamen</span> <span class='ocrx_word' id='word_1_83' title='bbox 1442 1312 1565 1365; x_wconf 67' lang='lat' dir='ltr'>haec</span> <span class='ocrx_word' id='word_1_84' title='bbox 1595 1310 1772 1365; x_wconf 78' lang='lat' dir='ltr'>verba</span> <span class='ocrx_word' id='word_1_85' title='bbox 1818 1310 1890 1365; x_wconf 90' lang='lat' dir='ltr'>de</span> 
     </span>
    </p>
   </div>
   <div class='ocr_carea' id='block_1_14' title="bbox 250 1399 1889 1473">
    <p class='ocr_par' dir='ltr' id='par_1_14' title="bbox 250 1399 1889 1473">
     <span class='ocr_line' id='line_1_14' title="bbox 250 1399 1889 1473; baseline -0.003 -16"><span class='ocrx_word' id='word_1_86' title='bbox 250 1402 369 1473; x_wconf 85' lang='lat' dir='ltr'>ejus</span> <span class='ocrx_word' id='word_1_87' title='bbox 400 1401 710 1473; x_wconf 89' lang='lat' dir='ltr'>regiminis</span> <span class='ocrx_word' id='word_1_88' title='bbox 732 1400 900 1456; x_wconf 89' lang='lat' dir='ltr'>initio</span> <span class='ocrx_word' id='word_1_89' title='bbox 920 1401 1258 1473; x_wconf 87' lang='lat' dir='ltr'>accipienda</span> <span class='ocrx_word' id='word_1_90' title='bbox 1282 1399 1418 1465; x_wconf 89' lang='lat' dir='ltr'>sint,</span> <span class='ocrx_word' id='word_1_91' title='bbox 1452 1403 1553 1454; x_wconf 88' lang='lat' dir='ltr'>aut</span> <span class='ocrx_word' id='word_1_92' title='bbox 1587 1399 1633 1453; x_wconf 97' lang='lat' dir='ltr'>si</span> <span class='ocrx_word' id='word_1_93' title='bbox 1667 1416 1889 1453; x_wconf 89' lang='lat' dir='ltr'>annum</span> 
     </span>
    </p>
   </div>
   <div class='ocr_carea' id='block_1_15' title="bbox 250 1487 1888 1563">
    <p class='ocr_par' dir='ltr' id='par_1_15' title="bbox 250 1487 1888 1563">
     <span class='ocr_line' id='line_1_15' title="bbox 250 1487 1888 1563; baseline -0.002 -17"><span class='ocrx_word' id='word_1_94' title='bbox 250 1508 357 1546; x_wconf 90' lang='lat' dir='ltr'>non</span> <span class='ocrx_word' id='word_1_95' title='bbox 390 1490 672 1563; x_wconf 83' lang='lat' dir='ltr'>inceperit</span> <span class='ocrx_word' id='word_1_96' title='bbox 693 1508 727 1545; x_wconf 90' lang='lat' dir='ltr'>a</span> <span class='ocrx_word' id='word_1_97' title='bbox 744 1507 944 1546; x_wconf 86' lang='lat' dir='ltr'>mense</span> <span class='ocrx_word' id='word_1_98' title='bbox 971 1491 1197 1546; x_wconf 91' lang='lat' dir='ltr'>Martio.</span> <span class='ocrx_word' id='word_1_99' title='bbox 1223 1490 1387 1546; x_wconf 91' lang='lat' dir='ltr'>Hune</span> <span class='ocrx_word' id='word_1_100' title='bbox 1410 1489 1565 1544; x_wconf 90' lang='lat' dir='ltr'>enim</span> <span class='ocrx_word' id='word_1_101' title='bbox 1598 1487 1888 1544; x_wconf 91' lang='lat' dir='ltr'>calculum</span> 
     </span>
    </p>
   </div>
   <div class='ocr_carea' id='block_1_16' title="bbox 249 1578 1890 1652">
    <p class='ocr_par' dir='ltr' id='par_1_16' title="bbox 249 1578 1890 1652">
     <span class='ocr_line' id='line_1_16' title="bbox 249 1578 1890 1652; baseline 0 -18"><span class='ocrx_word' id='word_1_102' title='bbox 249 1579 505 1652; x_wconf 84' lang='lat' dir='ltr'>plerique</span> <span class='ocrx_word' id='word_1_103' title='bbox 549 1579 649 1635; x_wconf 85' lang='lat' dir='ltr'>alii</span> <span class='ocrx_word' id='word_1_104' title='bbox 699 1584 965 1635; x_wconf 89' lang='lat' dir='ltr'>auctores</span> <span class='ocrx_word' id='word_1_105' title='bbox 1014 1578 1319 1645; x_wconf 90' lang='lat' dir='ltr'>Gallicani,</span> <span class='ocrx_word' id='word_1_106' title='bbox 1348 1579 1602 1634; x_wconf 82' lang='lat' dir='ltr'>maxime</span> <span class='ocrx_word' id='word_1_107' title='bbox 1646 1594 1779 1633; x_wconf 90' lang='lat' dir='ltr'>cum</span> <span class='ocrx_word' id='word_1_108' title='bbox 1819 1579 1890 1634; x_wconf 91' lang='lat' dir='ltr'>de</span> 
     </span>
    </p>
   </div>
   <div class='ocr_carea' id='block_1_17' title="bbox 249 1667 1889 1741">
    <p class='ocr_par' dir='ltr' id='par_1_17' title="bbox 249 1667 1889 1741">
     <span class='ocr_line' id='line_1_17' title="bbox 249 1667 1889 1741; baseline -0.001 -16"><span class='ocrx_word' id='word_1_109' title='bbox 249 1668 459 1725; x_wconf 82' lang='lat' dir='ltr'>Urbani</span> <span class='ocrx_word' id='word_1_110' title='bbox 489 1668 698 1724; x_wconf 76' lang='lat' dir='ltr'>itinere</span> <span class='ocrx_word' id='word_1_111' title='bbox 731 1668 942 1741; x_wconf 90' lang='lat' dir='ltr'>agitur,</span> <span class='ocrx_word' id='word_1_112' title='bbox 967 1669 1155 1725; x_wconf 85' lang='lat' dir='ltr'>secuti</span> <span class='ocrx_word' id='word_1_113' title='bbox 1185 1668 1438 1723; x_wconf 88' lang='lat' dir='ltr'>fuerunt.</span> <span class='ocrx_word' id='word_1_114' title='bbox 1475 1667 1635 1733; x_wconf 89' lang='lat' dir='ltr'>Quod</span> <span class='ocrx_word' id='word_1_115' title='bbox 1665 1683 1797 1723; x_wconf 90' lang='lat' dir='ltr'>vero</span> <span class='ocrx_word' id='word_1_116' title='bbox 1830 1668 1889 1723; x_wconf 90' lang='lat' dir='ltr'>in</span> 
     </span>
    </p>
   </div>
   <div class='ocr_carea' id='block_1_18' title="bbox 250 1756 1888 1829">
    <p class='ocr_par' dir='ltr' id='par_1_18' title="bbox 250 1756 1888 1829">
     <span class='ocr_line' id='line_1_18' title="bbox 250 1756 1888 1829; baseline 0 -16"><span class='ocrx_word' id='word_1_117' title='bbox 250 1757 431 1814; x_wconf 86' lang='lat' dir='ltr'>Gestis</span> <span class='ocrx_word' id='word_1_118' title='bbox 496 1758 778 1813; x_wconf 83' lang='lat' dir='ltr'>abbatum</span> <span class='ocrx_word' id='word_1_119' title='bbox 838 1758 1032 1813; x_wconf 85' lang='lat' dir='ltr'>Sancti</span> <span class='ocrx_word' id='word_1_120' title='bbox 1094 1757 1366 1814; x_wconf 84' lang='lat' dir='ltr'>Germani</span> <span class='ocrx_word' id='word_1_121' title='bbox 1428 1756 1645 1828; x_wconf 83' lang='lat' dir='ltr'>legitur</span> <span class='ocrx_word' id='word_1_122' title='bbox 1702 1756 1888 1829; x_wconf 90' lang='lat' dir='ltr'>primo</span> 
     </span>
    </p>
   </div>
   <div class='ocr_carea' id='block_1_19' title="bbox 1997 595 3646 672">
    <p class='ocr_par' dir='ltr' id='par_1_19' title="bbox 1997 595 3646 672">
     <span class='ocr_line' id='line_1_19' title="bbox 1997 595 3646 672; baseline 0.004 -19"><span class='ocrx_word' id='word_1_123' title='bbox 1997 597 2130 653; x_wconf 64' lang='lat' dir='ltr'>Haec</span> <span class='ocrx_word' id='word_1_124' title='bbox 2172 595 2270 653; x_wconf 90' lang='lat' dir='ltr'>ille</span> <span class='ocrx_word' id='word_1_125' title='bbox 2299 599 2522 664; x_wconf 86' lang='lat' dir='ltr'>auctor,</span> <span class='ocrx_word' id='word_1_126' title='bbox 2570 596 2670 670; x_wconf 86' lang='lat' dir='ltr'>qui</span> <span class='ocrx_word' id='word_1_127' title='bbox 2719 600 2916 654; x_wconf 88' lang='lat' dir='ltr'>tamen</span> <span class='ocrx_word' id='word_1_128' title='bbox 2946 597 3133 655; x_wconf 89' lang='lat' dir='ltr'>falsus</span> <span class='ocrx_word' id='word_1_129' title='bbox 3188 603 3296 667; x_wconf 88' lang='lat' dir='ltr'>est,</span> <span class='ocrx_word' id='word_1_130' title='bbox 3329 604 3396 657; x_wconf 86' lang='lat' dir='ltr'>ut</span> <span class='ocrx_word' id='word_1_131' title='bbox 3416 602 3542 672; x_wconf 88' lang='lat' dir='ltr'>jam</span> <span class='ocrx_word' id='word_1_132' title='bbox 3573 602 3646 659; x_wconf 92' lang='lat' dir='ltr'>ad</span> 
     </span>
    </p>
   </div>
   <div class='ocr_carea' id='block_1_20' title="bbox 1998 686 3649 756">
    <p class='ocr_par' dir='ltr' id='par_1_20' title="bbox 1998 686 3649 756">
     <span class='ocr_line' id='line_1_20' title="bbox 1998 686 3649 756; baseline 0.003 -14"><span class='ocrx_word' id='word_1_133' title='bbox 1998 703 2219 742; x_wconf 88' lang='lat' dir='ltr'>annum</span> <span class='ocrx_word' id='word_1_134' title='bbox 2244 686 2390 742; x_wconf 81' lang='grc'>’1093</span> <span class='ocrx_word' id='word_1_135' title='bbox 2412 686 2868 756; x_wconf 88' lang='lat' dir='ltr'>observavimus,</span> <span class='ocrx_word' id='word_1_136' title='bbox 2896 687 3202 744; x_wconf 87' lang='lat' dir='ltr'>scribendo</span> <span class='ocrx_word' id='word_1_137' title='bbox 3232 687 3542 745; x_wconf 86' lang='lat' dir='ltr'>Arnulfum</span> <span class='ocrx_word' id='word_1_138' title='bbox 3574 690 3649 747; x_wconf 90' lang='lat' dir='ltr'>ob</span> 
     </span>
    </p>
   </div>
   <div class='ocr_carea' id='block_1_21' title="bbox 1997 775 3649 849">
    <p class='ocr_par' dir='ltr' id='par_1_21' title="bbox 1997 775 3649 849">
     <span class='ocr_line' id='line_1_21' title="bbox 1997 775 3649 849; baseline 0.002 -18"><span class='ocrx_word' id='word_1_139' title='bbox 1997 776 2055 831; x_wconf 91' lang='lat' dir='ltr'>id</span> <span class='ocrx_word' id='word_1_140' title='bbox 2090 793 2122 831; x_wconf 90' lang='lat' dir='ltr'>a</span> <span class='ocrx_word' id='word_1_141' title='bbox 2153 775 2455 832; x_wconf 84' lang='lat' dir='ltr'>catholicis</span> <span class='ocrx_word' id='word_1_142' title='bbox 2485 776 2775 849; x_wconf 87' lang='lat' dir='ltr'>episcopis</span> <span class='ocrx_word' id='word_1_143' title='bbox 2796 780 3028 844; x_wconf 89' lang='lat' dir='ltr'>tunc,ut</span> <span class='ocrx_word' id='word_1_144' title='bbox 3056 776 3649 849; x_wconf 88' lang='lat' dir='ltr'>putat,reordinatum</span> 
     </span>
    </p>
   </div>
   <div class='ocr_carea' id='block_1_22' title="bbox 1997 864 3650 938">
    <p class='ocr_par' dir='ltr' id='par_1_22' title="bbox 1997 864 3650 938">
     <span class='ocr_line' id='line_1_22' title="bbox 1997 864 3650 938; baseline 0.004 -20"><span class='ocrx_word' id='word_1_145' title='bbox 1997 864 2361 936; x_wconf 87' lang='lat' dir='ltr'>fuisse,quod</span> <span class='ocrx_word' id='word_1_146' title='bbox 2396 864 2467 920; x_wconf 87' lang='lat' dir='ltr'>ab</span> <span class='ocrx_word' id='word_1_147' title='bbox 2498 882 2614 920; x_wconf 89' lang='lat' dir='ltr'>uno</span> <span class='ocrx_word' id='word_1_148' title='bbox 2645 869 2873 920; x_wconf 83' lang='lat' dir='ltr'>tantum</span> <span class='ocrx_word' id='word_1_149' title='bbox 2905 866 3177 938; x_wconf 89' lang='lat' dir='ltr'>episcopo</span> <span class='ocrx_word' id='word_1_150' title='bbox 3208 866 3650 925; x_wconf 37' lang='lat' dir='ltr'>catholico‘ma-</span> 
     </span>
    </p>
   </div>
   <div class='ocr_carea' id='block_1_23' title="bbox 1997 954 3651 1025">
    <p class='ocr_par' dir='ltr' id='par_1_23' title="bbox 1997 954 3651 1025">
     <span class='ocr_line' id='line_1_23' title="bbox 1997 954 3651 1025; baseline 0.002 -17"><span class='ocrx_word' id='word_1_151' title='bbox 1997 971 2109 1009; x_wconf 90' lang='lat' dir='ltr'>nus</span> <span class='ocrx_word' id='word_1_152' title='bbox 2141 955 2477 1025; x_wconf 88' lang='lat' dir='ltr'>imponente</span> <span class='ocrx_word' id='word_1_153' title='bbox 2505 958 2878 1010; x_wconf 86' lang='lat' dir='ltr'>consecratus</span> <span class='ocrx_word' id='word_1_154' title='bbox 2901 954 3413 1012; x_wconf 70' lang='lat' dir='ltr'>fuisset.Caaterum</span> <span class='ocrx_word' id='word_1_155' title='bbox 3437 956 3651 1013; x_wconf 89' lang='lat' dir='ltr'>Arnul-</span> 
     </span>
    </p>
   </div>
   <div class='ocr_carea' id='block_1_24' title="bbox 1996 1042 3650 1120">
    <p class='ocr_par' dir='ltr' id='par_1_24' title="bbox 1996 1042 3650 1120">
     <span class='ocr_line' id='line_1_24' title="bbox 1996 1042 3650 1120; baseline 0.003 -22"><span class='ocrx_word' id='word_1_156' title='bbox 1996 1043 2169 1105; x_wconf 79' lang='lat' dir='ltr'>fus.si</span> <span class='ocrx_word' id='word_1_157' title='bbox 2190 1042 2843 1116; x_wconf 86' lang='lat' dir='ltr'>Ughello,Ripamuntio</span> <span class='ocrx_word' id='word_1_158' title='bbox 2866 1047 2924 1099; x_wconf 89' lang='lat' dir='ltr'>et</span> <span class='ocrx_word' id='word_1_159' title='bbox 2936 1043 3068 1099; x_wconf 89' lang='lat' dir='ltr'>aliis</span> <span class='ocrx_word' id='word_1_160' title='bbox 3085 1044 3650 1120; x_wconf 86' lang='lat' dir='ltr'>nonnullisvulgatis</span> 
     </span>
    </p>
   </div>
   <div class='ocr_carea' id='block_1_25' title="bbox 1998 1132 3651 1208">
    <p class='ocr_par' dir='ltr' id='par_1_25' title="bbox 1998 1132 3651 1208">
     <span class='ocr_line' id='line_1_25' title="bbox 1998 1132 3651 1208; baseline 0.003 -21"><span class='ocrx_word' id='word_1_161' title='bbox 1998 1132 2337 1188; x_wconf 88' lang='lat' dir='ltr'>auctoribus</span> <span class='ocrx_word' id='word_1_162' title='bbox 2367 1133 2656 1199; x_wconf 85' lang='lat' dir='ltr'>credatur,</span> <span class='ocrx_word' id='word_1_163' title='bbox 2692 1133 2989 1189; x_wconf 89' lang='lat' dir='ltr'>Urbanum</span> <span class='ocrx_word' id='word_1_164' title='bbox 3020 1134 3082 1188; x_wconf 89' lang='lat' dir='ltr'>in</span> <span class='ocrx_word' id='word_1_165' title='bbox 3135 1133 3383 1190; x_wconf 87' lang='lat' dir='ltr'>Galliam</span> <span class='ocrx_word' id='word_1_166' title='bbox 3423 1137 3651 1208; x_wconf 84' lang='lat' dir='ltr'>proﬁci-</span> 
     </span>
    </p>
   </div>
   <div class='ocr_carea' id='block_1_26' title="bbox 1999 1222 3648 1288">
    <p class='ocr_par' dir='ltr' id='par_1_26' title="bbox 1999 1222 3648 1288">
     <span class='ocr_line' id='line_1_26' title="bbox 1999 1222 3648 1288; baseline 0.003 -11"><span class='ocrx_word' id='word_1_167' title='bbox 1999 1225 2258 1277; x_wconf 88' lang='lat' dir='ltr'>scentem</span> <span class='ocrx_word' id='word_1_168' title='bbox 2310 1222 2630 1278; x_wconf 88' lang='lat' dir='ltr'>comitatus</span> <span class='ocrx_word' id='word_1_169' title='bbox 2659 1226 2768 1288; x_wconf 89' lang='lat' dir='ltr'>est,</span> <span class='ocrx_word' id='word_1_170' title='bbox 2801 1239 2866 1278; x_wconf 90' lang='lat' dir='ltr'>ac</span> <span class='ocrx_word' id='word_1_171' title='bbox 2915 1223 3161 1280; x_wconf 92' lang='lat' dir='ltr'>concilio</span> <span class='ocrx_word' id='word_1_172' title='bbox 3202 1223 3648 1282; x_wconf 88' lang='lat' dir='ltr'>Claromontano</span> 
     </span>
    </p>
   </div>
   <div class='ocr_carea' id='block_1_27' title="bbox 1999 1311 3651 1384">
    <p class='ocr_par' dir='ltr' id='par_1_27' title="bbox 1999 1311 3651 1384">
     <span class='ocr_line' id='line_1_27' title="bbox 1999 1311 3651 1384; baseline 0.002 -19"><span class='ocrx_word' id='word_1_173' title='bbox 1999 1328 2132 1366; x_wconf 90' lang='lat' dir='ltr'>cum</span> <span class='ocrx_word' id='word_1_174' title='bbox 2167 1328 2232 1366; x_wconf 88' lang='lat' dir='ltr'>eo</span> <span class='ocrx_word' id='word_1_175' title='bbox 2255 1311 2538 1367; x_wconf 81' lang='lat' dir='ltr'>interfuit.</span> <span class='ocrx_word' id='word_1_176' title='bbox 2563 1315 2782 1367; x_wconf 89' lang='lat' dir='ltr'>Verum</span> <span class='ocrx_word' id='word_1_177' title='bbox 2811 1311 3156 1384; x_wconf 87' lang='lat' dir='ltr'>priusquam</span> <span class='ocrx_word' id='word_1_178' title='bbox 3186 1330 3253 1368; x_wconf 85' lang='lat' dir='ltr'>ex</span> <span class='ocrx_word' id='word_1_179' title='bbox 3281 1331 3349 1369; x_wconf 90' lang='lat' dir='ltr'>ea</span> <span class='ocrx_word' id='word_1_180' title='bbox 3379 1315 3524 1370; x_wconf 87' lang='lat' dir='ltr'>urbe</span> <span class='ocrx_word' id='word_1_181' title='bbox 3552 1332 3651 1371; x_wconf 83' lang='lat' dir='ltr'>ex-</span> 
     </span>
    </p>
   </div>
   <div class='ocr_carea' id='block_1_28' title="bbox 1999 1400 3649 1474">
    <p class='ocr_par' dir='ltr' id='par_1_28' title="bbox 1999 1400 3649 1474">
     <span class='ocr_line' id='line_1_28' title="bbox 1999 1400 3649 1474; baseline 0.003 -20"><span class='ocrx_word' id='word_1_182' title='bbox 1999 1401 2289 1467; x_wconf 83' lang='lat' dir='ltr'>cederent,</span> <span class='ocrx_word' id='word_1_183' title='bbox 2322 1400 2713 1457; x_wconf 89' lang='lat' dir='ltr'>Herlembaldi</span> <span class='ocrx_word' id='word_1_184' title='bbox 2764 1418 2866 1456; x_wconf 88' lang='lat' dir='ltr'>seu</span> <span class='ocrx_word' id='word_1_185' title='bbox 2917 1401 3287 1468; x_wconf 89' lang='lat' dir='ltr'>Hernebaldi,</span> <span class='ocrx_word' id='word_1_186' title='bbox 3336 1401 3649 1474; x_wconf 85' lang='lat' dir='ltr'>cujusdam</span> 
     </span>
    </p>
   </div>
   <div class='ocr_carea' id='block_1_29' title="bbox 1999 1488 3652 1564">
    <p class='ocr_par' dir='ltr' id='par_1_29' title="bbox 1999 1488 3652 1564">
     <span class='ocr_line' id='line_1_29' title="bbox 1999 1488 3652 1564; baseline 0.002 -20"><span class='ocrx_word' id='word_1_187' title='bbox 1999 1489 2293 1557; x_wconf 80' lang='lat' dir='ltr'>martyris,</span> <span class='ocrx_word' id='word_1_188' title='bbox 2328 1488 2747 1545; x_wconf 87' lang='lat' dir='ltr'>catholicorum</span> <span class='ocrx_word' id='word_1_189' title='bbox 2787 1507 2854 1545; x_wconf 90' lang='lat' dir='ltr'>ea</span> <span class='ocrx_word' id='word_1_190' title='bbox 2884 1490 2942 1545; x_wconf 89' lang='lat' dir='ltr'>in</span> <span class='ocrx_word' id='word_1_191' title='bbox 2975 1491 3118 1546; x_wconf 89' lang='lat' dir='ltr'>urbe</span> <span class='ocrx_word' id='word_1_192' title='bbox 3154 1491 3345 1558; x_wconf 90' lang='lat' dir='ltr'>ducis,</span> <span class='ocrx_word' id='word_1_193' title='bbox 3378 1491 3477 1564; x_wconf 91' lang='lat' dir='ltr'>qui</span> <span class='ocrx_word' id='word_1_194' title='bbox 3509 1497 3652 1549; x_wconf 82' lang='lat' dir='ltr'>tem—</span> 
     </span>
    </p>
   </div>
   <div class='ocr_carea' id='block_1_30' title="bbox 1998 1578 3647 1652">
    <p class='ocr_par' dir='ltr' id='par_1_30' title="bbox 1998 1578 3647 1652">
     <span class='ocr_line' id='line_1_30' title="bbox 1998 1578 3647 1652; baseline 0.001 -17"><span class='ocrx_word' id='word_1_195' title='bbox 1998 1596 2137 1650; x_wconf 89' lang='lat' dir='ltr'>pore</span> <span class='ocrx_word' id='word_1_196' title='bbox 2167 1578 2425 1651; x_wconf 85' lang='lat' dir='ltr'>Gregorii</span> <span class='ocrx_word' id='word_1_197' title='bbox 2450 1579 2550 1634; x_wconf 89' lang='lat' dir='ltr'>VII</span> <span class='ocrx_word' id='word_1_198' title='bbox 2570 1596 2603 1634; x_wconf 92' lang='lat' dir='ltr'>a</span> <span class='ocrx_word' id='word_1_199' title='bbox 2621 1578 3014 1635; x_wconf 89' lang='lat' dir='ltr'>schismaticis</span> <span class='ocrx_word' id='word_1_200' title='bbox 3028 1580 3417 1652; x_wconf 89' lang='lat' dir='ltr'>interemptus</span> <span class='ocrx_word' id='word_1_201' title='bbox 3439 1581 3647 1645; x_wconf 90' lang='lat' dir='ltr'>fuerat,</span> 
     </span>
    </p>
   </div>
   <div class='ocr_carea' id='block_1_31' title="bbox 1999 1666 3650 1741">
    <p class='ocr_par' dir='ltr' id='par_1_31' title="bbox 1999 1666 3650 1741">
     <span class='ocr_line' id='line_1_31' title="bbox 1999 1666 3650 1741; baseline 0.001 -19"><span class='ocrx_word' id='word_1_202' title='bbox 1999 1684 2211 1740; x_wconf 91' lang='lat' dir='ltr'>corpus</span> <span class='ocrx_word' id='word_1_203' title='bbox 2244 1666 2591 1723; x_wconf 88' lang='lat' dir='ltr'>transtulere</span> <span class='ocrx_word' id='word_1_204' title='bbox 2621 1667 2680 1721; x_wconf 91' lang='lat' dir='ltr'>in</span> <span class='ocrx_word' id='word_1_205' title='bbox 2711 1667 3018 1723; x_wconf 89' lang='lat' dir='ltr'>ecclesiam</span> <span class='ocrx_word' id='word_1_206' title='bbox 3040 1668 3238 1723; x_wconf 84' lang='lat' dir='ltr'>Sancti</span> <span class='ocrx_word' id='word_1_207' title='bbox 3261 1668 3650 1741; x_wconf 82' lang='lat' dir='ltr'>Dionysii,ubi</span> 
     </span>
    </p>
   </div>
   <div class='ocr_carea' id='block_1_32' title="bbox 1990 1755 3649 1829">
    <p class='ocr_par' dir='ltr' id='par_1_32' title="bbox 1990 1755 3649 1829">
     <span class='ocr_line' id='line_1_32' title="bbox 1990 1755 3649 1829; baseline 0.001 -18"><span class='ocrx_word' id='word_1_208' title='bbox 1990 1757 2161 1827; x_wconf 82' lang='lat' dir='ltr'>juxta</span> <span class='ocrx_word' id='word_1_209' title='bbox 2191 1755 2439 1811; x_wconf 87' lang='lat' dir='ltr'>alterum</span> <span class='ocrx_word' id='word_1_210' title='bbox 2473 1756 2720 1811; x_wconf 91' lang='lat' dir='ltr'>istorum</span> <span class='ocrx_word' id='word_1_211' title='bbox 2752 1761 3083 1829; x_wconf 86' lang='lat' dir='ltr'>temporum</span> <span class='ocrx_word' id='word_1_212' title='bbox 3116 1758 3649 1829; x_wconf 84' lang='lat' dir='ltr'>martyrem,Arial-</span> 
     </span>
    </p>
   </div>
   <div class='ocr_carea' id='block_1_33' title="bbox 247 1845 3646 1934">
    <p class='ocr_par' dir='ltr' id='par_1_33' title="bbox 247 1845 3646 1934">
     <span class='ocr_line' id='line_1_33' title="bbox 247 1845 3646 1934; baseline -0 -31"><span class='ocrx_word' id='word_1_213' title='bbox 247 1847 553 1903; x_wconf 84' lang='lat' dir='ltr'>Humbaldi</span> <span class='ocrx_word' id='word_1_214' title='bbox 579 1846 885 1919; x_wconf 89' lang='lat' dir='ltr'>regiminis</span> <span class='ocrx_word' id='word_1_215' title='bbox 914 1864 1090 1915; x_wconf 91' lang='lat' dir='ltr'>anno,</span> <span class='ocrx_word' id='word_1_216' title='bbox 1122 1845 1434 1903; x_wconf 88' lang='lat' dir='ltr'>concilium</span> <span class='ocrx_word' id='word_1_217' title='bbox 1495 1847 1890 1902; x_wconf 87' lang='lat' dir='ltr'>Nemausense</span> <span class='ocrx_word' id='word_1_218' title='bbox 1919 1868 1968 1934; x_wconf 83' lang='lat' dir='ltr'><strong>B</strong></span> <span class='ocrx_word' id='word_1_219' title='bbox 1999 1846 2140 1900; x_wconf 91' lang='lat' dir='ltr'>dum</span> <span class='ocrx_word' id='word_1_220' title='bbox 2164 1845 2420 1913; x_wconf 89' lang='lat' dir='ltr'>nomine,</span> <span class='ocrx_word' id='word_1_221' title='bbox 2453 1845 2766 1901; x_wconf 89' lang='lat' dir='ltr'>diaconum</span> <span class='ocrx_word' id='word_1_222' title='bbox 2790 1845 3646 1918; x_wconf 88' lang='lat' dir='ltr'>Mediolanensem.depositum</span> 
     </span>
    </p>
   </div>
   <div class='ocr_carea' id='block_1_34' title="bbox 247 1934 1889 2008">
    <p class='ocr_par' dir='ltr' id='par_1_34' title="bbox 247 1934 1889 2008">
     <span class='ocr_line' id='line_1_34' title="bbox 247 1934 1889 2008; baseline -0.001 -16"><span class='ocrx_word' id='word_1_223' title='bbox 247 1937 314 1992; x_wconf 86' lang='lat' dir='ltr'>ab</span> <span class='ocrx_word' id='word_1_224' title='bbox 360 1936 596 1993; x_wconf 90' lang='lat' dir='ltr'>Urbano</span> <span class='ocrx_word' id='word_1_225' title='bbox 657 1936 838 1993; x_wconf 84' lang='lat' dir='ltr'>fuisse</span> <span class='ocrx_word' id='word_1_226' title='bbox 886 1935 1265 2002; x_wconf 89' lang='lat' dir='ltr'>celebratum,</span> <span class='ocrx_word' id='word_1_227' title='bbox 1297 1934 1543 2008; x_wconf 83' lang='lat' dir='ltr'>intelligi</span> <span class='ocrx_word' id='word_1_228' title='bbox 1602 1935 1773 1991; x_wconf 87' lang='lat' dir='ltr'>debet</span> <span class='ocrx_word' id='word_1_229' title='bbox 1819 1935 1889 1990; x_wconf 93' lang='lat' dir='ltr'>de</span> 
     </span>
    </p>
   </div>
   <div class='ocr_carea' id='block_1_35' title="bbox 246 2023 1889 2097">
    <p class='ocr_par' dir='ltr' id='par_1_35' title="bbox 246 2023 1889 2097">
     <span class='ocr_line' id='line_1_35' title="bbox 246 2023 1889 2097; baseline -0.002 -15"><span class='ocrx_word' id='word_1_230' title='bbox 246 2024 555 2083; x_wconf 84' lang='lat' dir='ltr'>Humbaldi</span> <span class='ocrx_word' id='word_1_231' title='bbox 576 2025 1067 2081; x_wconf 88' lang='lat' dir='ltr'>inthronizatione</span> <span class='ocrx_word' id='word_1_232' title='bbox 1091 2042 1103 2079; x_wconf 89' lang='lat'><strong>:</strong></span> <span class='ocrx_word' id='word_1_233' title='bbox 1130 2023 1347 2097; x_wconf 90' lang='lat' dir='ltr'>quippe</span> <span class='ocrx_word' id='word_1_234' title='bbox 1378 2024 1476 2096; x_wconf 88' lang='lat' dir='ltr'>qui</span> <span class='ocrx_word' id='word_1_235' title='bbox 1510 2039 1709 2079; x_wconf 90' lang='lat' dir='ltr'>mense</span> <span class='ocrx_word' id='word_1_236' title='bbox 1744 2023 1889 2078; x_wconf 84' lang='lat' dir='ltr'>Maio</span> 
     </span>
    </p>
   </div>
   <div class='ocr_carea' id='block_1_36' title="bbox 246 2113 1887 2182">
    <p class='ocr_par' dir='ltr' id='par_1_36' title="bbox 246 2113 1887 2182">
     <span class='ocr_line' id='line_1_36' title="bbox 246 2113 1887 2182; baseline -0.002 -11"><span class='ocrx_word' id='word_1_237' title='bbox 246 2115 301 2171; x_wconf 89' lang='lat' dir='ltr'>in</span> <span class='ocrx_word' id='word_1_238' title='bbox 334 2114 503 2171; x_wconf 86' lang='lat' dir='ltr'>Italia</span> <span class='ocrx_word' id='word_1_239' title='bbox 553 2118 948 2182; x_wconf 89' lang='lat' dir='ltr'>consecratus,</span> <span class='ocrx_word' id='word_1_240' title='bbox 984 2118 1117 2169; x_wconf 83' lang='lat' dir='ltr'>ante</span> <span class='ocrx_word' id='word_1_241' title='bbox 1174 2113 1399 2170; x_wconf 86' lang='lat' dir='ltr'>Julium</span> <span class='ocrx_word' id='word_1_242' title='bbox 1448 2129 1713 2169; x_wconf 89' lang='lat' dir='ltr'>mensem</span> <span class='ocrx_word' id='word_1_243' title='bbox 1770 2131 1887 2169; x_wconf 65' lang='lat' dir='ltr'>sua:</span> 
     </span>
    </p>
   </div>
   <div class='ocr_carea' id='block_1_37' title="bbox 246 2202 1887 2276">
    <p class='ocr_par' dir='ltr' id='par_1_37' title="bbox 246 2202 1887 2276">
     <span class='ocr_line' id='line_1_37' title="bbox 246 2202 1887 2276; baseline -0.002 -16"><span class='ocrx_word' id='word_1_244' title='bbox 246 2204 398 2260; x_wconf 89' lang='lat' dir='ltr'>sedis</span> <span class='ocrx_word' id='word_1_245' title='bbox 428 2203 862 2276; x_wconf 87' lang='lat' dir='ltr'>possessionem</span> <span class='ocrx_word' id='word_1_246' title='bbox 893 2202 1040 2258; x_wconf 90' lang='lat' dir='ltr'>inire</span> <span class='ocrx_word' id='word_1_247' title='bbox 1062 2219 1178 2258; x_wconf 90' lang='lat' dir='ltr'>non</span> <span class='ocrx_word' id='word_1_248' title='bbox 1211 2202 1399 2275; x_wconf 90' lang='lat' dir='ltr'>potuit</span> <span class='ocrx_word' id='word_1_249' title='bbox 1421 2220 1454 2257; x_wconf 88' lang='lat' dir='ltr'>a</span> <span class='ocrx_word' id='word_1_250' title='bbox 1485 2219 1599 2273; x_wconf 90' lang='lat' dir='ltr'>quo</span> <span class='ocrx_word' id='word_1_251' title='bbox 1628 2205 1887 2274; x_wconf 89' lang='lat' dir='ltr'>tempore</span> 
     </span>
    </p>
   </div>
   <div class='ocr_carea' id='block_1_38' title="bbox 244 2290 1882 2366">
    <p class='ocr_par' dir='ltr' id='par_1_38' title="bbox 244 2290 1882 2366">
     <span class='ocr_line' id='line_1_38' title="bbox 244 2290 1882 2366; baseline -0.002 -16"><span class='ocrx_word' id='word_1_252' title='bbox 244 2295 369 2366; x_wconf 84' lang='lat' dir='ltr'>ejus</span> <span class='ocrx_word' id='word_1_253' title='bbox 400 2292 710 2366; x_wconf 88' lang='lat' dir='ltr'>regiminis</span> <span class='ocrx_word' id='word_1_254' title='bbox 739 2308 925 2348; x_wconf 89' lang='lat' dir='ltr'>annos</span> <span class='ocrx_word' id='word_1_255' title='bbox 955 2290 1052 2347; x_wconf 91' lang='lat' dir='ltr'>ille</span> <span class='ocrx_word' id='word_1_256' title='bbox 1081 2295 1284 2348; x_wconf 88' lang='lat' dir='ltr'>auctor</span> <span class='ocrx_word' id='word_1_257' title='bbox 1306 2291 1552 2363; x_wconf 87' lang='lat' dir='ltr'>repetiit.</span> <span class='ocrx_word' id='word_1_258' title='bbox 1582 2290 1655 2346; x_wconf 91' lang='lat' dir='ltr'>Ut</span> <span class='ocrx_word' id='word_1_259' title='bbox 1696 2297 1760 2346; x_wconf 91' lang='lat' dir='ltr'>ut</span> <span class='ocrx_word' id='word_1_260' title='bbox 1790 2292 1882 2347; x_wconf 82' lang='lat' dir='ltr'>sit.</span> 
     </span>
    </p>
   </div>
   <div class='ocr_carea' id='block_1_39' title="bbox 244 2379 1885 2441">
    <p class='ocr_par' dir='ltr' id='par_1_39' title="bbox 244 2379 1885 2441">
     <span class='ocr_line' id='line_1_39' title="bbox 244 2379 1885 2441; baseline -0.003 -2"><span class='ocrx_word' id='word_1_261' title='bbox 244 2399 374 2439; x_wconf 92' lang='lat' dir='ltr'>cum</span> <span class='ocrx_word' id='word_1_262' title='bbox 398 2385 630 2438; x_wconf 88' lang='lat' dir='ltr'>constet</span> <span class='ocrx_word' id='word_1_263' title='bbox 674 2398 811 2437; x_wconf 92' lang='lat' dir='ltr'>eum</span> <span class='ocrx_word' id='word_1_264' title='bbox 831 2384 964 2437; x_wconf 89' lang='lat' dir='ltr'>ante</span> <span class='ocrx_word' id='word_1_265' title='bbox 994 2381 1214 2437; x_wconf 86' lang='lat' dir='ltr'>Urbani</span> <span class='ocrx_word' id='word_1_266' title='bbox 1245 2381 1357 2436; x_wconf 90' lang='lat' dir='ltr'>iter</span> <span class='ocrx_word' id='word_1_267' title='bbox 1384 2379 1442 2434; x_wconf 90' lang='lat' dir='ltr'>in</span> <span class='ocrx_word' id='word_1_268' title='bbox 1464 2438 1467 2441; x_wconf 95' lang='lat'><em>_</em></span> <span class='ocrx_word' id='word_1_269' title='bbox 1486 2379 1736 2435; x_wconf 90' lang='lat' dir='ltr'>Galliam</span> <span class='ocrx_word' id='word_1_270' title='bbox 1769 2380 1885 2435; x_wconf 92' lang='lat' dir='ltr'>Me-</span> 
     </span>
    </p>
   </div>
   <div class='ocr_carea' id='block_1_40' title="bbox 244 2468 1888 2540">
    <p class='ocr_par' dir='ltr' id='par_1_40' title="bbox 244 2468 1888 2540">
     <span class='ocr_line' id='line_1_40' title="bbox 244 2468 1888 2540; baseline -0.002 -14"><span class='ocrx_word' id='word_1_271' title='bbox 244 2471 458 2527; x_wconf 91' lang='lat' dir='ltr'>diolani</span> <span class='ocrx_word' id='word_1_272' title='bbox 516 2469 700 2527; x_wconf 84' lang='lat' dir='ltr'>fuisse</span> <span class='ocrx_word' id='word_1_273' title='bbox 757 2473 1184 2538; x_wconf 88' lang='lat' dir='ltr'>consecratum,</span> <span class='ocrx_word' id='word_1_274' title='bbox 1219 2470 1347 2540; x_wconf 87' lang='lat' dir='ltr'>ejus</span> <span class='ocrx_word' id='word_1_275' title='bbox 1387 2468 1675 2524; x_wconf 85' lang='lat' dir='ltr'>ordinatio</span> <span class='ocrx_word' id='word_1_276' title='bbox 1734 2468 1888 2523; x_wconf 87' lang='lat' dir='ltr'>ultra</span> 
     </span>
    </p>
   </div>
   <div class='ocr_carea' id='block_1_41' title="bbox 242 2557 1885 2632">
    <p class='ocr_par' dir='ltr' id='par_1_41' title="bbox 242 2557 1885 2632">
     <span class='ocr_line' id='line_1_41' title="bbox 242 2557 1885 2632; baseline -0.003 -16"><span class='ocrx_word' id='word_1_277' title='bbox 242 2559 458 2616; x_wconf 77' lang='lat' dir='ltr'>Maium</span> <span class='ocrx_word' id='word_1_278' title='bbox 510 2560 691 2632; x_wconf 86' lang='lat' dir='ltr'>hujus</span> <span class='ocrx_word' id='word_1_279' title='bbox 740 2560 877 2616; x_wconf 90' lang='lat' dir='ltr'>anni</span> <span class='ocrx_word' id='word_1_280' title='bbox 934 2559 1150 2615; x_wconf 70' lang='lat' dir='ltr'>differri</span> <span class='ocrx_word' id='word_1_281' title='bbox 1202 2575 1315 2614; x_wconf 93' lang='lat' dir='ltr'>non</span> <span class='ocrx_word' id='word_1_282' title='bbox 1347 2560 1556 2629; x_wconf 90' lang='lat' dir='ltr'>potest.</span> <span class='ocrx_word' id='word_1_283' title='bbox 1590 2557 1667 2611; x_wconf 91' lang='lat' dir='ltr'>De</span> <span class='ocrx_word' id='word_1_284' title='bbox 1707 2574 1774 2612; x_wconf 89' lang='lat' dir='ltr'>ea</span> <span class='ocrx_word' id='word_1_285' title='bbox 1805 2557 1885 2612; x_wconf 91' lang='lat' dir='ltr'>sic</span> 
     </span>
    </p>
   </div>
   <div class='ocr_carea' id='block_1_42' title="bbox 241 2645 1882 2721">
    <p class='ocr_par' dir='ltr' id='par_1_42' title="bbox 241 2645 1882 2721">
     <span class='ocr_line' id='line_1_42' title="bbox 241 2645 1882 2721; baseline -0.002 -16"><span class='ocrx_word' id='word_1_286' title='bbox 241 2648 414 2705; x_wconf 90' lang='lat' dir='ltr'>habet</span> <span class='ocrx_word' id='word_1_287' title='bbox 434 2647 680 2705; x_wconf 89' lang='lat' dir='ltr'>historia</span> <span class='ocrx_word' id='word_1_288' title='bbox 690 2648 1098 2721; x_wconf 91' lang='lat' dir='ltr'>episcoporum</span> <span class='ocrx_word' id='word_1_289' title='bbox 1117 2645 1741 2715; x_wconf 87' lang='lat' dir='ltr'>Antissiodorensium,</span> <span class='ocrx_word' id='word_1_290' title='bbox 1756 2662 1882 2717; x_wconf 87' lang='lat' dir='ltr'>cap.</span> 
     </span>
    </p>
   </div>
   <div class='ocr_carea' id='block_1_43' title="bbox 239 2735 1885 2806">
    <p class='ocr_par' dir='ltr' id='par_1_43' title="bbox 239 2735 1885 2806">
     <span class='ocr_line' id='line_1_43' title="bbox 239 2735 1885 2806; baseline -0.004 -11"><span class='ocrx_word' id='word_1_291' title='bbox 239 2740 327 2806; x_wconf 87' lang='grc'>53,</span> <span class='ocrx_word' id='word_1_292' title='bbox 351 2756 385 2794; x_wconf 88' lang='lat' dir='ltr'>a</span> <span class='ocrx_word' id='word_1_293' title='bbox 407 2738 637 2795; x_wconf 74' lang='lat' dir='ltr'>Labbeo</span> <span class='ocrx_word' id='word_1_294' title='bbox 659 2737 815 2794; x_wconf 86' lang='lat' dir='ltr'>edita</span> <span class='ocrx_word' id='word_1_295' title='bbox 848 2738 973 2793; x_wconf 95' lang='lat' dir='ltr'>loco</span> <span class='ocrx_word' id='word_1_296' title='bbox 1008 2737 1244 2793; x_wconf 87' lang='lat' dir='ltr'>laudato</span> <span class='ocrx_word' id='word_1_297' title='bbox 1274 2752 1287 2790; x_wconf 92' lang='lat'>:</span> <span class='ocrx_word' id='word_1_298' title='bbox 1318 2735 1654 2791; x_wconf 85' lang='lat' dir='ltr'>IIumbaldus</span> <span class='ocrx_word' id='word_1_299' title='bbox 1688 2753 1720 2790; x_wconf 91' lang='lat' dir='ltr'>a</span> <span class='ocrx_word' id='word_1_300' title='bbox 1743 2736 1885 2790; x_wconf 90' lang='lat' dir='ltr'>clero</span> 
     </span>
    </p>
   </div>
   <div class='ocr_carea' id='block_1_44' title="bbox 241 2825 1885 2900">
    <p class='ocr_par' dir='ltr' id='par_1_44' title="bbox 241 2825 1885 2900">
     <span class='ocr_line' id='line_1_44' title="bbox 241 2825 1885 2900; baseline -0.004 -17"><span class='ocrx_word' id='word_1_301' title='bbox 241 2836 288 2884; x_wconf 82' lang='lat' dir='ltr'>et</span> <span class='ocrx_word' id='word_1_302' title='bbox 310 2829 514 2900; x_wconf 86' lang='lat' dir='ltr'>populo</span> <span class='ocrx_word' id='word_1_303' title='bbox 543 2828 778 2884; x_wconf 76' lang='lat' dir='ltr'>civitatis</span> <span class='ocrx_word' id='word_1_304' title='bbox 802 2825 1190 2883; x_wconf 88' lang='lat' dir='ltr'>Antissiodori</span> <span class='ocrx_word' id='word_1_305' title='bbox 1213 2827 1273 2881; x_wconf 87' lang='lat' dir='ltr'>in</span> <span class='ocrx_word' id='word_1_306' title='bbox 1290 2825 1611 2893; x_wconf 84' lang='lat' dir='ltr'>Ponti/icem</span> <span class='ocrx_word' id='word_1_307' title='bbox 1640 2825 1885 2895; x_wconf 84' lang='lat' dir='ltr'>eligitur;</span> 
     </span>
    </p>
   </div>
   <div class='ocr_carea' id='block_1_45' title="bbox 238 2914 1885 2989">
    <p class='ocr_par' dir='ltr' id='par_1_45' title="bbox 238 2914 1885 2989">
     <span class='ocr_line' id='line_1_45' title="bbox 238 2914 1885 2989; baseline -0.003 -16"><span class='ocrx_word' id='word_1_308' title='bbox 238 2917 435 2973; x_wconf 81' lang='lat' dir='ltr'>electus</span> <span class='ocrx_word' id='word_1_309' title='bbox 481 2918 704 2989; x_wconf 81' lang='lat' dir='ltr'>quidem</span> <span class='ocrx_word' id='word_1_310' title='bbox 753 2916 899 2988; x_wconf 90' lang='lat' dir='ltr'>apud</span> <span class='ocrx_word' id='word_1_311' title='bbox 929 2915 1293 2972; x_wconf 79' lang='lat' dir='ltr'>Mediolanum</span> <span class='ocrx_word' id='word_1_312' title='bbox 1333 2915 1505 2970; x_wconf 63' lang='lat' dir='ltr'>Italiae</span> <span class='ocrx_word' id='word_1_313' title='bbox 1561 2914 1885 2968; x_wconf 84' lang='lat' dir='ltr'>civitatcma</span> 
     </span>
    </p>
   </div>
   <div class='ocr_carea' id='block_1_46' title="bbox 236 3002 1882 3078">
    <p class='ocr_par' dir='ltr' id='par_1_46' title="bbox 236 3002 1882 3078">
     <span class='ocr_line' id='line_1_46' title="bbox 236 3002 1882 3078; baseline -0.003 -17"><span class='ocrx_word' id='word_1_314' title='bbox 236 3007 451 3063; x_wconf 81' lang='lat' dir='ltr'>clericis</span> <span class='ocrx_word' id='word_1_315' title='bbox 468 3021 629 3078; x_wconf 72' lang='lat' dir='ltr'>papae</span> <span class='ocrx_word' id='word_1_316' title='bbox 661 3006 895 3071; x_wconf 81' lang='lat' dir='ltr'>Urbano,</span> <span class='ocrx_word' id='word_1_317' title='bbox 918 3007 1013 3077; x_wconf 86' lang='lat' dir='ltr'>qui</span> <span class='ocrx_word' id='word_1_318' title='bbox 1035 3021 1136 3076; x_wconf 89' lang='lat' dir='ltr'>pro</span> <span class='ocrx_word' id='word_1_319' title='bbox 1181 3003 1507 3075; x_wconf 77' lang='lat' dir='ltr'>quibusdam</span> <span class='ocrx_word' id='word_1_320' title='bbox 1536 3018 1570 3056; x_wconf 88' lang='lat' dir='ltr'>a</span> <span class='ocrx_word' id='word_1_321' title='bbox 1606 3018 1743 3057; x_wconf 88' lang='lat' dir='ltr'>sana</span> <span class='ocrx_word' id='word_1_322' title='bbox 1790 3002 1882 3057; x_wconf 86' lang='lat' dir='ltr'>do-</span> 
     </span>
    </p>
   </div>
   <div class='ocr_carea' id='block_1_47' title="bbox 239 3091 1881 3158">
    <p class='ocr_par' dir='ltr' id='par_1_47' title="bbox 239 3091 1881 3158">
     <span class='ocr_line' id='line_1_47' title="bbox 239 3091 1881 3158; baseline -0.004 -6"><span class='ocrx_word' id='word_1_323' title='bbox 239 3097 415 3152; x_wconf 86' lang='lat' dir='ltr'>ctrina</span> <span class='ocrx_word' id='word_1_324' title='bbox 430 3094 833 3151; x_wconf 77' lang='lat' dir='ltr'>declinantibus</span> <span class='ocrx_word' id='word_1_325' title='bbox 856 3096 915 3150; x_wconf 87' lang='lat' dir='ltr'>in</span> <span class='ocrx_word' id='word_1_326' title='bbox 947 3093 1331 3150; x_wconf 86' lang='lat' dir='ltr'>Lombardiam</span> <span class='ocrx_word' id='word_1_327' title='bbox 1368 3091 1732 3158; x_wconf 79' lang='lat' dir='ltr'>descenderat,</span> <span class='ocrx_word' id='word_1_328' title='bbox 1756 3107 1881 3145; x_wconf 88' lang='lat' dir='ltr'>con-</span> 
     </span>
    </p>
   </div>
   <div class='ocr_carea' id='block_1_48' title="bbox 233 3181 1879 3255">
    <p class='ocr_par' dir='ltr' id='par_1_48' title="bbox 233 3181 1879 3255">
     <span class='ocr_line' id='line_1_48' title="bbox 233 3181 1879 3255; baseline -0.004 -15"><span class='ocrx_word' id='word_1_329' title='bbox 233 3183 529 3240; x_wconf 80' lang='lat' dir='ltr'>secrandus</span> <span class='ocrx_word' id='word_1_330' title='bbox 552 3191 943 3255; x_wconf 67' lang='lat' dir='ltr'>praesentatur,</span> <span class='ocrx_word' id='word_1_331' title='bbox 962 3187 1013 3239; x_wconf 90' lang='lat' dir='ltr'>et</span> <span class='ocrx_word' id='word_1_332' title='bbox 1042 3183 1109 3238; x_wconf 89' lang='lat' dir='ltr'>ab</span> <span class='ocrx_word' id='word_1_333' title='bbox 1139 3182 1324 3238; x_wconf 88' lang='lat' dir='ltr'>eodem</span> <span class='ocrx_word' id='word_1_334' title='bbox 1365 3181 1568 3236; x_wconf 86' lang='lat' dir='ltr'>ibidem</span> <span class='ocrx_word' id='word_1_335' title='bbox 1598 3196 1879 3236; x_wconf 86' lang='lat' dir='ltr'>consecra-</span> 
     </span>
    </p>
   </div>
   <div class='ocr_carea' id='block_1_49' title="bbox 235 3272 1485 3345">
    <p class='ocr_par' dir='ltr' id='par_1_49' title="bbox 235 3272 1485 3345">
     <span class='ocr_line' id='line_1_49' title="bbox 235 3272 1485 3345; baseline -0.005 -16"><span class='ocrx_word' id='word_1_336' title='bbox 235 3277 321 3329; x_wconf 83' lang='lat' dir='ltr'>tus</span> <span class='ocrx_word' id='word_1_337' title='bbox 349 3272 421 3328; x_wconf 84' lang='lat' dir='ltr'>ad</span> <span class='ocrx_word' id='word_1_338' title='bbox 436 3274 726 3345; x_wconf 80' lang='lat' dir='ltr'>propriam</span> <span class='ocrx_word' id='word_1_339' title='bbox 752 3274 1027 3328; x_wconf 84' lang='lat' dir='ltr'>civitatem</span> <span class='ocrx_word' id='word_1_340' title='bbox 1056 3272 1351 3339; x_wconf 79' lang='lat' dir='ltr'>reducitur,</span> <span class='ocrx_word' id='word_1_341' title='bbox 1377 3273 1485 3325; x_wconf 85' lang='lat' dir='ltr'>etc.</span> 
     </span>
    </p>
   </div>
   <div class='ocr_carea' id='block_1_50' title="bbox 304 3356 1877 3433">
    <p class='ocr_par' dir='ltr' id='par_1_50' title="bbox 304 3356 1877 3433">
     <span class='ocr_line' id='line_1_50' title="bbox 304 3356 1877 3433; baseline -0.005 -16"><span class='ocrx_word' id='word_1_342' title='bbox 304 3364 399 3433; x_wconf 84' lang='lat' dir='ltr'>At,</span> <span class='ocrx_word' id='word_1_343' title='bbox 420 3379 538 3433; x_wconf 70' lang='lat' dir='ltr'>prae</span> <span class='ocrx_word' id='word_1_344' title='bbox 581 3362 805 3417; x_wconf 71' lang='lat' dir='ltr'>caeteris</span> <span class='ocrx_word' id='word_1_345' title='bbox 825 3378 950 3432; x_wconf 74' lang='lat' dir='ltr'>quae</span> <span class='ocrx_word' id='word_1_346' title='bbox 982 3358 1292 3416; x_wconf 89' lang='lat' dir='ltr'>Mediolani</span> <span class='ocrx_word' id='word_1_347' title='bbox 1336 3356 1558 3430; x_wconf 83' lang='lat' dir='ltr'>peregit</span> <span class='ocrx_word' id='word_1_348' title='bbox 1589 3356 1877 3421; x_wconf 89' lang='lat' dir='ltr'>Urbanus,</span> 
     </span>
    </p>
   </div>
   <div class='ocr_carea' id='block_1_51' title="bbox 238 3443 1880 3523">
    <p class='ocr_par' dir='ltr' id='par_1_51' title="bbox 238 3443 1880 3523">
     <span class='ocr_line' id='line_1_51' title="bbox 238 3443 1880 3523; baseline -0.005 -17"><span class='ocrx_word' id='word_1_349' title='bbox 238 3450 479 3507; x_wconf 88' lang='lat' dir='ltr'>celebris</span> <span class='ocrx_word' id='word_1_350' title='bbox 506 3449 800 3523; x_wconf 88' lang='lat' dir='ltr'>imprimis</span> <span class='ocrx_word' id='word_1_351' title='bbox 822 3449 932 3505; x_wconf 88' lang='lat' dir='ltr'>fuit</span> <span class='ocrx_word' id='word_1_352' title='bbox 951 3449 1178 3504; x_wconf 82' lang='lat' dir='ltr'>Arnulfi</span> <span class='ocrx_word' id='word_1_353' title='bbox 1202 3448 1466 3519; x_wconf 89' lang='lat' dir='ltr'>ejusdem</span> <span class='ocrx_word' id='word_1_354' title='bbox 1494 3444 1663 3500; x_wconf 89' lang='lat' dir='ltr'>urbis</span> <span class='ocrx_word' id='word_1_355' title='bbox 1692 3443 1880 3499; x_wconf 91' lang='lat' dir='ltr'>archi-</span> 
     </span>
    </p>
   </div>
   <div class='ocr_carea' id='block_1_52' title="bbox 235 3534 1882 3612">
    <p class='ocr_par' dir='ltr' id='par_1_52' title="bbox 235 3534 1882 3612">
     <span class='ocr_line' id='line_1_52' title="bbox 235 3534 1882 3612; baseline -0.004 -17"><span class='ocrx_word' id='word_1_356' title='bbox 235 3538 495 3612; x_wconf 86' lang='lat' dir='ltr'>episcopi</span> <span class='ocrx_word' id='word_1_357' title='bbox 517 3539 829 3606; x_wconf 88' lang='lat' dir='ltr'>restitutio,</span> <span class='ocrx_word' id='word_1_358' title='bbox 853 3555 976 3605; x_wconf 88' lang='lat' dir='ltr'>scu,</span> <span class='ocrx_word' id='word_1_359' title='bbox 1001 3542 1061 3593; x_wconf 93' lang='lat' dir='ltr'>ut</span> <span class='ocrx_word' id='word_1_360' title='bbox 1084 3537 1277 3593; x_wconf 88' lang='lat' dir='ltr'>verius</span> <span class='ocrx_word' id='word_1_361' title='bbox 1308 3534 1520 3603; x_wconf 84' lang='lat' dir='ltr'>dicam,</span> <span class='ocrx_word' id='word_1_362' title='bbox 1542 3534 1733 3606; x_wconf 88' lang='lat' dir='ltr'>prima</span> <span class='ocrx_word' id='word_1_363' title='bbox 1754 3534 1882 3603; x_wconf 91' lang='lat' dir='ltr'>ejus</span> 
     </span>
    </p>
   </div>
   <div class='ocr_carea' id='block_1_53' title="bbox 233 3621 1879 3699">
    <p class='ocr_par' dir='ltr' id='par_1_53' title="bbox 233 3621 1879 3699">
     <span class='ocr_line' id='line_1_53' title="bbox 233 3621 1879 3699; baseline -0.006 -14"><span class='ocrx_word' id='word_1_364' title='bbox 233 3627 527 3685; x_wconf 88' lang='lat' dir='ltr'>institutio</span> <span class='ocrx_word' id='word_1_365' title='bbox 557 3628 615 3684; x_wconf 93' lang='lat' dir='ltr'>in</span> <span class='ocrx_word' id='word_1_366' title='bbox 646 3627 757 3684; x_wconf 90' lang='lat' dir='ltr'>hac</span> <span class='ocrx_word' id='word_1_367' title='bbox 788 3628 944 3694; x_wconf 89' lang='lat' dir='ltr'>sede,</span> <span class='ocrx_word' id='word_1_368' title='bbox 969 3627 1039 3682; x_wconf 92' lang='lat' dir='ltr'>ad</span> <span class='ocrx_word' id='word_1_369' title='bbox 1062 3643 1239 3699; x_wconf 88' lang='lat' dir='ltr'>quam</span> <span class='ocrx_word' id='word_1_370' title='bbox 1270 3623 1505 3681; x_wconf 90' lang='lat' dir='ltr'>biennio</span> <span class='ocrx_word' id='word_1_371' title='bbox 1543 3626 1715 3677; x_wconf 86' lang='lat' dir='ltr'>antea</span> <span class='ocrx_word' id='word_1_372' title='bbox 1767 3621 1879 3677; x_wconf 90' lang='lat' dir='ltr'>ele-</span> 
     </span>
    </p>
   </div>
   <div class='ocr_carea' id='block_1_54' title="bbox 234 3711 1880 3788">
    <p class='ocr_par' dir='ltr' id='par_1_54' title="bbox 234 3711 1880 3788">
     <span class='ocr_line' id='line_1_54' title="bbox 234 3711 1880 3788; baseline -0.005 -15"><span class='ocrx_word' id='word_1_373' title='bbox 234 3721 363 3775; x_wconf 86' lang='lat' dir='ltr'>ctus</span> <span class='ocrx_word' id='word_1_374' title='bbox 390 3717 597 3773; x_wconf 82' lang='lat' dir='ltr'>fuerat.</span> <span class='ocrx_word' id='word_1_375' title='bbox 629 3716 685 3773; x_wconf 91' lang='lat' dir='ltr'>Is</span> <span class='ocrx_word' id='word_1_376' title='bbox 743 3732 974 3788; x_wconf 91' lang='lat' dir='ltr'>nempe,</span> <span class='ocrx_word' id='word_1_377' title='bbox 1008 3720 1072 3771; x_wconf 91' lang='lat' dir='ltr'>ut</span> <span class='ocrx_word' id='word_1_378' title='bbox 1115 3719 1314 3770; x_wconf 90' lang='lat' dir='ltr'>narrat</span> <span class='ocrx_word' id='word_1_379' title='bbox 1370 3711 1695 3779; x_wconf 91' lang='lat' dir='ltr'>Bertoldus,</span> <span class='ocrx_word' id='word_1_380' title='bbox 1726 3720 1880 3765; x_wconf 86' lang='lat' dir='ltr'>anno</span> 
     </span>
    </p>
   </div>
   <div class='ocr_carea' id='block_1_55' title="bbox 231 3799 1879 3872">
    <p class='ocr_par' dir='ltr' id='par_1_55' title="bbox 231 3799 1879 3872">
     <span class='ocr_line' id='line_1_55' title="bbox 231 3799 1879 3872; baseline -0.006 -9"><span class='ocrx_word' id='word_1_381' title='bbox 231 3806 373 3864; x_wconf 80' lang='lat' dir='ltr'>l093</span> <span class='ocrx_word' id='word_1_382' title='bbox 393 3805 659 3863; x_wconf 90' lang='lat' dir='ltr'>inlocum</span> <span class='ocrx_word' id='word_1_383' title='bbox 682 3803 943 3861; x_wconf 87' lang='lat' dir='ltr'>Anselmi</span> <span class='ocrx_word' id='word_1_384' title='bbox 968 3803 1225 3860; x_wconf 87' lang='lat' dir='ltr'>defuncti</span> <span class='ocrx_word' id='word_1_385' title='bbox 1249 3799 1879 3872; x_wconf 86' lang='lat' dir='ltr'>substitutus,alegato</span> 
     </span>
    </p>
   </div>
   <div class='ocr_carea' id='block_1_56' title="bbox 226 3890 1881 3969">
    <p class='ocr_par' dir='ltr' id='par_1_56' title="bbox 226 3890 1881 3969">
     <span class='ocr_line' id='line_1_56' title="bbox 226 3890 1881 3969; baseline -0.007 -16"><span class='ocrx_word' id='word_1_386' title='bbox 226 3895 547 3969; x_wconf 87' lang='lat' dir='ltr'>apostolico</span> <span class='ocrx_word' id='word_1_387' title='bbox 568 3894 915 3952; x_wconf 88' lang='lat' dir='ltr'>interdictus</span> <span class='ocrx_word' id='word_1_388' title='bbox 939 3894 1145 3957; x_wconf 84' lang='lat' dir='ltr'>fuerat,</span> <span class='ocrx_word' id='word_1_389' title='bbox 1161 3893 1316 3965; x_wconf 91' lang='lat' dir='ltr'>quod</span> <span class='ocrx_word' id='word_1_390' title='bbox 1340 3890 1624 3947; x_wconf 89' lang='lat' dir='ltr'>annulum</span> <span class='ocrx_word' id='word_1_391' title='bbox 1639 3895 1696 3944; x_wconf 87' lang='lat' dir='ltr'>et</span> <span class='ocrx_word' id='word_1_392' title='bbox 1708 3890 1881 3943; x_wconf 87' lang='lat' dir='ltr'>bacu-</span> 
     </span>
    </p>
   </div>
   <div class='ocr_carea' id='block_1_57' title="bbox 224 3983 1880 4057">
    <p class='ocr_par' dir='ltr' id='par_1_57' title="bbox 224 3983 1880 4057">
     <span class='ocr_line' id='line_1_57' title="bbox 224 3983 1880 4057; baseline -0.006 -16"><span class='ocrx_word' id='word_1_393' title='bbox 224 3985 350 4042; x_wconf 90' lang='lat' dir='ltr'>lum</span> <span class='ocrx_word' id='word_1_394' title='bbox 381 3986 454 4042; x_wconf 89' lang='lat' dir='ltr'>ab</span> <span class='ocrx_word' id='word_1_395' title='bbox 488 3985 839 4057; x_wconf 87' lang='lat' dir='ltr'>imperatore</span> <span class='ocrx_word' id='word_1_396' title='bbox 870 3983 1220 4056; x_wconf 84' lang='lat' dir='ltr'>recepisset;</span> <span class='ocrx_word' id='word_1_397' title='bbox 1253 3997 1428 4054; x_wconf 88' lang='lat' dir='ltr'>quam</span> <span class='ocrx_word' id='word_1_398' title='bbox 1459 3995 1691 4052; x_wconf 86' lang='lat' dir='ltr'>poenam</span> <span class='ocrx_word' id='word_1_399' title='bbox 1715 3994 1880 4049; x_wconf 80' lang='lat' dir='ltr'>aequo</span> 
     </span>
    </p>
   </div>
   <div class='ocr_carea' id='block_1_58' title="bbox 219 4067 1880 4131">
    <p class='ocr_par' dir='ltr' id='par_1_58' title="bbox 219 4067 1880 4131">
     <span class='ocr_line' id='line_1_58' title="bbox 219 4067 1880 4131; baseline -0.007 0"><span class='ocrx_word' id='word_1_400' title='bbox 219 4074 316 4131; x_wconf 90' lang='lat' dir='ltr'>ille</span> <span class='ocrx_word' id='word_1_401' title='bbox 347 4074 547 4131; x_wconf 90' lang='lat' dir='ltr'>animo</span> <span class='ocrx_word' id='word_1_402' title='bbox 578 4074 777 4131; x_wconf 88' lang='lat' dir='ltr'>ferens</span> <span class='ocrx_word' id='word_1_403' title='bbox 827 4074 885 4128; x_wconf 90' lang='lat' dir='ltr'>in</span> <span class='ocrx_word' id='word_1_404' title='bbox 936 4070 1358 4129; x_wconf 85' lang='lat' dir='ltr'>monasterium</span> <span class='ocrx_word' id='word_1_405' title='bbox 1395 4067 1643 4125; x_wconf 91' lang='lat' dir='ltr'>secessit</span> <span class='ocrx_word' id='word_1_406' title='bbox 1668 4083 1880 4122; x_wconf 87' lang='lat' dir='ltr'>noxam</span> 
     </span>
    </p>
   </div>
   <div class='ocr_carea' id='block_1_59' title="bbox 222 4157 1881 4236">
    <p class='ocr_par' dir='ltr' id='par_1_59' title="bbox 222 4157 1881 4236">
     <span class='ocr_line' id='line_1_59' title="bbox 222 4157 1881 4236; baseline -0.007 -15"><span class='ocrx_word' id='word_1_407' title='bbox 222 4164 377 4221; x_wconf 89' lang='lat' dir='ltr'>hanc</span> <span class='ocrx_word' id='word_1_408' title='bbox 408 4163 773 4236; x_wconf 85' lang='lat' dir='ltr'>expiaturus,</span> <span class='ocrx_word' id='word_1_409' title='bbox 804 4161 1002 4234; x_wconf 92' lang='lat' dir='ltr'>ibique</span> <span class='ocrx_word' id='word_1_410' title='bbox 1032 4161 1173 4216; x_wconf 81' lang='lat' dir='ltr'>vixit</span> <span class='ocrx_word' id='word_1_411' title='bbox 1195 4160 1475 4232; x_wconf 89' lang='lat' dir='ltr'>privatus,</span> <span class='ocrx_word' id='word_1_412' title='bbox 1503 4157 1704 4224; x_wconf 88' lang='lat' dir='ltr'>donec,</span> <span class='ocrx_word' id='word_1_413' title='bbox 1740 4172 1881 4210; x_wconf 88' lang='lat' dir='ltr'>con-</span> 
     </span>
    </p>
   </div>
   <div class='ocr_carea' id='block_1_60' title="bbox 223 4243 1879 4324">
    <p class='ocr_par' dir='ltr' id='par_1_60' title="bbox 223 4243 1879 4324">
     <span class='ocr_line' id='line_1_60' title="bbox 223 4243 1879 4324; baseline -0.008 -14"><span class='ocrx_word' id='word_1_414' title='bbox 223 4254 462 4310; x_wconf 89' lang='lat' dir='ltr'>cedente</span> <span class='ocrx_word' id='word_1_415' title='bbox 483 4256 744 4309; x_wconf 86' lang='lat' dir='ltr'>Romano</span> <span class='ocrx_word' id='word_1_416' title='bbox 767 4251 1059 4324; x_wconf 88' lang='lat' dir='ltr'>pontiﬁce,</span> <span class='ocrx_word' id='word_1_417' title='bbox 1084 4254 1148 4306; x_wconf 89' lang='lat' dir='ltr'>ut</span> <span class='ocrx_word' id='word_1_418' title='bbox 1166 4250 1343 4305; x_wconf 90' lang='lat' dir='ltr'>habet</span> <span class='ocrx_word' id='word_1_419' title='bbox 1366 4248 1518 4302; x_wconf 90' lang='lat' dir='ltr'>idem</span> <span class='ocrx_word' id='word_1_420' title='bbox 1555 4243 1879 4311; x_wconf 86' lang='lat' dir='ltr'>Bertoldus,</span> 
     </span>
    </p>
   </div>
   <div class='ocr_carea' id='block_1_61' title="bbox 221 4332 1882 4413">
    <p class='ocr_par' dir='ltr' id='par_1_61' title="bbox 221 4332 1882 4413">
     <span class='ocr_line' id='line_1_61' title="bbox 221 4332 1882 4413; baseline -0.008 -14"><span class='ocrx_word' id='word_1_421' title='bbox 221 4360 257 4399; x_wconf 87' lang='lat' dir='ltr'>a</span> <span class='ocrx_word' id='word_1_422' title='bbox 284 4341 600 4398; x_wconf 88' lang='lat' dir='ltr'>Thiemone</span> <span class='ocrx_word' id='word_1_423' title='bbox 629 4339 1070 4413; x_wconf 88' lang='lat' dir='ltr'>Salisburgensi</span> <span class='ocrx_word' id='word_1_424' title='bbox 1114 4338 1580 4409; x_wconf 88' lang='lat' dir='ltr'>archiepiscopo,</span> <span class='ocrx_word' id='word_1_425' title='bbox 1617 4332 1882 4389; x_wconf 89' lang='lat' dir='ltr'>Udalrico</span> 
     </span>
    </p>
   </div>
   <div class='ocr_carea' id='block_1_62' title="bbox 221 4422 1879 4495">
    <p class='ocr_par' dir='ltr' id='par_1_62' title="bbox 221 4422 1879 4495">
     <span class='ocr_line' id='line_1_62' title="bbox 221 4422 1879 4495; baseline -0.007 -6"><span class='ocrx_word' id='word_1_426' title='bbox 221 4431 548 4489; x_wconf 83' lang='lat' dir='ltr'>Patavicnsi</span> <span class='ocrx_word' id='word_1_427' title='bbox 578 4433 635 4487; x_wconf 90' lang='lat' dir='ltr'>et</span> <span class='ocrx_word' id='word_1_428' title='bbox 682 4429 1022 4486; x_wconf 89' lang='lat' dir='ltr'>Gebehardo</span> <span class='ocrx_word' id='word_1_429' title='bbox 1080 4424 1535 4492; x_wconf 89' lang='lat' dir='ltr'>Constantiensi,</span> <span class='ocrx_word' id='word_1_430' title='bbox 1565 4422 1879 4495; x_wconf 89' lang='lat' dir='ltr'>episcopis,</span> 
     </span>
    </p>
   </div>
   <div class='ocr_carea' id='block_1_63' title="bbox 221 4514 1881 4593">
    <p class='ocr_par' dir='ltr' id='par_1_63' title="bbox 221 4514 1881 4593">
     <span class='ocr_line' id='line_1_63' title="bbox 221 4514 1881 4593; baseline -0.005 -17"><span class='ocrx_word' id='word_1_431' title='bbox 221 4521 323 4593; x_wconf 90' lang='lat' dir='ltr'>qui</span> <span class='ocrx_word' id='word_1_432' title='bbox 353 4520 427 4576; x_wconf 89' lang='lat' dir='ltr'>ad</span> <span class='ocrx_word' id='word_1_433' title='bbox 458 4518 773 4575; x_wconf 90' lang='lat' dir='ltr'>concilium</span> <span class='ocrx_word' id='word_1_434' title='bbox 805 4516 1212 4574; x_wconf 88' lang='lat' dir='ltr'>Placentinum</span> <span class='ocrx_word' id='word_1_435' title='bbox 1245 4514 1637 4589; x_wconf 86' lang='lat' dir='ltr'>properabant</span> <span class='ocrx_word' id='word_1_436' title='bbox 1676 4527 1881 4567; x_wconf 89' lang='lat' dir='ltr'>consc-</span> 
     </span>
    </p>
   </div>
   <div class='ocr_carea' id='block_1_64' title="bbox 2001 1933 3647 2008">
    <p class='ocr_par' dir='ltr' id='par_1_64' title="bbox 2001 1933 3647 2008">
     <span class='ocr_line' id='line_1_64' title="bbox 2001 1933 3647 2008; baseline 0.001 -19"><span class='ocrx_word' id='word_1_437' title='bbox 2001 1936 2255 2006; x_wconf 84' lang='lat' dir='ltr'>est.Ejus</span> <span class='ocrx_word' id='word_1_438' title='bbox 2285 1934 2649 2008; x_wconf 88' lang='lat' dir='ltr'>epitaphium</span> <span class='ocrx_word' id='word_1_439' title='bbox 2695 1952 2765 1990; x_wconf 83' lang='lat' dir='ltr'>ex</span> <span class='ocrx_word' id='word_1_440' title='bbox 2793 1933 3036 2007; x_wconf 89' lang='lat' dir='ltr'>Ughello</span> <span class='ocrx_word' id='word_1_441' title='bbox 3066 1934 3182 1991; x_wconf 93' lang='lat' dir='ltr'>huc</span> <span class='ocrx_word' id='word_1_442' title='bbox 3210 1935 3424 1992; x_wconf 89' lang='lat' dir='ltr'>referre</span> <span class='ocrx_word' id='word_1_443' title='bbox 3453 1935 3647 1992; x_wconf 89' lang='lat' dir='ltr'>visum</span> 
     </span>
    </p>
   </div>
   <div class='ocr_carea' id='block_1_65' title="bbox 1998 2023 3645 2096">
    <p class='ocr_par' dir='ltr' id='par_1_65' title="bbox 1998 2023 3645 2096">
     <span class='ocr_line' id='line_1_65' title="bbox 1998 2023 3645 2096; baseline 0.001 -16"><span class='ocrx_word' id='word_1_444' title='bbox 1998 2025 2213 2090; x_wconf 88' lang='lat' dir='ltr'>est,sed</span> <span class='ocrx_word' id='word_1_445' title='bbox 2244 2026 2462 2080; x_wconf 90' lang='lat' dir='ltr'>mirum</span> <span class='ocrx_word' id='word_1_446' title='bbox 2490 2024 2673 2080; x_wconf 91' lang='lat' dir='ltr'>videri</span> <span class='ocrx_word' id='word_1_447' title='bbox 2706 2028 2899 2096; x_wconf 87' lang='lat' dir='ltr'>potest</span> <span class='ocrx_word' id='word_1_448' title='bbox 2943 2025 3070 2095; x_wconf 88' lang='lat' dir='ltr'>ejus</span> <span class='ocrx_word' id='word_1_449' title='bbox 3120 2023 3462 2081; x_wconf 89' lang='lat' dir='ltr'>memoriam</span> <span class='ocrx_word' id='word_1_450' title='bbox 3504 2042 3645 2082; x_wconf 89' lang='lat' dir='ltr'>nus-</span> 
     </span>
    </p>
   </div>
   <div class='ocr_carea' id='block_1_66' title="bbox 1999 2111 3546 2186">
    <p class='ocr_par' dir='ltr' id='par_1_66' title="bbox 1999 2111 3546 2186">
     <span class='ocr_line' id='line_1_66' title="bbox 1999 2111 3546 2186; baseline 0.001 -17"><span class='ocrx_word' id='word_1_451' title='bbox 1999 2130 2175 2186; x_wconf 88' lang='lat' dir='ltr'>quam</span> <span class='ocrx_word' id='word_1_452' title='bbox 2206 2113 2267 2169; x_wconf 91' lang='lat' dir='ltr'>in</span> <span class='ocrx_word' id='word_1_453' title='bbox 2300 2111 2729 2186; x_wconf 83' lang='lat' dir='ltr'>Martyrologiis</span> <span class='ocrx_word' id='word_1_454' title='bbox 2759 2113 3030 2186; x_wconf 89' lang='lat' dir='ltr'>reperiri;</span> <span class='ocrx_word' id='word_1_455' title='bbox 3061 2114 3147 2171; x_wconf 87' lang='lat' dir='ltr'>sic</span> <span class='ocrx_word' id='word_1_456' title='bbox 3165 2130 3299 2171; x_wconf 88' lang='lat' dir='ltr'>vero</span> <span class='ocrx_word' id='word_1_457' title='bbox 3325 2113 3501 2171; x_wconf 87' lang='lat' dir='ltr'>habet</span> <span class='ocrx_word' id='word_1_458' title='bbox 3532 2133 3546 2170; x_wconf 93' lang='lat'>:</span> 
     </span>
    </p>
   </div>
   <div class='ocr_carea' id='block_1_67' title="bbox 2106 2240 3581 2331">
    <p class='ocr_par' dir='ltr' id='par_1_67' title="bbox 2106 2240 3581 2331">
     <span class='ocr_line' id='line_1_67' title="bbox 2106 2240 3581 2331; baseline 0 -19"><span class='ocrx_word' id='word_1_459' title='bbox 2106 2308 2111 2331; x_wconf 72' lang='grc'>,</span> <span class='ocrx_word' id='word_1_460' title='bbox 2139 2258 2235 2312; x_wconf 86' lang='lat' dir='ltr'>llic</span> <span class='ocrx_word' id='word_1_461' title='bbox 2263 2256 2687 2312; x_wconf 79' lang='lat' dir='ltr'>HERNEBALDUS</span> <span class='ocrx_word' id='word_1_462' title='bbox 2720 2257 2878 2312; x_wconf 89' lang='lat' dir='ltr'>miles</span> <span class='ocrx_word' id='word_1_463' title='bbox 2912 2255 3118 2312; x_wconf 84' lang='lat' dir='ltr'>Christi</span> <span class='ocrx_word' id='word_1_464' title='bbox 3145 2255 3468 2312; x_wconf 88' lang='lat' dir='ltr'>reverendus</span> <span class='ocrx_word' id='word_1_465' title='bbox 3578 2240 3581 2247; x_wconf 60' lang='grc'><em>’</em></span> 
     </span>
    </p>
   </div>
   <div class='ocr_carea' id='block_1_68' title="bbox 2140 2345 3310 2418">
    <p class='ocr_par' dir='ltr' id='par_1_68' title="bbox 2140 2345 3310 2418">
     <span class='ocr_line' id='line_1_68' title="bbox 2140 2345 3310 2418; baseline -0.002 -16"><span class='ocrx_word' id='word_1_466' title='bbox 2140 2346 2358 2403; x_wconf 80' lang='lat' dir='ltr'>Occisus</span> <span class='ocrx_word' id='word_1_467' title='bbox 2387 2347 2605 2417; x_wconf 85' lang='lat' dir='ltr'>tegitur,</span> <span class='ocrx_word' id='word_1_468' title='bbox 2638 2347 2734 2417; x_wconf 86' lang='lat' dir='ltr'>qui</span> <span class='ocrx_word' id='word_1_469' title='bbox 2761 2346 2884 2401; x_wconf 81' lang='lat' dir='ltr'>cceli</span> <span class='ocrx_word' id='word_1_470' title='bbox 2909 2345 3032 2401; x_wconf 88' lang='lat' dir='ltr'>sede</span> <span class='ocrx_word' id='word_1_471' title='bbox 3054 2348 3310 2418; x_wconf 85' lang='lat' dir='ltr'>potitur;</span> 
     </span>
    </p>
   </div>
   <div class='ocr_carea' id='block_1_69' title="bbox 2138 2426 3577 2507">
    <p class='ocr_par' dir='ltr' id='par_1_69' title="bbox 2138 2426 3577 2507">
     <span class='ocr_line' id='line_1_69' title="bbox 2138 2426 3577 2507; baseline 0 -16"><span class='ocrx_word' id='word_1_472' title='bbox 2138 2438 2368 2491; x_wconf 85' lang='lat' dir='ltr'>Incestos</span> <span class='ocrx_word' id='word_1_473' title='bbox 2399 2436 2667 2507; x_wconf 86' lang='lat' dir='ltr'>reprobat,</span> <span class='ocrx_word' id='word_1_474' title='bbox 2699 2438 2963 2491; x_wconf 88' lang='lat' dir='ltr'>simonias</span> <span class='ocrx_word' id='word_1_475' title='bbox 2992 2440 3043 2491; x_wconf 84' lang='lat' dir='ltr'>et</span> <span class='ocrx_word' id='word_1_476' title='bbox 3073 2437 3201 2507; x_wconf 86' lang='lat' dir='ltr'>quia</span> <span class='ocrx_word' id='word_1_477' title='bbox 3229 2434 3473 2504; x_wconf 86' lang='lat' dir='ltr'>damnat,</span> <span class='ocrx_word' id='word_1_478' title='bbox 3572 2426 3577 2433; x_wconf 72' lang='grc'><strong>’</strong></span> 
     </span>
    </p>
   </div>
   <div class='ocr_carea' id='block_1_70' title="bbox 2138 2526 3641 2597">
    <p class='ocr_par' dir='ltr' id='par_1_70' title="bbox 2138 2526 3641 2597">
     <span class='ocr_line' id='line_1_70' title="bbox 2138 2526 3641 2597; baseline -0.001 -16"><span class='ocrx_word' id='word_1_479' title='bbox 2138 2528 2291 2581; x_wconf 88' lang='lat' dir='ltr'>Hunc</span> <span class='ocrx_word' id='word_1_480' title='bbox 2321 2527 2537 2582; x_wconf 84' lang='lat' dir='ltr'>Veneris</span> <span class='ocrx_word' id='word_1_481' title='bbox 2557 2527 2700 2581; x_wconf 85' lang='lat' dir='ltr'>servi</span> <span class='ocrx_word' id='word_1_482' title='bbox 2723 2527 3003 2597; x_wconf 87' lang='lat' dir='ltr'>perimunt</span> <span class='ocrx_word' id='word_1_483' title='bbox 3024 2526 3367 2596; x_wconf 88' lang='lat' dir='ltr'>Simonisque</span> <span class='ocrx_word' id='word_1_484' title='bbox 3384 2526 3641 2596; x_wconf 82' lang='lat' dir='ltr'>maligni.</span> 
     </span>
    </p>
   </div>
   <div class='ocr_carea' id='block_1_71' title="bbox 2140 2614 3491 2687">
    <p class='ocr_par' dir='ltr' id='par_1_71' title="bbox 2140 2614 3491 2687">
     <span class='ocr_line' id='line_1_71' title="bbox 2140 2614 3491 2687; baseline 0 -17"><span class='ocrx_word' id='word_1_485' title='bbox 2140 2615 2390 2671; x_wconf 89' lang='lat' dir='ltr'>Urbanus</span> <span class='ocrx_word' id='word_1_486' title='bbox 2408 2630 2655 2670; x_wconf 86' lang='lat' dir='ltr'>summus</span> <span class='ocrx_word' id='word_1_487' title='bbox 2668 2631 2867 2686; x_wconf 65' lang='lat' dir='ltr'>praeses</span> <span class='ocrx_word' id='word_1_488' title='bbox 2897 2614 3177 2687; x_wconf 86' lang='lat' dir='ltr'>dictusque</span> <span class='ocrx_word' id='word_1_489' title='bbox 3204 2614 3491 2684; x_wconf 81' lang='lat' dir='ltr'>secundus,</span> 
     </span>
    </p>
   </div>
   <div class='ocr_carea' id='block_1_72' title="bbox 2134 2702 3598 2773">
    <p class='ocr_par' dir='ltr' id='par_1_72' title="bbox 2134 2702 3598 2773">
     <span class='ocr_line' id='line_1_72' title="bbox 2134 2702 3598 2773; baseline 0.001 -16"><span class='ocrx_word' id='word_1_490' title='bbox 2134 2704 2331 2757; x_wconf 87' lang='lat' dir='ltr'>Noster</span> <span class='ocrx_word' id='word_1_491' title='bbox 2357 2710 2407 2757; x_wconf 87' lang='lat' dir='ltr'>et</span> <span class='ocrx_word' id='word_1_492' title='bbox 2436 2702 2724 2772; x_wconf 83' lang='lat' dir='ltr'>Arnulfus,</span> <span class='ocrx_word' id='word_1_493' title='bbox 2754 2709 2944 2773; x_wconf 87' lang='lat' dir='ltr'>pastor</span> <span class='ocrx_word' id='word_1_494' title='bbox 2965 2703 3094 2773; x_wconf 87' lang='lat' dir='ltr'>pius</span> <span class='ocrx_word' id='word_1_495' title='bbox 3121 2705 3281 2773; x_wconf 84' lang='lat' dir='ltr'>atque</span> <span class='ocrx_word' id='word_1_496' title='bbox 3311 2702 3598 2773; x_wconf 85' lang='lat' dir='ltr'>benignus,</span> 
     </span>
    </p>
   </div>
   <div class='ocr_carea' id='block_1_73' title="bbox 2206 2789 3225 2862">
    <p class='ocr_par' dir='ltr' id='par_1_73' title="bbox 2206 2789 3225 2862">
     <span class='ocr_line' id='line_1_73' title="bbox 2206 2789 3225 2862; baseline 0.003 -17"><span class='ocrx_word' id='word_1_497' title='bbox 2206 2790 2376 2862; x_wconf 85' lang='lat' dir='ltr'>Hujus</span> <span class='ocrx_word' id='word_1_498' title='bbox 2403 2807 2524 2846; x_wconf 88' lang='lat' dir='ltr'>ossa</span> <span class='ocrx_word' id='word_1_499' title='bbox 2551 2792 2661 2846; x_wconf 89' lang='lat' dir='ltr'>viri</span> <span class='ocrx_word' id='word_1_500' title='bbox 2690 2789 2973 2847; x_wconf 80' lang='lat' dir='ltr'>tumulant</span> <span class='ocrx_word' id='word_1_501' title='bbox 3004 2792 3164 2848; x_wconf 85' lang='lat' dir='ltr'>beati.</span> <span class='ocrx_word' id='word_1_502' title='bbox 3224 2854 3225 2857; x_wconf 28' lang='grc' dir='ltr'><strong>η</strong></span> 
     </span>
    </p>
   </div>
   <div class='ocr_carea' id='block_1_74' title="bbox 1992 2933 3640 2993">
    <p class='ocr_par' dir='ltr' id='par_1_74' title="bbox 1992 2933 3640 2993">
     <span class='ocr_line' id='line_1_74' title="bbox 1992 2933 3640 2993; baseline 0.002 -4"><span class='ocrx_word' id='word_1_503' title='bbox 1992 2933 2298 2989; x_wconf 82' lang='lat' dir='ltr'>CLXXXV.</span> <span class='ocrx_word' id='word_1_504' title='bbox 2339 2934 2586 2990; x_wconf 85' lang='lat' dir='ltr'>Urbanus</span> <span class='ocrx_word' id='word_1_505' title='bbox 2633 2934 2784 2990; x_wconf 82' lang='lat' dir='ltr'>Comi</span> <span class='ocrx_word' id='word_1_506' title='bbox 2831 2934 3045 2989; x_wconf 85' lang='lat' dir='ltr'>dedicat</span> <span class='ocrx_word' id='word_1_507' title='bbox 3079 2935 3361 2990; x_wconf 87' lang='lat' dir='ltr'>ecclesiam</span> <span class='ocrx_word' id='word_1_508' title='bbox 3387 2943 3442 2990; x_wconf 88' lang='lat' dir='ltr'>et</span> <span class='ocrx_word' id='word_1_509' title='bbox 3477 2934 3640 2993; x_wconf 68' lang='lat' dir='ltr'>Asiae.</span> 
     </span>
    </p>
   </div>
   <div class='ocr_carea' id='block_1_75' title="bbox 2064 3006 3643 3078">
    <p class='ocr_par' dir='ltr' id='par_1_75' title="bbox 2064 3006 3643 3078">
     <span class='ocr_line' id='line_1_75' title="bbox 2064 3006 3643 3078; baseline 0.003 -19"><span class='ocrx_word' id='word_1_510' title='bbox 2064 3006 2504 3061; x_wconf 81' lang='lat' dir='ltr'>Fructuariensis</span> <span class='ocrx_word' id='word_1_511' title='bbox 2544 3007 2866 3062; x_wconf 83' lang='lat' dir='ltr'>monasterii</span> <span class='ocrx_word' id='word_1_512' title='bbox 2910 3007 3271 3078; x_wconf 79' lang='lat' dir='ltr'>privilegium</span> <span class='ocrx_word' id='word_1_513' title='bbox 3315 3007 3602 3078; x_wconf 80' lang='lat' dir='ltr'>conﬁrmat</span> <span class='ocrx_word' id='word_1_514' title='bbox 3620 3023 3643 3069; x_wconf 84' lang='lat'>,&#39;</span> 
     </span>
    </p>
   </div>
   <div class='ocr_carea' id='block_1_76' title="bbox 2065 3078 2651 3133">
    <p class='ocr_par' dir='ltr' id='par_1_76' title="bbox 2065 3078 2651 3133">
     <span class='ocr_line' id='line_1_76' title="bbox 2065 3078 2651 3133; baseline -0.002 -1"><span class='ocrx_word' id='word_1_515' title='bbox 2065 3078 2195 3133; x_wconf 87' lang='lat' dir='ltr'>item</span> <span class='ocrx_word' id='word_1_516' title='bbox 2233 3078 2651 3133; x_wconf 81' lang='lat' dir='ltr'>Pinariolensis.</span> 
     </span>
    </p>
   </div>
   <div class='ocr_carea' id='block_1_77' title="bbox 2066 3183 3645 3258">
    <p class='ocr_par' dir='ltr' id='par_1_77' title="bbox 2066 3183 3645 3258">
     <span class='ocr_line' id='line_1_77' title="bbox 2066 3183 3645 3258; baseline 0.001 -19"><span class='ocrx_word' id='word_1_517' title='bbox 2066 3184 2232 3240; x_wconf 90' lang='lat' dir='ltr'>Initio</span> <span class='ocrx_word' id='word_1_518' title='bbox 2262 3184 2421 3239; x_wconf 89' lang='lat' dir='ltr'>Junii</span> <span class='ocrx_word' id='word_1_519' title='bbox 2453 3184 2723 3240; x_wconf 87' lang='lat' dir='ltr'>Urbanus</span> <span class='ocrx_word' id='word_1_520' title='bbox 2756 3185 3003 3240; x_wconf 91' lang='lat' dir='ltr'>Comum</span> <span class='ocrx_word' id='word_1_521' title='bbox 3030 3184 3211 3256; x_wconf 91' lang='lat' dir='ltr'>venit,</span> <span class='ocrx_word' id='word_1_522' title='bbox 3242 3183 3441 3258; x_wconf 89' lang='lat' dir='ltr'>ibique</span> <span class='ocrx_word' id='word_1_523' title='bbox 3465 3183 3645 3243; x_wconf 89' lang='lat' dir='ltr'>eccle-</span> 
     </span>
    </p>
   </div>
   <div class='ocr_carea' id='block_1_78' title="bbox 1911 3243 3644 3347">
    <p class='ocr_par' dir='ltr' id='par_1_78' title="bbox 1911 3243 3644 3347">
     <span class='ocr_line' id='line_1_78' title="bbox 1911 3243 3644 3347; baseline 0.002 -21"><span class='ocrx_word' id='word_1_524' title='bbox 1911 3243 1954 3310; x_wconf 65' lang='grc' dir='ltr'>α</span> <span class='ocrx_word' id='word_1_525' title='bbox 1992 3270 2141 3326; x_wconf 88' lang='lat' dir='ltr'>siam</span> <span class='ocrx_word' id='word_1_526' title='bbox 2171 3270 2369 3326; x_wconf 88' lang='lat' dir='ltr'>Sancti</span> <span class='ocrx_word' id='word_1_527' title='bbox 2394 3271 2647 3326; x_wconf 88' lang='lat' dir='ltr'>Abundii</span> <span class='ocrx_word' id='word_1_528' title='bbox 2674 3272 2936 3343; x_wconf 90' lang='lat' dir='ltr'>ejusdem</span> <span class='ocrx_word' id='word_1_529' title='bbox 2969 3272 3134 3329; x_wconf 87' lang='lat' dir='ltr'>urbis</span> <span class='ocrx_word' id='word_1_530' title='bbox 3162 3243 3417 3346; x_wconf 70' lang='lat' dir='ltr'>episcdpi</span> <span class='ocrx_word' id='word_1_531' title='bbox 3449 3278 3506 3331; x_wconf 89' lang='lat' dir='ltr'>et</span> <span class='ocrx_word' id='word_1_532' title='bbox 3535 3291 3644 3347; x_wconf 88' lang='lat' dir='ltr'>pa-</span> 
     </span>
    </p>
   </div>
   <div class='ocr_carea' id='block_1_79' title="bbox 1991 3359 3645 3435">
    <p class='ocr_par' dir='ltr' id='par_1_79' title="bbox 1991 3359 3645 3435">
     <span class='ocr_line' id='line_1_79' title="bbox 1991 3359 3645 3435; baseline 0.004 -21"><span class='ocrx_word' id='word_1_533' title='bbox 1991 3359 2166 3421; x_wconf 86' lang='lat' dir='ltr'>troni.</span> <span class='ocrx_word' id='word_1_534' title='bbox 2214 3376 2372 3431; x_wconf 86' lang='lat' dir='ltr'>quem</span> <span class='ocrx_word' id='word_1_535' title='bbox 2412 3360 2703 3432; x_wconf 82' lang='lat' dir='ltr'>praecipua</span> <span class='ocrx_word' id='word_1_536' title='bbox 2743 3360 3040 3433; x_wconf 87' lang='lat' dir='ltr'>religione,</span> <span class='ocrx_word' id='word_1_537' title='bbox 3093 3361 3175 3418; x_wconf 88' lang='lat' dir='ltr'>ait</span> <span class='ocrx_word' id='word_1_538' title='bbox 3213 3362 3645 3435; x_wconf 80' lang='lat' dir='ltr'>Sigonius,_illa</span> 
     </span>
    </p>
   </div>
   <div class='ocr_carea' id='block_1_80' title="bbox 1990 3449 3642 3523">
    <p class='ocr_par' dir='ltr' id='par_1_80' title="bbox 1990 3449 3642 3523">
     <span class='ocr_line' id='line_1_80' title="bbox 1990 3449 3642 3523; baseline 0.004 -21"><span class='ocrx_word' id='word_1_539' title='bbox 1990 3449 2182 3503; x_wconf 87' lang='lat' dir='ltr'>civitas</span> <span class='ocrx_word' id='word_1_540' title='bbox 2208 3449 2356 3515; x_wconf 84' lang='lat' dir='ltr'>colit,</span> <span class='ocrx_word' id='word_1_541' title='bbox 2384 3465 2585 3519; x_wconf 88' lang='lat' dir='ltr'>magna</span> <span class='ocrx_word' id='word_1_542' title='bbox 2607 3452 2931 3505; x_wconf 62' lang='lat' dir='ltr'>cmremonia</span> <span class='ocrx_word' id='word_1_543' title='bbox 2961 3449 3247 3506; x_wconf 88' lang='lat' dir='ltr'>dedicavit</span> <span class='ocrx_word' id='word_1_544' title='bbox 3273 3469 3286 3518; x_wconf 90' lang='lat'><strong>;</strong></span> <span class='ocrx_word' id='word_1_545' title='bbox 3319 3455 3376 3507; x_wconf 87' lang='lat' dir='ltr'>et</span> <span class='ocrx_word' id='word_1_546' title='bbox 3403 3452 3642 3523; x_wconf 88' lang='lat' dir='ltr'>quidem</span> 
     </span>
    </p>
   </div>
   <div class='ocr_carea' id='block_1_81' title="bbox 1990 3536 3638 3610">
    <p class='ocr_par' dir='ltr' id='par_1_81' title="bbox 1990 3536 3638 3610">
     <span class='ocr_line' id='line_1_81' title="bbox 1990 3536 3638 3610; baseline 0.005 -20"><span class='ocrx_word' id='word_1_547' title='bbox 1990 3536 2161 3591; x_wconf 90' lang='lat' dir='ltr'>tertia</span> <span class='ocrx_word' id='word_1_548' title='bbox 2191 3536 2285 3591; x_wconf 90' lang='lat' dir='ltr'>die</span> <span class='ocrx_word' id='word_1_549' title='bbox 2313 3536 2496 3603; x_wconf 90' lang='lat' dir='ltr'>Junii,</span> <span class='ocrx_word' id='word_1_550' title='bbox 2520 3541 2585 3591; x_wconf 91' lang='lat' dir='ltr'>ut</span> <span class='ocrx_word' id='word_1_551' title='bbox 2613 3538 2723 3592; x_wconf 83' lang='lat' dir='ltr'>fert</span> <span class='ocrx_word' id='word_1_552' title='bbox 2763 3538 3008 3610; x_wconf 88' lang='lat' dir='ltr'>antiqua</span> <span class='ocrx_word' id='word_1_553' title='bbox 3037 3539 3166 3609; x_wconf 87' lang='lat' dir='ltr'>ejus</span> <span class='ocrx_word' id='word_1_554' title='bbox 3189 3539 3355 3599; x_wconf 87' lang='lat' dir='ltr'>urbis</span> <span class='ocrx_word' id='word_1_555' title='bbox 3377 3540 3638 3609; x_wconf 88' lang='lat' dir='ltr'>traditio,</span> 
     </span>
    </p>
   </div>
   <div class='ocr_carea' id='block_1_82' title="bbox 1991 3624 3641 3697">
    <p class='ocr_par' dir='ltr' id='par_1_82' title="bbox 1991 3624 3641 3697">
     <span class='ocr_line' id='line_1_82' title="bbox 1991 3624 3641 3697; baseline 0.004 -19"><span class='ocrx_word' id='word_1_556' title='bbox 1991 3624 2083 3679; x_wconf 92' lang='lat' dir='ltr'>cui</span> <span class='ocrx_word' id='word_1_557' title='bbox 2114 3641 2310 3679; x_wconf 89' lang='lat' dir='ltr'>rerum</span> <span class='ocrx_word' id='word_1_558' title='bbox 2358 3630 2655 3697; x_wconf 86' lang='lat' dir='ltr'>gestarum</span> <span class='ocrx_word' id='word_1_559' title='bbox 2688 3626 2867 3683; x_wconf 88' lang='lat' dir='ltr'>series</span> <span class='ocrx_word' id='word_1_560' title='bbox 2909 3626 3149 3684; x_wconf 88' lang='lat' dir='ltr'>omnino</span> <span class='ocrx_word' id='word_1_561' title='bbox 3181 3628 3470 3684; x_wconf 90' lang='lat' dir='ltr'>convenit.</span> <span class='ocrx_word' id='word_1_562' title='bbox 3501 3629 3641 3685; x_wconf 89' lang='lat' dir='ltr'>Inde</span> 
     </span>
    </p>
   </div>
   <div class='ocr_carea' id='block_1_83' title="bbox 1991 3713 3640 3788">
    <p class='ocr_par' dir='ltr' id='par_1_83' title="bbox 1991 3713 3640 3788">
     <span class='ocr_line' id='line_1_83' title="bbox 1991 3713 3640 3788; baseline 0.004 -21"><span class='ocrx_word' id='word_1_563' title='bbox 1991 3730 2337 3786; x_wconf 89' lang='lat' dir='ltr'>progressus</span> <span class='ocrx_word' id='word_1_564' title='bbox 2376 3714 2635 3785; x_wconf 89' lang='lat' dir='ltr'>pervenit</span> <span class='ocrx_word' id='word_1_565' title='bbox 2679 3713 2994 3780; x_wconf 89' lang='lat' dir='ltr'>Vercellas,</span> <span class='ocrx_word' id='word_1_566' title='bbox 3047 3715 3132 3770; x_wconf 90' lang='lat' dir='ltr'>uti</span> <span class='ocrx_word' id='word_1_567' title='bbox 3191 3715 3526 3788; x_wconf 89' lang='lat' dir='ltr'>colligimus</span> <span class='ocrx_word' id='word_1_568' title='bbox 3576 3719 3640 3773; x_wconf 88' lang='lat' dir='ltr'>in</span> 
     </span>
    </p>
   </div>
   <div class='ocr_carea' id='block_1_84' title="bbox 1990 3801 3639 3877">
    <p class='ocr_par' dir='ltr' id='par_1_84' title="bbox 1990 3801 3639 3877">
     <span class='ocr_line' id='line_1_84' title="bbox 1990 3801 3639 3877; baseline 0.002 -19"><span class='ocrx_word' id='word_1_569' title='bbox 1990 3802 2242 3858; x_wconf 90' lang='lat' dir='ltr'>Historia</span> <span class='ocrx_word' id='word_1_570' title='bbox 2262 3801 2787 3875; x_wconf 85' lang='lat' dir='ltr'>Hierosolymitana</span> <span class='ocrx_word' id='word_1_571' title='bbox 2804 3802 3023 3860; x_wconf 83' lang='lat' dir='ltr'>Alberti</span> <span class='ocrx_word' id='word_1_572' title='bbox 3044 3802 3306 3860; x_wconf 90' lang='lat' dir='ltr'>canonici</span> <span class='ocrx_word' id='word_1_573' title='bbox 3326 3806 3639 3877; x_wconf 75' lang='lat' dir='ltr'>Aquensis.</span> 
     </span>
    </p>
   </div>
   <div class='ocr_carea' id='block_1_85' title="bbox 1990 3892 3642 3964">
    <p class='ocr_par' dir='ltr' id='par_1_85' title="bbox 1990 3892 3642 3964">
     <span class='ocr_line' id='line_1_85' title="bbox 1990 3892 3642 3964; baseline 0.002 -16"><span class='ocrx_word' id='word_1_574' title='bbox 1990 3893 2154 3949; x_wconf 90' lang='lat' dir='ltr'>Tunc</span> <span class='ocrx_word' id='word_1_575' title='bbox 2186 3894 2385 3948; x_wconf 88' lang='lat' dir='ltr'>Astam</span> <span class='ocrx_word' id='word_1_576' title='bbox 2419 3892 2666 3964; x_wconf 69' lang='lat' dir='ltr'>Liguriae</span> <span class='ocrx_word' id='word_1_577' title='bbox 2706 3894 2912 3949; x_wconf 92' lang='lat' dir='ltr'>urbem</span> <span class='ocrx_word' id='word_1_578' title='bbox 2945 3892 3167 3960; x_wconf 88' lang='lat' dir='ltr'>adiit,si</span> <span class='ocrx_word' id='word_1_579' title='bbox 3192 3909 3329 3951; x_wconf 90' lang='lat' dir='ltr'>vera</span> <span class='ocrx_word' id='word_1_580' title='bbox 3363 3898 3455 3951; x_wconf 90' lang='lat' dir='ltr'>est</span> <span class='ocrx_word' id='word_1_581' title='bbox 3491 3896 3642 3953; x_wconf 87' lang='lat' dir='ltr'>anti-</span> 
     </span>
    </p>
   </div>
   <div class='ocr_carea' id='block_1_86' title="bbox 1946 3981 3644 4057">
    <p class='ocr_par' dir='ltr' id='par_1_86' title="bbox 1946 3981 3644 4057">
     <span class='ocr_line' id='line_1_86' title="bbox 1946 3981 3644 4057; baseline 0.002 -21"><span class='ocrx_word' id='word_1_582' title='bbox 1946 4023 1951 4027; x_wconf 82' lang='grc'><strong>.</strong></span> <span class='ocrx_word' id='word_1_583' title='bbox 1992 3999 2109 4055; x_wconf 88' lang='lat' dir='ltr'>qua</span> <span class='ocrx_word' id='word_1_584' title='bbox 2138 3982 2338 4052; x_wconf 66' lang='lat' dir='ltr'>patriis</span> <span class='ocrx_word' id='word_1_585' title='bbox 2370 3981 2606 4037; x_wconf 89' lang='lat' dir='ltr'>traditio</span> <span class='ocrx_word' id='word_1_586' title='bbox 2628 3999 2746 4054; x_wconf 90' lang='lat' dir='ltr'>qua</span> <span class='ocrx_word' id='word_1_587' title='bbox 2773 3982 3143 4055; x_wconf 32' lang='lat' dir='ltr'>dicitur‘ejus</span> <span class='ocrx_word' id='word_1_588' title='bbox 3166 3982 3330 4039; x_wconf 88' lang='lat' dir='ltr'>urbis</span> <span class='ocrx_word' id='word_1_589' title='bbox 3360 3984 3644 4057; x_wconf 77' lang='lat' dir='ltr'>majorem</span> 
     </span>
    </p>
   </div>
   <div class='ocr_carea' id='block_1_87' title="bbox 1991 4070 3644 4143">
    <p class='ocr_par' dir='ltr' id='par_1_87' title="bbox 1991 4070 3644 4143">
     <span class='ocr_line' id='line_1_87' title="bbox 1991 4070 3644 4143; baseline 0.002 -16"><span class='ocrx_word' id='word_1_590' title='bbox 1991 4070 2295 4127; x_wconf 89' lang='lat' dir='ltr'>ecclesiam</span> <span class='ocrx_word' id='word_1_591' title='bbox 2330 4072 2401 4125; x_wconf 88' lang='lat' dir='ltr'>ab</span> <span class='ocrx_word' id='word_1_592' title='bbox 2460 4088 2527 4127; x_wconf 93' lang='lat' dir='ltr'>eo</span> <span class='ocrx_word' id='word_1_593' title='bbox 2571 4072 2844 4143; x_wconf 82' lang='lat' dir='ltr'>pontiﬁce</span> <span class='ocrx_word' id='word_1_594' title='bbox 2894 4076 3295 4129; x_wconf 86' lang='lat' dir='ltr'>consecratam</span> <span class='ocrx_word' id='word_1_595' title='bbox 3346 4072 3549 4131; x_wconf 86' lang='lat' dir='ltr'>fuisse.</span> <span class='ocrx_word' id='word_1_596' title='bbox 3573 4075 3644 4141; x_wconf 33' lang='lat' dir='ltr'>,ld</span> 
     </span>
    </p>
   </div>
   <div class='ocr_carea' id='block_1_88' title="bbox 1991 4158 3645 4233">
    <p class='ocr_par' dir='ltr' id='par_1_88' title="bbox 1991 4158 3645 4233">
     <span class='ocr_line' id='line_1_88' title="bbox 1991 4158 3645 4233; baseline 0.002 -18"><span class='ocrx_word' id='word_1_597' title='bbox 1991 4161 2230 4232; x_wconf 91' lang='lat' dir='ltr'>quidem</span> <span class='ocrx_word' id='word_1_598' title='bbox 2291 4158 2569 4232; x_wconf 87' lang='lat' dir='ltr'>Ughellus</span> <span class='ocrx_word' id='word_1_599' title='bbox 2602 4160 2671 4215; x_wconf 89' lang='lat' dir='ltr'>ad</span> <span class='ocrx_word' id='word_1_600' title='bbox 2706 4178 2926 4216; x_wconf 90' lang='lat' dir='ltr'>annum</span> <span class='ocrx_word' id='word_1_601' title='bbox 2968 4164 3312 4233; x_wconf 89' lang='lat' dir='ltr'>sequentem</span> <span class='ocrx_word' id='word_1_602' title='bbox 3371 4162 3563 4232; x_wconf 88' lang='lat' dir='ltr'>refert,</span> <span class='ocrx_word' id='word_1_603' title='bbox 3584 4162 3645 4219; x_wconf 92' lang='lat' dir='ltr'>in</span> 
     </span>
    </p>
   </div>
   <div class='ocr_carea' id='block_1_89' title="bbox 1992 4247 3647 4323">
    <p class='ocr_par' dir='ltr' id='par_1_89' title="bbox 1992 4247 3647 4323">
     <span class='ocr_line' id='line_1_89' title="bbox 1992 4247 3647 4323; baseline 0.002 -20"><span class='ocrx_word' id='word_1_604' title='bbox 1992 4249 2182 4306; x_wconf 89' lang='lat' dir='ltr'>reditu</span> <span class='ocrx_word' id='word_1_605' title='bbox 2214 4247 2431 4304; x_wconf 88' lang='lat' dir='ltr'>Urbani</span> <span class='ocrx_word' id='word_1_606' title='bbox 2449 4264 2479 4303; x_wconf 94' lang='lat' dir='ltr'>e</span> <span class='ocrx_word' id='word_1_607' title='bbox 2502 4247 2706 4304; x_wconf 88' lang='lat' dir='ltr'>Gallia.</span> <span class='ocrx_word' id='word_1_608' title='bbox 2726 4253 2799 4303; x_wconf 86' lang='lat' dir='ltr'>At</span> <span class='ocrx_word' id='word_1_609' title='bbox 2821 4248 3194 4313; x_wconf 86' lang='lat' dir='ltr'>verisimilior</span> <span class='ocrx_word' id='word_1_610' title='bbox 3222 4254 3312 4306; x_wconf 89' lang='lat' dir='ltr'>est</span> <span class='ocrx_word' id='word_1_611' title='bbox 3334 4251 3647 4323; x_wconf 84' lang='lat' dir='ltr'>Augustini</span> 
     </span>
    </p>
   </div>
   <div class='ocr_carea' id='block_1_90' title="bbox 1993 4336 3648 4409">
    <p class='ocr_par' dir='ltr' id='par_1_90' title="bbox 1993 4336 3648 4409">
     <span class='ocr_line' id='line_1_90' title="bbox 1993 4336 3648 4409; baseline 0.001 -14"><span class='ocrx_word' id='word_1_612' title='bbox 1993 4339 2064 4395; x_wconf 90' lang='lat' dir='ltr'>ab</span> <span class='ocrx_word' id='word_1_613' title='bbox 2096 4336 2353 4393; x_wconf 85' lang='lat' dir='ltr'>Ecclesia</span> <span class='ocrx_word' id='word_1_614' title='bbox 2400 4337 2619 4409; x_wconf 91' lang='lat' dir='ltr'>opinio,</span> <span class='ocrx_word' id='word_1_615' title='bbox 2669 4338 2962 4395; x_wconf 84' lang='lat' dir='ltr'>censentis</span> <span class='ocrx_word' id='word_1_616' title='bbox 3022 4338 3175 4394; x_wconf 90' lang='lat' dir='ltr'>hanc</span> <span class='ocrx_word' id='word_1_617' title='bbox 3222 4338 3648 4396; x_wconf 88' lang='lat' dir='ltr'>dedicationem</span> 
     </span>
    </p>
   </div>
   <div class='ocr_carea' id='block_1_91' title="bbox 1993 4424 3650 4500">
    <p class='ocr_par' dir='ltr' id='par_1_91' title="bbox 1993 4424 3650 4500">
     <span class='ocr_line' id='line_1_91' title="bbox 1993 4424 3650 4500; baseline 0.002 -19"><span class='ocrx_word' id='word_1_618' title='bbox 1993 4427 2328 4500; x_wconf 81' lang='lat' dir='ltr'>pontiﬁcem</span> <span class='ocrx_word' id='word_1_619' title='bbox 2344 4425 2668 4482; x_wconf 88' lang='lat' dir='ltr'>celebrasse</span> <span class='ocrx_word' id='word_1_620' title='bbox 2681 4431 2814 4482; x_wconf 89' lang='lat' dir='ltr'>ante</span> <span class='ocrx_word' id='word_1_621' title='bbox 2828 4444 3002 4484; x_wconf 90' lang='lat' dir='ltr'>suum</span> <span class='ocrx_word' id='word_1_622' title='bbox 3019 4428 3078 4484; x_wconf 89' lang='lat' dir='ltr'>in</span> <span class='ocrx_word' id='word_1_623' title='bbox 3094 4426 3313 4484; x_wconf 89' lang='lat' dir='ltr'>Gallias</span> <span class='ocrx_word' id='word_1_624' title='bbox 3336 4424 3650 4486; x_wconf 86' lang='lat' dir='ltr'>a&#39;dventum</span> 
     </span>
    </p>
   </div>
   <div class='ocr_carea' id='block_1_92' title="bbox 1993 4516 3651 4591">
    <p class='ocr_par' dir='ltr' id='par_1_92' title="bbox 1993 4516 3651 4591">
     <span class='ocr_line' id='line_1_92' title="bbox 1993 4516 3651 4591; baseline 0.001 -19"><span class='ocrx_word' id='word_1_625' title='bbox 1993 4533 2170 4588; x_wconf 89' lang='lat' dir='ltr'>quam</span> <span class='ocrx_word' id='word_1_626' title='bbox 2191 4521 2384 4570; x_wconf 88' lang='lat' dir='ltr'>tamen</span> <span class='ocrx_word' id='word_1_627' title='bbox 2418 4516 2655 4571; x_wconf 88' lang='lat' dir='ltr'>ineunte</span> <span class='ocrx_word' id='word_1_628' title='bbox 2686 4533 2838 4571; x_wconf 88' lang='lat' dir='ltr'>anno</span> <span class='ocrx_word' id='word_1_629' title='bbox 2861 4518 3000 4571; x_wconf 78' lang='grc'>1096</span> <span class='ocrx_word' id='word_1_630' title='bbox 3024 4516 3651 4591; x_wconf 84' lang='lat' dir='ltr'>consignavit,secutus</span> 
     </span>
    </p>
   </div>
   <div class='ocr_carea' id='block_1_93' title="bbox 221 4601 3653 4682">
    <p class='ocr_par' dir='ltr' id='par_1_93' title="bbox 221 4601 3653 4682">
     <span class='ocr_line' id='line_1_93' title="bbox 221 4601 3653 4682; baseline -0.001 -16"><span class='ocrx_word' id='word_1_631' title='bbox 221 4614 533 4677; x_wconf 87' lang='lat' dir='ltr'>cratus,ac</span> <span class='ocrx_word' id='word_1_632' title='bbox 583 4606 757 4680; x_wconf 90' lang='lat' dir='ltr'>paulo</span> <span class='ocrx_word' id='word_1_633' title='bbox 812 4612 946 4679; x_wconf 90' lang='lat' dir='ltr'>post</span> <span class='ocrx_word' id='word_1_634' title='bbox 975 4607 1046 4663; x_wconf 90' lang='lat' dir='ltr'>ab</span> <span class='ocrx_word' id='word_1_635' title='bbox 1082 4606 1313 4662; x_wconf 87' lang='lat' dir='ltr'>Urbano</span> <span class='ocrx_word' id='word_1_636' title='bbox 1376 4601 1551 4676; x_wconf 81' lang='lat' dir='ltr'>pallio</span> <span class='ocrx_word' id='word_1_637' title='bbox 1605 4602 1882 4667; x_wconf 82' lang='lat' dir='ltr'>donatUS,</span> <span class='ocrx_word' id='word_1_638' title='bbox 1918 4618 1964 4682; x_wconf 78' lang='grc' dir='ltr'>ι)</span> <span class='ocrx_word' id='word_1_639' title='bbox 1998 4606 2241 4660; x_wconf 88' lang='lat' dir='ltr'>fortasse</span> <span class='ocrx_word' id='word_1_640' title='bbox 2298 4604 2737 4676; x_wconf 85' lang='lat' dir='ltr'>inscriptionem</span> <span class='ocrx_word' id='word_1_641' title='bbox 2798 4605 2870 4660; x_wconf 89' lang='lat' dir='ltr'>ab</span> <span class='ocrx_word' id='word_1_642' title='bbox 2919 4605 3161 4679; x_wconf 89' lang='lat' dir='ltr'>Ughello</span> <span class='ocrx_word' id='word_1_643' title='bbox 3207 4606 3472 4677; x_wconf 87' lang='lat' dir='ltr'>relatam,</span> <span class='ocrx_word' id='word_1_644' title='bbox 3523 4624 3653 4680; x_wconf 80' lang='lat' dir='ltr'>quae</span> 
     </span>
    </p>
   </div>
   <div class='ocr_carea' id='block_1_94' title="bbox 219 4688 1878 4771">
    <p class='ocr_par' dir='ltr' id='par_1_94' title="bbox 219 4688 1878 4771">
     <span class='ocr_line' id='line_1_94' title="bbox 219 4688 1878 4771; baseline -0.007 -16"><span class='ocrx_word' id='word_1_645' title='bbox 219 4698 453 4771; x_wconf 86' lang='lat' dir='ltr'>plenam</span> <span class='ocrx_word' id='word_1_646' title='bbox 485 4696 752 4753; x_wconf 66' lang='lat' dir='ltr'>Ecclesiae</span> <span class='ocrx_word' id='word_1_647' title='bbox 806 4694 1237 4767; x_wconf 89' lang='lat' dir='ltr'>possessionem</span> <span class='ocrx_word' id='word_1_648' title='bbox 1290 4693 1539 4764; x_wconf 86' lang='lat' dir='ltr'>adeptus</span> <span class='ocrx_word' id='word_1_649' title='bbox 1589 4689 1782 4745; x_wconf 84' lang='lat' dir='ltr'>luerit.</span> <span class='ocrx_word' id='word_1_650' title='bbox 1813 4688 1878 4743; x_wconf 91' lang='lat' dir='ltr'>In</span> 
     </span>
    </p>
   </div>
   <div class='ocr_carea' id='block_1_95' title="bbox 216 4779 1865 4857">
    <p class='ocr_par' dir='ltr' id='par_1_95' title="bbox 216 4779 1865 4857">
     <span class='ocr_line' id='line_1_95' title="bbox 216 4779 1865 4857; baseline -0.005 -18"><span class='ocrx_word' id='word_1_651' title='bbox 216 4787 510 4843; x_wconf 87' lang='lat' dir='ltr'>veteribus</span> <span class='ocrx_word' id='word_1_652' title='bbox 522 4785 785 4857; x_wconf 90' lang='lat' dir='ltr'>ejusdem</span> <span class='ocrx_word' id='word_1_653' title='bbox 801 4783 1066 4839; x_wconf 69' lang='lat' dir='ltr'>Ecclesiae</span> <span class='ocrx_word' id='word_1_654' title='bbox 1080 4782 1412 4839; x_wconf 88' lang='lat' dir='ltr'>antistitum</span> <span class='ocrx_word' id='word_1_655' title='bbox 1429 4779 1708 4851; x_wconf 84' lang='lat' dir='ltr'>catalogis</span> <span class='ocrx_word' id='word_1_656' title='bbox 1726 4796 1865 4833; x_wconf 91' lang='lat' dir='ltr'>mss.</span> 
     </span>
    </p>
   </div>
   <div class='ocr_carea' id='block_1_96' title="bbox 219 4868 1874 4949">
    <p class='ocr_par' dir='ltr' id='par_1_96' title="bbox 219 4868 1874 4949">
     <span class='ocr_line' id='line_1_96' title="bbox 219 4868 1874 4949; baseline -0.005 -19"><span class='ocrx_word' id='word_1_657' title='bbox 219 4874 756 4949; x_wconf 85' lang='lat' dir='ltr'>legitur,referente</span> <span class='ocrx_word' id='word_1_658' title='bbox 779 4872 1080 4940; x_wconf 91' lang='lat' dir='ltr'>Puricello,</span> <span class='ocrx_word' id='word_1_659' title='bbox 1104 4871 1415 4927; x_wconf 78' lang='lat' dir='ltr'>Arnult‘um</span> <span class='ocrx_word' id='word_1_660' title='bbox 1436 4872 1495 4926; x_wconf 88' lang='lat' dir='ltr'>in.</span> <span class='ocrx_word' id='word_1_661' title='bbox 1524 4872 1661 4940; x_wconf 73' lang='lat' dir='ltr'>festo</span> <span class='ocrx_word' id='word_1_662' title='bbox 1686 4868 1874 4922; x_wconf 78' lang='lat' dir='ltr'>Sancti</span> 
     </span>
    </p>
   </div>
   <div class='ocr_carea' id='block_1_97' title="bbox 223 4960 1883 5037">
    <p class='ocr_par' dir='ltr' id='par_1_97' title="bbox 223 4960 1883 5037">
     <span class='ocr_line' id='line_1_97' title="bbox 223 4960 1883 5037; baseline -0.008 -16"><span class='ocrx_word' id='word_1_663' title='bbox 223 4964 439 5037; x_wconf 85' lang='lat' dir='ltr'>Georgii</span> <span class='ocrx_word' id='word_1_664' title='bbox 464 4981 630 5037; x_wconf 83' lang='lat' dir='ltr'>super</span> <span class='ocrx_word' id='word_1_665' title='bbox 658 4964 891 5035; x_wconf 85' lang='lat' dir='ltr'>quodam</span> <span class='ocrx_word' id='word_1_666' title='bbox 918 4979 1052 5035; x_wconf 83' lang='lat' dir='ltr'>equo</span> <span class='ocrx_word' id='word_1_667' title='bbox 1089 4964 1213 5017; x_wconf 86' lang='lat' dir='ltr'>albo</span> <span class='ocrx_word' id='word_1_668' title='bbox 1263 4960 1566 5016; x_wconf 89' lang='lat' dir='ltr'>sedentem</span> <span class='ocrx_word' id='word_1_669' title='bbox 1598 4973 1709 5013; x_wconf 87' lang='lat' dir='ltr'>una</span> <span class='ocrx_word' id='word_1_670' title='bbox 1758 4972 1883 5010; x_wconf 81' lang='lat' dir='ltr'>cum</span> 
     </span>
    </p>
   </div>
   <div class='ocr_carea' id='block_1_98' title="bbox 222 5044 1880 5126">
    <p class='ocr_par' dir='ltr' id='par_1_98' title="bbox 222 5044 1880 5126">
     <span class='ocr_line' id='line_1_98' title="bbox 222 5044 1880 5126; baseline -0.007 -16"><span class='ocrx_word' id='word_1_671' title='bbox 222 5055 636 5126; x_wconf 83' lang='lat' dir='ltr'>confanonariis</span> <span class='ocrx_word' id='word_1_672' title='bbox 664 5052 1156 5109; x_wconf 83' lang='lat' dir='ltr'>Mediolanensibus</span> <span class='ocrx_word' id='word_1_673' title='bbox 1188 5065 1416 5105; x_wconf 87' lang='lat' dir='ltr'>numero</span> <span class='ocrx_word' id='word_1_674' title='bbox 1470 5047 1756 5103; x_wconf 88' lang='lat' dir='ltr'>duodecim</span> <span class='ocrx_word' id='word_1_675' title='bbox 1814 5044 1880 5099; x_wconf 88' lang='lat' dir='ltr'>ab</span> 
     </span>
    </p>
   </div>
   <div class='ocr_carea' id='block_1_99' title="bbox 228 5134 1879 5212">
    <p class='ocr_par' dir='ltr' id='par_1_99' title="bbox 228 5134 1879 5212">
     <span class='ocr_line' id='line_1_99' title="bbox 228 5134 1879 5212; baseline -0.007 -12"><span class='ocrx_word' id='word_1_676' title='bbox 228 5145 452 5200; x_wconf 82' lang='lat' dir='ltr'>ecclesia</span> <span class='ocrx_word' id='word_1_677' title='bbox 486 5142 682 5199; x_wconf 85' lang='lat' dir='ltr'>Sancti</span> <span class='ocrx_word' id='word_1_678' title='bbox 726 5142 981 5212; x_wconf 87' lang='lat' dir='ltr'>Dionysii</span> <span class='ocrx_word' id='word_1_679' title='bbox 1008 5142 1071 5196; x_wconf 86' lang='lat' dir='ltr'>in</span> <span class='ocrx_word' id='word_1_680' title='bbox 1099 5139 1278 5195; x_wconf 85' lang='lat' dir='ltr'>sedem</span> <span class='ocrx_word' id='word_1_681' title='bbox 1314 5155 1474 5194; x_wconf 88' lang='lat' dir='ltr'>suam</span> <span class='ocrx_word' id='word_1_682' title='bbox 1504 5134 1879 5208; x_wconf 88' lang='lat' dir='ltr'>processisse.</span> 
     </span>
    </p>
   </div>
   <div class='ocr_carea' id='block_1_100' title="bbox 227 5223 1881 5307">
    <p class='ocr_par' dir='ltr' id='par_1_100' title="bbox 227 5223 1881 5307">
     <span class='ocr_line' id='line_1_100' title="bbox 227 5223 1881 5307; baseline -0.008 -17"><span class='ocrx_word' id='word_1_683' title='bbox 227 5236 294 5289; x_wconf 80' lang='lat' dir='ltr'>Et</span> <span class='ocrx_word' id='word_1_684' title='bbox 325 5233 566 5307; x_wconf 88' lang='lat' dir='ltr'>quidem</span> <span class='ocrx_word' id='word_1_685' title='bbox 597 5232 727 5303; x_wconf 90' lang='lat' dir='ltr'>ejus</span> <span class='ocrx_word' id='word_1_686' title='bbox 757 5248 821 5286; x_wconf 90' lang='lat' dir='ltr'>ac</span> <span class='ocrx_word' id='word_1_687' title='bbox 852 5230 1069 5286; x_wconf 90' lang='lat' dir='ltr'>Urbani</span> <span class='ocrx_word' id='word_1_688' title='bbox 1093 5228 1267 5302; x_wconf 90' lang='lat' dir='ltr'>paulo</span> <span class='ocrx_word' id='word_1_689' title='bbox 1322 5232 1454 5299; x_wconf 90' lang='lat' dir='ltr'>post</span> <span class='ocrx_word' id='word_1_690' title='bbox 1488 5223 1881 5281; x_wconf 86' lang='lat' dir='ltr'>Mediolanum</span> 
     </span>
    </p>
   </div>
   <div class='ocr_carea' id='block_1_101' title="bbox 232 5313 1876 5380">
    <p class='ocr_par' dir='ltr' id='par_1_101' title="bbox 232 5313 1876 5380">
     <span class='ocr_line' id='line_1_101' title="bbox 232 5313 1876 5380; baseline -0.008 -2"><span class='ocrx_word' id='word_1_691' title='bbox 232 5323 515 5380; x_wconf 86' lang='lat' dir='ltr'>adventus</span> <span class='ocrx_word' id='word_1_692' title='bbox 547 5322 629 5377; x_wconf 90' lang='lat' dir='ltr'>ita</span> <span class='ocrx_word' id='word_1_693' title='bbox 659 5337 853 5376; x_wconf 87' lang='lat' dir='ltr'>rerum</span> <span class='ocrx_word' id='word_1_694' title='bbox 886 5323 1106 5376; x_wconf 89' lang='lat' dir='ltr'>statum</span> <span class='ocrx_word' id='word_1_695' title='bbox 1149 5335 1217 5374; x_wconf 91' lang='lat' dir='ltr'>ea</span> <span class='ocrx_word' id='word_1_696' title='bbox 1244 5318 1302 5372; x_wconf 90' lang='lat' dir='ltr'>in</span> <span class='ocrx_word' id='word_1_697' title='bbox 1334 5317 1480 5371; x_wconf 87' lang='lat' dir='ltr'>urbe</span> <span class='ocrx_word' id='word_1_698' title='bbox 1512 5313 1775 5378; x_wconf 85' lang='lat' dir='ltr'>mutavit,</span> <span class='ocrx_word' id='word_1_699' title='bbox 1814 5315 1876 5366; x_wconf 91' lang='lat' dir='ltr'>ut</span> 
     </span>
    </p>
   </div>
   <div class='ocr_carea' id='block_1_102' title="bbox 229 5403 1878 5484">
    <p class='ocr_par' dir='ltr' id='par_1_102' title="bbox 229 5403 1878 5484">
     <span class='ocr_line' id='line_1_102' title="bbox 229 5403 1878 5484; baseline -0.007 -17"><span class='ocrx_word' id='word_1_700' title='bbox 229 5412 358 5484; x_wconf 87' lang='lat' dir='ltr'>ejus</span> <span class='ocrx_word' id='word_1_701' title='bbox 376 5411 532 5468; x_wconf 89' lang='lat' dir='ltr'>cives</span> <span class='ocrx_word' id='word_1_702' title='bbox 552 5410 758 5468; x_wconf 89' lang='lat' dir='ltr'>Urbani</span> <span class='ocrx_word' id='word_1_703' title='bbox 784 5411 1135 5475; x_wconf 86' lang='lat' dir='ltr'>auctoritate,</span> <span class='ocrx_word' id='word_1_704' title='bbox 1159 5407 1354 5479; x_wconf 89' lang='lat' dir='ltr'>inquit</span> <span class='ocrx_word' id='word_1_705' title='bbox 1395 5404 1694 5477; x_wconf 88' lang='lat' dir='ltr'>Sigonius,</span> <span class='ocrx_word' id='word_1_706' title='bbox 1723 5403 1878 5467; x_wconf 83' lang='lat' dir='ltr'>victi,</span> 
     </span>
    </p>
   </div>
   <div class='ocr_carea' id='block_1_103' title="bbox 232 5489 1876 5575">
    <p class='ocr_par' dir='ltr' id='par_1_103' title="bbox 232 5489 1876 5575">
     <span class='ocr_line' id='line_1_103' title="bbox 232 5489 1876 5575; baseline -0.005 -18"><span class='ocrx_word' id='word_1_707' title='bbox 232 5503 328 5575; x_wconf 89' lang='lat' dir='ltr'>qui</span> <span class='ocrx_word' id='word_1_708' title='bbox 355 5509 516 5558; x_wconf 88' lang='lat' dir='ltr'>antea</span> <span class='ocrx_word' id='word_1_709' title='bbox 543 5503 688 5557; x_wconf 88' lang='lat' dir='ltr'>inter</span> <span class='ocrx_word' id='word_1_710' title='bbox 713 5516 770 5556; x_wconf 88' lang='lat' dir='ltr'>se</span> <span class='ocrx_word' id='word_1_711' title='bbox 797 5499 1161 5563; x_wconf 86' lang='lat' dir='ltr'>decertabant,</span> <span class='ocrx_word' id='word_1_712' title='bbox 1184 5497 1454 5552; x_wconf 86' lang='lat' dir='ltr'>veteribus</span> <span class='ocrx_word' id='word_1_713' title='bbox 1472 5495 1661 5567; x_wconf 81' lang='lat' dir='ltr'>positis</span> <span class='ocrx_word' id='word_1_714' title='bbox 1680 5489 1876 5549; x_wconf 85' lang='lat' dir='ltr'>simul-</span> 
     </span>
    </p>
   </div>
   <div class='ocr_carea' id='block_1_104' title="bbox 230 5587 1887 5662">
    <p class='ocr_par' dir='ltr' id='par_1_104' title="bbox 230 5587 1887 5662">
     <span class='ocr_line' id='line_1_104' title="bbox 230 5587 1887 5662; baseline -0.002 -15"><span class='ocrx_word' id='word_1_715' title='bbox 230 5591 529 5659; x_wconf 85' lang='lat' dir='ltr'>tatibus,in</span> <span class='ocrx_word' id='word_1_716' title='bbox 574 5590 814 5662; x_wconf 85' lang='lat' dir='ltr'>gratiam</span> <span class='ocrx_word' id='word_1_717' title='bbox 851 5596 1005 5644; x_wconf 86' lang='lat' dir='ltr'>tanta</span> <span class='ocrx_word' id='word_1_718' title='bbox 1040 5588 1378 5655; x_wconf 84' lang='lat' dir='ltr'>animorum,</span> <span class='ocrx_word' id='word_1_719' title='bbox 1408 5588 1559 5656; x_wconf 81' lang='lat' dir='ltr'>facta</span> <span class='ocrx_word' id='word_1_720' title='bbox 1588 5587 1887 5643; x_wconf 87' lang='lat' dir='ltr'>mutatione</span> 
     </span>
    </p>
   </div>
   <div class='ocr_carea' id='block_1_105' title="bbox 233 5676 1885 5751">
    <p class='ocr_par' dir='ltr' id='par_1_105' title="bbox 233 5676 1885 5751">
     <span class='ocr_line' id='line_1_105' title="bbox 233 5676 1885 5751; baseline -0.003 -15"><span class='ocrx_word' id='word_1_721' title='bbox 233 5680 534 5745; x_wconf 86' lang='lat' dir='ltr'>redierunt,</span> <span class='ocrx_word' id='word_1_722' title='bbox 554 5686 616 5735; x_wconf 90' lang='lat' dir='ltr'>ut</span> <span class='ocrx_word' id='word_1_723' title='bbox 641 5678 850 5735; x_wconf 86' lang='lat' dir='ltr'>nobiles</span> <span class='ocrx_word' id='word_1_724' title='bbox 878 5695 941 5734; x_wconf 90' lang='lat' dir='ltr'>ac</span> <span class='ocrx_word' id='word_1_725' title='bbox 967 5678 1261 5751; x_wconf 87' lang='lat' dir='ltr'>populares</span> <span class='ocrx_word' id='word_1_726' title='bbox 1291 5676 1473 5732; x_wconf 86' lang='lat' dir='ltr'>oscula</span> <span class='ocrx_word' id='word_1_727' title='bbox 1506 5676 1653 5730; x_wconf 82' lang='lat' dir='ltr'>inter</span> <span class='ocrx_word' id='word_1_728' title='bbox 1696 5691 1752 5731; x_wconf 86' lang='lat' dir='ltr'>se</span> <span class='ocrx_word' id='word_1_729' title='bbox 1782 5693 1885 5748; x_wconf 83' lang='lat' dir='ltr'>per</span> 
     </span>
    </p>
   </div>
   <div class='ocr_carea' id='block_1_106' title="bbox 1989 4693 3652 4765">
    <p class='ocr_par' dir='ltr' id='par_1_106' title="bbox 1989 4693 3652 4765">
     <span class='ocr_line' id='line_1_106' title="bbox 1989 4693 3652 4765; baseline 0.001 -15"><span class='ocrx_word' id='word_1_730' title='bbox 1989 4694 2262 4751; x_wconf 90' lang='lat' dir='ltr'>eumdem</span> <span class='ocrx_word' id='word_1_731' title='bbox 2295 4709 2517 4747; x_wconf 90' lang='lat' dir='ltr'>annum</span> <span class='ocrx_word' id='word_1_732' title='bbox 2534 4694 2956 4765; x_wconf 69' lang='lat' dir='ltr'>przefert,haud</span> <span class='ocrx_word' id='word_1_733' title='bbox 2976 4693 3159 4749; x_wconf 91' lang='lat' dir='ltr'>dubie</span> <span class='ocrx_word' id='word_1_734' title='bbox 3181 4695 3353 4764; x_wconf 83' lang='lat' dir='ltr'>juxta</span> <span class='ocrx_word' id='word_1_735' title='bbox 3375 4695 3652 4751; x_wconf 88' lang='lat' dir='ltr'>Pisanum</span> 
     </span>
    </p>
   </div>
   <div class='ocr_carea' id='block_1_107' title="bbox 1983 4782 3654 4853">
    <p class='ocr_par' dir='ltr' id='par_1_107' title="bbox 1983 4782 3654 4853">
     <span class='ocr_line' id='line_1_107' title="bbox 1983 4782 3654 4853; baseline 0.001 -13"><span class='ocrx_word' id='word_1_736' title='bbox 1983 4782 2419 4852; x_wconf 86' lang='lat' dir='ltr'>calculum,quo</span> <span class='ocrx_word' id='word_1_737' title='bbox 2451 4798 2641 4836; x_wconf 89' lang='lat' dir='ltr'>annus</span> <span class='ocrx_word' id='word_1_738' title='bbox 2674 4798 2707 4835; x_wconf 90' lang='lat' dir='ltr'>a</span> <span class='ocrx_word' id='word_1_739' title='bbox 2739 4782 2947 4837; x_wconf 87' lang='lat' dir='ltr'>Martio</span> <span class='ocrx_word' id='word_1_740' title='bbox 2963 4782 3310 4853; x_wconf 71' lang='lat' dir='ltr'>praecedenti</span> <span class='ocrx_word' id='word_1_741' title='bbox 3344 4782 3654 4842; x_wconf 86' lang='lat' dir='ltr'>inchoatus</span> 
     </span>
    </p>
   </div>
   <div class='ocr_carea' id='block_1_108' title="bbox 1992 4868 3656 4945">
    <p class='ocr_par' dir='ltr' id='par_1_108' title="bbox 1992 4868 3656 4945">
     <span class='ocr_line' id='line_1_108' title="bbox 1992 4868 3656 4945; baseline 0 -17"><span class='ocrx_word' id='word_1_742' title='bbox 1992 4889 2177 4929; x_wconf 89' lang='lat' dir='ltr'>annos</span> <span class='ocrx_word' id='word_1_743' title='bbox 2209 4870 2484 4941; x_wconf 80' lang='lat' dir='ltr'>vulgares</span> <span class='ocrx_word' id='word_1_744' title='bbox 2516 4868 2824 4925; x_wconf 88' lang='lat' dir='ltr'>mensibus</span> <span class='ocrx_word' id='word_1_745' title='bbox 2850 4886 3059 4925; x_wconf 88' lang='lat' dir='ltr'>novem</span> <span class='ocrx_word' id='word_1_746' title='bbox 3092 4869 3401 4943; x_wconf 66' lang='lat' dir='ltr'>praevertit.</span> <span class='ocrx_word' id='word_1_747' title='bbox 3429 4874 3496 4926; x_wconf 90' lang='lat' dir='ltr'>Et</span> <span class='ocrx_word' id='word_1_748' title='bbox 3524 4872 3656 4945; x_wconf 84' lang='lat' dir='ltr'>qui-</span> 
     </span>
    </p>
   </div>
   <div class='ocr_carea' id='block_1_109' title="bbox 1993 4958 3655 5030">
    <p class='ocr_par' dir='ltr' id='par_1_109' title="bbox 1993 4958 3655 5030">
     <span class='ocr_line' id='line_1_109' title="bbox 1993 4958 3655 5030; baseline 0.001 -14"><span class='ocrx_word' id='word_1_749' title='bbox 1993 4962 2127 5016; x_wconf 88' lang='lat' dir='ltr'>dem</span> <span class='ocrx_word' id='word_1_750' title='bbox 2158 4959 2284 5015; x_wconf 92' lang='lat' dir='ltr'>dies</span> <span class='ocrx_word' id='word_1_751' title='bbox 2318 4958 2685 5013; x_wconf 69' lang='lat' dir='ltr'>Kalendarum</span> <span class='ocrx_word' id='word_1_752' title='bbox 2713 4958 3013 5023; x_wconf 81' lang='lat' dir='ltr'>Iuliarum,</span> <span class='ocrx_word' id='word_1_753' title='bbox 3050 4975 3165 5030; x_wconf 89' lang='lat' dir='ltr'>quo</span> <span class='ocrx_word' id='word_1_754' title='bbox 3212 4958 3336 5014; x_wconf 71' lang='lat' dir='ltr'>haec</span> <span class='ocrx_word' id='word_1_755' title='bbox 3366 4958 3655 5018; x_wconf 90' lang='lat' dir='ltr'>dedicatio</span> 
     </span>
    </p>
   </div>
   <div class='ocr_carea' id='block_1_110' title="bbox 1992 5046 3657 5122">
    <p class='ocr_par' dir='ltr' id='par_1_110' title="bbox 1992 5046 3657 5122">
     <span class='ocr_line' id='line_1_110' title="bbox 1992 5046 3657 5122; baseline 0.001 -18"><span class='ocrx_word' id='word_1_756' title='bbox 1992 5051 2146 5105; x_wconf 86' lang='lat' dir='ltr'>facta</span> <span class='ocrx_word' id='word_1_757' title='bbox 2177 5048 2361 5104; x_wconf 90' lang='lat' dir='ltr'>fuisse</span> <span class='ocrx_word' id='word_1_758' title='bbox 2407 5047 2626 5103; x_wconf 91' lang='lat' dir='ltr'>dicitur</span> <span class='ocrx_word' id='word_1_759' title='bbox 2653 5047 2713 5103; x_wconf 92' lang='lat' dir='ltr'>in</span> <span class='ocrx_word' id='word_1_760' title='bbox 2756 5047 2855 5103; x_wconf 91' lang='lat' dir='ltr'>illa</span> <span class='ocrx_word' id='word_1_761' title='bbox 2897 5046 3300 5122; x_wconf 89' lang='lat' dir='ltr'>inscriptione,</span> <span class='ocrx_word' id='word_1_762' title='bbox 3334 5066 3487 5105; x_wconf 91' lang='lat' dir='ltr'>anno</span> <span class='ocrx_word' id='word_1_763' title='bbox 3512 5049 3657 5106; x_wconf 75' lang='grc'>4096</span> 
     </span>
    </p>
   </div>
   <div class='ocr_carea' id='block_1_111' title="bbox 1994 5136 3656 5209">
    <p class='ocr_par' dir='ltr' id='par_1_111' title="bbox 1994 5136 3656 5209">
     <span class='ocr_line' id='line_1_111' title="bbox 1994 5136 3656 5209; baseline 0.001 -15"><span class='ocrx_word' id='word_1_764' title='bbox 1994 5138 2301 5194; x_wconf 90' lang='lat' dir='ltr'>convenire</span> <span class='ocrx_word' id='word_1_765' title='bbox 2331 5154 2445 5193; x_wconf 91' lang='lat' dir='ltr'>non</span> <span class='ocrx_word' id='word_1_766' title='bbox 2480 5141 2671 5208; x_wconf 83' lang='lat' dir='ltr'>potest</span> <span class='ocrx_word' id='word_1_767' title='bbox 2704 5155 2715 5192; x_wconf 90' lang='lat'>:</span> <span class='ocrx_word' id='word_1_768' title='bbox 2751 5140 2977 5193; x_wconf 91' lang='lat' dir='ltr'>certum</span> <span class='ocrx_word' id='word_1_769' title='bbox 3004 5136 3220 5209; x_wconf 91' lang='lat' dir='ltr'>quippe</span> <span class='ocrx_word' id='word_1_770' title='bbox 3239 5140 3330 5193; x_wconf 91' lang='lat' dir='ltr'>est</span> <span class='ocrx_word' id='word_1_771' title='bbox 3355 5137 3656 5196; x_wconf 90' lang='lat' dir='ltr'>Urbanum</span> 
     </span>
    </p>
   </div>
   <div class='ocr_carea' id='block_1_112' title="bbox 1994 5225 3658 5304">
    <p class='ocr_par' dir='ltr' id='par_1_112' title="bbox 1994 5225 3658 5304">
     <span class='ocr_line' id='line_1_112' title="bbox 1994 5225 3658 5304; baseline 0.002 -21"><span class='ocrx_word' id='word_1_772' title='bbox 1994 5245 2063 5283; x_wconf 90' lang='lat' dir='ltr'>ea</span> <span class='ocrx_word' id='word_1_773' title='bbox 2092 5225 2184 5281; x_wconf 91' lang='lat' dir='ltr'>die</span> <span class='ocrx_word' id='word_1_774' title='bbox 2234 5244 2387 5281; x_wconf 89' lang='lat' dir='ltr'>anno</span> <span class='ocrx_word' id='word_1_775' title='bbox 2426 5226 2559 5281; x_wconf 84' lang='lat'>1096</span> <span class='ocrx_word' id='word_1_776' title='bbox 2589 5227 2780 5282; x_wconf 87' lang='lat' dir='ltr'>adhuc</span> <span class='ocrx_word' id='word_1_777' title='bbox 2809 5227 2870 5282; x_wconf 90' lang='lat' dir='ltr'>in</span> <span class='ocrx_word' id='word_1_778' title='bbox 2888 5226 3076 5284; x_wconf 89' lang='lat' dir='ltr'>Gallia</span> <span class='ocrx_word' id='word_1_779' title='bbox 3104 5225 3508 5284; x_wconf 81' lang='lat' dir='ltr'>exstitisse.En</span> <span class='ocrx_word' id='word_1_780' title='bbox 3527 5228 3658 5304; x_wconf 90' lang='lat' dir='ltr'>ipsa</span> 
     </span>
    </p>
   </div>
   <div class='ocr_carea' id='block_1_113' title="bbox 1993 5315 3654 5389">
    <p class='ocr_par' dir='ltr' id='par_1_113' title="bbox 1993 5315 3654 5389">
     <span class='ocr_line' id='line_1_113' title="bbox 1993 5315 3654 5389; baseline 0.002 -18"><span class='ocrx_word' id='word_1_781' title='bbox 1993 5316 2319 5387; x_wconf 87' lang='lat' dir='ltr'>inscriptio,</span> <span class='ocrx_word' id='word_1_782' title='bbox 2354 5315 2587 5387; x_wconf 88' lang='lat' dir='ltr'>qualem</span> <span class='ocrx_word' id='word_1_783' title='bbox 2622 5315 2783 5372; x_wconf 87' lang='lat' dir='ltr'>illam</span> <span class='ocrx_word' id='word_1_784' title='bbox 2818 5315 3101 5389; x_wconf 89' lang='lat' dir='ltr'>Ughellus</span> <span class='ocrx_word' id='word_1_785' title='bbox 3133 5334 3203 5373; x_wconf 85' lang='lat' dir='ltr'>ex</span> <span class='ocrx_word' id='word_1_786' title='bbox 3235 5316 3414 5372; x_wconf 88' lang='lat' dir='ltr'>veteri</span> <span class='ocrx_word' id='word_1_787' title='bbox 3444 5318 3654 5375; x_wconf 88' lang='lat' dir='ltr'>Kalen-</span> 
     </span>
    </p>
   </div>
   <div class='ocr_carea' id='block_1_114' title="bbox 1996 5404 3653 5477">
    <p class='ocr_par' dir='ltr' id='par_1_114' title="bbox 1996 5404 3653 5477">
     <span class='ocr_line' id='line_1_114' title="bbox 1996 5404 3653 5477; baseline 0.001 -16"><span class='ocrx_word' id='word_1_788' title='bbox 1996 5405 2184 5473; x_wconf 90' lang='lat' dir='ltr'>dario,</span> <span class='ocrx_word' id='word_1_789' title='bbox 2216 5408 2281 5460; x_wconf 88' lang='lat' dir='ltr'>ut</span> <span class='ocrx_word' id='word_1_790' title='bbox 2310 5405 2435 5477; x_wconf 91' lang='lat' dir='ltr'>ipse</span> <span class='ocrx_word' id='word_1_791' title='bbox 2481 5405 2583 5471; x_wconf 90' lang='lat' dir='ltr'>ait,</span> <span class='ocrx_word' id='word_1_792' title='bbox 2617 5405 2818 5462; x_wconf 89' lang='lat' dir='ltr'>retulit</span> <span class='ocrx_word' id='word_1_793' title='bbox 2846 5410 3005 5462; x_wconf 88' lang='lat' dir='ltr'>tome</span> <span class='ocrx_word' id='word_1_794' title='bbox 3051 5406 3118 5462; x_wconf 89' lang='lat' dir='ltr'>IV</span> <span class='ocrx_word' id='word_1_795' title='bbox 3158 5404 3339 5463; x_wconf 65' lang='lat' dir='ltr'>Italiae</span> <span class='ocrx_word' id='word_1_796' title='bbox 3387 5424 3564 5463; x_wconf 78' lang='lat' dir='ltr'>sacras</span> <span class='ocrx_word' id='word_1_797' title='bbox 3593 5409 3653 5463; x_wconf 90' lang='lat' dir='ltr'>in</span> 
     </span>
    </p>
   </div>
   <div class='ocr_carea' id='block_1_115' title="bbox 1996 5494 3651 5567">
    <p class='ocr_par' dir='ltr' id='par_1_115' title="bbox 1996 5494 3651 5567">
     <span class='ocr_line' id='line_1_115' title="bbox 1996 5494 3651 5567; baseline 0.001 -16"><span class='ocrx_word' id='word_1_798' title='bbox 1996 5494 2256 5566; x_wconf 87' lang='lat' dir='ltr'>catalogo</span> <span class='ocrx_word' id='word_1_799' title='bbox 2300 5495 2710 5567; x_wconf 90' lang='lat' dir='ltr'>episcoporum</span> <span class='ocrx_word' id='word_1_800' title='bbox 2769 5496 3133 5552; x_wconf 89' lang='lat' dir='ltr'>Astensium.</span> <span class='ocrx_word' id='word_1_801' title='bbox 3186 5496 3444 5551; x_wconf 87' lang='lat' dir='ltr'>Kalendis</span> <span class='ocrx_word' id='word_1_802' title='bbox 3492 5498 3651 5565; x_wconf 85' lang='lat' dir='ltr'>Julii,</span> 
     </span>
    </p>
   </div>
   <div class='ocr_carea' id='block_1_116' title="bbox 1995 5586 3655 5653">
    <p class='ocr_par' dir='ltr' id='par_1_116' title="bbox 1995 5586 3655 5653">
     <span class='ocr_line' id='line_1_116' title="bbox 1995 5586 3655 5653; baseline -0.001 -11"><span class='ocrx_word' id='word_1_803' title='bbox 1995 5601 2141 5642; x_wconf 82' lang='lat' dir='ltr'>anno</span> <span class='ocrx_word' id='word_1_804' title='bbox 2170 5586 2231 5638; x_wconf 92' lang='lat' dir='ltr'>D.</span> <span class='ocrx_word' id='word_1_805' title='bbox 2265 5586 2672 5642; x_wconf 87' lang='lat' dir='ltr'>Incarnationis</span> <span class='ocrx_word' id='word_1_806' title='bbox 2705 5586 2863 5653; x_wconf 85' lang='grc'>1096,</span> <span class='ocrx_word' id='word_1_807' title='bbox 2897 5586 3077 5642; x_wconf 83' lang='lat' dir='ltr'>dicata</span> <span class='ocrx_word' id='word_1_808' title='bbox 3104 5593 3182 5641; x_wconf 89' lang='lat' dir='ltr'>est</span> <span class='ocrx_word' id='word_1_809' title='bbox 3227 5586 3463 5641; x_wconf 86' lang='lat' dir='ltr'>Astensis</span> <span class='ocrx_word' id='word_1_810' title='bbox 3493 5588 3655 5641; x_wconf 86' lang='lat' dir='ltr'>eccle-</span> 
     </span>
    </p>
   </div>
   <div class='ocr_carea' id='block_1_117' title="bbox 1993 5674 3655 5747">
    <p class='ocr_par' dir='ltr' id='par_1_117' title="bbox 1993 5674 3655 5747">
     <span class='ocr_line' id='line_1_117' title="bbox 1993 5674 3655 5747; baseline 0 -16"><span class='ocrx_word' id='word_1_811' title='bbox 1993 5677 2080 5732; x_wconf 87' lang='lat' dir='ltr'>sia</span> <span class='ocrx_word' id='word_1_812' title='bbox 2109 5692 2141 5729; x_wconf 89' lang='lat' dir='ltr'>a</span> <span class='ocrx_word' id='word_1_813' title='bbox 2172 5675 2233 5729; x_wconf 90' lang='lat' dir='ltr'>D.</span> <span class='ocrx_word' id='word_1_814' title='bbox 2271 5674 2483 5731; x_wconf 89' lang='lat' dir='ltr'>Urbano</span> <span class='ocrx_word' id='word_1_815' title='bbox 2506 5692 2674 5747; x_wconf 87' lang='lat' dir='ltr'>papa,</span> <span class='ocrx_word' id='word_1_816' title='bbox 2702 5678 2799 5747; x_wconf 86' lang='lat' dir='ltr'>qui</span> <span class='ocrx_word' id='word_1_817' title='bbox 2827 5676 3079 5733; x_wconf 84' lang='lat' dir='ltr'>omnibus</span> <span class='ocrx_word' id='word_1_818' title='bbox 3108 5690 3231 5731; x_wconf 84' lang='lat' dir='ltr'>vere</span> <span class='ocrx_word' id='word_1_819' title='bbox 3257 5675 3655 5747; x_wconf 64' lang='lat' dir='ltr'>paenitentibus</span> 
     </span>
    </p>
   </div>
  </div>
