3962 6364
380 317 495 386 illi

1681 331 1758 396 B.
1799 331 2190 401 URBANL‘II
2231 325 2483 399 PAPIE.

3670 331 3820 408 {$2.

383 463 434 515 et
461 460 722 532 confessis
772 461 842 519 ad
871 462 1075 520 dictam
1122 467 1422 536 cccbsimn,
1455 471 1502 524 ct
1533 472 1896 526 reverentiam
1929 471 2030 527 Dei
2054 477 2113 545 Α
2140 470 2477 540 scenderat;
2501 473 2561 526 at
2583 483 2681 526 rex
2717 469 2765 525 ci
2791 468 3076 538 infensus,
3101 473 3168 524 ut
3189 467 3318 540 jam
3349 467 3632 540 diximus,
3655 470 3794 542 ejus

380 557 434 606 et
460 549 637 609 beatae
661 551 856 610 Maria?
883 555 1116 626 virginis
1146 559 1392 614 venerint
1425 561 1482 614 in
1527 558 1616 615 die
1667 559 2024 618 dedicationis

379 640 577 711 ipsius,
598 645 651 696 et
673 652 776 714 per
801 646 971 700 totam
1016 651 1265 702 octavam
1285 665 1458 703 unum
1495 653 1716 704 a‘nnnm'
1734 658 1786 706 et
1813 651 1883 705 40
1911 650 2024 707 dies

381 728 450 785 de
478 731 728 802 injuncta
750 735 1078 804 paenitentia
1114 735 1386 794 relaxavit
1414 747 1464 794 cl
1495 739 1726 796 indulsit
1757 758 1770 808 ;
1807 741 1868 794 D.
1899 756 2024 796 vero

384 819 660 893 episcopus
714 821 975 890 Astensis,
1009 827 1078 880 40
1107 825 1240 882 dies.
1273 827 1402 882 Jam
1463 845 1596 884 vero
1655 833 1854 884 utrum
1902 829 2024 884 haec

381 907 684 982 inscriptio
697 911 934 968 omnino
956 917 1113 970 certa
1133 915 1208 970 sit
1232 919 1288 970 et
1307 917 1570 990 antiqua,
1595 917 1725 974 aliis
1750 918 2024 990 judican-

387 997 531 1054 dum
563 998 850 1073 relinquo.
869 1003 1001 1058 Otto
1033 1008 1173 1060 tunc
1202 1005 1522 1062 Ecclesiam
1544 1009 1848 1064 Astensem
1871 1024 2028 1080 rege-

389 1085 508 1154 bat,
533 1089 706 1160 cujus
754 1091 1000 1148 invitatu
1031 1093 1303 1152 Urbanus
1341 1095 1492 1152 hanc
1522 1095 1830 1152 ecclesiam
1861 1095 2028 1151 dedi-

384 1191 553 1233 casse
570 1177 784 1234 dicitur
803 1183 957 1253 apud
981 1182 1310 1255 Ughellum,
1337 1185 1728 1241 intercedente
1760 1186 2028 1240 Brunone

389 1264 661 1338 Siguensi
682 1268 1207 1342 episcopo,Urbani
1233 1273 1755 1330 comiteindividuo
1787 1278 1842 1330 et
1871 1273 2028 1330 ﬁdeli

389 1352 598 1422 amico,
616 1357 718 1428 qui
735 1357 795 1412 in
820 1359 962 1414 urbe
981 1361 1213 1417 Astensi
1238 1367 1409 1419 natus
1433 1369 1491 1419 et
1519 1365 1646 1436 ejus
1659 1363 1927 1420 Ecclesiae
1941 1381 2030 1419 ca-

387 1443 634 1501 non'icus
658 1446 852 1503 fuerat
873 1453 1186 1521 antequam
1209 1453 1516 1524 episcopus
1537 1457 1768 1510 creatus
1801 1452 2022 1509 fuisset.

385 1531 532 1588 Cum
553 1551 684 1590 vero
705 1534 788 1593 ibi
808 1537 1003 1594 adhuc
1023 1541 1180 1596 esset
1200 1543 1478 1614 pontifex,
1505 1543 1804 1616 privilegia
1829 1560 2027 1598 mona-

384 1621 544 1678 sterii
583 1623 1178 1697 FructUariensis,eu'i
1209 1635 1352 1686 tunc
1375 1637 1618 1703 praeerat
1649 1633 1896 1688 Ubertus
1929 1650 2031 1688 seu

385 1709 700 1770 Guihertus
721 1715 924 1784 abbas,
943 1718 1308 1774 conﬁrmavit
1325 1724 1381 1776 et
1406 1720 1728 1792 ampliavit,
1760 1721 1810 1776 si
1841 1723 2028 1792 Augu-

385 1800 903 1862 stihoab'Ecclesia
921 1805 1250 1876 credamus,
1276 1808 1376 1880 qui
1407 1809 1464 1864 id
1498 1809 1708 1865 asserit
1750 1810 1808 1864 in
1854 1809 2031 1866 Chro-

387 1889 622 1964 nologia
659 1892 1110 1962 Pedemontana,
1135 1912 1260 1969 cap.
1284 1901 1382 1966 27;
1421 1902 1480 1954 at
1509 1898 1731 1954 fallitur
1757 1899 1816 1954 in
1877 1915 2028 1954 anno

387 1980 533 2037 4089
573 1981 934 2058 designando
957 1987 1113 2058 quod
1143 1987 1201 2042 id
1237 1987 1550 2061 contigisse
1593 1987 1814 2056 scribit,
1842 2005 2027 2060 quan-

389 2077 569 2142 quam
608 2071 767 2128 hunc
795 2075 1085 2143 'emrem,
1135 2074 1436 2147 deperdito
1480 2076 1657 2134 hocce
1705 2076 2026 2150 privilegio,

389 2162 546 2216 certo
577 2162 888 2218 emendare
917 2161 1333 2220 difﬁcillimum
1366 2164 1460 2220 sit.

459 2248 646 2306 Etiam
665 2249 957 2307 Pinariolo
981 2250 1280 2308 Urbanum
1293 2253 1576 2310 transisse
1597 2253 1945 2326 conjicimus
1963 2271 2032 2310 ex

384 2337 549 2396 bulla
567 2338 677 2395 hoc
697 2351 850 2397 anno
877 2355 1154 2398 concessa
1173 2340 1385 2398 Uberto
1409 2343 1602 2400 abbati
1621 2345 1806 2400 Beatos
1836 2345 2027 2402 Mariae

387 2429 726 2486 monasterii
739 2446 918 2504 prope
939 2430 1092 2488 hanc
1114 2432 1319 2488 urbem
1343 2432 1436 2488 siti
1455 2449 1574 2506 qua
1595 2432 1645 2488 ei
1665 2434 1864 2490 omnia
1878 2434 2030 2490 bona

385 2518 809 2576 conﬁrmantur
837 2537 964 2592 quas
998 2521 1069 2578 ab
1099 2519 1373 2578 Adelaide
1435 2523 1738 2578 comitissa
1791 2526 1846 2578 et
1897 2523 2028 2580 aliis

385 2606 686 2681 quibusvis
713 2607 924 2666 collata
954 2610 1204 2666 fuerant.
1255 2615 1401 2668 Tum
1442 2617 1598 2670 vetat
1654 2613 1912 2686 pontifex
1955 2629 2027 2668 ne

383 2697 706 2772 quidquam
734 2717 803 2754 ex
831 2697 947 2756 illis
973 2716 1008 2756 a
1037 2699 1243 2772 quovis
1269 2701 1575 2758 hominum
1608 2701 1666 2756 in
1727 2706 2027 2774 posterum

384 2789 904 2846 distrahatur.Non
934 2788 1104 2846 licuit
1131 2789 1310 2862 hujus
1326 2789 1662 2862 diplomatis
1692 2791 2026 2864 exemplum

384 2877 906 2952 habere,«quamvis
921 2895 990 2936 ea
1012 2879 1084 2936 de
1111 2895 1176 2935 re
1197 2879 1378 2935 semel
1416 2884 1473 2935 et
1502 2881 1716 2934 iterum
1744 2864 1852 2952 per
1879 2880 2025 2934 ami-

385 2981 484 3026 cos
505 2965 864 3024 Pinariolum
887 2967 1063 3024 scribi
1113 2967 1471 3034 curavimus,
1491 2969 1652 3024 haud
1683 2968 1858 3025 dubie
1872 2969 2024 3041 quod

383 3057 546 3115 istud
576 3057 1021 3124 monasterium,
1045 3073 1202 3113 nunc
1224 3074 1256 3113 a
1277 3057 1648 3114 Fuliensibus
1661 3074 2022 3131 possessum,

381 3142 444 3204 in
463 3141 756 3204 hesternis
795 3145 966 3203 bellis
984 3145 1382 3220 conﬂagravit.
1405 3147 1491 3202 An
1525 3147 1700 3204 etiam
1723 3146 2024 3203 Clusinum

2129 559 2356 616 monita
2401 558 2580 617 veluti
2631 558 2880 631 injurias
2921 557 3324 618 aversabatur.
3356 557 3521 615 Unde
3551 559 3792 620 cumab

2133 667 2200 706 eo
2230 667 2432 707 recens
2480 651 2538 706 in
2570 650 2837 723 Angliam
2862 648 3437 706 reverso.Anselmus
3468 648 3582 704 hoc
3631 665 3792 706 anno

2133 739 2464 813 pontiﬁcem
2504 762 2523 787 ι
2561 739 2812 794 adeundi
2865 737 3160 794 licentiam
3203 755 3304 810 pro
3327 738 3498 810 pallii
3520 739 3794 810 petitione

2135 828 2554 901 proposuisset,
2583 844 2648 882 ac
2679 827 2997 883 sciscitanti
3031 825 3142 900 ipsi
3171 842 3348 899 quem
3377 839 3592 899 papam
3614 825 3796 882 vellet

2133 916 2312 985 adire,
2345 917 2645 972 Urbanum
2696 915 3146 989 respondisset»
3181 916 3252 972 ad
3314 915 3532 970 Urbani
3566 932 3790 984 nomen

2135 1005 2438 1062 infremuit
2468 1023 2584 1074 rex,
2610 1005 2898 1078 dixtique,
2919 1009 2987 1061 ut
3004 1005 3328 1060 Eadmerus
3350 1004 3794 1077 czeteriqueAn-

2134 1093 2347 1168 glicani
2395 1093 2706 1166 scriptores
2754 1095 3030 1162 referunt,
3067 1109 3128 1150 se
3179 1093 3337 1149 hunc
3387 1094 3658 1150 nondum
3685 1111 3794 1166 pro

2133 1185 2424 1256 apostolico
2451 1180 2758 1256 recepisse,
2782 1199 2848 1239 ac
2879 1199 2976 1240 nec
3003 1199 3120 1240 suae
3148 1199 3244 1238 nec
3266 1191 3520 1256 paterna
3545 1199 3789 1240 cons-ae-

2135 1273 2346 1328 tudinis
2374 1289 2483 1329 esse
2507 1277 2567 1328 ut
2593 1275 2796 1346 absque
2834 1289 2938 1330 sua
2985 1274 3246 1334 electione
3285 1273 3458 1328 alicui
3501 1273 3698 1329 liceret
3729 1276 3792 1330 in

2134 1379 2301 1434 regno
2347 1379 2443 1418 suo
2487 1377 2690 1434 papam
2725 1364 3030 1419 nominare.
3064 1366 3325 1434 Cumque
3369 1361 3690 1418 Anselmus
3738 1363 3794 1419 ei

2137 1453 2360 1508 frustra
2375 1454 2689 1508 conaretur
2709 1452 2766 1508 in
2793 1451 3136 1508 memoriam
3165 1467 3434 1508 revocare
3451 1453 3604 1524 quod
3625 1454 3792 1526 apud

2139 1541 2570 1607 Rovecestram,
2616 1557 2750 1598 cum
2810 1541 2868 1596 in
2915 1539 3420 1612 archiepiscopum
3469 1541 3790 1613 peteretur,

2139 1633 2497 1686 contestatus
2520 1629 2726 1692 fuisset
2755 1647 2816 1686 se
2839 1647 3144 1702 nunquam
3167 1631 3240 1685 ab
3270 1629 3484 1686 Urbani
3508 1629 3790 1686 obedien-

2140 1719 2224 1774 tia
2243 1719 2614 1775 dicessurum
2631 1737 2644 1788 ;
2663 1722 2720 1775 et
2740 1735 2808 1776 ex
2829 1718 3014 1778 altera
3033 1723 3198 1792 parte
3230 1736 3330 1775 rex
3359 1719 3483 1792 ipse
3504 1719 3792 1776 Anselmo

2141 1809 2490 1880 persuadere
2543 1825 2658 1864 non
2709 1811 2908 1881 posset
2935 1807 3334 1864 omnimodam
3375 1807 3487 1863 sibi
3519 1808 3700 1864 fidem
3730 1813 3796 1865 et

2138 1897 2530 1953 obedientiam
2563 1896 2759 1953 deberi
2789 1895 3018 1956 etiamsi
3049 1896 3350 1953 Urbanum
3374 1913 3479 1969 pro
3509 1897 3793 1970 pontifice

2139 2002 2254 2042 non
2301 1985 2562 2054 haberet,
2594 1985 2785 2042 visum
2815 1989 2906 2041 est
2951 2002 3075 2040 rem
3119 1985 3192 2041 ad
3225 1984 3556 2058 generalem
3601 1985 3792 2043 totius

2138 2075 2301 2148 regni
2350 2075 2757 2148 episcoporum
2804 2080 2860 2130 et
2907 2091 3217 2148 procerum
3279 2079 3642 2161 conventum‘
3696 2093 3788 2132 re-

2139 2165 2306 2221 ferre.

2210 2270 2454 2327 Habitus
2487 2277 2577 2326 est
2604 2271 2700 2326 hic
2727 2271 3048 2328 conventus
3079 2285 3232 2326 anno
3267 2269 3406 2326 1095
3451 2269 3791 2344 Rochinga-

2139 2360 2290 2427 mite,
2347 2361 2440 2417 die
2484 2379 2518 2414 v
2567 2359 2704 2416 Idus
2730 2359 2954 2429 Martii,
2997 2359 3057 2414 in
3105 2374 3221 2432 quo
3268 2357 3604 2426 Anselmus,
3633 2363 3792 2416 teste

2139 2449 2442 2517 Eadmero,
2467 2448 2567 2522 qui
2597 2449 2718 2504 hac
2743 2448 2934 2504 fusius
2965 2451 3184 2516 narrat,
3219 2451 3385 2504 tanta
3419 2463 3555 2502 cum
3597 2447 3790 2504 animi

2138 2538 2469 2594 constantia
2497 2555 2564 2594 ac
2591 2537 2786 2611 vigore
2823 2536 3142 2610 episcopali
3189 2535 3260 2592 de
3291 2553 3402 2592 sua
3445 2535 3632 2610 ipsius
3659 2537 3792 2594 ele—

2139 2628 2327 2684 ctione
2347 2629 2496 2684 etde
2519 2626 2848 2684 obedientia
2860 2625 3122 2700 pontiﬁci
3147 2626 3430 2694 Romano,
3453 2629 3581 2682 tum
3603 2626 3790 2683 etiam

2137 2717 2259 2789 regi
2306 2716 2502 2774 debita
2539 2717 2846 2790 peroravit,
2875 2719 2942 2772 ut
2969 2731 3031 2770 re
3088 2731 3266 2788 quam
3295 2713 3526 2772 volebat
3553 2732 3656 2772 rex
3692 2715 3790 2773 in-

2137 2806 2304 2874 fecta,
2325 2811 2640 2862 conventus
2663 2811 2795 2878 post
2829 2805 3092 2861 triduum
3115 2805 3291 2861 fuerit
3319 2803 3572 2875 solutus,
3603 2805 3790 2862 datae-

2138 2911 2250 2968 que
2271 2895 2391 2951 sint
2410 2895 2658 2952 inducis:
2677 2896 2749 2952 ad
2779 2897 3192 2963 Pentecoston;
3216 2892 3504 2967 episcopis
3533 2893 3690 2950 inter
3717 2911 3794 2952 ea

2136 2984 2434 3057 plerisque
2453 2984 2744 3053 Anselmo,
2768 2985 2863 3042 cui
2893 2984 3169 3041 videbant
3195 2999 3392 3056 regem
3431 2999 3562 3039 esse
3590 2983 3788 3041 infen-

2137 3091 2292 3141 sum,
2324 3073 2736 3142 obedientiam,
2759 3075 2918 3148 quod
2952 3072 3085 3130 laici
3123 3089 3393 3146 proceres
3422 3087 3540 3128 non
3567 3073 3788 3142 facere,

2138 3164 2585 3238 denegantibus.
2608 3166 2828 3222 Anxius
2849 3164 2992 3238 quid
3024 3163 3084 3220 in
3105 3167 3270 3219 tanto
3285 3177 3478 3219 rerum
3493 3162 3792 3220 discrimi-

379 3235 606 3294 celebre
627 3230 825 3293 Sancti
846 3229 1148 3326 Michaelis
1171 3236 1594 3292 monasterium
1613 3236 2026 3293 inviserittunc
2056 3221 2099 3289 C
2138 3271 2210 3308 ne
2234 3221 2432 3326 ageret
2459 3253 2794 3323 Anselmus,
2821 3221 3020 3310 sédem
3042 3252 3340 3308 dimittere
3359 3251 3784 3322 meditabatur,

376 3327 660 3400 pontifex,
679 3325 966 3382 incertum
987 3321 1080 3382 est
1101 3329 1190 3382 :at
1201 3329 1430 3382 constat
1449 3342 1516 3382 ex
1536 3326 2022 3399 subsequentium

375 3415 722 3490 pontiﬁcum
743 3413 922 3472 bullis
950 3415 1109 3471 hunc
1129 3415 1320 3473 locum
1346 3415 1644 3488 privilegio
1667 3414 1885 3472 Urbani
1915 3417 2018 3472 do-

375 3509 586 3562 natum
613 3503 815 3574 fuisse,
850 3505 949 3562 sed
983 3505 1140 3578 quod
1172 3505 1540 3577 deperditum
1573 3510 1684 3562 est.

443 3584 578 3652 Haec
610 3594 682 3651 de
723 3593 941 3651 Urbani
968 3593 1160 3651 Gestls
1176 3597 1491 3668 antequam
1515 3595 1575 3650 in
1599 3594 1816 3652 Gallias
1849 3597 2020 3653 adve-

371 3673 844 3758 nire‘t,quantum
865 3683 1051 3750 licuit,
1077 3701 1146 3740 ex
1173 3683 1350 3740 variis
1371 3685 1737 3742 documentis
1783 3685 2017 3760 collegi-

371 3774 686 3849 mus,quid
731 3789 866 3830 vero
889 3767 1222 3846 praestiterit
1249 3775 1309 3829 in
1337 3774 1448 3830 hoc
1477 3773 1684 3830 itinere
1729 3775 2014 3845 dicemus,

371 3867 689 3938 postquam
703 3861 986 3918 nonnulla
1005 3861 1466 3934 praemiserimus
1495 3863 1565 3918 de
1576 3864 1659 3917 An
1667 3861 1912 3936 glicanis
1936 3881 2019 3919 re-

370 3953 505 4020 bus,
526 3951 696 4008 valde
723 3949 834 4006 hoc
857 3966 1010 4006 anno
1043 3949 1345 4006 occasione
1375 3949 1562 4006 sancti
1591 3951 1854 4007 Anselmi
1887 3969 2016 4024 per-

370 4039 646 4098 turbatis.

369 4127 698 4188 GLXXXVI.
725 4125 1047 4200 Anglicanas
1086 4127 1254 4184 (urbm
1301 4128 1364 4183 ob
1397 4128 1450 4183 S.
1485 4127 1820 4184 Anselmum.
1883 4131 2017 4186 Con-

441 4208 629 4260 veniu‘s
677 4200 1106 4268 Rochingamiae.
1149 4201 1436 4254 Anselmus
1482 4201 1762 4269 Hugonem
1806 4203 2016 4270 Lugdu-

437 4289 663 4332 nensem
698 4271 1162 4345 archiepiscopum
1188 4272 1479 4326 consuluit.
1503 4271 1711 4343 Accipit
1755 4275 2010 4345 pallium.

438 4347 609 4418 Papa
635 4343 848 4400 scribit.
1025 4399 1032 4408 ,

283 4498 286 4502 ,
439 4429 856 4490 Deficientibus
887 4430 1083 4503 itaque
1115 4430 1294 4488 ferme
1323 4431 1612 4488 universis
1641 4432 1714 4488 ab
1769 4433 2010 4491 Henrico

367 4523 617 4596 ejusque
635 4519 1133 4594 pseudopontiﬁce
1155 4519 1448 4585 Guiherto,
1469 4537 1643 4594 quem
1657 4521 2008 4581 Clementem

2130 3359 2266 3398 cum
2300 3341 2462 3398 nulla
2491 3359 2626 3416 spes
2655 3342 2978 3416 effulgeret,
3003 3346 3069 3398 ut
3085 3341 3136 3398 ei
3168 3340 3788 3409 videbatur,ﬂectendi

2130 3430 2283 3505 regis
2306 3431 2591 3500 animum,
2607 3449 2712 3488 nec
2724 3431 3024 3488 obtinendi
3037 3431 3111 3487 ab
3130 3446 3196 3486 eo
3210 3428 3506 3486 licentiam
3521 3430 3785 3487 adeundi

2128 3519 2456 3594 legitimum
2479 3520 2886 3594 pontificem,a
2905 3537 3022 3593 quo
3045 3520 3308 3576 nondum
3342 3517 3590 3592 pallium
3619 3535 3786 3576 exce-

2127 3615 2309 3683 perat.
2343 3610 2648 3667 Consuluit
2665 3626 2734 3666 ea
2763 3611 2834 3666 de
2865 3627 2926 3666 re
2945 3609 3250 3683 Hugonem
3282 3608 3553 3682 Lugduni
3585 3609 3783 3666 archi-

2127 3700 2488 3772 episcopum,
2523 3701 2625 3772 qui
2683 3704 2820 3756 tunc
2872 3699 3154 3772 temporis
3193 3698 3488 3772 pontificis
3531 3699 3688 3756 vices
3717 3700 3783 3757 in

2125 3787 2326 3846 Galliis
2355 3789 2585 3862 agebat,
2607 3790 2828 3862 scripta
2853 3789 2924 3845 ad
2956 3805 3092 3844 eum
3116 3787 3381 3860 epistola,
3405 3805 3532 3860 quae
3577 3794 3670 3846 est
3707 3793 3780 3846 24

2129 3876 2262 3933 libri
2290 3895 2372 3944 III,
2396 3878 2455 3932 in
2475 3895 2592 3950 qua
2621 3879 2672 3934 ei
2703 3877 3036 3952 Anglicanas
3066 3875 3336 3934 Ecclesiae
3367 3881 3590 3934 statum
3620 3893 3783 3952 egre

2127 3965 2218 4038 gie
2250 3970 2642 4038 repraesentat.
2667 3967 2888 4024 Verum
2927 3983 3063 4024 cum
3094 3966 3214 4022 haec
3259 3965 3454 4023 animo
3505 3967 3780 4040 agitaret,

2126 4055 2242 4112 duo
2273 4055 2464 4112 clerici
2497 4073 2643 4129 quos
2702 4056 3047 4126 Willelmus,
3069 4053 3331 4113 Anselmi
3379 4057 3780 4114 constantiam

2123 4144 2314 4218 frangi
2334 4162 2508 4218 posse
2529 4147 2866 4218 desperans,
2889 4146 3138 4202 Romam
3171 4146 3432 4213 miserat,
3463 4149 3530 4202 ut
3575 4146 3779 4219 explo-

2123 4239 2322 4290 rarent
2345 4234 2612 4292 Urbanus
2633 4252 2706 4292 an
2728 4234 3043 4292 Guibertus
3072 4233 3154 4290 ibi
3184 4233 3476 4307 potentior
3498 4237 3680 4305 esset,
3713 4235 3778 4292 in
3851 4263 3858 4269 ν

2120 4322 2386 4395 Angliam
2419 4324 2640 4382 rediere
2669 4325 3075 4381 cumWaltero
3099 4323 3397 4381 cardinale
3414 4323 3772 4396 Albanense,

2122 4413 2220 4485 qui
2253 4412 2495 4485 pallium
2525 4414 2818 4486 afferebat,
2855 4413 3074 4470 Urbani
3104 4413 3342 4470 nomine
3368 4411 3645 4470 Anselmo
3677 4430 3773 4472 ar-

2120 4502 2488 4576 chiepiscopo
2541 4503 2922 4569 destinatum,
2958 4519 3086 4576 qua:
3147 4517 3240 4560 res
3289 4517 3454 4575 spem
3504 4499 3772 4574 aliquam

365 4591 805 4684 Illappellabat,
822 4591 983 4666 solus
996 4614 1297 4682 supererat
1309 4591 1656 4666 Guillelmus
1669 4627 2012 4684 cognomcn-
2041 4599 2086 4662 D
2118 4591 2280 4684 Ρίιοίδ
2301 4591 2581 4684 “Penda?
2602 4593 2816 4684 εῖξξλίξί·
2840 4593 2956 4650 Rex
2977 4593 3192 4666 qniPPe
3213 4592 3413 4684 Statim
3434 4591 3619 4684 Ϋᾴίκίί
3631 4591 3772 4649 uti“

365 4703 422 4756 to
439 4699 646 4766 Rufus,
670 4699 888 4772 Anglia:
905 4715 1026 4766 rex,
1047 4699 1148 4772 qui
1175 4697 1312 4756 licet
1332 4699 1607 4756 Guiberto
1631 4717 1746 4756 non
1783 4702 2008 4758 obtem-

362 4793 612 4862 peraret,
635 4787 936 4846 Urbanum
960 4793 1150 4844 tamen
1176 4789 1438 4846 nondum
1460 4806 1563 4861 pro
1592 4788 1853 4862 legitimo
1868 4808 2008 4863 pon-

359 4877 516 4934 tiﬁce
534 4876 731 4950 palam
765 4894 1083 4952 agnoscere
1105 4877 1385 4945 voluerat,
1409 4879 1554 4934 adeo
1587 4883 1651 4933 ut
1687 4878 1792 4934 duo
1831 4885 2004 4936 essent

357 4971 420 5024 ut
451 4969 510 5022 in
533 4966 736 5036 Anglia
763 4968 1060 5038 ferebatur,
1081 4966 1276 5038 inquit
1304 4967 1626 5023 Eadmerus
1678 4966 1826 5024 libro
1856 4987 1872 5026 ι
1896 4970 2005 5026 Νο-

357 5073 586 5124 verum,
610 5058 707 5128 qui
731 5055 1052 5112 dicebantur
1078 5057 1314 5112 Romani
1339 5058 1639 5127 pontiﬁces,
1675 5059 1920 5115 Urbanus
1949 5066 2002 5116 et

359 5147 622 5215 Clemens,
639 5161 766 5217 qua:
792 5161 884 5200 res
903 5144 961 5199 in
986 5147 1218 5200 tantum
1239 5145 1456 5217 Anglice
1480 5144 1798 5202 Ecclesiam
1829 5165 1998 5204 occu-

303 5306 306 5308 γ
353 5235 622 5310 pavit,-ut
641 5251 674 5290 a
695 5239 881 5290 morte
901 5233 1159 5306 Gregorii
1182 5233 1280 5290 VII
1304 5250 1406 5305 per
1439 5233 1632 5306 plures
1654 5253 1840 5293 annos
1851 5239 2000 5292 nulli

353 5327 466 5382 loco
507 5339 666 5397 papa
713 5323 882 5386 subdi
918 5326 1014 5378 aut
1071 5322 1288 5379 obedire
1342 5325 1590 5380 voluerit.
1625 5326 1997 5383 Contestatus

349 5420 549 5472 tamen
580 5413 770 5470 fuerat
785 5411 1098 5467 Anselmus
1115 5427 1308 5468 coram
1326 5428 1460 5485 rege
1482 5413 1607 5486 ipso
1629 5417 1686 5470 et
1708 5414 1995 5470 universis

351 5503 513 5576 regni
531 5501 858 5565 ordinibus,
885 5517 1020 5556 cum
1051 5501 1111 5555 in
1143 5500 1648 5574 archiepiscopum
1684 5520 1837 5560 anno
1855 5505 1996 5559 1093

348 5593 637 5667 expetitus
655 5590 880 5660 fuisset,
897 5607 958 5646 se
983 5607 1282 5662 nunquam
1299 5591 1413 5648 nisi
1433 5591 1542 5648 soli
1557 5592 1789 5648 Urbano
1802 5593 1994 5649 obedi-

348 5688 548 5740 turum
571 5685 746 5752 atque
769 5696 836 5736 ea
857 5679 1186 5736 conditione
1207 5679 1529 5739 Cantuarizn
1555 5681 1832 5736 thronum
1855 5697 1990 5736 con-

2117 4686 2238 4737 tota
2254 4681 2462 4756 Anglia
2481 4681 2644 4738 solus
2669 4682 2942 4738 Urbanus
2970 4697 3074 4755 pro
3097 4696 3229 4740 vero
3251 4686 3310 4738 et
3337 4679 3772 4755 legitimopon-

2114 4770 2267 4826 tifice
2297 4772 2631 4828 haberetur.

2181 4877 2400 4933 Verum
2433 4895 2567 4934 cum
2597 4878 2814 4936 omisso
2855 4877 3132 4935 Anselmo
3175 4879 3402 4952 legatus
3447 4877 3520 4933 ad
3569 4893 3770 4951 regem

2110 4965 2356 5038 pallium
2387 4965 2984 5040 detulisset,speravit
3013 4967 3110 5024 ille
3141 4983 3202 5023 se
3227 4967 3299 5023 ab
3323 4965 3770 5040 archiepiscopo

2110 5053 2417 5126 pecuniam
2465 5056 2726 5128 aliquam
2761 5060 3311 5130 accepturum,eam
3349 5055 3562 5112 saltem
3590 5073 3768 5112 sum-

2110 5161 2266 5198 mam
2315 5161 2517 5214 quam,
2545 5145 2596 5200 si
2647 5147 2893 5201 Romam
2953 5144 3432 5218 archiepiscopus
3495 5143 3764 5216 adiisset,

2107 5233 2314 5288 fuisset
2336 5234 2391 5287 in
2415 5251 2480 5289 eo
2503 5235 2708 5290 itinere
2728 5252 3112 5306 expensurus,
3129 5238 3231 5290 aut
3251 5233 3462 5290 saltem
3495 5233 3609 5289 sibi
3630 5233 3764 5290 red-

2105 5322 2266 5378 deret
2303 5323 2590 5396 quidquid
2623 5324 2746 5398 ipse
2777 5325 2850 5380 ad
2900 5323 3148 5397 pallium
3180 5323 3252 5381 ab
3297 5321 3528 5379 Urbano
3571 5321 3760 5396 impe-

2103 5411 2378 5476 trandum
2401 5414 2833 5486 insumpserat;
2858 5415 2962 5470 sed
2989 5413 3136 5470 nihil
3167 5414 3240 5470 ab
3271 5410 3545 5470 Anselmo
3575 5409 3764 5468 extor-

2103 5501 2267 5572 queri
2290 5503 2496 5575 potuit.
2529 5503 2650 5560 Imo
2673 5519 2808 5560 cum
2833 5504 2904 5560 ab
2947 5519 3014 5560 eo
3048 5504 3300 5577 petitum
3333 5501 3546 5558 fuisset
3576 5504 3641 5556 ut
3655 5517 3760 5573 pro

2101 5591 2268 5658 regiae
2296 5593 2601 5662 majestaiis
2629 5595 3045 5664 magniﬁcentia
3076 5597 3376 5666 pateretur
3406 5589 3618 5648 saltem
3643 5589 3761 5646 sibi

2109 5699 2141 5737 a
2154 5697 2288 5753 rege
2305 5681 2547 5754 pallium
2564 5679 3155 5756 solemniterimponi,
3173 5681 3318 5738 illud
3335 5694 3569 5754 quoque
3581 5677 3756 5752 plane
