3962 6428
447 418 579 488 488

1763 421 1834 486 Β.
1879 415 2174 487 URBANI
2216 413 2270 484 ll
2313 421 2568 487 ΡΑΡιΕ.

3751 419 3867 484 156

461 556 580 617 alia
602 555 1123 634 exemplaproferri
1142 558 1403 633 possent.
1416 555 1480 616 Id
1509 571 1649 615 sane
1670 555 1985 614 dicendum
1997 559 2104 624 est,
2135 555 2364 632 Aapud
2385 556 2620 615 Podium
2656 571 2949 615 convocare
3003 555 3366 632 disposuerat,
3405 555 3507 613 sed
3567 571 3732 625 cum,
3782 554 3865 612 uti

465 651 515 708 si
544 665 750 706 verum
781 647 857 705 sit
886 649 1169 722 majorem
1198 645 1478 706 Valentiae
1508 647 1672 705 urbis
1710 645 2016 704 basilicam
2041 646 2112 702 ab

434 727 716 809 Urbano,
749 755 883 796 cum
916 739 987 795 ad
1015 737 1326 795 concilium
1357 737 1869 796 Claromontanum
1906 753 2109 810 prepe-

465 833 637 898 raret,
651 828 834 884 Nonis
858 827 1104 898 Augusti
1119 827 1448 884 dedicatam
1474 827 1684 894 fuisse;
1705 825 1859 900 quod
1873 825 2110 898 quidem

461 935 664 976 verum
694 933 823 974 esse
851 917 1030 972 certis
1061 915 1424 990 argumentis
1445 920 1712 972 constare
1741 915 1992 970 videtur.

535 1007 729 1061 Primo
759 1005 1110 1062 Chronicum
1141 1009 1305 1061 vetus
1331 1004 1739 1078 episcoporum
1769 1003 2112 1058 Valentino-

463 1112 594 1152 rum
617 1095 701 1152 sic
732 1095 804 1151 de
824 1094 1123 1151 Guntardo
1146 1093 1419 1167 episcopo
1439 1094 1612 1151 habet
1636 1110 1648 1148 :
1674 1096 1746 1149 Eo
1757 1092 2107 1166 prwsidente,

465 1185 622 1242 bona:
669 1185 944 1240 memoria:
993 1183 1239 1240 Urbanus
1292 1183 1344 1238 II
1384 1185 1636 1256 ponti/ea:
1686 1184 1956 1238 Romanus
2011 1182 2108 1236 Ec-

463 1272 764 1330 clesiarum
811 1273 1018 1329 Christi
1063 1289 1254 1328 curam
1298 1289 1516 1343 gerens,
1563 1273 1695 1328 dum
1733 1272 1804 1328 ad
1851 1272 2110 1341 generale

463 1364 758 1420 concilium
776 1359 889 1418 iret
933 1361 1333 1418 Claromontem
1351 1379 1453 1432 per
1483 1361 1624 1416 hanc
1652 1361 1840 1417 urbem
1887 1363 1992 1416 iter
2021 1364 2108 1432 [a-

461 1454 630 1520 ciens,
662 1455 772 1506 etc.
803 1451 1062 1522 Idipsum
1097 1449 1309 1506 diserte
1339 1453 1590 1505 testatur
1617 1449 1782 1523 Hugo
1813 1449 2112 1504 Gratiano-

460 1539 760 1612 politanus
787 1538 1118 1610 episcOpus,
1145 1537 1202 1593 in
1235 1555 1386 1610 saepe
1415 1537 1650 1593 laudato
1680 1536 1896 1604 libello,
1935 1554 2109 1609 quem

457 1627 755 1700 integrum
785 1625 845 1682 in
893 1625 1228 1699 Appendice
1257 1626 1598 1683 referemus.
1635 1627 1798 1690 Quod
1827 1642 1960 1681 vero
1991 1625 2113 1680 bene

458 1715 705 1774 ecclesia
727 1715 910 1772 Nonis
934 1713 1080 1786 ipsis
1104 1714 1344 1788 Augusti
1383 1714 1648 1771 dedicata
1687 1714 1883 1782 fuerit,
1908 1715 2111 1786 probat

460 1803 862 1862 anniversaria
875 1805 1004 1876 ejus
1025 1802 1384 1872 solemnitas,
1413 1803 1521 1859 hoc
1543 1802 1672 1876 ipso
1693 1802 1787 1858 die
1807 1802 1866 1858 in
1889 1807 2114 1859 vetusto

462 1893 684 1951 Missali
725 1893 1056 1968 assignate;
1097 1892 1213 1948 imo
1243 1909 1370 1966 quae
1401 1893 1576 1950 etiam
1611 1909 1768 1948 nunc
1799 1892 2113 1965 quotannis
2141 1928 2191 1994 B

463 1983 663 2041 eadem
688 1982 782 2039 die
800 1981 1078 2038 Valentiae
1101 1979 1443 2037 celebratur.
1477 1980 1580 2036 His
1605 1981 1881 2036 omnibus
1909 1979 2108 2036 suti‘rao

462 2076 636 2146 gatur
662 2073 830 2128 vetus
858 2069 1184 2142 inscriptio,
1217 2069 1426 2126 litteris
1451 2069 1780 2126 uncialibus
1821 2069 2000 2142 lapidi
2020 2069 2113 2125 in-

461 2160 710 2234 sculpta,
743 2163 801 2216 et
847 2159 947 2215 uni
979 2177 1048 2215 ex
1099 2159 1364 2230 ejusdem
1396 2157 1651 2216 ecclesiae
1686 2158 1886 2231 januis
1916 2157 2108 2226 affixa,

461 2266 589 2324 quae
619 2248 1009 2307 Calviniorum
1057 2248 1334 2316 furorem,
1385 2248 1656 2320 quamvis
1687 2247 1956 2305 nonnihil
1987 2247 2107 2303 vio-

459 2339 599 2407 lata,
627 2355 763 2396 cum
811 2337 963 2394 hanc
1011 2337 1319 2394 ecclesiam
1365 2337 1578 2393 saeculo
1637 2355 1729 2394 xvr
1789 2337 2109 2402 diruerent,

460 2427 667 2485 evasit.
697 2427 791 2484 Sic
819 2443 955 2484 vero
987 2426 1195 2483 habet:

603 2519 766 2573 ANNO
802 2533 875 2572 ΑΒ
914 2516 1320 2572 ῙΝΟΔΒΝΔΤῙΟΝΕ
1359 2515 1571 2571 DOMINI
1611 2531 1922 2570 MILLESIMO

602 2603 956 2644 nemonemo
997 2629 1011 2642 .
1055 2629 1070 2642 .
1117 2630 1129 2642 .
1176 2629 1189 2644 .
1229 2586 1424 2642 Nonas
1462 2587 1728 2654 AUGUSTI,

605 2659 869 2716 Uanmus
909 2675 1047 2716 pars
1087 2675 1372 2714 SECUNDUS
1411 2675 1533 2714 CUM
1571 2674 1864 2714 nuooscm

601 2747 888 2788 EPISCOPIS
926 2747 984 2786 IN
1023 2747 1254 2787 nouom:
1291 2747 1482 2786 suam
1518 2733 1720 2785 MARUE
1759 2744 2014 2786 VIRGINIS

603 2821 670 2858 ΕΤ
705 2819 1028 2859 ΒΑΝΕΤΟΒΗΗ
1067 2817 1392 2858 MARTYRUM
1433 2801 1710 2857 CORNELII
1749 2817 1817 2856 nr

601 2874 875 2931 CYPRIANI
914 2890 1064 2930 HANC
1101 2890 1415 2930 ECCLESIAM
1455 2889 1772 2930 DEDICAVIT.

462 2963 710 3032 Quinam
759 2966 954 3020 autem
985 2963 1151 3018 fuere
1200 2959 1506 3018 duodecim
1553 2959 1640 3015 illi
1684 2958 1962 3032 episcopi,
2014 2959 2112 3029 qui

460 3051 596 3108 huic
626 3051 946 3108 celebritati
971 3067 1104 3106 cum
1129 3049 1361 3106 Urbano
1385 3047 1699 3104 interfuere
1719 3047 1978 3110 divinare
1995 3063 2111 3104 non

464 3140 600 3198 licet
624 3159 637 3210 ;
671 3145 732 3197 at
780 3157 850 3198 ex
869 3140 1130 3212 Hugonis
1151 3138 1350 3196 libello
1375 3137 1658 3194 discimus
1683 3137 2010 3193 Guidonem
2027 3153 2115 3192 ar-

2217 647 2504 722 conjicere
2529 650 2638 714 est,
2671 647 2934 704 nondum
2967 664 3058 704 res
3079 650 3278 705 essent
3325 645 3640 720 dispositae,
3673 645 3866 720 ipsam

2216 739 2479 806 tandem,
2507 753 2642 793 cum
2669 736 2855 792 Anicii
2886 737 3232 810 esset,apud
3254 735 3759 793 Clarummontem
3775 737 3871 791 Ar-

2215 843 2526 883 vernorum
2558 825 2850 882 civitatem
2881 825 3288 883 celebrandam
3315 824 3546 880 indixit.
3581 824 3750 882 Certe
3775 824 3871 880 lit-

2215 919 2352 972 terae
2383 915 2600 988 quibus
2630 915 3008 970 Lambertum
3035 915 3476 971 Atrebatensem
3494 913 3760 987 pontifex
3799 914 3870 969 ad

2215 1004 2326 1060 hoc
2356 1003 2669 1061 concilium
2691 1003 2972 1076 invitavit,
3002 1003 3204 1074 Anicii,
3240 1007 3305 1059 ut
3334 1019 3470 1060 mox
3495 1003 3868 1070 dicebamus,

2217 1093 2364 1150 datae
2397 1097 2572 1162 sunt;
2604 1097 2662 1148 et
2693 1092 3002 1148 Bertoldus
3032 1093 3102 1148 de
3133 1092 3366 1149 Urbano
3405 1091 3654 1165 loquens
3713 1093 3870 1166 apud

2218 1183 2461 1239 Podium
2473 1186 2763 1248 versante,
2785 1183 3072 1254 synodum,
3088 1181 3300 1255 inquit,
3325 1182 3404 1237 ad
3424 1182 3874 1238 Montemclarum

2217 1275 2280 1328 in
2308 1280 2549 1328 octavam
2576 1273 2763 1328 Sancti
2790 1273 3016 1328 Martini
3042 1273 3336 1344 apostolica
3358 1273 3686 1328 auctoritate
3743 1288 3873 1327 con-

2219 1363 2382 1429 dixit,
2413 1361 2484 1417 ad
2511 1361 3061 1441 quam_diversarum
3104 1363 3534 1434 provinciarum
3574 1362 3871 1433 episcopos,

2219 1452 2402 1507 missis
2426 1451 2648 1519 litteris,
2679 1451 2944 1506 canonica
2975 1452 3251 1506 vocatione
3279 1450 3552 1504 invitavit.
3577 1449 3700 1506 Has
3713 1448 3872 1505 litte-

2221 1557 2318 1596 ras
2343 1540 2412 1595 ad
2446 1539 2926 1612 metropolitanos
2958 1538 3207 1611 scriptas
3238 1537 3442 1606 fuisse,
3481 1541 3546 1593 ut
3570 1537 3682 1610 ipsi
3746 1555 3864 1594 non

2221 1628 2410 1685 solum
2445 1627 2844 1699 suitraganeos
2867 1644 3006 1684 suos
3027 1627 3332 1700 episcopos
3353 1631 3454 1682 aut
3478 1627 3744 1696 abbates,
3768 1627 3873 1683 sed

2221 1717 2395 1774 etiam
2415 1716 2559 1772 alios
2579 1715 2974 1772 Ecclesiarum
2985 1715 3348 1790 praepositos,
3363 1715 3482 1771 imo
3495 1719 3550 1772 et
3561 1715 3877 1772 saeculares

2223 1805 2515 1881 principes
2538 1805 2609 1860 ad
2639 1803 2953 1861 concilium
2983 1804 3274 1878 pontificis
3321 1805 3558 1861 nomine
3595 1821 3879 1862 convoca-

2223 1898 2372 1962 rent,
2405 1893 2692 1950 discimus
2721 1910 2790 1950 ex
2827 1893 3072 1966 epistola
3110 1893 3392 1967 Raynoldi
3444 1893 3878 1968 archiepiscOpi

2222 1983 2526 2040 Remensis
2553 1983 2625 2038 ad
2667 1982 3044 2038 Lambertum
3097 1982 3537 2039 Atrebatensem
3584 1999 3654 2039 ea
3704 1999 3880 2040 occa-

2221 2073 2385 2129 sione
2409 2073 2564 2127 data.
2603 2072 2674 2126 Et
2703 2071 2940 2144 quidem
2971 2087 3156 2143 operae
3177 2071 3430 2144 pretium
3455 2075 3578 2128 erat
3599 2076 3667 2128 ut
3691 2071 3878 2128 etiam

2220 2159 2516 2235 principes
2541 2161 2610 2216 ad
2646 2159 2958 2216 concilium
2986 2159 3271 2228 venirent,
3304 2175 3440 2215 cum
3471 2160 3544 2216 ob
3573 2159 3634 2216 id
3690 2161 3883 2232 potis-

2221 2251 2440 2307 simum
2472 2249 2749 2306 celebrari
2781 2249 3018 2305 deberet
3046 2253 3112 2305 ut
3169 2249 3462 2322 expeditio
3491 2247 3702 2306 bellica
3766 2251 3879 2306 ad-

2219 2357 2422 2396 versus
2450 2339 2716 2396 inﬁdeles
2745 2339 3176 2405 decerneretur,
3199 2355 3328 2412 quae
3345 2355 3444 2396 eos
3476 2338 3733 2396 maxime
3749 2355 3881 2413 spe-

2221 2430 2435 2486 ctabat.
2459 2429 2590 2484 Hac
2619 2427 2902 2500 Raynoldi
2923 2427 3357 2500 metropolitani
3397 2427 3662 2500 epistola,
3713 2429 3878 2500 quod

2221 2517 2514 2592 encyclica
2534 2516 2750 2574 Urbani
2782 2515 3036 2590 perierit,
3071 2516 3308 2573 dabitur
3337 2517 3490 2574 inter
3516 2517 3646 2589 ejus
3676 2517 3880 2590 ponti-

2221 2609 2348 2664 ﬁcis
2377 2607 2621 2674 litteras,
2655 2622 2830 2678 quam
2863 2609 3144 2680 sequetur
3182 2603 3367 2662 altera
3413 2605 3540 2678 jam
3598 2605 3880 2678 superius

2219 2697 2478 2766 laudata,
2512 2711 2690 2768 quam
2717 2695 2976 2768 pontifex
3005 2695 3078 2751 ad
3099 2695 3478 2751 Lambertum
3509 2693 3774 2768 scripsit,
3814 2698 3882 2750 ut

2221 2789 2464 2860 paratus
2493 2784 2571 2842 sit
2593 2783 2860 2840 Ecclesiae
2892 2801 3012 2840 suae
3033 2791 3271 2840 causam
3294 2784 3574 2840 adversus
3603 2783 3882 2840 Camera-

2222 2891 2426 2932 censes
2447 2874 2508 2928 in
2539 2872 2786 2929 concilio
2816 2890 2952 2930 mox
2979 2872 3174 2929 futuro
3193 2888 3583 2946 propugnare.

2219 2980 2397 3036 CXCI.
2456 2979 2645 3037 Varias
2707 2979 2954 3050 regiones
3009 2983 3266 3050 peragrat
3317 2980 3588 3036 Urbanus.
3662 2980 3884 3036 Festive

2782 3051 2981 3122 ubique
3008 3053 3306 3122 susceptus.

2291 3139 2438 3195 Cum
2452 3139 2650 3210 itaque
2661 3138 2920 3211 pontifex
2930 3154 3022 3196 res
3044 3155 3162 3194 non
3185 3137 3266 3195 ita
3286 3137 3602 3212 dispositas
3621 3139 3883 3196 invenis-

458 3229 898 3304 chiepiscopum
947 3229 1341 3285 Viennensem
1373 3225 1635 3300 pontifici
1679 3225 2010 3282 Valentiam
2039 3226 2110 3282 ad
2155 3299 2184 3304 μ
2222 3232 2312 3286 set
2343 3232 2407 3284 ut
2435 3226 2746 3284 concilium
2779 3227 2967 3300 possit
2994 3227 3148 3284 intra
3176 3243 3394 3300 paucos
3411 3227 3537 3284 dies
3563 3226 3880 3294 celebrari,

457 3299 843 3376 dedicandam
865 3318 1148 3390 majorem
1165 3317 1296 3389 ejus
1310 3299 1472 3372 urbis
1485 3314 1790 3371 ecclesiam
1815 3315 2110 3371 accedenti
2141 3299 2186 3367 (ἶ
2223 3317 2413 3374 varias
2441 3317 2616 3374 urbes
2627 3333 2694 3372 ac
2706 3299 3038 3390 provincias
3054 3299 3352 3373 interdum
3379 3316 3630 3374 invisere
3651 3317 3882 3374 consti-

457 3407 801 3475 occurrisse,
834 3405 1033 3477 ibique
1061 3405 1397 3478 pontificem
1431 3403 1484 3460 ei
1523 3403 1678 3460 diem
1708 3403 1924 3460 dixisse
1954 3405 2109 3478 apud

458 3497 778 3564 Romanos,
809 3495 909 3552 ubi
939 3493 1169 3550 volebat
1191 3493 1356 3550 litem
1388 3493 1461 3550 de
1491 3492 1902 3550 Salmoricensi
1937 3509 2106 3568 pago,

458 3603 586 3660 quae
607 3583 961 3658 jamdudum
979 3581 1133 3640 inter
1162 3583 1358 3657 ipsum
1379 3587 1439 3640 et
1466 3587 1772 3656 Hugonem
1801 3583 2110 3639 Gratiano-

455 3673 785 3749 politanum
815 3673 1152 3746 episcopum
1183 3674 1538 3740 vertebatur,
1574 3672 1815 3730 omnino
1845 3671 2106 3729 deﬁnire.

456 3763 665 3820 Adfuit
688 3762 874 3836 Hugo,
901 3766 966 3819 ut
994 3763 1120 3837 ipse
1143 3763 1214 3820 de
1231 3780 1294 3820 se
1321 3763 1602 3836 loquitur,
1627 3761 1721 3818 die
1739 3762 2114 3818 condictazat

458 3851 667 3921 Guido,
687 3851 841 3909 haud
852 3852 1097 3908 dubium
1111 3853 1266 3925 quod
1281 3868 1470 3908 causa
1489 3868 1607 3907 suis
1621 3851 1932 3918 difﬁderet,
1947 3867 2114 3906 occu-

455 3943 590 4016 pata
603 3939 715 3996 loci
733 3940 1144 3998 Rotmanensis
1156 3939 1502 4008 munitione,
1527 3939 1922 3996 comminatus
1942 3942 2032 3995 est
2052 3955 2114 3995 se

457 4046 674 4104 papam
697 4028 778 4086 ibi
810 4034 1196 4097 retenturum,
1221 4029 1270 4084 si
1302 4033 1504 4084 contra
1531 4027 1731 4102 ipsum
1762 4028 2113 4084 sententiam

460 4119 664 4187 ferret;
697 4134 880 4192 quare
904 4117 1181 4190 pontifex,
1205 4121 1268 4172 ut
1292 4116 1646 4174 mitissimus
1667 4121 1812 4185 erat,
1819 4115 2112 4188 judicium

459 4207 641 4281 hujus
669 4205 791 4264 litis
816 4207 887 4263 ad
917 4207 1178 4262 futuram
1201 4207 1489 4280 synodum
1511 4205 1844 4264 reservavit.
1867 4206 1954 4261 An
1973 4221 2108 4261 vero

461 4297 824 4354 Botmannos
851 4301 994 4352 tunc
1035 4294 1244 4352 adierit
1279 4341 1292 4363 ,
1323 4312 1439 4352 non
1472 4297 1615 4352 adeo
1647 4297 1869 4351 certum
1898 4297 2022 4362 est;
2053 4294 2112 4350 id

461 4390 658 4442 tamen
695 4385 941 4441 innuere
969 4384 1200 4440 videtur
1227 4385 1414 4458 Hugo,
1447 4385 1548 4441 sed
1579 4386 1848 4442 observat
1875 4383 2114 4455 pontifi-

461 4490 590 4531 cem
618 4473 729 4530 hac
773 4473 1078 4531 occasione
1123 4490 1220 4529 suo
1257 4475 1409 4547 jure,
1452 4473 1674 4531 abbatia
1701 4473 1948 4530 videlicet
1991 4474 2112 4530 Rot-

459 4565 894 4636 manensi,'quze
943 4564 1013 4618 ad
1061 4563 1386 4620 Romanam
1435 4562 1754 4620 Ecclesiam
1787 4563 2115 4637 pertinebat

458 4652 832 4725 exspoliatum
859 4655 1048 4724 fuisse.

461 4741 610 4799 CXC.
643 4742 828 4798 Anicii
857 4740 1056 4798 indicit
1099 4742 1400 4798 concilium
1444 4740 1591 4814 apud
1631 4741 2112 4800 Clarummontem.

531 4831 614 4885 Ex
643 4829 738 4886 his
767 4833 927 4904 patet
957 4830 1255 4888 Urbanum
1285 4833 1420 4904 post
1449 4828 1780 4886 dedicatam
1811 4830 1980 4888 initio
1999 4835 2113 4890 Au-

458 4918 619 4992 gusti
648 4918 1021 4976 Valentinam
1064 4918 1392 4986 ecclesiam,
1428 4918 1548 4974 sive
1579 4935 1681 4991 per
1721 4918 2115 4978 Rotmanense

462 5007 768 5082 oppidum,
787 5009 905 5066 sive
925 5009 1042 5065 alia
1071 5007 1333 5082 qualibet
1357 5007 1467 5074 via,
1499 5006 1672 5080 paulo
1691 5011 1824 5064 ante
1854 5009 2117 5066 medium

460 5096 726 5169 ejusdem
739 5097 963 5155 mensis
985 5096 1232 5171 Augusti
1249 5097 1518 5154 Anicium
1534 5095 1972 5166 advenisse,ubi
1983 5115 2118 5154 con-

461 5185 663 5243 cilium
697 5187 854 5260 quod
902 5192 1107 5260 postea
1135 5187 1290 5260 apud
1317 5185 1819 5243 Clarummontem
1849 5186 2114 5244 habitum

461 5279 570 5344 est,
603 5275 898 5334 celebrare
927 5275 1327 5333 constituerat.
1363 5276 1426 5332 Id
1460 5275 1736 5332 ultimum
1766 5275 1983 5332 diserte
2014 5276 2115 5332 ha-

461 5365 605 5422 bent
653 5367 925 5422 auctores
965 5365 1141 5422 etiam
1192 5365 1464 5439 aequales.
1536 5367 1840 5422 Transactis
1887 5365 2116 5437 Alpibus

459 5453 657 5526 inquit
675 5453 949 5512 Albertus
975 5454 1264 5528 Aquensis
1295 5455 1444 5512 libro
1475 5473 1495 5512 ι
1529 5453 1790 5512 Historiae
1821 5453 2113 5528 Jerosoly-

462 5542 719 5613 mitante,
767 5549 1090 5602 conventum
1155 5547 1319 5602 totius
1367 5545 1715 5602 occidentalis
1766 5545 2037 5608 Francia,
2065 5549 2116 5601 et

460 5633 760 5690 concilium
787 5633 933 5706 apud
962 5634 1197 5692 Pedium
1223 5637 1500 5690 civitatem
1527 5633 1740 5690 Sancta
1769 5634 1964 5690 Mariae
1990 5635 2119 5704 ﬁeri

461 5718 715 5776 decrevit.
741 5724 899 5777 Hanc
929 5723 1236 5795 synodum,
1263 5721 1314 5778 si
1345 5720 1639 5778 Willelmo
1661 5719 1906 5793 Tyrensi
1925 5721 2114 5778 archi-

462 5807 736 5883 episcopo
766 5812 1091 5883 credamus,
1111 5813 1356 5886 primum
1377 5809 1522 5883 apud
1545 5809 1890 5883 Vigiliacum,
1909 5809 2116 5872 deinde

2218 3405 2354 3476 tuit,
2381 3407 2440 3461 in
2457 3405 2673 3480 quibus
2703 3403 2980 3462 ecclesias
2995 3405 3312 3474 dedicaret,
3335 3409 3438 3462 aut
3466 3405 3725 3478 negotia,
3744 3423 3882 3479 quae

2211 3495 2566 3568 jamdudum
2589 3494 2838 3552 excitata
2855 3494 3290 3551 terminarinon
3312 3497 3647 3568 potuerant,
3671 3511 3882 3552 coram

2219 3586 2448 3660 positus
2473 3585 2702 3642 facilius
2733 3589 3126 3658 componeret,
3158 3584 3313 3658 quod
3342 3584 3414 3640 ab
3456 3583 3586 3656 ipso
3645 3585 3881 3641 factum

2219 3675 2402 3732 fuisse
2433 3673 2718 3730 discimus
2747 3689 2818 3729 ex
2845 3672 3024 3729 variis
3049 3673 3272 3746 passim
3293 3673 3706 3730 instrumentis
3729 3673 3888 3730 anti-

2221 3763 2353 3837 quis
2375 3767 2433 3820 et
2463 3761 2780 3836 pontificiis
2809 3761 3254 3834 diplomatibus.
3279 3761 3494 3818 Mirum
3534 3765 3734 3819 autem
3789 3767 3889 3820 est

2223 3856 2438 3926 quanto
2471 3852 2653 3909 animi
2684 3851 2916 3922 affectu,
2952 3855 3242 3924 quantave
3271 3853 3593 3907 reverentia
3612 3852 3888 3924 pontifex

2221 3943 2440 4014 ubique
2461 3945 2728 4014 receptus
2759 3939 2953 4009 fuerit,
3002 3957 3106 4014 pro
3163 3941 3366 3996 innata
3411 3939 3470 3995 in
3514 3941 3888 3999 Francorum

2222 4031 2520 4088 mentibus
2551 4046 2690 4104 erga
2719 4030 2918 4088 sedem
2951 4029 3331 4102 apostolicam
3351 4033 3410 4086 et
3427 4029 3558 4101 ejus
3580 4029 3890 4088 antistites

2222 4120 2450 4177 sincera
2477 4119 2800 4188 devotione,
2834 4135 2963 4192 quae
2993 4135 3060 4175 eo
3093 4119 3282 4191 major
3322 4122 3464 4174 tunc
3521 4117 3656 4185 fuit,
3716 4122 3886 4194 quod

2221 4209 2483 4284 pontifex
2511 4226 2580 4266 ex
2607 4208 2739 4282 ipsa
2766 4208 3052 4265 Francicze
3082 4207 3273 4282 gentis
3290 4207 3596 4264 nobilitate
3615 4215 3890 4278 exortus,

2224 4299 2533 4356 sanctitate
2563 4313 2629 4354 ac
2653 4297 2871 4354 virtute
2897 4301 2957 4353 et
2986 4296 3252 4353 doctrina
3302 4295 3545 4353 celebris
3594 4302 3779 4365 esset,
3834 4303 3896 4354 et

2223 4387 2516 4462 praeclaris
2547 4385 2754 4443 animae
2791 4403 2858 4442 ac
2886 4385 3148 4458 corporis
3179 4384 3413 4442 dotibus
3443 4386 3624 4458 probe
3649 4387 3896 4442 instru-

2222 4480 2372 4534 ctus.
2403 4476 2579 4532 Addit
2608 4474 2922 4532 Guibertus
2950 4473 3126 4531 aliam
3153 4478 3328 4530 tantae
3355 4473 3568 4530 laetitiae
3595 4491 3852 4534 causam
3878 4495 3892 4532 :

2221 4571 2395 4638 Papa,
2425 4565 2637 4637 inquit,
2667 4565 2830 4634 regni
2857 4565 3034 4620 nostri
3061 4563 3198 4634 ﬁnes
3230 4563 3544 4636 ingrediens
3573 4567 3733 4621 tanta
3786 4583 3894 4621 ur-

2141 4672 2190 4738 D
2223 4657 2393 4723 bium,
2412 4652 2756 4727 oppidorum,
2785 4655 3156 4725 villarumque
3189 4653 3387 4710 laetitia
3415 4657 3468 4709 et
3523 4657 3902 4712 concursione

2226 4746 2520 4817 accipitur,
2554 4746 2757 4814 quanto
2777 4744 3025 4798 omnium
3079 4744 3176 4814 qui
3230 4741 3545 4808 adviverent
3601 4747 3901 4802 memoriis

2225 4835 2621 4905 incompertum
2646 4833 2829 4904 fuerat
2859 4830 3000 4903 quod
3029 4830 3328 4903 aliquando
3371 4831 3684 4902 apostolica
3743 4833 3903 4890 sedis

2223 4923 2469 4979 antistes
2488 4923 2549 4976 in
2602 4921 2848 4991 regiones
2903 4919 3000 4976 has
3051 4921 3262 4976 venisse
3318 4919 3611 4976 videretur.
3675 4919 3906 4978 Nullus

2225 5011 2442 5084 quippe
2471 5009 2731 5084 pontifex
2760 5027 2796 5066 a
2823 5008 3030 5074 Leonis
3063 5011 3141 5066 IX
3169 5013 3431 5083 tempore
3452 5007 3514 5064 in
3543 5007 3773 5068 Gallias
3822 5012 3906 5069 ad

2225 5098 2444 5157 Urbani
2466 5103 2733 5172 tempora
2759 5098 2990 5156 venisse
3021 5102 3402 5155 memoratur.

2224 5205 2436 5264 CXCII.
2463 5205 2762 5278 Ecclesiam
2791 5205 2940 5262 Casae
2969 5206 3072 5260 Dei
3117 5205 3348 5278 dedicat.
3389 5204 3698 5278 Privilegia
3755 5224 3905 5266 con-

2534 5277 2692 5333 cedit.
2724 5278 2858 5334 Item
2885 5277 3182 5334 Basiliensi
3195 5276 3550 5350 parthenoni.

2295 5365 2564 5424 Urbanus
2588 5364 2786 5440 itaque
2813 5365 3015 5424 Anicio
3047 5381 3344 5440 egressus,
3376 5365 3636 5440 primum
3659 5365 3728 5423 in
3759 5384 3906 5426 mo-

2225 5455 2550 5537 nasterium
2581 5455 2738 5512 Cassa
2751 5454 2855 5512 Dei
2871 5454 3178 5513 divertisse
3189 5455 3436 5526 videtur,
3469 5454 3570 5512 ubi
3591 5455 3666 5512 ad
3681 5471 3910 5529 preces

2224 5544 2413 5601 Pontii
2436 5546 2563 5617 ejus
2585 5543 2697 5602 loci
2729 5544 2960 5602 abbatis
2992 5543 3301 5602 ecclesiam
3330 5562 3365 5602 a
3394 5547 3596 5602 sancto
3626 5544 3912 5604 Roberto

2225 5633 2415 5708 primo
2447 5632 2784 5690 monasterii
2815 5633 3024 5690 abbate
3055 5637 3112 5690 et
3132 5633 3432 5691 conditore
3462 5633 3796 5706 incoeptam
3849 5643 3914 5694 et

2224 5724 2298 5781 ab
2326 5723 2454 5796 ipso
2486 5721 2686 5779 Pontio
2712 5727 2854 5780 tunc
2885 5722 3238 5794 absolutam,
3263 5723 3324 5780 in
3347 5723 3630 5781 honorem
3651 5731 3913 5783 sancto-

2223 5829 2356 5870 rum
2383 5811 2590 5872 Vitalis
2622 5815 2681 5872 et
2710 5811 2991 5886 Agricolae
3013 5817 3339 5886 martyrum
3361 5811 3708 5874 solemniter
3728 5813 3915 5876 dedi-
