3962 6398
129 407 237 491 157

1722 404 1933 498 iam.

3410 430 3530 503 188

128 563 267 621 cavit
309 580 383 620 xv
429 560 721 622 Kalendas
782 559 1160 640 Septembris.
1219 563 1281 622 Id
1329 560 1456 640 ipse
1511 565 1769 640 pontifex
1796 567 1853 638 Α
1881 572 2148 628 recturus
2174 569 2432 646 primum
2457 568 3073 644 diverterit,ineertum
3094 573 3203 630 est.
3234 571 3528 632 Habemus

122 657 367 711 testatur
384 652 443 709 in
478 653 641 710 bulla
661 671 836 728 quam
856 654 1030 728 paulo
1045 658 1179 728 post
1207 655 1394 711 eidem
1415 656 1769 713 monasterio

125 744 267 818 apud
301 744 589 799 Sanctum
611 743 903 816 [Egidium
936 744 1326 801 concessit.De
1353 745 1447 802 his
1478 750 1643 802 vetus
1666 764 1769 802 au-

123 838 240 889 ctor
275 830 544 889 Historia
589 835 716 905 ejus
759 832 868 888 loci
914 834 996 889 sic
1041 833 1301 907 loquitur
1351 853 1363 890 :
1418 840 1582 891 Ληηο
1629 836 1769 891 1095

125 923 366 981 Urbanus
391 939 540 995 papa
556 923 626 978 ad
634 939 822 994 preces
856 923 1073 979 abbatis
1114 926 1296 979 nostri
1337 924 1549 993 Pontii,
1585 925 1771 981 basili—

118 1029 233 1068 cam
263 1012 653 1068 Casedeensem
681 1029 714 1067 a
745 1013 898 1068 beato
928 1013 1153 1068 Roberto
1198 1014 1506 1084 innuptam,
1538 1016 1772 1086 tuncque

121 1102 417 1157 absolutam
460 1108 514 1157 et
558 1106 988 1157 consummatam
1011 1102 1387 1158 solemni‘ritu
1416 1102 1506 1157 die
1554 1104 1620 1158 18
1662 1108 1771 1159 Au-

117 1193 259 1260 gusti
280 1190 575 1259 dedicavit,
606 1207 673 1246 ac
697 1192 865 1263 paulo
890 1196 1010 1262 post
1038 1194 1431 1247 monasterium
1469 1193 1701 1249 liberum.
1718 1201 1770 1249 et

116 1282 357 1336 immune
400 1281 467 1335 ab
517 1282 889 1352 episcoporum
927 1281 1314 1352 jurisdictione
1353 1284 1501 1353 fecit,
1536 1290 1595 1337 ut
1621 1286 1769 1355 patet

115 1384 183 1425 ex
217 1369 515 1441 diplomate
559 1370 859 1442 pontiﬁcio.
894 1369 1195 1436 Consentit
1244 1370 1560 1426 Gaufridus
1612 1372 1771 1445 prior

111 1454 431 1525 Vosiensis,
468 1457 569 1530 qui
600 1458 660 1512 in
692 1458 973 1514 Chronico
1006 1460 1088 1514 ait
1118 1459 1416 1514 Urbanum
1467 1459 1575 1515 hoc
1616 1477 1768 1516 anno

111 1549 505 1603 monasterium
555 1546 744 1602 Sancti
786 1549 1005 1604 Roberti
1050 1548 1115 1603 de
1158 1552 1297 1606 Casa
1340 1550 1439 1604 Dei
1478 1551 1539 1604 in
1568 1550 1771 1605 honore

106 1642 425 1692 sanctorum
453 1638 718 1706 Agricolae
748 1641 796 1692 et
832 1639 1045 1707 Vitatis,
1091 1654 1324 1711 quorum
1348 1636 1632 1711 reliquias
1662 1640 1767 1695 ibi-

108 1726 225 1782 dem
272 1726 549 1797 quondam
596 1727 768 1782 Renco
818 1728 1097 1799 episcopus
1141 1727 1500 1783 Arvernensis
1538 1728 1766 1784 colloca-

109 1824 279 1883 verat,
297 1832 372 1870 xv
399 1815 681 1871 Kalendas
728 1815 1055 1886 Septembris
1104 1832 1459 1872 consecrasse.
1496 1817 1557 1872 In
1589 1816 1766 1872 veteri

1881 659 2116 732 quidem
2164 679 2284 735 pra
2332 663 2604 719 manibus
2644 661 3012 737 privilegium
3042 681 3078 718 x
3108 661 3395 721 Kalendas
3424 665 3530 721 Se-

1880 750 2163 820 ptembris
2191 752 2371 823 hujus
2402 752 2541 808 anni
2572 768 2919 813 concessum
2948 752 3247 809 canonicis
3278 752 3531 811 ecclesia

1879 838 2231 896 cathedralis
2256 840 2596 909 Caturcina,
2630 840 2730 914 qui
2762 840 3091 914 regularem
3121 841 3299 897 vitam
3331 857 3531 897 recens

1878 926 2129 999 amplexi
2164 929 2520 997 fuerant,scd
2546 947 2677 985 cum
2712 930 2767 984 in
2802 929 3034 1002 vulgato
3061 928 3325 1001 exemplo
3346 930 3534 988 Romae

1879 1016 2084 1072 datum
2115 1017 2360 1087 dicatur,
2395 1019 2549 1092 quod
2579 1023 2669 1074 est
2698 1018 2936 1074 omnino
2966 1017 3350 1090 impossibile,
3383 1018 3530 1074 nihil

1879 1105 1997 1161 fere
2026 1105 2176 1162 lucis
2202 1108 2405 1163 afferre
2425 1106 2757 1180 potest,nisi
2780 1108 2926 1163 forte
2962 1124 3067 1180 pro
3090 1108 3283 1163 Roma
3304 1107 3533 1180 legatur

1879 1196 2266 1267 Romanis,qui
2298 1196 2462 1252 locus
2493 1201 2582 1252 est
2611 1196 2672 1251 in
2704 1194 3019 1261 Dalﬁnatu,
3053 1195 3318 1252 dicacesis
3355 1196 3544 1261 Vien:

1880 1284 2100 1351 neusis,
2138 1285 2370 1339 abbatis
2400 1284 2775 1359 insignis,ubi
2806 1285 3084 1357 pontifex,
3118 1287 3203 1340 uti
3251 1285 3531 1355 diximus,

1876 1371 2041 1427 litem
2073 1373 2145 1429 de
2175 1373 2620 1429 Salmoriacensi
2644 1389 2791 1447 pago
2812 1373 3086 1430 dirimere
3108 1374 3491 1431 constituerat
3515 1391 3528 1430 :

1874 1478 2077 1516 verum
2110 1462 2210 1517 illa
2239 1462 2526 1517 restitutio
2549 1463 2737 1535 magis
2760 1462 3058 1529 arriderct,
3089 1463 3138 1518 si
3167 1465 3302 1519 data
3325 1461 3532 1520 fuisset

1876 1550 1997 1605 hac
2028 1548 2189 1605 bulla
2217 1550 2382 1605 initio
2413 1550 2592 1623 hujus
2624 1550 2864 1617 mensis,
2901 1568 3016 1622 quo
3045 1555 3270 1607 certum
3303 1556 3414 1621 est,
3445 1552 3531 1608 uti

1877 1638 2582 1712 probavimus,Urbanum
2602 1638 2927 1695 Valentiam
2951 1640 3228 1709 adiisse,a
3247 1657 3365 1712 qua
3387 1642 3532 1697 urbe

1876 1728 2035 1783 haud
2069 1727 2320 1783 multum
2353 1729 2719 1785 Romanense
2751 1729 3171 1784 monasterium
3204 1729 3533 1786 distat.Huc

1876 1822 2072 1872 tamen
2106 1814 2328 1871 bullam
2348 1816 2507 1872 illam
2528 1833 2797 1873 revocare
2824 1817 3015 1873 visum
3046 1810 3287 1890 est,qua
3310 1835 3530 1874 annum

109 1903 321 1960 notitia
344 1920 472 1976 qua
492 1903 803 2002 subjicitur
818 1902 989 1959 bulla
1008 1905 1318 1977 pontificia
1341 1922 1476 1961 mox
1496 1905 1766 1978 laudata,
1800 1937 1848 2002 B
1880 1906 2017 1960 1096
2047 1908 2174 1978 ejus
2206 1905 2427 1962 scilicet
2454 1907 2590 1960 anni
2624 1905 2859 2002 initium
2884 1923 2917 1961 a
2945 1906 3152 1962 Martio
3184 1907 3531 1979 praecedenti

109 1997 514 2051 memorantur
542 1992 783 2065 quidam
813 1993 1067 2066 episcopi
1119 1993 1218 2066 qui
1267 1994 1531 2066 pontiﬁci
1565 1995 1624 2049 in
1661 1994 1771 2051 hac

107 2081 472 2140 solemnitati
504 2082 1009 2139 adfuerunt.Facta
1029 2086 1107 2138 est
1127 2087 1403 2150 autem,ut
1430 2083 1507 2139 ibi
1532 2083 1767 2157 legitur,

105 2172 464 2228 dedicationis
493 2171 658 2243 hujus
682 2173 999 2227 solemnitas
1028 2189 1103 2227 xv
1132 2173 1403 2228 Kalendas
1433 2174 1768 2245 Septembris

98 2262 474 2335 prasentibus
523 2266 575 2316 et
616 2263 1027 2332 cooperantibus
1075 2262 1293 2317 domino
1334 2279 1496 2335 papa?
1557 2263 1769 2319 Urbano

104 2351 416 2407 reret-endis
463 2351 727 2422 episcopis
772 2352 996 2421 Hugone
1053 2351 1424 2421 Lugdunensi,
1490 2352 1768 2409 Aldeberto

105 2440 463 2508 Bituricensi,
528 2440 719 2495 Amato
788 2439 1196 2512 Burdigalensi,
1254 2441 1512 2497 Duranrlo
1570 2444 1767 2498 Arver-

103 2532 280 2597 nensi.
318 2531 540 2601 Hugone
562 2520 1096 2601 Gratiampo'titano,
1143 2530 1361 2586 Giraldo
1414 2530 1767 2597 Cadurcensi,

103 2622 312 2676 Joanne
378 2619 689 2683 Portuensi,
758 2617 1009 2674 Daiberto
1066 2620 1288 2686 Pisano,
1360 2621 1618 2676 Brunone
1682 2621 1767 2676 Si-

104 2710 317 2778 gnensi.
353 2707 417 2763 In
452 2708 581 2780 ejus
611 2707 879 2763 beneficii
913 2709 1257 2764 memoriam
1292 2707 1512 2764 Urbani
1556 2726 1769 2766 nomen

104 2815 218 2854 non
249 2796 451 2853 solum
495 2795 556 2850 in
599 2798 753 2851 Casa
803 2795 905 2851 Dei
963 2796 1224 2869 principe
1257 2798 1633 2867 mdnasterio,
1667 2800 1769 2854 sed

104 2887 283 2944 etiam
338 2885 399 2941 in
449 2882 611 2941 cellis
659 2883 711 2940 ei
766 2885 1049 2956 subjectis
1096 2886 1322 2942 celebre
1370 2886 1570 2953 evasit,
1598 2892 1664 2943 ut
1700 2904 1770 2943 ex

104 2974 454 3049 Necrologio
484 2973 682 3030 Sancti
701 2974 935 3030 Roberti
955 2973 1332 3030 Cornillionis
1349 2992 1528 3048 prope
1551 2977 1772 3033 Gratia-

102 3063 364 3139 nopolim
398 3067 583 3136 patet.
618 3062 830 3117 Prater
857 3062 1081 3118 bullam
1123 3064 1395 3137 superius
1444 3064 1767 3135 laudatam,

101 3155 255 3213 aliud
274 3151 657 3227 privilegium
674 3152 965 3207 concessit
990 3152 1257 3210 Urbanus
1270 3153 1458 3209 eidem
1479 3161 1769 3212 monaste-

1880 1995 2213 2067 repetendo.
2263 1999 2327 2050 ut
2375 1994 2726 2068 plerumque
2775 1994 2920 2063 alia,
2975 1996 3206 2067 prafert
3257 2000 3547 2063 :certum

1879 2083 2095 2156 quippe
2126 2100 2193 2139 ex
2232 2082 2363 2139 aliis
2410 2084 2563 2139 notis
2612 2100 2742 2139 eam
2789 2083 2861 2139 ad
2915 2087 3261 2156 prasentem
3311 2101 3532 2141 annum

1878 2173 2186 2244 pertinere,
2221 2189 2326 2227 nec
2355 2171 2622 2245 sequenti
2649 2176 2976 2246 competere
3004 2189 3195 2246 posse.

1878 2277 2110 2334 CXCIV.
2143 2280 2414 2335 Nemauso
2439 2280 2742 2335 transierit.
2774 2279 2930 2352 Apud
2959 2279 3015 2335 S.
3047 2278 3329 2352 ngidium
3355 2296 3535 2337 versa-

2282 2359 2392 2406 tur.
2417 2352 2782 2422 Privilegium
2813 2350 3129 2408 Casa-Dei;
3330 2412 3331 2415 η
3488 2369 3492 2372 ’

1949 2440 2066 2495 Sub
2098 2440 2273 2495 ﬁnem
2306 2439 2526 2496 mensis
2565 2439 2819 2513 Augusti
2868 2441 3129 2513 pontifex
3175 2440 3534 2507 Nemausum

1879 2527 2094 2585 adiisse
2122 2529 2371 2584 videtur.
2388 2529 2615 2585 Etenim
2646 2527 2781 2584 licet
2813 2528 3046 2584 nonnisi
3079 2545 3233 2584 anno
3266 2530 3534 2602 sequenti

1880 2619 2008 2690 ejus
2053 2618 2220 2683 urbis
2263 2617 2570 2674 ecclesiam
2605 2617 2978 2682 dedicaverit,
3012 2621 3077 2673 ut
3122 2618 3202 2673 ibi
3241 2619 3535 2674 ostensuri

1879 2724 2110 2775 sumus,
2144 2724 2279 2763 cum
2312 2712 2508 2763 tamen
2560 2712 2764 2763 auctor
2811 2706 3080 2763 Chronici
3130 2705 3532 2771 Malleacensis

1878 2795 2178 2868 scripserit
2206 2796 2506 2852 Urbanum
2536 2801 2699 2865 tunc,
2732 2796 2792 2851 id
2823 2801 2911 2852 est
2934 2813 3086 2852 anno
3120 2797 3259 2852 1096
3297 2798 3548 2869 Νιεητραιι-⁴

1876 2902 1999 2941 sum
2028 2902 2313 2950 remeasse,
2350 2886 2495 2942 satis
2525 2885 2720 2941 innuit
2748 2902 2883 2941 eum
2902 2886 3026 2957 jam
3081 2890 3213 2941 ante
3262 2886 3536 2953 invisisse

1876 2974 2028 3030 hanc
2085 2968 2311 3031 urbem.
2345 2976 2414 3030 Et
2469 2975 2707 3048 quidem
2768 2978 2988 3031 certum
3050 2980 3139 3032 est
3196 2975 3534 3048 pontificem

1878 3063 2095 3119 festum
2130 3062 2318 3119 sancti
2347 3062 2557 3137 {Egidii
2588 3064 2783 3136 prima
2811 3063 2904 3120 die
2924 3064 3281 3136 Septembris
3303 3063 3363 3119 in
3385 3065 3538 3135 ejus-

1878 3151 2012 3208 dem
2046 3151 2232 3207 sancti
2265 3152 2620 3208 monasterio
2646 3152 2831 3208 Vallis
2868 3152 3239 3221 Flaviniana,
3275 3154 3429 3225 quod
3462 3153 3547 3229 ad,

102 3246 184 3301 rio
208 3244 269 3299 in
304 3244 426 3299 ista
455 3243 1042 3314 memoratum,quod
1081 3243 1229 3299 forte
1259 3243 1435 3299 etiam
1468 3246 1771 3301 occasione
1809 3306 1841 3314 _
1883 3240 2183 3298 dioecesim
2214 3242 2674 3298 Nemausensem
2723 3241 2994 3314 pertinet,
3026 3243 3136 3299 hoc
3186 3259 3338 3298 anno
3387 3242 3534 3313 cele-

100 3334 280 3406 hujus
314 3330 707 3387 dedicationis
740 3306 942 3386 datum
976 3336 1082 3387 est.
1115 3331 1350 3388 Nullam
1382 3332 1558 3389 habet
1586 3333 1646 3389 in
1674 3351 1772 3390 no-
1884 3331 2172 3387 brasse.Id
2198 3331 2558 3404 quippeipse
2578 3306 2839 3403 pontifex
2856 3306 3108 3387 testatur
3130 3330 3189 3386 in
3213 3310 3534 3405 privilegio,

101 3427 226 3479 stro
251 3419 529 3494 exemplo
580 3418 916 3476 chronicam
967 3422 1350 3494 notam,quod
1381 3420 1512 3478 ideo
1544 3422 1659 3479 huc
1685 3439 1773 3479 re-

100 3528 311 3569 vocare
341 3510 542 3566 visum
571 3514 679 3565 est.
716 3508 779 3564 In
812 3525 877 3564 eo
903 3514 1283 3566 recensentur
1312 3511 1605 3583 praecipua
1644 3529 1775 3567 mo-

101 3600 361 3657 nasteria
379 3601 541 3654 Casa
572 3597 668 3654 Dei
690 3602 831 3653 tunc
855 3599 1212 3671 subjecta,ac
1228 3599 1277 3671 ej
1288 3617 1357 3655 us
1371 3602 1785 3672 possessiones

102 3691 570 3757 confirmantur;
628 3692 756 3742 tum
817 3692 973 3743 vetat
1036 3688 1297 3761 pontifex
1353 3705 1427 3744 ne
1481 3691 1608 3762 ejus
1664 3690 1774 3747 loci

102 3780 283 3836 abbas
329 3779 617 3850 cuiquam
665 3777 1049 3848 subjectionis
1104 3778 1530 3850 professionem
1578 3781 1771 3851 faciat,

102 3869 262 3926 salva
290 3873 499 3924 tamen
550 3865 751 3922 debita
802 3866 1074 3940 episcopo
1102 3867 1456 3924 Arvernensi
1503 3885 1773 3926 reveren-

99 3958 197 4015 tia.
344 3976 351 3981 ’
1309 3977 1313 3981 ·

164 4050 245 4104 Eo
274 4038 410 4121 ipso
443 4046 535 4101 die
566 4062 682 4117 quo
713 4049 1048 4101 consecrata
1067 4045 1437 4102 fuitecclesia
1466 4052 1621 4103 Casa
1646 4047 1770 4116 Dei,

98 4138 373 4195 Urbanus
406 4137 481 4192 ad
530 4134 866 4208 petitionem
898 4134 1205 4191 Florentia
1251 4135 1617 4205 Blasiliensis
1644 4155 1771 4211 par-

97 4226 376 4283 thenonis
409 4223 719 4280 abbatissa
751 4224 905 4296 apud
937 4222 1225 4281 Arvernos
1262 4225 1568 4299 privilegia
1612 4228 1766 4299 ejus-

100 4317 230 4373 dem
266 4315 384 4371 Ioci
417 4313 806 4380 conﬁrmavit,
841 4329 906 4368 ac
931 4314 1353 4371 monasterium
1386 4315 1582 4388 ipsum
1612 4318 1767 4388 quod

102 4407 172 4461 ab
220 4402 627 4477 Ermengarde
676 4402 977 4458 comitissa
1025 4405 1152 4476 ejus
1206 4404 1522 4460 conditrice
1567 4410 1767 4462 sancto

99 4494 268 4552 Petro
302 4492 573 4550 oblatum
606 4491 812 4559 fuerat,
837 4491 947 4546 sub
977 4490 1214 4564 speciali
1248 4492 1577 4564 apostolicae
1610 4494 1767 4551 sedis

99 4583 285 4640 tutela
320 4586 763 4638 antecessorum
794 4597 1038 4636 suorum
1072 4581 1333 4654 exemplo
1383 4584 1660 4655 suscepit.
1694 4587 1766 4639 At

1886 3421 2040 3491 quod
2071 3419 2298 3476 Odiloni
2329 3420 2523 3477 abbati
2556 3420 2820 3490 ejusdem
2852 3418 2960 3476 loci
3014 3420 3187 3493 paulo
3229 3424 3363 3493 post
3400 3437 3537 3477 con-

1886 3510 2146 3577 cessit,in
2173 3527 2287 3582 quo
2319 3510 2400 3565 ait
2425 3526 2486 3565 se
2514 3526 2645 3580 erga
2675 3507 2891 3564 beatum
2938 3511 3231 3579 ngidium
3258 3510 3542 3568 devotione

1882 3602 2179 3670 ferventem
2209 3598 2536 3655 coercuisse
2566 3598 3022 3654 Nemausensem
3053 3599 3416 3671 episcopum,
3437 3599 3538 3671 qui

1883 3690 2010 3760 ejus
2042 3686 2151 3742 loci
2183 3686 2488 3743 monachis
2522 3686 2787 3742 infensus
2818 3686 3053 3741 erat.Ibi
3086 3687 3276 3741 adhuc
3298 3689 3423 3741 erat
3445 3687 3538 3743 die

1884 3780 1918 3832 7
1948 3776 2465 3849 Septembris,qua
2496 3775 2851 3831 monasterio
2875 3774 3030 3831 Casa
3049 3775 3149 3831 Dei
3166 3775 3536 3849 privilegium

1883 3867 2193 3932 concessit,
2240 3863 2308 3920 in
2361 3882 2498 3938 quo,
2532 3869 2598 3920 ut
2644 3865 2818 3921 modo
2873 3864 3236 3934 dicebamus,
3283 3863 3534 3921 alterum

1884 3957 2070 4014 eidem
2104 3955 2230 4012 loco
2255 3955 2381 4026 jam
2414 3952 2954 4021 indultum,additis
2984 3953 3364 4010 nonnullisin
3409 3971 3537 4029 gra-

1884 4046 2025 4101 tiam
2061 4044 2315 4101 basilica
2350 4061 2383 4098 a
2414 4060 2475 4099 se
2505 4060 2707 4114 recens
2738 4047 3086 4099 consecrata
3119 4042 3534 4116 prarogativis,

1883 4133 2268 4191 conﬁrmavit.
3123 4145 3128 4149 '

2003 4223 2204 4279 CXCV.
2244 4225 2540 4278 Tarascone
2570 4223 2746 4278 locum
2776 4224 3099 4277 monasterii
3123 4221 3406 4277 benedicit.
3474 4288 3479 4293 η

1949 4314 2089 4368 Inde
2119 4314 2466 4380 Tarascone,
2501 4313 2655 4384 quod
2687 4310 2967 4384 oppidum
3000 4315 3088 4366 est
3131 4310 3436 4366 Provinciae
3470 4310 3529 4366 in

1878 4402 2119 4459 sinistra
2136 4401 2400 4457 Rhodani
2425 4400 2552 4473 ripa
2573 4399 2747 4472 paulo
2774 4398 2928 4455 infra
2952 4399 3303 4455 Avenionem
3325 4399 3529 4469 situm,

1875 4490 2190 4555 transiens,
2223 4489 2537 4561 quemdam
2569 4487 2763 4545 locum
2803 4507 2837 4544 a
2884 4488 3203 4561 Stephania
3232 4482 3541 4543 comitissa‘

1876 4578 2231 4637 monasterio
2263 4578 2461 4633 Sancti
2488 4577 2737 4634 Victoris
2770 4575 3177 4645 Massiliensis,
3213 4582 3278 4631 ut
3326 4575 3407 4631 ibi
3439 4593 3533 4631 ec—

102 4671 247 4728 nihil
279 4671 465 4727 habet
490 4669 752 4742 pontifex
782 4668 852 4724 de
883 4668 1139 4741 querelis
1170 4687 1316 4743 quas
1348 4671 1614 4742 ejusdem
1656 4671 1765 4727 loci
1792 4677 1840 4743 1)
1872 4670 2051 4728 clesia
2073 4665 3187 4733 construeretur,datum,assistentibus
3212 4664 3320 4720 sibi
3343 4663 3535 4720 tribus

99 4754 589 4818 sanctimoniales
620 4763 679 4814 et
705 4757 893 4814 clerici
928 4758 1000 4813 ad
1031 4775 1166 4814 eum
1199 4759 1529 4815 detulerant
1562 4766 1764 4817 contra

100 4840 398 4924 Casa'Dei
432 4847 772 4915 monachos,
799 4838 995 4919 qui,ut
1024 4846 1109 4901 illi
1140 4848 1429 4920 dicebant,
1461 4850 1767 4907 ecclesiam

100 4938 301 4995 Sancti
331 4935 617 5010 Stephani
650 4939 708 4992 et
733 4936 927 4992 Sancti
962 4935 1174 4994 Leonis
1204 4938 1274 4993 ad
1307 4937 1535 4994 Basilia
1568 4956 1767 4997 mona-

101 5028 353 5084 sterium
382 5022 799 5100 pertinentem,
821 5025 876 5080 vi
912 5030 1168 5098 ereptam
1202 5027 1551 5084 retinebant.
1584 5029 1768 5086 Blasi-

99 5116 358 5174 lensium
388 5116 600 5172 littera
632 5130 700 5171 ea
730 5113 1032 5172 occasione
1080 5117 1330 5190 scripta,
1359 5117 1511 5174 inter
1551 5118 1768 5177 Urbani

102 5207 385 5279 epistolas
404 5205 976 5277 reierentur,easque
992 5205 1386 5279 subsequatur
1398 5207 1766 5282 privilegium
1798 5234 1801 5237 ·

102 5296 328 5369 ipsum,
360 5295 521 5369 quod
570 5311 606 5351 a
654 5311 714 5350 se
741 5293 931 5350 visum
987 5299 1043 5350 et
1089 5312 1192 5368 pro
1244 5295 1469 5351 sincero
1501 5299 1768 5370 agnitum

101 5384 413 5459 Philippus
434 5383 893 5440 Bituricensium
909 5383 1387 5457 archiepiscopus
1408 5385 1468 5440 in
1487 5385 1767 5444 Gallicam

100 5472 366 5547 linguam
398 5471 729 5541 transtulit,
769 5477 825 5529 et
869 5474 976 5530 suo
1024 5472 1359 5530 testimonio
1403 5476 1771 5533 conﬁrmavit

100 5561 244 5620 feria
272 5563 487 5638 quinta
513 5561 758 5634 majoris
788 5560 1168 5618 hebdomada
1201 5563 1340 5619 anni
1374 5564 1534 5620 1243.

96 5652 323 5710 CXCIII.
362 5651 758 5709 An'abbatiam
784 5651 1201 5707 Rotmanensem
1247 5652 1447 5709 adierit
1499 5654 1762 5712 Urbanus.

167 5742 290 5808 Quo
328 5736 633 5799 Urbanus
685 5744 818 5813 post
874 5739 1160 5798 Casa-Dei
1215 5742 1639 5800 dedicationem
1693 5746 1765 5802 ad

100 5836 391 5892 extremos
443 5846 640 5904 usque
682 5827 986 5887 Occitania
1019 5834 1076 5887 et
1107 5830 1418 5889 Provinciae
1450 5835 1597 5892 ﬁnes
1637 5851 1764 5908 per-

1875 4757 2275 4818 cardinalibus
2307 4759 2362 4811 et
2382 4755 2695 4811 abbatibus
2713 4754 2911 4811 Sancti
2927 4753 3179 4809 Victoris
3203 4758 3259 4809 et
3285 4752 3530 4808 Montis-

1878 4849 2117 4923 Majoris
2148 4863 2289 4920 aqua
2322 4845 2546 4901 lustrali
2573 4846 2822 4917 aspersit,
2854 4860 3023 4899 manu
3046 4844 3275 4917 propria
3317 4841 3534 4898 benedi-

1875 4941 2172 5011 xit,ibique
2201 4952 2415 4993 crucem
2444 4937 2621 4991 erexit
2653 4933 2744 4989 die
2776 4934 2838 4988 11
2873 4931 3539 5005 Septembris,concessa

1878 5027 2248 5100 indulgentia
2278 5025 2371 5095 iis,
2396 5024 2496 5097 qui
2528 5024 2598 5079 ad
2631 5021 2888 5080 ecclesia
2917 5020 3414 5077 constructionem
3436 5019 3543 5075 ali-'

1879 5118 2020 5192 quid
2053 5116 2401 5182 conferrent,
2437 5117 2501 5168 ut
2549 5112 2630 5168 ibi
2680 5111 3103 5169 monasterium
3155 5111 3215 5166 in
3254 5109 3536 5167 honorem

1880 5206 2079 5266 Sancti
2105 5203 2324 5259 Nicolai
2373 5219 2507 5258 cum
2551 5203 2880 5259 coemeterio
2910 5200 3335 5257 institueretur.
3377 5198 3535 5257 Prio-

1880 5301 2042 5353 ratus
2074 5310 2203 5348 vero
2236 5293 2294 5347 S.
2328 5291 2545 5347 Nicolai
2581 5292 2675 5347 hic
2706 5294 3064 5349 memoratus
3094 5290 3384 5361 hodieque
3403 5289 3539 5346 sub-

1879 5386 2034 5444 sistit
2066 5397 2245 5456 prope
2271 5381 2901 5454 Tarasconem,Sancto
2933 5380 3149 5438 Victori
3182 5378 3536 5437 Massiliensi

1882 5475 2204 5548 subjectus.

2021 5562 2247 5619 CXCVI.
2280 5559 2554 5617 Avenione
2582 5561 2676 5618 dat
2700 5562 3061 5634 privilegium
3083 5561 3139 5617 S.
3173 5559 3407 5631 XEgidio.

1948 5653 2050 5710 Die
2082 5648 2370 5723 sequenti,
2405 5665 2532 5721 qua
2565 5655 2688 5707 erat
2737 5653 2805 5706 12
2854 5649 3232 5723 Septembris,
3266 5647 3537 5703 Urbanus

1874 5743 2172 5802 Avenione
2205 5737 2761 5813 privilegium,quod
2784 5743 2909 5813 jam
2942 5734 3533 5812 supralaudavimus,

1875 5832 2228 5893 monasterio
2271 5829 2470 5889 Sancti
2500 5828 2798 5902 [Egidiidn
2829 5846 2944 5901 quo
2975 5827 3306 5919 hospitatus
3326 5824 3537 5920 fuerat,
