3962 6382
425 382 543 472 μθ

1719 383 1791 448 Β.
1836 379 2138 450 URBANI
2179 379 2234 448 II
2279 375 2530 447 ΡΑΡᾸΞ.

3714 375 3846 442 160

417 517 722 580 concessit.
773 518 854 574 Eo
903 515 1240 592 diplomate
1270 518 1528 592 pontifex
1577 518 1805 578 Odiloni
1865 520 2060 578 abbati
2092 517 2147 586 Α
2174 518 2508 591 depositum
2538 518 2620 575 eis
2651 507 3297 576 tradidit.Postmodum
3325 516 3578 573 fervente
3599 515 3837 580 morbo,

417 613 661 684 ejusque
693 608 991 666 monachis
1023 607 1318 664 abbatiam
1352 609 1546 666 Sancti
1571 609 1804 666 Eusebii
1835 615 1891 667 et
1919 609 2063 667 alias
2116 609 2118 612 ’

416 700 816 774 possessiones
848 697 1418 771 confirmat,vultque
1449 717 1548 756 eos
1576 701 1685 756 sub
1719 700 1952 773 speciali
1984 717 2068 755 se-

415 790 506 852 dis
529 788 857 862 apostolicze
889 787 1134 844 tuitiOne
1164 788 1386 854 haberi,
1416 806 1480 843 ac
1511 807 1574 845 ac
1611 799 1872 863 tanquam
1921 791 2068 845 oculi

415 879 506 940 sui
534 878 813 950 pupillam
841 877 1124 934 custodiri.

462 968 714 1026 CXCVII.
751 969 1005 1022 Tricastri
1027 967 1325 1039 privilegia
1356 966 1447 1022 dat
1477 969 1756 1023 canonicis
1784 969 1840 1022 S.
1879 969 2014 1039 Ruﬁ.

484 1058 761 1130 Ejusdem
785 1056 1006 1112 mensis
1035 1054 1128 1111 die
1161 1056 1225 1110 19
1257 1056 1510 1127 pontifex
1533 1057 1686 1128 apud
1709 1057 2066 1111 Tricastren-

413 1164 534 1202 sem
569 1146 764 1201 Sancti
797 1144 958 1199 Pauli
992 1145 1196 1200 urbem
1238 1143 1623 1216 Dalphinatus
1654 1144 2067 1218 bullamzdedit

412 1237 472 1292 in
503 1235 751 1307 gratiam
783 1232 1026 1300 Alberti,
1061 1251 1162 1289 seu
1212 1233 1406 1305 potius
1456 1235 1678 1289 Arberti
1715 1235 1961 1301 abbatis,
2009 1237 2066 1289 et

411 1324 824 1384 canonicorum
867 1324 924 1378 S.
962 1323 1114 1390 Rufi,
1151 1339 1400 1394 quorum
1452 1323 1892 1390 monasterium,
1927 1340 2061 1378 con-

409 1412 766 1488 gregationis
796 1412 1161 1485 cognominis
1210 1416 1404 1482 caput,
1441 1415 1580 1468 tunc
1632 1431 1810 1485 prope
1864 1430 2063 1468 muros

409 1497 836 1560 Avenionenscs
867 1501 1068 1572 silum,
1097 1503 1298 1572 postea
1328 1501 1399 1555 ob
1431 1500 1834 1573 Albigensium
1867 1502 2062 1560 clades

411 1593 469 1650 in
502 1592 853 1650 suburbium
879 1589 1174 1654 Valentiae,
1207 1607 1273 1645 ac
1305 1591 1540 1646 tandem
1585 1591 1641 1645 in
1693 1591 2062 1647 eam'url)em

411 1670 742 1744 saeculoﬁxw
772 1680 1125 1736 translatum
1156 1683 1262 1735 est.
1279 1681 1342 1734 ln
1367 1695 1432 1735 co
1455 1679 1772 1752 diplomate
1794 1681 2063 1737 Urbanus

409 1771 694 1832 Ecclesiae
739 1769 946 1824 Sancto
997 1767 1144 1822 Rufo
1190 1768 1481 1838 subjectas
1533 1771 1812 1834 recenset,
1845 1784 2062 1840 easque

2177 609 2277 684 qui
2307 609 2465 682 Ignis
2511 607 2972 666 Sancti-Antonii
3023 606 3193 682 vulgo
3241 605 3590 682 appellatur,
3624 605 3842 677 adjun—

2175 702 2335 754 ctum
2386 702 2473 754 est
2520 699 2871 755 monasterio
2901 698 3349 768 xenodochium,
3393 695 3493 753 ubi
3541 711 3842 768 pauperes

2178 789 2567 860 undequaque
2616 789 2991 844 adventantes
3040 787 3456 860 reciperentur,
3505 785 3842 854 fratresque

2177 876 2444 932 nonnulli
2489 877 2547 932 in
2597 894 2799 932 eorum
2831 877 3224 932 ministerium
3274 874 3535 948 deputati
3568 873 3837 940 fuerunt,

2177 966 2276 1038 qui
2309 983 2440 1021 cum
2473 967 2728 1038 primum
2763 966 3064 1022 monachis
3087 982 3189 1037 per
3211 965 3448 1036 aliquod
3470 965 3708 1036 tempus
3732 979 3840 1036 pa-

2174 1055 2452 1126 ruissent,
2475 1059 2694 1127 postea,
2717 1056 2788 1110 ob
2820 1056 3087 1128 ingentes
3117 1054 3513 1126 eleemosynas
3545 1070 3671 1126 qua
3702 1068 3839 1106 eros

2175 1144 2484 1216 gabantur,
2518 1144 2785 1200 elatiores
2815 1143 3060 1212 facti,eis
3111 1143 3354 1199 subesse
3405 1143 3834 1198 detrectarunt.

2173 1233 2387 1289 Graves
2432 1235 2584 1290 inter
2633 1238 2912 1306 utrosque
2962 1233 3096 1288 rixae
3146 1237 3201 1289 et
3249 1231 3648 1288 dissensiones
3692 1234 3837 1285 ortae

2175 1328 2332 1391 sunt,
2366 1324 2580 1396 quibus
2613 1324 2670 1379 in
2703 1325 2829 1379 dies
2867 1323 3287 1389 crescentibus,
3320 1338 3413 1376 res
3463 1339 3527 1375 eo
3573 1319 3836 1386 devenit,

2176 1415 2240 1468 ut
2265 1412 2629 1485 hospitalarii
2679 1412 2764 1468 illi
2817 1410 3171 1484 potentiores
3217 1409 3424 1477 ell‘ccti,
3450 1411 3594 1482 jugo
3627 1425 3841 1463 mona-

2174 1501 2417 1558 chorum
2451 1503 2682 1574 penitus
2713 1519 2977 1569 excusso,
3013 1501 3102 1556 sui
3146 1500 3301 1572 juris
3350 1516 3476 1554 esse
3527 1498 3840 1571 cmperint,

2173 1608 2239 1646 ac
2271 1593 2506 1647 tandem
2559 1591 2616 1646 in
2667 1590 2926 1647 ordinem
2981 1591 3272 1662 insignem
3317 1589 3692 1653 excreverint,
3730 1587 3838 1658 qui

2173 1680 2462 1753 hodieque
2492 1680 3004 1753 perseverat.Hanc
3036 1696 3164 1736 esse
3193 1679 3478 1752 originem
3501 1676 3750 1733 abbatis:
3775 1682 3837 1732 et

2172 1770 2396 1827 ordinis
2427 1769 2738 1826 Antoniani
2783 1768 2966 1824 aiunt.
3003 1769 3113 1825 Sed
3163 1767 3425 1840 pontifici
3473 1766 3706 1823 itineris
3742 1783 3836 1823 se-

409 1876 541 1916 cum
575 1859 706 1914 aliis
736 1859 861 1928 ejus
895 1856 1364 1928 possessionibus
1393 1857 1719 1922 confirmat,
1739 1857 1899 1912 salva
1919 1861 2060 1914 Ave-
2092 1891 2140 1956 B
2175 1861 2322 1915 riem
2346 1875 2789 1931 persequamur.

408 1948 708 2006 nionensis
735 1945 990 2018 episcopi
1022 1946 1302 2002 canonica
1332 1945 1669 2001 reverentia.
1701 1945 1870 2001 Aliud
1916 1946 2054 2001 item

407 2036 621 2097 Urbani
657 2035 1002 2107 rescriptum
1038 2036 1109 2090 ad
1141 2034 1442 2090 Albertum
1474 2034 1650 2090 etiam
1699 2035 1894 2092 Sancti
1929 2036 2058 2091 Rufi

408 2124 807 2192 abbatem,sed
826 2124 952 2180 sine
971 2123 1088 2178 ulla
1110 2124 1390 2196 temporis
1405 2127 1542 2179 nota
1555 2140 1621 2179 ex
1635 2124 2064 2180 cod.ms.habe-

410 2214 629 2284 mus,in
654 2229 768 2286 quo
794 2212 1069 2285 praeclara
1090 2212 1382 2268 habentur
1401 2212 1689 2267 canonica:
1705 2211 1828 2268 vitae
1853 2211 2060 2284 elogia,

409 2322 476 2362 ea
499 2304 756 2372 omnino,
783 2313 910 2374 quae
929 2301 986 2376 in
1011 2300 1141 2358 aliis
1164 2301 1233 2356 ad
1261 2300 1406 2356 alios
1430 2302 1740 2357 canonicos
1766 2300 2060 2373 regulares

408 2391 672 2468 epistolis
693 2395 750 2447 et
771 2389 947 2447 bullis
962 2389 1182 2462 passim
1196 2390 1610 2457 habentur;sed
1629 2390 2061 2447 Sammarthani

407 2479 845 2540 tomolVGalliaa
859 2481 935 2536 Ch
945 2479 1285 2546 ristianae,in
1304 2479 1567 2552 catalogo
1581 2480 1860 2535 abbatum
1875 2480 2062 2536 sancti

412 2573 541 2634 Rufi
563 2569 868 2628 Arberium
895 2573 952 2625 et
973 2568 1440 2637 Adelberium,ac
1454 2569 1502 2625 si
1518 2570 1631 2625 duo
1653 2570 1865 2624 diversi
1893 2570 2064 2626 abba-

408 2657 1208 2732 tesfuerint,distinguunt,ac
1221 2659 1398 2732 priori
1414 2659 1681 2714 tribuunt
1693 2658 2061 2731 privilegium

409 2752 598 2826 primo
629 2749 982 2805 locoanobis
1003 2748 1577 2819 laudatum,ejusque
1598 2748 1914 2804 maximam
1935 2765 2062 2819 par-

408 2838 909 2906 temexhibent;de
932 2835 1240 2893 Adelberto
1256 2840 1453 2892 autem
1473 2837 1618 2892 nihil
1641 2836 1798 2892 aliud
1820 2837 2057 2905 habent,

411 2930 524 2989 nisi
548 2929 702 3001 quod
725 2927 773 2983 ei
802 2927 1046 2984 Urbanus
1093 2928 1148 2981 Il
1194 2926 1399 2981 direxit
1447 2929 1790 2998 rescriptum,
1823 2927 1962 2998 quod
2001 2929 2062 2981 in

409 3020 631 3076 scriniis
679 3017 970 3088 inquiunt,
1004 3015 1168 3088 hujus
1197 3015 1426 3071 abbatiw
1457 3021 1741 3071 servatur.
1781 3017 1853 3071 At
1893 3014 2062 3071 fallor

409 3109 523 3166 nisi
556 3108 709 3164 idem
736 3106 862 3178 ipse
881 3106 960 3162 sit
990 3105 1084 3162 cui
1116 3108 1431 3177 utrumque
1463 3105 1678 3160 Urbani
1712 3105 2059 3178 rescriptum

409 3197 790 3264 tribuendum
823 3199 932 3262 est,
980 3194 1118 3250 licet
1158 3195 1287 3266 ejus
1332 3211 1566 3264 nomen,
1603 3194 1684 3250 uti
1732 3195 1858 3251 ﬁeri
1890 3193 2056 3261 solet,

2278 1948 2502 2005 CXCIX.
2531 1950 2779 2005 Urbanus
2809 1949 3098 2004 Matiscone
3127 1948 3371 2003 concedit
3398 1945 3720 2017 privilegia.

2244 2037 2545 2093 Urbanum
2577 2038 2800 2093 Vienna
2825 2043 2882 2093 et
2915 2038 3198 2110 Lugdune
3250 2034 3660 2108 pertransiisse
3690 2033 3837 2088 viri—

2173 2125 2365 2182 simile
2395 2130 2570 2197 est,at
2591 2125 2769 2183 nullis
2788 2125 3193 2182 instrumentis
3211 2126 3455 2198 probare
3485 2139 3835 2196 possumus;

2172 2233 2308 2274 eum
2333 2232 2466 2271 vero
2497 2217 2591 2272 die
2623 2219 2690 2270 17
2719 2215 2984 2272 Octobris
3015 2215 3331 2271 Matiscone
3358 2212 3653 2270 exstitisse
3674 2212 3840 2268 colli-

2173 2309 2368 2380 gimus
2398 2322 2467 2360 ex
2490 2304 2665 2361 veteri
2699 2304 2904 2361 notitia
2933 2303 3400 2377 privilegii,quod
3425 2303 3534 2360 hac
3559 2301 3690 2374 ipsa
3710 2303 3836 2368 die,

2172 2402 2228 2453 et
2253 2397 2490 2468 quidem
2538 2411 2691 2449 anno
2742 2393 2879 2449 1096
2928 2411 3031 2466 pro
3089 2393 3239 2462 1095,
3274 2392 3360 2448 uti
3389 2391 3603 2449 habere
3636 2391 3838 2446 solent

2171 2485 2448 2558 pleraque
2478 2485 2609 2556 ejus
2639 2483 2741 2537 aevi
2765 2482 3176 2548 instrumenta,
3209 2480 3567 2538 monasterio
3595 2480 3838 2536 canoni-

2171 2592 2374 2630 corum
2407 2571 2767 2645 regularium
2797 2571 2994 2627 Sancti
3039 2570 3189 2626 Petri
3233 2587 3411 2643 prope
3439 2569 3590 2626 hanc
3617 2569 3832 2625 urbem

2172 2665 2284 2720 sito
2316 2661 2624 2728 concessit,
2656 2677 2722 2717 ac
2755 2661 2954 2717 statim
2985 2660 3327 2716 Cluniacum
3381 2659 3676 2731 profectus
3716 2662 3831 2714 est.

2171 2753 2358 2825 Hujus
2416 2749 2702 2824 privilegii
2752 2749 3085 2822 exemplum
3158 2748 3411 2821 reperire
3470 2763 3586 2802 non
3636 2747 3830 2813 licuit,

2171 2859 2351 2916 quare
2381 2842 2571 2896 visum
2603 2843 2692 2895 est
2721 2840 2848 2911 ejus
2872 2838 2995 2895 loco
3028 2837 3187 2894 illius
3227 2837 3490 2894 notitiam
3513 2837 3572 2891 in
3593 2837 3831 2909 Appen-

2170 2932 2294 2988 dice
2324 2932 2536 2988 referre
2569 2947 2638 2986 ex
2661 2928 2839 2986 veteri
2871 2929 2996 2985 cod.
3031 2945 3142 2984 ms.
3179 2946 3210 2984 a
3259 2927 3510 2984 Severtio
3551 2926 3828 2984 relatam.

2169 3037 2272 3096 CC.
2306 3039 2558 3096 Cluniaci
2586 3036 2682 3093 dat
2720 3037 3085 3108 privilegium,
3124 3037 3388 3106 episcopo.
3409 3034 3818 3090 'Matisconensi.

2771 3109 2959 3164 Attare
2986 3107 3214 3163 dedicat.
3593 3133 3596 3135 λ

2237 3197 2607 3266 Postridie,id
2640 3203 2729 3252 est
2755 3197 2820 3252 18
2842 3195 3392 3269 Octobris,pontit‘ex
3417 3193 3677 3252 Cluniaci
3705 3192 3825 3248 exi-

411 3263 510 3344 alii
537 3286 705 3343 aliter
733 3263 1222 3358 expresserint.Ut
1250 3288 1316 3339 ut
1341 3284 1437 3350 sit,
1473 3300 1680 3356 parum
1703 3284 1884 3340 nostri
1909 3283 2058 3339 inte-
2090 3263 2133 3332 α
2171 3291 2332 3344 stens
2389 3263 2671 3343 Landrico
2719 3263 3154 3342 Matisconensi-
3192 3285 3483 3358 episcopo,
3537 3283 3640 3356 qui
3684 3298 3826 3338 eum

410 3377 765 3453 rest.Przeter
793 3374 915 3429 haec
946 3373 1100 3445 apud
1134 3373 1386 3442 Ivonem,
1413 3372 1776 3441 Gratianum,
1810 3376 1865 3428 et
1914 3372 2058 3429 alios

411 3455 778 3544 decretorum
829 3461 1184 3529 collectores,
1251 3462 1364 3518 duo
1434 3466 1746 3518 occurrunt
1809 3479 2060 3518 canones

411 3555 674 3634 ejusdem
706 3553 887 3609 ferme
917 3552 1268 3626 argumenti,
1301 3552 1461 3625 prior
1508 3554 1663 3624 apud
1695 3551 2058 3620 Gratianum,

411 3662 460 3704 c.
489 3644 578 3713 l9,
611 3661 668 3715 q.
722 3649 775 3711 2,
826 3660 873 3698 c.
925 3646 976 3697 2.
1028 3644 1166 3700 Duae
1212 3651 1362 3710 sunt,
1411 3644 1649 3716 capitulo
1697 3643 1887 3699 Sancti
1913 3642 2057 3712 Ruﬁ,

411 3736 513 3814 aut
541 3735 744 3804 Ruﬁni,
777 3733 1119 3805 inscriptus,
1153 3733 1212 3787 in
1240 3732 1458 3789 Urbani
1489 3732 1697 3788 litteris
1731 3749 1843 3788 non
1884 3732 2062 3788 habe-

411 3827 546 3892 tur;
578 3821 724 3880 alter
752 3839 883 3878 vero
913 3822 1114 3877 eadem
1148 3838 1326 3877 causa
1369 3823 1455 3888 19,
1503 3839 1560 3894 q.
1610 3824 1662 3888 3,
1697 3838 1747 3876 c.
1782 3823 1834 3888 3,
1868 3822 2061 3877 statui-

412 3929 533 3976 mus
580 3912 763 3968 abbati
808 3911 994 3966 Sancti
1044 3911 1250 3981 Ruﬁni,
1279 3927 1349 3965 ex
1394 3911 1650 3966 secundo
1690 3927 1758 3965 ex
1807 3909 2061 3966 laudatis

413 3999 732 4078 privilegiis
763 4003 1036 4071 exceptus
1068 4002 1175 4054 est.
1209 3998 1374 4054 Hunc
1397 3999 1669 4070 praecedit
1699 3999 1848 4055 alius
1878 4015 2062 4056 canon

413 4091 484 4169 de
514 4091 715 4146 eodem
747 4091 1114 4160 argumento,
1147 4087 1246 4143 sed
1280 4087 1494 4143 nemini
1529 4089 1865 4162 inscriptus.

531 4177 814 4235 CXCVIII.
848 4177 1176 4233 Monasterii
1203 4184 1254 4232 et
1276 4177 1486 4233 ordinis
1515 4177 1740 4232 Antonii
1767 4179 1937 4249 origo.

484 4269 748 4324 Tradunt
769 4270 1036 4321 auctores
1064 4264 1280 4338 vulgati
1305 4265 1605 4322 Urbanum
1625 4271 1763 4322 tunc
1785 4267 2067 4340 temporis

416 4357 717 4415 condendo
749 4355 1066 4428 percelebri
1097 4355 1292 4411 Sancti
1321 4354 1555 4412 Antonii
1589 4355 1941 4412 monasterio
1968 4373 2068 4411 oc-

417 4447 709 4504 casionem
742 4443 1234 4516 praibuisseﬁum
1267 4444 1537 4515 enim,uti
1567 4444 1650 4500 illi
1678 4444 1861 4515 aiunt,
1893 4444 2066 4500 Vien-

417 4550 659 4598 nensem
692 4532 1047 4605 provinciam
1097 4533 1194 4589 illo
1249 4549 1402 4589 anno
1452 4538 1806 4606 peragraret,
1850 4533 2070 4590 audivit

2167 3377 2326 3434 haud
2357 3377 2533 3434 dubie
2563 3380 2802 3433 secutus
2834 3375 3040 3443 fuerat,
3058 3375 3368 3431 tuitionem
3401 3373 3557 3430 sedis
3589 3375 3827 3446 aposto-

2169 3465 2289 3523 licae
2318 3465 2659 3538 efllagitanti
2690 3463 2942 3521 libenter
2970 3462 3237 3531 indulsit,
3271 3464 3407 3520 data
3438 3460 3747 3532 bulla,qua
3778 3459 3835 3515 ei

2169 3560 2228 3614 et
2247 3557 2373 3627 ejus
2399 3553 2841 3612 successoribus
2863 3554 3060 3609 omnia
3085 3551 3530 3608 Matisconensis
3550 3549 3825 3607 Ecclesiae

2171 3647 2324 3701 bona
2355 3648 2412 3701 et
2440 3643 2744 3717 privilegia
2772 3643 3393 3700 conﬁrmantur.Vetat
3422 3641 3600 3698 etiam
3632 3638 3828 3712 ponti-

2171 3735 2264 3791 fex
2310 3750 2381 3790 ne
2431 3733 2747 3806 quisquam
2795 3733 3059 3804 ejusdem
3107 3731 3375 3788 Ecclesia:
3426 3728 3677 3797 clericis,
3727 3731 3834 3784 aut

2173 3824 2450 3888 claustro,
2485 3839 2588 3878 seu
2613 3823 2742 3894 ejus
2771 3821 3045 3878 domibus
3103 3821 3316 3878 audeat
3358 3819 3697 3882 violentiam
3716 3817 3821 3874 ali-

2172 3929 2348 3985 quam
2382 3912 2657 3984 irrogare.
2693 3911 2838 3966 Data
2868 3913 2958 3966 est
2986 3928 3059 3965 xv
3089 3909 3215 3965 Kal.
3249 3908 3612 3964 Novembris.

2245 4001 2390 4057 Cum
2421 4000 2652 4056 advenit
2681 4000 3024 4057 Cluniacum
3051 3999 3341 4065 Urbanus,
3375 3999 3504 4070 jam
3543 4014 3578 4054 a
3601 4001 3832 4068 septem

2176 4090 2347 4146 annis
2367 4090 2660 4162 insignem
2688 4088 2992 4146 basilicam
3019 4093 3315 4144 exstruere
3328 4090 3835 4158 coeperatsanctus

2174 4181 2340 4253 Hugo
2372 4179 2498 4250 ejus
2529 4177 2639 4234 loci
2674 4179 2877 4246 abbas,
2907 4195 3085 4251 quam
3117 4177 3188 4234 ab
3222 4177 3348 4250 ipso
3381 4173 3654 4250 pontiﬁce
3678 4173 3840 4231 dedi-

2177 4268 2295 4325 cari
2327 4268 2840 4341 cupiebat.Verum
2864 4285 2994 4322 cum
3020 4267 3270 4323 nimium
3300 4271 3440 4322 tunc
3464 4264 3658 4320 adhuc
3679 4267 3840 4321 esset

2178 4358 2536 4430 imperfecta,
2569 4355 2793 4413 curavit
2841 4360 3081 4416 sanctus
3127 4356 3310 4412 abbas
3340 4371 3431 4410 res
3463 4354 3544 4409 ita
3572 4352 3836 4424 disponi,

2178 4451 2243 4503 ut
2272 4446 2480 4503 saltem
2513 4447 2706 4518 majus
2733 4445 2936 4512 altare,
2969 4445 3310 4504 adveniente
3339 4443 3632 4516 pontifice,
3666 4458 3736 4497 eo
3779 4443 3838 4496 in

2179 4539 2335 4593 statu
2365 4540 2520 4592 esset
2552 4540 2615 4590 ut
2644 4539 2844 4608 posset
2887 4536 2960 4591 ab
3008 4534 3106 4590 illo
3162 4533 3511 4601 consecrari,
3545 4531 3703 4602 quod
3745 4547 3842 4586 re-

417 4625 605 4682 virum
629 4622 943 4695 quemdam
964 4621 1576 4688 nobilem,Guidonem
1595 4621 1726 4678 aliis
1744 4622 2067 4694 Guigonem
2099 4640 2148 4708 D
2178 4625 2308 4700 ipsa
2338 4626 2556 4681 factum
2583 4629 2674 4680 est
2694 4625 2786 4680 die
2818 4627 2890 4680 25
2913 4625 3195 4680 Octobris.
3216 4623 3420 4695 'Hujus
3449 4619 3844 4678 dedicationis

417 4711 697 4777 Desiderii
730 4709 1301 4784 appellatum,solere
1332 4727 1530 4767 secum
1562 4727 1668 4782 per
1695 4711 1927 4766 diversa
1960 4711 2068 4766 hac
2180 4715 2450 4772 meminit
2497 4718 2702 4769 auctor
2750 4712 3018 4769 Chronici
3069 4711 3470 4768 Cluniacensis
3500 4709 3570 4765 ad
3615 4724 3847 4764 annum

420 4803 667 4874 illacque
694 4802 901 4858 itinera
932 4819 1142 4874 corpus
1173 4801 1358 4856 sancti
1391 4800 1855 4872 Antonii,magni
1879 4817 2065 4872 quon-

421 4893 556 4949 dam
605 4890 765 4946 illius
807 4890 1184 4946 eremitarum
1235 4889 1596 4963 patriarchae,
1631 4889 1874 4957 deferre,
1913 4891 2066 4962 quod

421 4978 1001 5053 Constantin0poliab
1017 4979 1239 5050 aliquot
1263 4978 1431 5034 annis
1453 4978 1757 5034 advectum
1780 4996 1813 5034 a
1834 4980 2067 5051 majori-

423 5072 534 5130 bus
551 5069 676 5126 suis
690 5069 1077 5141 acceperat.ld
1094 5066 1329 5140 indigne
1341 5066 1546 5122 tulisse
1558 5065 1771 5122 dicitur
1790 5069 2066 5141 pontifex,

424 5179 489 5223 ac
519 5161 630 5217 sub
665 5158 1058 5215 anathematis
1090 5155 1560 5212 interminatione
1591 5158 1843 5215 vetuisse
1894 5176 1964 5214 ne
2013 5159 2069 5212 id

423 5250 482 5312 in
514 5252 812 5321 posterum
844 5246 1470 5317 ﬁeret,imperasseque
1488 5250 1551 5300 ut
1573 5250 1690 5303 tam
1716 5247 2074 5304 venerabiles

426 5336 770 5410 reliquiaeﬁn
803 5335 1047 5391 ecclesia
1075 5333 1474 5406 aliqua,quam
1497 5336 1620 5408 ipse
1642 5335 1826 5393 Guido
1857 5337 2075 5404 mallet,

425 5427 536 5484 sub
568 5424 989 5482 monachorum
1017 5423 1165 5479 bene
1197 5422 1514 5480 viventium
1535 5427 1805 5482 custodia
1832 5426 2078 5498 depone-

429 5522 607 5592 retur.
640 5514 858 5570 Urbani
883 5513 1071 5585 jussis
1115 5513 1534 5588 obtemperavit
1582 5515 1787 5590 Guigo,
1840 5515 2078 5570 advoca-

425 5606 620 5680 tisque
650 5623 684 5661 a
712 5605 906 5661 Monte
937 5603 1139 5676 Majori
1182 5621 1359 5678 prope
1407 5603 1697 5660 Arelatem
1746 5604 2071 5673 monachis,

431 5712 664 5754 sacrum
709 5711 918 5767 corpus
953 5695 1010 5749 in
1041 5694 1164 5750 vico
1210 5693 1364 5750 Mota
1411 5693 1687 5750 Desiderii
1739 5699 2076 5767 nuncupato

2176 4806 2336 4869 1095,
2369 4809 2426 4860 et
2456 4803 2766 4859 Ordericus
2811 4801 3016 4859 Vitalis
3068 4803 3237 4858 initio
3290 4801 3426 4856 libri
3476 4817 3554 4863 1x,
3605 4797 3711 4853 ubi
3762 4797 3851 4852 ait

2177 4894 2478 4950 Urbanum
2510 4891 2729 4948 multas
2759 4895 3098 4948 sanctorum
3121 4891 3394 4948 basilicas
3423 4889 3484 4946 in
3503 4885 3712 4944 Galliis
3743 4887 3850 4942 de-

2179 4983 2584 5054 dicasse,quas
2606 4979 2926 5053 privilegiis
2948 4979 3278 5052 apostolicae
3303 4978 3458 5036 sedis
3476 4973 3849 5034 sublimavit.

2181 5074 2332 5128 Tum
2363 5070 2664 5144 signanter
2694 5069 2896 5127 laudat
2923 5070 3420 5129 consecrationem
3451 5066 3648 5122 altaris
3673 5064 3850 5120 Sanc-

2183 5164 2226 5218 ti
2257 5163 2409 5216 Petri.
2439 5160 2584 5231 apud
2615 5159 2940 5215 Cluniacum
2964 5160 3267 5215 cwnobium
3297 5158 3367 5214 ab
3403 5173 3469 5213 eo
3496 5155 3738 5210 factam.
3774 5155 3853 5208 At

2186 5251 2340 5323 quod
2368 5249 2476 5305 iste
2507 5252 2708 5305 auctor
2730 5248 2946 5320 aliique
2976 5247 3365 5319 passim,data
3395 5242 3854 5308 occasione,uno

2183 5340 2356 5395 verbo
2387 5337 2795 5408 laudaverunt,
2827 5337 3019 5394 fusius
3066 5337 3376 5408 exponitur
3423 5337 3485 5390 in
3531 5330 3711 5388 veteri
3741 5330 3855 5386 in-

2185 5431 2511 5487 strumento
2544 5428 2699 5499 quod
2742 5427 2852 5483 sub
2901 5426 3070 5483 titulo
3120 5427 3388 5482 libertatis
3438 5425 3544 5479 loci
3593 5421 3860 5476 Cluniaci

2185 5517 2408 5574 editum
2425 5520 2514 5572 est
2531 5515 2589 5570 in
2614 5512 3476 5574 BibliothecaCluniacensi.Ibi
3491 5510 3709 5584 legitur
3731 5525 3857 5566 non

2187 5606 2378 5664 solum
2432 5606 2648 5677 majus,
2681 5606 2783 5662 sed
2811 5609 2867 5662 et
2895 5603 3244 5662 matutinale
3272 5603 3455 5661 altare
3487 5602 3558 5658 ab
3589 5597 3858 5665 Urbano,

2186 5695 2300 5754 alia
2323 5712 2455 5752 vero
2486 5693 2598 5751 tria
2631 5711 2664 5751 a
2694 5695 2889 5774 trihps
2927 5692 3059 5753 aliis
3089 5693 3403 5767 episcopis,
3430 5705 3640 5762 nempe
3662 5687 3864 5761 Hugo_
