3962 6358
133 440 247 498 161

1743 449 1957 513 VITA.

3445 418 3568 527 «6‘2

126 591 198 630 ne
218 574 626 648 Lugdunensi,
649 577 919 634 Daiberto
941 578 1152 636 Pisano
1169 581 1510 640 etBrunone
1534 582 1796 656 Signien-
1909 589 2033 640 tum
2071 591 2134 642 ut
2165 594 2405 660 paratus
2447 589 2522 647 sit
2566 591 2624 647 in
2677 593 2921 652 concilio
2971 564 3414 654 Claromontano
3448 616 3566 656 sua

125 665 529 724 siconsecrata
557 666 759 724 fuisse.
791 669 940 724 Tum
972 669 1222 725 refertur
1250 670 1473 742 prolixa
1495 673 1640 728 satis
1666 690 1787 729 ora-

129 755 232 823 tio,
268 773 448 828 quam
480 757 740 829 pontifex
770 757 918 814 inter
949 759 1265 816 missarum
1299 761 1787 818 consecrationis-

129 860 245 915 que
272 844 565 900 solemnia
595 845 871 902 habuisse
901 847 1136 915 dicitur,
1163 849 1222 904 in
1255 866 1372 922 qua
1399 848 1616 906 limites
1637 849 1790 920 juri-

128 932 436 988 sdictionis
475 936 815 991 monasterii
845 936 1195 1009 designavit.
1229 938 1442 994 Prater
1472 954 1539 993 ea
1569 938 1792 994 inveni-

133 1039 269 1078 mus
293 1023 352 1078 in
373 1027 601 1079 vetusto
622 1026 748 1080 cod.
773 1043 884 1081 ms.
911 1024 1085 1082 aliam
1109 1027 1374 1098 ejusdem
1398 1028 1479 1083 rei
1503 1028 1791 1095 notitiam,

135 1111 257 1180 ubi,
293 1111 427 1184 post
476 1114 763 1170 recensita
795 1115 981 1172 multa
1018 1116 1301 1172 beneﬁcia
1351 1133 1477 1189 qua
1522 1117 1795 1174 Urbanus

133 1203 496 1259 monasterio
519 1203 881 1260 Cluniacensi
905 1204 1250 1274 contulerat,
1278 1209 1565 1262 statutum
1594 1224 1628 1262 a
1657 1223 1794 1262 san-

133 1296 227 1346 cto
268 1291 512 1364 Hugone
555 1293 738 1349 fuisse
788 1294 1003 1350 dicitur
1058 1301 1123 1350 ut
1187 1297 1450 1366 ejusdem
1510 1295 1800 1368 pontiﬁcis

135 1382 636 1452 commemoratio,
667 1384 928 1456 quandiu
962 1383 1203 1453 videret,
1235 1385 1294 1439 in
1324 1383 1582 1456 generali
1615 1385 1800 1440 missa

134 1470 470 1542 specialiter
500 1478 798 1545 ageretur;
827 1479 882 1528 et
914 1473 976 1529 ut
1007 1477 1141 1546 post
1174 1474 1223 1544 ej
1237 1491 1303 1529 us
1350 1479 1616 1545 mortem,
1651 1491 1800 1548 pra-

134 1565 225 1615 ter
245 1561 444 1616 debita
465 1561 713 1634 singulis
735 1563 897 1634 ejusd
913 1581 1006 1619 em
1029 1562 1138 1618 loci
1169 1563 1472 1619 monachis
1502 1563 1802 1636 suffragia,

133 1650 268 1720 ejus
301 1651 708 1707 anniversaria
749 1652 1138 1724 depositionis
1190 1653 1314 1708 dies
1362 1653 1702 1708 solemniter
1747 1653 1803 1708 in

137 1744 495 1811 perpetuum
520 1741 940 1798 celebraretur.
958 1742 1238 1797 Caterum
1264 1743 1433 1797 bmmi
1453 1743 1809 1813 seujurlsdi-

136 1828 353 1885 ctionis
375 1829 782 1887 Cluniacensis
807 1831 1086 1887 terminos
1109 1832 1179 1886 ab
1196 1833 1430 1888 Urbano
1449 1833 1806 1904 prastitutos

140 1919 574 1976 conﬁrmarunt
613 1921 1041 1992 subsequentes
1091 1921 1427 1993 pontiﬁces,
1461 1938 1527 1976 ac
1573 1921 1807 1993 potissi-

142 2025 310 2063 mum
341 2010 722 2066 Innocentius
744 2011 793 2065 II
822 2009 942 2082 qui,
968 2011 1073 2065 hoc
1102 2010 1230 2082 ipso
1263 2009 1355 2065 die
1385 2027 1497 2082 quo
1530 2011 1799 2065 Urbanus

141 2099 337 2170 majus
368 2098 551 2154 altare
595 2103 1046 2168 consecraverat,
1081 2099 1384 2155 basilicam
1413 2099 1600 2171 ipsam
1633 2098 1796 2153 dedi-

139 2188 310 2257 cavit,
344 2192 413 2244 ut
445 2205 515 2244 ex
547 2189 675 2260 ejus
706 2193 762 2242 et
804 2187 1051 2244 aliorum
1097 2189 1438 2260 pontiﬁcum
1463 2188 1794 2260 diplomati-

136 2278 248 2333 bus
298 2281 462 2350 patet
504 2277 562 2331 in
608 2276 964 2334 Bibliotheca
992 2275 1359 2333 Cluniacensi
1411 2277 1602 2332 editis.
1654 2276 1796 2330 Hinc

135 2368 452 2438 utriusque
483 2366 868 2423 dedicationis
911 2366 1198 2422 memoria
1239 2365 1415 2421 simul
1447 2366 1506 2420 in
1538 2365 1796 2436 antiquis

135 2455 364 2528 aliquot
396 2455 827 2528 Martyrologiis
876 2455 1168 2512 recolitur.
1204 2455 1333 2510 Hac
1373 2459 1667 2526 postrema
1697 2453 1793 2509 de-

134 2545 349 2601 dicatio
382 2563 538 2601 anno
588 2547 727 2600 1130
769 2563 882 2600 non
915 2544 1202 2617 sequenti,
1238 2549 1303 2598 ut
1352 2542 1502 2598 fallit
1547 2541 1793 2598 chrono-

132 2635 398 2708 graphus
428 2634 848 2700 Cluniacensis,
885 2638 1118 2706 peracta
1148 2638 1256 2688 est.

201 2728 487 2779 Caterum
510 2741 623 2780 non
648 2725 817 2780 modo
836 2723 1094 2778 Cluniaci
1119 2721 1402 2795 principis
1426 2720 1788 2788 monasterii,

131 2813 233 2868 sed
264 2813 522 2869 aliorum
555 2830 786 2886 quoque
827 2813 897 2868 ad
950 2812 1096 2868 illud
1144 2811 1532 2884 spectantium
1567 2813 1705 2883 jura
1735 2816 1792 2867 et

134 2903 553 2976 prarogativas
584 2919 841 2959 asserere
873 2901 1099 2958 studuit
1130 2901 1421 2968 Urbanus,
1444 2905 1509 2957 ut
1539 2905 1696 2973 patet
1725 2917 1792 2955 ex

136 2992 360 3062 multis,
378 3009 508 3065 qua
531 2991 751 3065 passim
773 2995 1103 3058 occurrunt,
1127 2990 1542 3046 monumentis.
1569 2990 1791 3045 Lauda-

135 3086 230 3136 tur
258 3082 418 3138 hanc
449 3082 508 3137 in
541 3099 663 3138 rem
694 3083 822 3152 ejus
854 3079 1014 3136 bulla
1045 3081 1182 3136 data
1213 3084 1409 3136 octavo
1441 3080 1568 3150 ejus
1599 3079 1787 3151 ponti-

134 3171 364 3240 ﬁcatus,
391 3171 452 3226 id
491 3177 581 3226 est
626 3171 891 3244 prasenti
924 3187 1076 3226 anno
1115 3187 1230 3241 qua
1261 3167 1572 3225 Charitatis
1603 3171 1788 3224 Beata

132 3260 328 3317 Maria
357 3277 546 3333 supra
576 3259 826 3332 Ligerim
856 3259 1192 3315 monasterii
1221 3259 1358 3329 jura
1388 3261 1443 3312 et
1473 3257 1786 3328 exemptio-

1896 674 2164 732 Ecclesia
2193 679 2624 738 restitutionem
2653 701 2841 758 nuper
2863 687 3074 742 factam
3098 687 3271 756 tueri,
3297 690 3453 760 quod
3483 689 3567 745 ibi

1900 764 2135 820 astituri
2163 772 2362 823 essent
2383 769 2833 829 Cameracenses
2854 776 3134 831 adversus
3155 793 3284 832 eam
3314 777 3570 834 decerta-

1903 853 2040 908 turi.
2077 854 2338 926 Denique
2368 856 2426 912 in
2459 860 2726 929 ejusdem
2756 862 3049 918 Lamberti
3079 864 3284 936 gestis,
3311 866 3410 922 ubi
3434 883 3570 921 con-

1902 940 2130 997 tinuata
2161 960 2355 1000 rerum
2414 946 2520 1002 hoc
2570 965 2724 1005 anno
2754 956 3050 1023 gestarum
3082 953 3281 1022 series,
3311 970 3445 1010 cum
3475 954 3569 1010 iti-

1904 1046 2039 1085 nere
2060 1032 2368 1090 Remensis
2388 1037 2698 1107 provincia
2715 1040 3122 1112 episcOporum
3144 1043 3212 1098 ad
3231 1043 3567 1100 Claromen-

1904 1122 2105 1175 tanam
2135 1124 2425 1194 synodum
2459 1132 2725 1184 accurate
2748 1134 2804 1184 et
2825 1129 3165 1203 singulatim
3189 1133 3564 1201 describitur,

1905 1207 2051 1262 nihil
2083 1211 2412 1284 omninoIde
2443 1214 2550 1270 hac
2572 1219 2790 1289 synodo
2823 1220 3092 1289 occurrit,
3118 1237 3294 1292 quam
3319 1223 3566 1293 proinde

1907 1297 2172 1354 ﬁctitiam
2223 1318 2350 1357 esse
2397 1305 2601 1361 merito
2647 1307 3000 1363 credendum
3035 1313 3141 1365 est.
3177 1310 3343 1366 Haud
3376 1311 3566 1384 magis

1908 1390 2134 1442 certum
2175 1393 2263 1444 est
2307 1393 2462 1462 quod
2520 1393 2844 1451 Souchetus
2906 1397 2961 1451 in
3023 1397 3186 1453 Notis
3240 1399 3310 1454 ad
3371 1398 3566 1456 Ivonis

1909 1475 2080 1546 epist.
2111 1477 2181 1530 78
2212 1483 2266 1532 et
2299 1479 2584 1536 Robertus
2622 1499 2689 1537 ex
2719 1485 3009 1540 Amalrico
3044 1486 3355 1544 Biterrensi
3389 1489 3447 1543 in
3479 1505 3570 1544 ve-

1910 1563 2016 1618 teri
2041 1564 2226 1621 Gallia
2247 1567 2573 1624 Christiana
2599 1571 2783 1641 aiunt,
2809 1574 3105 1629 Urbanum
3137 1575 3446 1632 ecclesiam
3470 1578 3565 1632 ab.

1911 1652 2081 1707 batia
2115 1654 2374 1711 Dolensis
2405 1658 2558 1729 apud
2593 1660 2879 1734 Bituriges
2912 1662 3018 1717 hoc
3056 1681 3209 1719 anno
3241 1663 3564 1722 dedicasse.

1913 1741 2022 1796 Vix
2055 1743 2208 1798 enim
2245 1745 2300 1798 id
2335 1747 2482 1802 ferre
2529 1753 2717 1820 potest
2749 1752 3027 1822 pontiﬁcii
3078 1752 3306 1810 itineris
3354 1755 3562 1822 series;

1915 1834 1971 1884 et
1987 1830 2226 1902 quidem
2249 1833 2368 1890 hac
2386 1835 2672 1892 dedicatio
2691 1855 2723 1891 a
2745 1837 3010 1894 Paschali
3032 1841 3081 1895 Il
3102 1841 3315 1896 Urbani
3337 1857 3566 1900 succes-

1917 1935 2047 1975 sore
2078 1921 2230 1977 facta
2260 1924 2442 1980 fuisse
2474 1926 2690 1981 dicitur
2716 1927 2772 1982 in
2807 1928 3091 1985 Chronico
3120 1931 3466 1987 Turonensi.

1907 2024 2064 2080 CCII.
2089 2027 2381 2086 Silviniaci
2398 2047 2590 2110 corpus
2611 2035 2665 2110 S_.
2682 2035 2867 2110 illajoli
2890 2039 3172 2110 transfert.
3199 2039 3568 2110 Privilegium

2394 2103 2486 2158 dat
2515 2105 2661 2174 apud
2689 2103 3064 2163 Monticulum'.

1978 2185 2248 2244 Cluniaco
2296 2191 2493 2263 itaque
2548 2209 2818 2265 egressus
2868 2195 3136 2253 Urbanus
3187 2197 3566 2256 Silviniacum

1906 2292 2085 2348 prope
2127 2277 2376 2336 Molinae
2417 2282 2906 2339 Burboniensium
2939 2287 3221 2358 oppidum
3250 2288 3432 2357 venit,
3463 2287 3566 2344 ubi

1906 2381 2117 2436 corpus
2149 2370 2333 2422 sancti
2366 2369 2558 2441 Majoli
2602 2372 2902 2428 transtulit
2941 2373 2999 2429 in
3041 2373 3233 2430 locum
3267 2376 3568 2432 decentio-

1906 2470 2050 2521 rem,
2087 2460 2143 2509 et
2170 2457 2648 2514 Archimbaldum
2696 2478 2874 2533 super
2903 2464 3199 2519 tumulum
3254 2466 3440 2537 patris
3471 2465 3566 2522 sui

1903 2544 2298 2601 Archimbaldi
2351 2549 2542 2620 quarti
2584 2550 2787 2619 jura're
2817 2550 2951 2606 fecit
2999 2569 3060 2606 se
3108 2557 3229 2608 toto
3261 2553 3388 2608 vita
3441 2571 3562 2610 sua

1901 2636 2162 2704 tempore
2191 2635 2361 2703 bona,
2397 2654 2521 2708 qua
2562 2655 2595 2691 a
2645 2642 2808 2709 patre
2853 2631 2954 2694 aut
2985 2658 3018 2694 a
3051 2641 3378 2712 majoribus
3433 2642 3561 2698 suis

1903 2725 2257 2780 monasterio
2289 2724 2500 2781 collata
2526 2728 2778 2794 fuerant,
2812 2727 3035 2784 illibata
3065 2734 3451 2787 servaturum.
3486 2731 3552 2787 Id

1901 2811 2097 2882 ipsum
2129 2817 2376 2869 testatur
2396 2816 2651 2886 pontifex
2674 2817 2733 2871 in
2759 2817 2920 2872 bulla
2941 2834 3118 2890 quam
3141 2816 3270 2892 eju's
3294 2819 3404 2876 loci
3428 2837 3550 2879 mo-

1901 2900 2105 2956 nachis
2129 2902 2327 2960 Idibus
2350 2904 2692 2961 Novembris
2725 2906 2881 2978 apud
2905 2906 3038 2962 Mon
3050 2907 3298 2964 ticulum
3322 2926 3557 2967 conces-

1901 2990 1997 3058 sit,
2019 2990 2077 3045 in
2111 3008 2228 3063 qua
2257 2993 2514 3050 declarat
2543 3011 2604 3050 se
2636 3001 2919 3067 prasente
2964 2997 3239 3055 Duranno
3277 2997 3551 3072 episcopo

1897 3080 2266 3149 Arvernensi,
2293 3083 2713 3140 monasterium
2748 3083 3128 3142 Silviniacum
3174 3087 3282 3143 sub
3314 3087 3558 3161 speciali

1899 3167 2054 3223 sedis
2077 3169 2402 3240 apostolica
2424 3171 2667 3229 tuitione
2690 3174 3044 3246 suscepisse,
3063 3177 3305 3248 ejusque
3328 3192 3558 3249 posses-

1898 3256 2110 3325 siones,
2126 3275 2272 3329 quas
2294 3259 2632 3332 singillatim
2660 3267 2938 3330 recenset,
2953 3265 3103 3319 conﬁ
3115 3277 3344 3322 rmass'e
3368 3283 3380 3321 :
3406 3266 3558 3324 hanc

133 3365 264 3406 nem
287 3349 623 3406 conﬁrmat.
643 3351 713 3404 At
746 3349 955 3405 excidit
980 3349 1099 3404 hac
1125 3346 1304 3414 bulla,
1329 3347 1496 3418 cujus
1522 3346 1787 3402 notitiam
1819 3333 1861 3400 C
1898 3345 2118 3402 bullam
2149 3347 2368 3404 Joellus
2404 3350 2715 3406 Remorum
2752 3352 3184 3420 archiantistes,
3214 3355 3550 3427 petentibus

134 3441 419 3496 debemus
445 3439 606 3494 Actis
628 3439 1193 3509 controversia,qua
1230 3437 1338 3492 sub
1371 3435 1655 3491 Rollando
1688 3437 1788 3492 ab-

134 3530 262 3585 bate
291 3528 559 3584 Cluniaci
590 3531 786 3584 exorta
815 3532 922 3594 est,
948 3544 1098 3583 anno
1133 3526 1270 3580 1220
1300 3524 1600 3581 occasione
1641 3523 1786 3580 elec-

134 3618 308 3674 tionis
340 3617 554 3691 prioris
585 3617 655 3672 de
686 3616 997 3672 Cbaritate.

199 3727 338 3782 CCI.
370 3729 456 3783 An
489 3727 666 3780 Remis
704 3725 997 3780 concilium
1042 3723 1408 3778 celebraverit.
1439 3721 1720 3777 Dolensem

215 3798 220 3801 ’
695 3798 976 3852 ecclesiam
1006 3794 1235 3850 dedicat.

200 3889 258 3942 Si
309 3887 555 3943 Andrea
603 3886 849 3942 Chesnio
901 3884 1231 3950 credamus,
1267 3881 1556 3948 Urbanus,
1589 3897 1788 3938 mense

136 3977 367 4035 Octobri
392 3977 571 4049 hujus
594 3975 753 4042 anni,
775 3975 971 4031 Remis
1003 3972 1209 4028 habuit
1230 3971 1567 4038 concilium,
1591 3971 1648 4026 in
1671 3989 1787 4043 quo

135 4068 452 4124 anathema
487 4067 614 4138 jam
662 4070 834 4120 antea
880 4064 1160 4119 adversus
1209 4060 1542 4133 Philippum
1593 4077 1785 4134 regem

135 4157 321 4214 latum
354 4153 741 4220 conﬁrmavit,
776 4151 1203 4224 expeditionem
1236 4167 1462 4205 sacram
1509 4149 1786 4205 adversus

141 4243 410 4300 inﬁdeles
444 4241 719 4310 decrevit,
769 4241 1135 4312 sancivitque
1167 4243 1234 4293 ut
1264 4238 1544 4310 deinceps
1577 4238 1636 4292 in
1675 4240 1786 4294 As-

132 4333 490 4406 sumptionis
522 4333 778 4404 Deipara
802 4329 1044 4403 virginis
1069 4327 1367 4400 pervigilio
1393 4327 1690 4398 jejunium
1715 4327 1786 4381 ab

133 4425 408 4482 omnibus
431 4422 864 4489 observaretur;
885 4437 950 4475 ac
972 4417 1221 4490 denique
1243 4416 1453 4471 indixit
1477 4415 1635 4471 aliud
1658 4434 1790 4472 con-

130 4517 331 4572 cilium
355 4513 513 4587 apud
536 4511 1031 4568 Clarummontem
1058 4507 1319 4579 proximo
1346 4522 1550 4560 mense
1575 4505 1788 4562 haben-

131 4607 291 4662 dum.
317 4605 448 4661 Hac
483 4602 580 4658 ille
625 4602 682 4656 in
719 4599 970 4655 Historia
1009 4598 1406 4653 Romanorum
1443 4594 1786 4667 pontiﬁcum

1898 3435 2188 3492 Silviniaci
2235 3437 2560 3506 monachis,
2593 3457 2627 3495 a
2657 3457 2718 3495 se
2760 3439 2943 3496 visam
2995 3446 3051 3498 et
3097 3442 3366 3500 collatam
3399 3461 3550 3501 anno

1900 3526 2039 3579 1245
2068 3525 2352 3597 integram
2385 3543 2450 3582 ac
2482 3526 2768 3583 illibatam
2815 3530 3108 3586 inventam
3150 3531 3330 3588 fuisse
3361 3532 3552 3589 decla-

1898 3612 2122 3667 ravitub
2138 3611 2286 3684 plico
2320 3618 2726 3682 instrumento,
2752 3617 2907 3687 quod
2941 3616 3130 3689 sigillo
3157 3634 3264 3673 suo
3287 3618 3556 3675 munivit.

1889 3702 2234 3774 .Pontiﬁcem
2267 3703 2326 3758 in
2360 3719 2426 3758 eo
2460 3701 2582 3758 loco
2614 3703 2738 3759 dies
2773 3704 2886 3760 fere
2918 3710 3046 3761 octo
3081 3706 3340 3777 exegisse
3371 3707 3551 3762 disci-

1897 3806 2032 3845 mus
2062 3807 2130 3845 ex
2156 3791 2334 3846 veteri
2367 3790 2756 3847 instrumento
2785 3792 3060 3848 cbartarii
3091 3793 3554 3864 Silviniacensis,

1897 3880 2198 3936 occasione
2214 3879 2611 3936 Archimbaldi
2631 3879 3049 3937 Burboniensis
3072 3881 3355 3955 principis
3378 3883 3556 3940 modo

1897 3969 2203 4026 memorati
2235 3971 2406 4039 facto,
2441 3969 2539 4042 qui
2572 3970 2757 4027 malas
2805 3973 3258 4028 consuetudines
3308 3990 3340 4029 ἆ
3394 3978 3558 4046 patre

1897 4076 2003 4115 suo
2036 4064 2286 4129 exactas,
2318 4064 2374 4115 et
2403 4061 2475 4114 ab
2506 4060 2710 4115 eodem
2756 4061 2929 4117 morti
2968 4062 3230 4133 proximo
3263 4061 3550 4120 relaxatae

1895 4164 2170 4204 renovare
2193 4147 2558 4204 moliebatur.
2586 4171 2613 4200 ‹‹
2637 4149 2852 4205 Eodem
2879 4154 3165 4222 tempore,
3185 4151 3347 4206 verba
3385 4153 3557 4221 ipsius

1893 4237 2102 4294 charta:
2148 4241 2342 4309 refero,
2376 4237 2524 4293 facto
2573 4237 2729 4294 intra
2769 4237 2988 4294 Gallias
3035 4256 3138 4312 pro
3187 4239 3554 4310 quibusdam

1897 4331 2108 4383 sancta
2129 4326 2397 4382 Ecclesia
2421 4325 2778 4383 utilitatibus
2799 4329 3048 4384 adventu
3073 4327 3304 4384 Domini
3326 4327 3548 4384 Urbani

1896 4433 2058 4488 papa
2090 4415 2159 4484 ΙΙ,
2193 4432 2326 4471 cum
2373 4415 2526 4488 apud
2557 4415 2930 4472 Silviniacum
2963 4418 3079 4473 fere
3129 4433 3234 4490 per
3265 4417 3390 4474 dies
3419 4421 3552 4474 octo

1897 4508 2240 4570 moraretur,
2285 4509 2342 4560 et
2390 4505 2643 4576 quodam
2695 4505 2787 4561 die
2835 4505 2893 4560 in
2942 4505 3198 4578 capitulo
3251 4506 3554 4576 resideret,

1897 4596 2242 4650 cunctorum
2284 4592 2838 4649 circumsedentium
2895 4595 3142 4649 fratrum
3190 4599 3374 4650 catus
3424 4595 3552 4666 ejus

131 4695 327 4752 Gallia
357 4692 535 4751 edita.
557 4694 630 4746 At
662 4695 951 4762 quantum
983 4705 1016 4742 a
1053 4703 1186 4742 vero
1217 4685 1304 4740 vir
1335 4701 1476 4740 sane
1507 4684 1781 4740 eruditis—
1816 4706 1862 4771 D
1897 4681 2144 4756 pedibus
2171 4679 2508 4771 provolutus
2532 4679 2814 4752 auxilium
2839 4681 3151 4771 implorare
3173 4683 3352 4754 capit
3375 4699 3552 4753 super

132 4785 316 4842 simus
363 4779 735 4844 aberraverit,
778 4781 936 4851 patet
992 4793 1107 4830 non
1157 4774 1348 4830 solum
1408 4791 1475 4828 ex
1534 4773 1782 4828 aliorum

133 4879 460 4940 auctorum,
493 4875 754 4926 veterum
806 4871 862 4922 et
921 4863 1310 4921 recentiorum
1371 4861 1622 4930 silentio,
1679 4863 1780 4919 sed

135 4964 304 5020 etiam
335 4980 405 5020 ex
445 4959 661 5017 Urbani
710 4957 984 5012 itinerum
1033 4954 1201 5021 serie,
1235 4969 1299 5008 ac
1349 4953 1623 5007 omnibus
1654 4953 1781 5023 ejus

135 5053 231 5108 avi
261 5049 674 5108 instrumentis
705 5065 738 5103 a
765 5045 930 5102 nobis
964 5043 1224 5117 prolatis,
1249 5058 1374 5113 qua
1401 5039 1620 5096 nullam
1643 5045 1781 5096 tunc

134 5141 411 5216 temporis
443 5139 732 5214 synodum
765 5134 963 5192 Remis
991 5132 1251 5188 habitam
1279 5129 1462 5185 fuisse
1483 5146 1658 5202 super
1688 5147 1778 5186 sa-

137 5234 324 5306 tisque
362 5231 634 5304 probant.
668 5228 739 5282 Et
785 5223 1024 5297 quidem
1073 5219 1430 5294 Raynoldus,
1465 5219 1779 5275 Remorum

136 5328 268 5380 tunc
286 5317 775 5392 metropolitanus
797 5330 937 5370 suos
957 5311 1354 5382 suﬁ'raganeos
1372 5307 1444 5363 ad
1466 5306 1778 5363 concilium

134 5412 644 5468 Claromontanum
701 5422 769 5461 ex
810 5402 1026 5459 Urbani
1086 5396 1422 5472 prascripto
1481 5394 1777 5463 invitavit;

131 5506 385 5558 revocato
417 5500 491 5556 ob
531 5497 684 5554 banc
714 5493 1020 5560 rationem,
1043 5488 1198 5563 quod
1240 5485 1407 5542 initio
1438 5484 1778 5540 Novembris

132 5591 536 5649 celebrandum
568 5584 872 5651 indixerat,
897 5579 1142 5637 concilio
1168 5573 1530 5649 provinciali,
1561 5577 1625 5630 ut
1655 5573 1777 5645 ipse

131 5684 259 5740 dicit
279 5684 338 5737 in
360 5675 615 5752 epistola
635 5676 761 5747 jam
792 5671 1032 5726 laudata
1054 5669 1124 5723 ad
1148 5665 1543 5722 Lambertum.
1559 5662 1776 5752 Deinde

132 5774 244 5854 ipse
273 5769 538 5850 pontifex
566 5761 961 5842 peculiaribus
997 5756 1208 5821 litteris
1241 5752 1471 5814 monuit
1499 5751 1774 5813 Lamber-

1894 4771 2065 4826 malis
2091 4787 2218 4843 qua
2233 4768 2463 4840 jamdiu
2487 4769 2716 4824 fuerant
2748 4769 3323 4842 perpessi.Susoepta
3345 4786 3548 4827 eorum

1890 4860 2167 4933 petitione
2216 4857 2639 4931 benignissime
2678 4857 2929 4912 domnus
2968 4874 3140 4930 papa,
3173 4873 3311 4912 cum
3361 4857 3545 4915 altera

1889 4951 1983 5005 die
2013 4952 2313 5022 rogaretur
2357 4964 2390 5002 a
2430 4947 2555 5018 jam
2589 4946 2743 5002 dicto
2771 4945 3212 5016 Archimbaldo,
3249 4950 3315 5002 ut
3359 4947 3543 5020 patris

1889 5039 1977 5093 sui
2010 5039 2266 5093 animam
2299 5035 2615 5109 apostolica
2651 5034 2974 5091 absolveret
3013 5035 3376 5104 auctoritate,
3409 5041 3548 5110 post

1889 5125 2175 5197 expletam
2199 5124 2649 5193 absolutionem,
2668 5129 2987 5196 antequam
3020 5141 3054 5178 a
3084 5138 3145 5180 se
3174 5124 3542 5181 Archimbal-

1889 5215 2000 5271 dus
2029 5215 2186 5268 idem
2209 5231 2244 5269 a
2264 5230 2327 5270 se
2347 5213 2689 5281 discederet,
2712 5217 3028 5284 antequam
3059 5213 3237 5270 etiam
3260 5230 3292 5270 a
3315 5213 3543 5271 tumqu

1889 5305 2065 5377 pedes
2095 5306 2436 5373 removeret,
2460 5302 2700 5359 monitis
2743 5301 2930 5375 ipsius
2968 5302 3239 5375 princeps
3269 5303 3540 5374 prafatas

1888 5408 2090 5448 omnes
2121 5389 2309 5446 malas
2339 5391 2792 5447 consuetudines
2819 5407 2966 5463 quas
2999 5391 3214 5463 injuste
3243 5391 3540 5463 quaerebat

1886 5480 2151 5554 reliquit;
2187 5483 2245 5534 et
2263 5481 2328 5534 ut
2351 5479 2562 5536 melius
2579 5480 2670 5536 sui
2689 5479 2828 5536 dicti
2855 5496 3079 5536 memor
3097 5484 3251 5536 esset
3267 5479 3535 5538 osculum

1887 5571 2047 5643 pacis
2070 5569 2141 5624 ab
2165 5567 2368 5623 eodem
2389 5585 2542 5641 papa
2561 5567 2838 5641 accepit.»
2867 5569 2978 5625 Sed
3000 5585 3202 5626 eorum
3224 5568 3538 5625 immemor

1885 5678 1982 5718 eas
2014 5657 2186 5732 paulo
2218 5661 2350 5728 post
2391 5657 2720 5714 renovavit:
2744 5673 2923 5729 quare
2955 5675 3047 5713 res
3095 5659 3167 5714 ad
3217 5655 3530 5715 concilium

1886 5748 2399 5809 Claromontanum
2430 5745 2622 5806 delata
2649 5749 2756 5822 est,
2790 5749 2854 5807 ut
2882 5745 3034 5806 infra
3063 5745 3345 5807 dicemus.
