3962 6360
408 379 523 439 163

647 509 834 567 CCIII.
865 507 1326 564 Clarummo-ntem
1353 506 1535 562 avenit
1569 505 1835 562 Urbanus.

478 599 810 674 Peragratis
831 597 1104 653 Urbanus
1125 595 1218 652 his
1241 595 1554 669 provinciis
1571 593 2068 650 Clarummontem

409 691 504 746 die
529 689 876 746 Novembris
902 689 966 742 14
987 693 1090 742 aut
1115 685 1377 758 sequenti
1405 684 1657 751 advenit,
1683 699 1813 739 cum
1849 681 2070 736 interea

407 779 667 854 episcopi
699 794 769 834 ex
812 776 991 831 variis
1034 775 1192 832 orbis
1221 773 1536 830 Christiani
1585 770 1922 846 regionibus
1953 769 2068 825 huc

408 869 807 941 properarent.
840 865 924 920 Ex
952 863 1048 920 his
1085 863 1430 919 Lambertus
1469 859 1868 917 Atrebatensis
1899 875 1930 914 e
1960 875 2070 913 sua

409 957 554 1014 urbe
585 955 677 1011 die
719 956 789 1010 28
819 953 1086 1009 Octobris
1131 951 1444 1025 profectus,
1477 950 1726 1006 Pruvino
1769 950 2068 1005 Senonum

407 1045 664 1112 transiit,
683 1060 798 1116 quo
821 1059 889 1099 ex
911 1041 1124 1114 oppido
1145 1057 1415 1114 egressus
1434 1057 1537 1096 VIII
1559 1039 1697 1095 Idus
1726 1036 2067 1094 Novembris

411 1152 446 1192 a
479 1132 802 1190 Guarnerio
833 1132 1088 1205 quodam
1117 1129 1304 1186 milite
1333 1129 1558 1186 castelli
1592 1129 1663 1184 de
1689 1129 1834 1184 Pont
1863 1129 2069 1198 captus

411 1227 520 1280 est.
551 1225 624 1279 At
652 1239 721 1278 ea
751 1221 821 1276 de
851 1237 912 1276 re
942 1219 1204 1276 monitus
1242 1219 1500 1291 pontifex
1531 1215 1919 1273 Guarnerium
1952 1218 2066 1270 sta-

410 1311 517 1367 tim
562 1309 773 1366 litteris
805 1309 877 1365 ob
909 1313 1135 1365 tantam
1180 1306 1567 1364 temeritatem
1599 1303 1956 1377 objurgavit;
1989 1303 2067 1359 si-

412 1398 652 1472 mulque
687 1397 831 1454 alias
861 1397 1084 1454 litteras
1129 1395 1397 1452 Richerio
1435 1395 1734 1450 Senonum
1783 1391 2066 1464 archiepi-

412 1505 588 1560 scopo
606 1487 859 1558 scripsit,
875 1489 940 1540 ut
953 1483 1225 1542 eumdem
1243 1481 2062 1562 militemlcommonefactum,

411 1577 462 1632 si
495 1593 610 1632 non
641 1574 1032 1648 resipisceret,
1053 1571 1232 1629 simul
1263 1589 1398 1629 eum
1429 1589 1536 1628 suo
1557 1571 1686 1643 ejus
1718 1571 1832 1627 loco
1859 1585 2071 1626 excom-

409 1654 776 1722 municationi
801 1664 1112 1736 subjiceret.
1135 1666 1353 1718 Verum
1387 1661 1735 1734 priusquam
1765 1677 1864 1716 eas
1913 1675 2067 1715 rece-

410 1755 597 1828 pisset
639 1752 1020 1821 Guarnerius,
1053 1769 1089 1808 a
1146 1751 1414 1824 Philippo
1471 1749 1746 1822 episcopo
1793 1747 2068 1804 Treccnsi

411 1858 521 1898 suo
565 1842 745 1898 fratre
781 1840 1104 1912 increpitus
1143 1841 1269 1911 jam
1319 1838 1680 1896 satisfecerat
1724 1838 2064 1905 Lamberto;

413 1947 667 2002 eumque
711 1929 822 1986 sibi
865 1927 1304 1985 reconciliatum
1349 1927 1818 1984 Antissiodorum
1859 1943 2066 1998 usque,

415 2019 516 2075 ubi
548 2019 642 2078 die
669 2037 703 2078 .v
731 2019 941 2077 lduum
977 2017 1240 2088 ejusdem
1286 2016 1506 2072 mensis
1547 2015 1798 2084 advenit,
1832 2014 2066 2070 honori-

415 2108 524 2164 ﬁce
555 2107 745 2164 fuerat
773 2106 1107 2163 comitatus.
1133 2105 1445 2162 Occasione
1487 2108 1684 2160 tamen
1716 2103 1893 2176 hujus
1925 2103 2068 2159 faci-

416 2189 577 2253 noris
603 2197 832 2252 videtur
857 2195 1129 2252 conditus
1155 2193 1337 2251 fuisse
1367 2211 1552 2250 canon
1583 2194 1654 2248 32
1683 2192 1911 2249 concilii
1943 2191 2068 2249 Cla-

419 2278 836 2352 romohtensis,
853 2289 920 2340 ut
940 2301 1047 2340 suo
1068 2283 1194 2340 loco
1216 2283 1500 2340 dicemus.
1523 2283 1697 2338 Porro
1720 2282 2070 2338 Lambertus

415 2373 803 2431 Antissiodori
855 2377 1061 2446 praeter
1091 2365 1428 2428 Ricberium
1468 2373 1886 2438 Senonensem,
1911 2387 2068 2426 com-

419 2455 800 2536 prov'ineialos
835 2477 901 2516 ac
919 2461 1143 2516 vicinos
1175 2477 1314 2516 suos
1359 2459 1671 2517 Gervinum
1715 2459 2066 2514 Ambianen-

311 2557 330 2566 “
396 2567 544 2607 ·εθω
585 2556 642 2607 et
671 2550 994 2606 Gerardum
1041 2548 1431 2606 Morinensem
1481 2549 1786 2622 episcopos
1836 2547 2069 2620 reperit,

419 2639 773 2713 quibuscum
812 2637 1105 2710 reliquum
1147 2637 1373 2694 itineris
1413 2637 1678 2707 confecit,
1710 2643 1766 2692 et
1807 2636 2072 2693 Clarum-

421 2733 678 2786 montem
710 2727 942 2786 advenit
971 2728 1069 2782 die
1105 2745 1178 2783 xv
1207 2723 1508 2783 'Kalendas
1556 2726 1910 2793 Decembris,
1946 2743 2074 2798 quae

419 2817 724 2875 Dominica
743 2822 886 2883 erat,
917 2816 1016 2870 ubi
1047 2833 1083 2871 α
1106 2815 1362 2888 pontiﬁce
1391 2817 1624 2884 benigne
1654 2817 1712 2869 in
1745 2815 1921 2870 osculo
1951 2831 2075 2870 san-

420 2915 501 2964 cto
528 2909 804 2978 susceptus
834 2904 1300 2960 benedictionem
1331 2903 1711 2976 apostolicam
1727 2903 1978 2977 vrecepit.

489 2987 676 3083 .CClV.
703 3010 888 3080 ,Simul
917 3015 969 3066 et
998 3010 1105 3066 alii
1133 3011 1388 3082 episcopi,
1421 3018 1548 3075 etc.,
1579 3010 1724 3082 apud
1755 3009 2004 3066 Clarum-

937 3097 1061 3138 mon
1069 3085 1176 3137 tem
1211 3083 1558 3138 conveniunt.

1686 367 1758 431 B.
1803 365 2143 452 URBANIS
2187 365 2241 426 II
2283 361 2535 426 PAPJE.

2078 501 2344 567 Anum,
2391 513 2527 554 cum
2579 495 2733 568 apud
2784 493 3283 551 Clarummontem
3342 493 3516 566 esset,
3568 488 3712 566 dona
3776 505 3849 556 (ιδ

3719 351 3848 414 164

2179 591 2379 661 legatos
2435 587 2777 651 transmisit,
2837 587 2983 640 teste
3041 580 3351 659 Laurentio
3405 579 3712 636 Leodiensi
3781 579 3848 632 in

2177 677 2433 734 Historia
2472 675 2650 748 epise.
2683 672 3177 749 Virdunensium._
3203 669 3412 726 Nullus
3459 686 3590 725 vero
3620 685 3692 724 ex
3721 670 3851 724 An-

2178 765 2296 840 glia
2325 765 2636 838 episcopus
2665 763 2778 836 huc
2811 761 3114 818 advenisse
3144 775 3397 833 usquam
3428 761 3803 814 memoratur
3833 775 3848 813 :

2180 861 2322 912 Boso
2350 859 2548 910 tamen
2577 851 2924 920 monachus,
2940 851 3038 922 qui
3064 849 3442 924 postmodum
3463 847 3630 922 Becci
3653 847 3850 904 abbas

2177 945 2308 1012 fuit,
2335 963 2368 999 a
2397 947 2596 1000 sancto
2627 940 2902 997 Anselmo
2933 938 3368 996 Cantuariensis
3397 936 3846 1011 archiepiscopo

2179 1034 2419 1100 missus,
2453 1033 2582 1104 ejus
2613 1029 2850 1086 nomine
2877 1028 2959 1108 ibi
2992 1027 3277 1097 interfuit,
3308 1031 3376 1083 ut
3405 1044 3472 1084 ex
3505 1026 3696 1100 ipsius
3729 1027 3843 1082 Bo-

2177 1122 2338 1180 sonis
2361 1121 2496 1176 Vita
2526 1119 2832 1176 discimus.

2654 1207 2808 1264 CCV.
2841 1213 3046 1264 Eorum
3073 1223 3358 1262 numerus.

2247 1299 2553 1356 Bertoldus
2603 1298 2863 1356 tredecim
2916 1297 3344 1370 archiepiscopos
3379 1311 3506 1350 cum
3549 1295 3670 1351 suis
3715 1295 3846 1366 suf-

2173 1391 2478 1462 fraganeis,
2511 1389 2580 1444 ad
2613 1387 2766 1443 hanc
2809 1385 3121 1461 synodum,
3155 1401 3333 1458 quam
3379 1384 3692 1456 generalem
3735 1400 3845 1456 ap-

2177 1479 2376 1553 pellat,
2403 1478 2744 1535 convenisse
2774 1477 2952 1533 tradit
2979 1476 3040 1532 in
3067 1492 3183 1550 qua
3208 1476 3314 1530 205
3336 1475 3642 1548 pastorales
3667 1475 3850 1545 virgae

2175 1577 2382 1626 notata:
2439 1570 2584 1623 sunt.
2626 1567 2928 1623 Urbanum
2986 1582 3170 1622 omnes
3230 1567 3502 1637 episcopos
3534 1563 3731 1620 Gallize
3795 1570 3852 1620 et

2177 1658 2461 1730 Hispaniae
2489 1656 2633 1729 apud
2683 1656 3145 1712 Clarummontem
3191 1669 3601 1727 congregasse,
3634 1651 3846 1726 ibique

2175 1747 2476 1804 concilium
2525 1748 2716 1815 ingens
2769 1745 3093 1800 celebrasse
3141 1743 3223 1800 ait
3267 1742 3576 1799 Ordericus
3625 1741 3846 1798 Vitalis

2181 1835 2349 1892 initio
2383 1835 2514 1891 libri
2549 1853 2626 1902 1x,
2650 1833 2764 1901 cui,
2798 1833 3011 1906 inquit,
3045 1833 3435 1889 interfuerunt
3453 1830 3848 1905 archiepisco-

2180 1925 2238 1998 pi
2271 1924 2568 1993 tredecim,
2593 1923 2848 1997 episcopi
2903 1921 3136 1978 ducenti
3186 1929 3244 1978 et
3291 1921 3499 1996 viginti
3547 1920 3840 1995 quinque,

2177 2031 2299 2070 cum
2342 2014 2708 2070 multitudine
2751 2013 3029 2078 abbatum,
3061 2013 3412 2085 aliarumque
3453 2027 3842 2086 personarum,

2179 2104 2373 2176 quibus
2403 2103 2534 2160 adeo
2575 2111 2890 2159 sanctarum
2917 2117 3068 2159 cura:
3103 2101 3364 2173 delegata?
3399 2109 3528 2158 sunt
3563 2102 3846 2158 Ecclesia-

2180 2211 2324 2248 rum.
2351 2192 2652 2249 Consentit
2683 2196 2885 2247 auctor
2914 2191 3222 2248 Gestorum
3254 2189 3545 2247 Lamberti
3577 2190 3844 2264 episcopi

2185 2282 2608 2350 Atrebatensis,
2631 2280 2732 2352 qui
2761 2281 3006 2337 totidem
3037 2280 3504 2354 archiepiscopos
3534 2285 3592 2336 et
3618 2279 3849 2353 episco-

2180 2388 2286 2444 pos
2317 2387 2449 2426 eum
2475 2370 2753 2426 Romanis
2783 2369 3181 2426 cardinalibus
3203 2370 3274 2426 ad
3298 2369 3407 2426 hoc
3429 2369 3684 2442 generale
3706 2385 3847 2425 con-

2182 2461 2381 2516 cilium
2416 2459 2754 2516 convenisse
2782 2459 2984 2526 trudit,
3017 2464 3074 2516 et
3124 2463 3333 2532 praeter
3361 2475 3458 2516 eos
3487 2459 3708 2515 abbates
3744 2475 3846 2515 no-

2179 2551 2412 2620 naginta
2440 2557 2492 2604 et
2520 2564 2580 2604 eo
2610 2549 2870 2621 amplius,
2918 2551 3157 2620 exceptis
3185 2549 3422 2606 honestis
3465 2553 3517 2604 et
3558 2548 3846 2618 religiosis

2181 2637 2520 2694 diversarum
2539 2639 2824 2710 regionum
2841 2641 2892 2692 et
2910 2639 3326 2710 provinciarum
3345 2639 3558 2694 clericis
3577 2641 3629 2694 et
3652 2637 3840 2695 laicis.

2184 2727 2341 2783 Idem
2364 2730 2566 2800 postea
2585 2727 2643 2782 in
2669 2727 2782 2782 fine
2805 2727 3030 2799 repetit,
3051 2727 3162 2783 nisi
3188 2728 3343 2800 quod
3365 2726 3844 2801 archiepiscopos

2183 2815 2591 2888 quatuordcci-m
2623 2816 2838 2872 habeat
2866 2816 2924 2871 in
2957 2814 3179 2889 aliquot
3217 2817 3391 2872 editis
3417 2821 3474 2874 et
3502 2833 3646 2873 mss.
3669 2817 3845 2874 Unus

2183 2909 2381 2960 tamen
2400 2905 2575 2961 codex
2601 2909 2818 2973 noster,
2834 2905 3146 2977 etquidem
3164 2905 3444 2962 vetustior
3464 2905 3845 2964 solummodo

2185 2993 2463 3050 tredecim
2497 2993 2744 3066 praefert.
2777 2997 2844 3048 In
2875 2993 3052 3050 veteri
3083 2995 3290 3070 notitia
3314 2995 3580 3066 ejusdem
3607 2996 3848 3052 concilii

2187 3083 2342 3155 apud
2379 3082 2678 3138 Labbeum
2727 3100 2794 3138 ex
2825 3082 3021 3139 codice
3051 3083 3241 3140 Cencii
3271 3084 3582 3159 Camerarii
3632 3102 3847 3143 conse-

404 3199 412 3204 -
497 3172 644 3228 Cum
695 3171 891 3244 itaque
941 3169 1140 3226 omnia
1169 3170 1242 3225 ad
1301 3169 1715 3250 celebrandum
1765 3169 2077 3226 concilium
2117 3245 2146 3250 _
2186 3171 2493 3228 dissecum
2511 3171 2743 3227 Urbano
2767 3171 3480 3246 dicunturarchiepiscopi
3501 3173 3843 3247 duodecim,

427 3260 714 3334 dispesita
743 3263 960 3323 essent,
993 3259 1063 3315 ad
1105 3259 1163 3315 id
1194 3259 1352 3316 enim
1390 3245 1563 3332 longe
1603 3265 1773 3316 antea
1803 3259 2074 3317 Urbanus
2105 3245 2148 3312 C
2185 3261 2440 3333 episcopi
2463 3260 2758 3334 octoginta
2777 3265 2835 3316 et
2855 3261 3148 3317 innumeri
3172 3261 3680 3320 abbates.Clarius
3700 3245 3841 3321 vero

427 3349 742 3407 Henricum
770 3346 1054 3413 Siculum,
1087 3347 1186 3420 qui
1217 3351 1350 3421 post
1376 3349 1566 3404 varias
1597 3349 1862 3404 fortunas
1891 3349 2075 3405 cardi-

429 3436 580 3494 nalis
599 3441 657 3494 et
677 3436 1007 3510 patriarcha
1025 3435 1420 3494 Antiochenus
1442 3438 1676 3493 tandem
1701 3438 1828 3505 fuit,
1849 3437 2076 3510 praemi-

409 3521 602 3594 serat,
635 3529 1028 3582 convenerunt
1055 3531 1251 3582 autem
1298 3526 1567 3582 condicto
1621 3526 1714 3582 die
1763 3527 1916 3599 apud
1948 3526 2072 3583 Cla-

405 3606 822 3672 -rummontem
855 3631 922 3672 ex
952 3614 1226 3672 omnibus
1255 3615 1436 3672 ferme
1459 3616 1701 3688 Europae
1729 3615 1918 3690 plagis
1939 3632 2075 3672 cum

427 3703 659 3761 Urbano
725 3721 876 3778 papa
945 3703 1401 3776 archiepiscopi,
1457 3703 1747 3778 episcopi,
1811 3705 2072 3774 abbates,

405 3793 644 3866 aliique
673 3795 940 3850 omnium
971 3793 1243 3849 ordinum
1291 3792 1397 3848 viri
1435 3792 1695 3850 illustres
1726 3811 1870 3866 pene
1901 3795 2073 3849 innu-

427 3881 594 3939 meri.
625 3883 842 3938 Auctor
887 3881 1154 3936 Chronici
1203 3881 1402 3936 Sancti
1431 3881 1624 3936 Vitoni
1669 3882 2076 3954 Virdunensis,

427 3976 590 4026 torno
611 3969 634 4024 Ι
654 3967 1022 4024 Bibliothecse
1044 3969 1383 4036 Labbeanae,
1400 3969 1481 4024 ait
1501 3971 1568 4026 ad
1595 3969 1738 4026 illud
1763 3969 2076 4026 concilium

427 4056 702 4132 episcopos
738 4072 876 4128 pene
923 4059 1084 4114 totius
1125 4057 1270 4113 orbis
1317 4063 1700 4130 congregatos
1748 4059 1950 4126 fuisse,
1979 4075 2077 4115 ex-

428 4148 597 4220 ceptis
643 4145 1006 4217 Lotharingis,
1058 4147 1375 4203 Alemannis
1419 4149 1470 4201 et
1517 4148 1808 4220 Hungaris.
1843 4147 1962 4204 Hoc
1991 4151 2078 4204 ta-

431 4252 567 4294 men
605 4225 1014 4292 celeberrimum
1062 4235 1244 4292 fuisse
1293 4233 1497 4293 scribit
1543 4235 1830 4292 Robertus
1879 4235 2078 4294 libr01

432 4324 698 4382 Historias
763 4323 1290 4398 Jerosolymitanee,
1357 4328 1625 4380 conventu
1685 4325 1962 4382 Gallorum
2017 4343 2080 4383 ac

433 4414 824 4471 Germanorum
850 4418 969 4469 tam
1019 4415 1389 4486 episcoporum
1435 4430 1600 4486 quam
1645 4417 1976 4488 principum.
2009 4418 2081 4474 At

412 4501 760 4571 Alemanni,
781 4519 1032 4574 quorum
1056 4501 1324 4558 nonnulli
1345 4502 1578 4559 Urbano
1603 4508 1768 4559 erant
1795 4505 2079 4562 addictis-

2183 3349 2386 3406 scribit
2435 3349 2493 3405 in
2544 3349 2826 3406 Chronico
2883 3349 3078 3406 Sancti
3114 3351 3264 3406 Petri
3291 3351 3417 3408 Vivi
3475 3352 3840 3412 Senonensis

2183 3439 2320 3495 huic
2352 3437 2597 3495 concilio
2639 3443 2953 3512 praesentes
2997 3440 3180 3496 fuisse
3209 3444 3496 3498 trecentos
3526 3441 3840 3516 episcopos

2185 3528 2441 3585 abbates.
2461 3529 2655 3584 Novus
2685 3528 2936 3602 scriptor
2958 3529 3267 3586 Gestorum
3299 3530 3398 3586 Dei
3429 3547 3533 3604 per
3553 3531 3834 3602 Francos,

2181 3622 2472 3674 trecentos
2502 3621 2558 3674 et
2587 3619 2787 3674 decem
2827 3621 2948 3673 tam
2979 3618 3285 3692 episcopos
3335 3637 3512 3692 quam
3565 3621 3833 3679 abbates.

2184 3707 2444 3780 Denique
2485 3706 2801 3762 Guibertus
2845 3705 2954 3762 hoc
3000 3707 3311 3764 concilium
3360 3713 3510 3766 tanto
3567 3711 3838 3786 celebritas

2183 3799 2354 3868 fuisse
2381 3795 2541 3863 dicit,
2563 3805 2764 3866 quanto
2793 3797 3104 3853 excellentis
3145 3804 3200 3854 et
3239 3800 3524 3858 inusitatae
3557 3817 3834 3873 personae,

2189 3885 2485 3940 Urbanum
2534 3884 2824 3958 intelligit,
2859 3903 2957 3942 ora
2994 3904 3230 3957 cernere,
3262 3891 3427 3945 verba
3472 3890 3668 3946 audire
3717 3896 3840 3948 erat

2185 3973 2616 4030 desiderabilius.
2647 3976 2796 4030 Tum
2827 3975 3023 4032 subdit
3049 3995 3062 4032 :
3087 3977 3208 4049 Illic
3226 3983 3434 4050 praater
3461 3982 3840 4052 episc0porum

2186 4070 2236 4118 et
2265 4063 2523 4119 abbatum
2570 4067 2849 4131 examina,
2889 4082 3021 4136 quos
3069 4069 3288 4122 circiter
3325 4069 3712 4141 quadragintos
3737 4087 3841 4144 per

2181 4155 2552 4224 prominentes
2580 4155 2794 4225 ferulas
2811 4155 2984 4226 fuisse
3009 4157 3186 4227 aliqui
3204 4162 3646 4229 numeraveram,
3667 4162 3837 4217 totius

2185 4243 2432 4298 Franciae
2456 4249 2508 4298 et
2537 4243 2921 4316 appendicium
2966 4248 3330 4302 comitatuum
3373 4249 3682 4305 litteratura
3707 4267 3836 4308 con-

2186 4333 2369 4402 ﬂuxit.
2403 4332 2517 4388 Nec
2548 4331 2765 4388 mirum
2797 4333 2846 4388 si
2877 4333 3082 4390 Franci
3130 4339 3292 4392 tanto
3340 4354 3471 4392 eum
3522 4338 3731 4397 ardore
3763 4342 3836 4398 ad

2187 4419 2471 4478 illustrem
2505 4422 2647 4478 adeo
2697 4425 2755 4478 et
2802 4422 3151 4480 inusitatum
3181 4431 3394 4482 ccetum
3426 4428 3832 4487 confluxerint.

2188 4509 2412 4566 Etenim
2444 4515 2652 4582 praeter
2681 4511 2944 4566 nativum
2973 4513 3274 4583 fervorem,
3297 4515 3603 4589 Philippus
3627 4534 3748 4587 rex,
3773 4524 3840 4575 ut

433 4591 590 4660 simi,
620 4590 910 4680 huciforte
940 4608 1055 4680 non
1087 4593 1666 4680 convenerant,quod
1699 4597 1830 4648 ante
1861 4610 2080 4666 paucos
2108 4613 2155 4678 D
2187 4598 2399 4656 Urbani
2433 4599 2580 4654 votis
2619 4600 3063 4671 obsecundaret,
3088 4603 3364 4661 omnibus
3394 4605 3556 4678 regni
3587 4607 3679 4662 sui
3713 4609 3838 4680 epi-

433 4696 666 4737 menses
697 4679 1031 4737 Placentino
1057 4679 1322 4748 concilio,
1349 4679 1439 4738 uti
1473 4680 1746 4748 vidimus,
1780 4682 2076 4739 interfuis-

433 4773 582 4826 sent.
611 4769 694 4824 Ex
725 4769 1092 4842 Lotharingis
1123 4773 1339 4840 autem,
1367 4769 1416 4824 si
1449 4769 1754 4827 Meurissio
1785 4772 2080 4830 credimus

433 4861 490 4914 et
519 4858 1008 4928 Sammarthanis,
1033 4857 1170 4919 huic
1199 4857 1444 4914 concilio
1473 4859 1708 4916 adfuere
1739 4859 1932 4933 Poppo
1962 4861 2080 4917 Me-

433 4945 621 5002 tensis
657 4945 987 5019 episcopus,
1019 4951 1078 5001 et
1109 4945 1246 5002 Pibo
1276 4945 1588 5012 Tullensis,
1610 4949 1710 5020 qui
1743 4949 1902 5017 Pibo,
1937 4951 1985 5006 si
2015 4951 2076 5007 P.

438 5033 748 5090 Benedicto
779 5033 1092 5106 Capucino,
1117 5035 1339 5090 auctori
1378 5052 1537 5091 novae
1567 5036 1858 5093 Tullensis
1888 5039 2078 5098 Histo-

438 5124 557 5192 riae,
590 5123 918 5190 credamus,
951 5124 1010 5178 in
1053 5139 1224 5179 suam
1271 5123 1568 5180 dioecesim
1609 5142 1640 5181 e
1686 5126 1952 5192 concilio,
1987 5129 2081 5183 cui

439 5228 574 5268 eum
605 5211 870 5268 Renardo
901 5211 1161 5268 Tullensi
1200 5213 1408 5269 comite
1456 5218 1514 5269 et
1555 5213 1719 5270 Petro
1749 5216 1878 5288 ejus
1908 5215 2083 5272 fratre

439 5300 808 5367 interfuerat,
838 5301 1040 5372 redux,
1072 5300 1144 5356 ad
1174 5317 1400 5358 sacram
1439 5302 1863 5375 expeditionem
1895 5305 2081 5360 susci-

439 5388 715 5462 piendam
772 5388 1081 5462 plerosque
1134 5389 1305 5447 istius
1363 5391 1616 5464 regionis
1643 5393 1800 5448 viros
1857 5391 2083 5449 nobiles

439 5477 701 5534 adduxit.
762 5477 1066 5534 Rieherius
1121 5495 1253 5536 vero
1308 5478 1554 5535 Virduni
1613 5481 1942 5552 episcopus,
1983 5481 2083 5552 qui

441 5565 616 5643 paulo
647 5569 780 5622 ante
810 5565 956 5623 illud
984 5573 1236 5642 tempus,
1261 5569 1490 5642 ejurata
1534 5568 1764 5626 Henriei
1805 5573 1981 5640 secta,
2011 5571 2083 5629 ab

441 5659 684 5738 Bugone
713 5655 1088 5736 Lugdunensi
1134 5657 1323 5718 fuerat
1361 5662 1754 5732 consecratus,
1783 5659 1855 5718 ad
1904 5658 2082 5721 Urba-

2188 4687 2378 4760 sc0pis
2399 4691 2456 4742 et
2476 4687 2788 4743 abbatibus
2811 4693 3158 4760 potestatem
3189 4691 3401 4748 fecerat
3426 4699 3491 4749 ut
3518 4711 3653 4750 cum
3675 4697 3840 4752 omni

2189 4776 2502 4831 securitate
2531 4775 2916 4850 commeandi,
2949 4779 3105 4850 quod
3141 4779 3266 4852 ipse
3303 4783 3561 4854 pontifex
3588 4783 3650 4840 in
3682 4783 3842 4841 litte-

2188 4865 2269 4919 ris
2301 4865 2371 4919 ad
2403 4863 2748 4920 Garnerium
2781 4883 2961 4937 supra
2998 4866 3250 4924 laudatis
3281 4873 3527 4928 testatus
3555 4878 3664 4929 est.
3690 4875 3844 4931 Cum

2188 4969 2321 5008 vero
2349 4952 2528 5023 hujus
2560 4953 2791 5008 concilii
2822 4956 2964 5010 Acta
2993 4963 3262 5014 accurate
3285 4959 3574 5034 descripta
3594 4979 3712 5020 non
3745 4963 3848 5021 ha-

2190 5041 2456 5108 beantur,
2490 5040 2634 5096 nihil
2676 5041 2892 5099 mirum
2932 5050 3022 5100 est
3061 5045 3110 5102 si
3137 5047 3280 5103 varii
3321 5050 3674 5123 quandoque
3713 5052 3845 5110 fue-

2188 5129 2308 5184 rint
2337 5134 2603 5186 auctores
2647 5131 2705 5186 in
2746 5133 3100 5206 assignando
3129 5137 3534 5210 episcoporum
3569 5139 3670 5212 qui
3701 5141 3845 5200 huic

2191 5216 2432 5274 concilio
2480 5219 2795 5277 interfuere
2845 5239 3108 5279 numero.
3142 5225 3248 5291 Qui
3293 5232 3488 5284 autem
3547 5229 3844 5290 minorem

2191 5321 2368 5377 quam
2401 5309 2589 5364 caeteri
2629 5327 2941 5367 numerum
2985 5312 3382 5388 assignarunt,
3413 5317 3473 5372 id
3517 5317 3726 5376 fecisse
3755 5322 3844 5378 vi-

2191 5395 2404 5452 dentur
2424 5399 2598 5470 quod,
2615 5415 2748 5454 cum
2779 5417 2983 5457 omnes
3009 5403 3286 5480 praesules
3316 5407 3590 5465 omnibus
3619 5409 3845 5468 sessio-

2191 5483 2365 5540 nibus
2395 5491 2706 5558 praesentes
2735 5506 2852 5545 non
2887 5491 3120 5562 fuerint,
3141 5491 3227 5548 illi
3253 5511 3354 5550 eos
3383 5500 3614 5554 tantum
3647 5516 3848 5558 recen-

2192 5573 2416 5631 suerint
2442 5575 2541 5648 qui
2582 5576 2863 5652 singulari
2910 5579 3084 5636 alicui
3131 5583 3380 5640 sessioni
3429 5585 3843 5648 interfuerant.

2191 5662 2260 5722 Et
2288 5663 2346 5723 id
2387 5664 2600 5743 sapius
2631 5667 2882 5729 occurrit
2908 5669 2970 5728 in
3001 5669 3410 5734 instrumentis
3461 5677 3845 5754 potissimum
