3962 6382
405 423 527 501 4-67

1706 428 1779 494 B.
1825 427 2117 494 URBANI
2159 426 2214 491 ll
2257 423 2506 489 PAPIE.

3700 411 3832 480 £68

405 546 848 644 obiissedicitur
880 568 1032 626 anno
1067 547 1223 625 l099.
1256 566 1336 622 Ex
1362 545 1643 640 Hispania
1669 580 1801 620 vero
1837 563 2059 620 Dalma-
2084 561 2142 632 Α
2171 561 2433 628 abbates,
2465 559 2567 633 qui
2597 542 2729 615 cum
2759 539 3028 630 episcopo
3077 538 3534 642 suo'Lamberto
3573 540 3828 636 Atreba-

406 661 528 718 tius
557 659 796 732 Iriensis
813 675 914 716 seu
927 655 1519 732 Compostellanus,et
1535 654 1740 710 Petrus
1766 651 2054 725 Pampilo-

408 746 632 824 nensis.
665 747 1095 822 Papebrochius
1141 745 1202 801 in
1252 742 1562 816 Propylaso,
1597 758 1700 798 seu
1729 743 1950 798 Conatu
1983 741 2055 797 ad

409 837 738 910 catalogum
769 835 1116 892 Pontificum
1156 835 1424 901 Romam,
1474 831 1557 888 ait
1603 832 1674 886 de
1719 829 1951 886 Urbano
2007 829 2058 885 II

410 929 681 983 sanctum
746 923 1119 998 Oldegarium
1178 921 1688 987 Barcinonensem,
1741 919 1931 976 solum
1988 935 2057 974 ex

409 1011 690 1087 Hispania
737 1011 1078 1086 episcopum
1129 1009 1573 1067 Claromontano
1620 1007 1757 1064 huic
1813 1007 2056 1064 concilio

408 1101 768 1170 interfuisse,
799 1102 970 1173 cujus
997 1103 1157 1169 Acta,
1192 1099 1402 1173 inquit,
1434 1099 1811 1154 Barcinonem
1853 1113 2056 1170 repor-

410 1190 649 1246 tavit.At
678 1189 898 1246 falli-tur
926 1189 1013 1244 vir
1040 1188 1400 1256 eruditus,ac
1431 1205 1499 1244 ea
1527 1204 1654 1260 quae
1685 1185 1744 1242 in
1775 1185 1910 1242 Vita
1928 1185 2054 1257 ejus

408 1279 598 1356 sancti
629 1279 722 1334 die
752 1280 785 1334 3
817 1277 1108 1346 Martii,de
1138 1277 1318 1334 altero
1349 1277 1594 1334 concilio
1611 1275 2054 1332 Claromontano

409 1367 518 1424 sub
543 1366 883 1445 Innocentio
915 1367 964 1422 Il
995 1383 1148 1440 papa
1176 1367 1465 1423 celebrare
1486 1364 1872 1432 habentur,ad
1897 1363 2056 1420 istud

408 1455 622 1513 Urbani
655 1454 967 1512 concilium
999 1454 1230 1510 incaute
1272 1455 1490 1522 retulit,
1518 1459 1584 1510 ut
1625 1471 1693 1510 ex
1737 1453 1866 1526 ipso
1913 1451 2056 1508 Vitae

407 1545 695 1623 Oldegarii
729 1543 876 1612 loco,
911 1559 1085 1616 quem
1117 1543 1338 1611 laudat,
1371 1543 1594 1600 scilicet
1642 1559 1768 1616 cap.
1801 1543 1834 1597 4
1865 1541 2054 1598 mani-

406 1634 620 1690 festum
650 1637 759 1690 est.

473 1723 606 1779 Jam
636 1739 772 1780 vero
803 1724 954 1780 inter
983 1723 1222 1779 abbates
1254 1723 1355 1796 qui
1385 1722 1570 1778 eidem
1603 1721 1848 1779 concilio
1880 1722 2054 1778 inter-

407 1811 666 1880 fuerunt,
699 1811 808 1868 hos
838 1828 907 1868 ex
936 1809 1113 1868 variis
1145 1811 1542 1868 monumentis
1571 1809 1926 1883 colligimus,
1960 1810 2054 1866 Ri-

2167 651 2316 707 tensi
2347 655 2404 707 et
2433 630 2563 706 aliis
2592 647 2856 720 ejusdem
2882 644 3149 702 dimcesis
3181 640 3538 718 primoribus
3587 644 3662 700 ad
3684 630 3831 720 con-

2165 739 2364 795 cilium
2395 719 2636 811 profecti
2681 735 2862 792 fuisse
2909 734 3186 791 dicuntur
3211 732 3271 788 in
3302 732 3488 806 ipsius
3521 719 3830 811 Lamberti

2166 808 2620 882 (testis—Aderat
2662 823 2837 880 etiam
2885 839 2954 878 ex
2999 821 3358 878 Taurinensi'
3385 808 3687 893 provincia
3715 819 3828 875 Er-

2165 916 2533 990 mengandus
2583 915 2765 970 abbas
2797 911 3114 980 Clusensis,
3166 915 3232 966 ut
3279 927 3348 966 ex
3397 910 3526 982 ejus
3569 898 3835 982 epistola

2165 1005 2471 1072 discimus,
2504 1020 2681 1076 quam
2713 1019 2824 1058 ms.
2851 1001 3168 1069 habemus;
3201 1000 3262 1056 in
3292 1016 3360 1056 ea
3389 999 3606 1072 quippe
3639 999 3828 1055 Ram-

2164 1093 2396 1150 null‘um
2413 1093 2754 1166 episcopum
2776 1095 3196 1147 Santonensem
3227 1093 3394 1170 rogat
3422 1093 3487 1143 ut
3517 1087 3828 1163 negotium

2166 1184 2238 1240 de
2266 1181 2522 1240 Ecclesia
2549 1181 2751 1250 Vallis,
2786 1180 2940 1253 quod
2973 1183 3174 1235 contra
3200 1178 3690 1252 Angeriacensem
3722 1178 3830 1234 ab-

2165 1273 2358 1329 batem
2414 1271 2686 1338 habebat,
2743 1272 3135 1341 componeret,
3184 1256 3336 1322 sicut
3385 1265 3434 1322 ei
3479 1265 3537 1322 in
3567 1256 3826 1324 concilio

2165 1359 2626 1418 Claromontensi
2659 1357 2956 1432 pollicitus
2989 1357 3192 1412 fuerat.

2553 1447 2757 1504 CCVII.
2783 1447 3091 1503 Concilium
3111 1443 3419 1500 inchoatur.

2237 1538 2615 1612 Congregatis
2666 1536 2862 1608 itaque
2909 1551 2978 1590 ex
3023 1533 3179 1589 omni
3215 1535 3378 1606 parte
3416 1531 3824 1605 pontificibus,

2166 1629 2436 1686 Urbanus
2455 1645 2550 1683 xw
2577 1625 2865 1683 Kalendas
2896 1623 3230 1680 Decembris
3251 1621 3566 1680 concilium.
3583 1621 3830 1680 inchoa-

2164 1719 2248 1774 vit
2277 1717 2406 1790 ipsa
2435 1716 2528 1772 die
2559 1719 2760 1772 octava
2791 1713 2922 1770 festi
2955 1712 3140 1768 sancti
3174 1711 3428 1778 Martini,
3451 1715 3518 1768 ut
3546 1712 3829 1768 observat

2165 1807 2490 1872 Bcrtoldus,
2522 1805 2614 1861 cui
2640 1803 2932 1860 consentit
2963 1800 3185 1858 Clarius
3215 1801 3271 1856 in
3307 1800 3590 1857 Chronico
3617 1802 3826 1858 Sancti

405 1901 690 1958 ch'ardum
721 1911 928 1975 nempe
961 1900 1152 1956 Sancti
1191 1899 1440 1956 Victoris
1480 1899 1770 1968 Massiliae,
1800 1900 1901 1973 qui
1931 1903 2055 1956 erat
2082 1935 2130 2001 Β
2167 1896 2316 1952 Petri
2344 1895 2469 1950 Vivi
2500 1893 3032 1960 Senonensis,sicut
3062 1895 3114 1947 et
3146 1891 3333 1963 ipsius
3357 1887 3585 1946 concilii
3609 1890 3829 1948 notitia

406 1991 446 2001 κ
713 1989 754 2001 ..
825 1989 839 2001 .
916 1989 927 2000 .
1136 1989 1174 2001 ..
1259 1988 1297 2001 ..
1409 1989 1445 2001 η
1558 1988 1570 2000 .
1753 1987 1790 2001 η
1875 1993 1886 2001 .
1939 1988 1953 2001 .
2347 1985 2363 2001 .
2396 1983 2433 2001 η
2553 1999 2556 2001 λ
2672 1982 2706 1994 ..
2741 1983 2848 2001 ,ω
2891 1980 3118 2001 .,__,_,_
3165 1985 3314 2001 ΑΨ,-
3351 1979 3508 2001 ηηι,
3544 1979 3825 2001 .,_L_____

406 1991 682 2046 Romanae
713 1989 978 2046 Ecclesiae
1017 1988 1368 2060 cardinalis;
1405 1988 1720 2046 Gervinum
1751 1987 2055 2046 Centulen-

404 2093 529 2135 sem
563 2079 834 2134 abbatem
853 2077 1030 2134 simul
1046 2081 1103 2134 et
1115 2077 1564 2134 Ambianensem
1587 2077 2054 2150 episcopum,qui

405 2166 700 2224 abbatiam
731 2166 1027 2223 dimittere
1055 2166 1115 2222 in
1149 2166 1390 2224 concilio
1413 2169 1646 2222 coactus
1677 2165 2052 2234 fuit;Guiber-

403 2259 530 2312 tum
586 2255 782 2311 Sancti
825 2254 1096 2311 Germani
1145 2252 1694 2321 Antissiodorensis,
1735 2253 1794 2308 in
1851 2253 2053 2310 eadem

405 2345 644 2417 synodo,
687 2349 789 2399 aut
838 2349 991 2400 certe
1049 2344 1107 2399 in
1151 2343 1536 2400 Nemausensi
1585 2359 1737 2398 anno
1787 2341 2053 2414 sequenti

405 2431 1191 2500 exauctoratum,Robertum
1206 2431 1708 2488 archimonasterii
1726 2430 2054 2504 Remigiani

407 2523 562 2596 apud
596 2521 806 2578 Remos
823 2521 1092 2578 abbatem
1110 2526 1169 2578 et
1188 2521 1447 2596 primum
1469 2524 1764 2578 auctorem
1792 2519 2053 2576 Historiae

403 2609 924 2688 Jerosolymitanae,
969 2611 1068 2684 qui
1118 2616 1176 2666 et
1207 2611 1332 2682 ipse
1364 2613 1567 2682 postea
1595 2609 1686 2665 sui
1717 2607 2052 2665 monasterii

406 2699 664 2773 regimen
723 2699 1016 2756 dimittere
1071 2698 1414 2772 compulsus
1471 2702 1580 2754 est.
1628 2697 1827 2753 Adfuit
1877 2697 2054 2754 etiam

409 2779 756 2846 Lambertus
785 2789 967 2846 abbas
999 2789 1199 2845 Sancti
1231 2787 1469 2856 Bertini,
1503 2804 1571 2842 ex
1598 2786 1852 2842 Historia
1880 2786 2054 2843 Mori-

409 2887 638 2946 norum,
674 2878 862 2933 Lanzo
887 2877 1082 2932 Sancti
1112 2875 1400 2932 Vincentii
1435 2875 1841 2944 Metensis,cui
1873 2875 2054 2931 Urba-

406 2981 521 3022 nus
549 2983 702 3022 anno
731 2965 1000 3038 sequenti
1048 2964 1414 3038 privilegium
1459 2962 1722 3020 indulsit.
1752 2963 2054 3021 Baldricus

405 3041 826 3128 tumiBu-rgulii
860 3055 1062 3120 abbas,
1095 3057 1298 3124 postea
1325 3051 1593 3108 Dolensis
1615 3051 2052 3126 episcopus,qui

407 3147 464 3200 et
504 3133 629 3217 ipse
659 3141 976 3201 Historiam
1021 3141 1523 3214 Jerosolymitanas
1567 3141 1952 3214 expeditionis
1997 3145 2056 3198 et

2163 2002 2232 2041 ex
2261 1982 2707 2040 cod.Camerarii
2732 1983 2856 2053 jam
2891 1980 3125 2036 laudato
3157 1979 3513 2036 eruta.Certe
3544 1979 3827 2037 Urbanus

2163 2074 2287 2148 ipse
2319 2074 2376 2128 in
2408 2057 2657 2146 epistola
2677 2071 2747 2127 ad
2781 2071 3158 2126 Lambertum
3187 2069 3628 2148 Atrebatensem
3651 2067 3824 2126 illam

2163 2163 2452 2236 synodum
2509 2164 2570 2217 in
2625 2163 2824 2216 octavis
2881 2161 3056 2216 sancti
3119 2159 3345 2216 Martini
3405 2147 3823 2215 celebrandam

2162 2252 2282 2307 fore
2312 2250 2786 2318 denuntiaverat;
2821 2249 2975 2322 quod
3005 2249 3078 2304 de
3111 2247 3241 2320 ipsa
3269 2247 3364 2304 die
3394 2250 3594 2303 octava
3641 2247 3823 2304 intel-

2163 2341 2462 2414 ligendum
2493 2357 2621 2396 esse
2653 2343 2812 2412 patet
2833 2324 2908 2394 ex
2939 2335 3220 2410 Raynoldi
3242 2336 3549 2394 Remensis
3569 2336 3828 2410 epistola
3893 2325 3898 2330 ’

2162 2428 2491 2486 invitatoria
2521 2427 2755 2484 nomine
2778 2427 2894 2482 Urb
2907 2425 2993 2484 mi
3017 2426 3090 2482 ad
3113 2427 3387 2482 eumdem
3411 2425 3824 2496 Lambertum,

2163 2521 2222 2574 in
2254 2535 2371 2592 qua
2399 2518 2613 2574 diserte
2657 2516 2892 2588 legitur,
2920 2514 3234 2572 concilium
3282 2517 3346 2570 in
3389 2517 3593 2571 octavis
3627 2505 3830 2572 sancti

2162 2609 2390 2664 Martini
2436 2623 2533 2662 xm
2583 2605 2830 2662 videlicet
2878 2605 2967 2660 die
3013 2604 3132 2660 Kal.
3186 2603 3492 2660 Decembris
3541 2603 3830 2660 celebrari

2163 2698 2390 2754 debere.
2425 2695 2567 2751 Hinc
2596 2695 3027 2750 emendandum
3077 2697 3165 2750 est
3209 2693 3535 2750 Chronicon
3581 2692 3826 2750 Mallea-

2163 2803 2352 2852 cense,
2399 2785 2456 2840 in
2508 2802 2623 2857 quo
2671 2783 2818 2838 illud
2871 2801 2934 2838 ιιι
2983 2782 3122 2839 Idus
3170 2780 3514 2839 Novembris
3545 2785 3824 2838 coactum

2165 2875 2349 2932 fuisse
2370 2874 2605 2948 legitur.

2163 2981 2390 3038 CCVIII.
2427 2980 2679 3038 Durandi
2700 2979 2939 3052 episcopi
2965 2979 3384 3062 Qtaromontani
3405 2993 3550 3034 nwrs
3578 2981 3631 3032 et
3660 2993 3825 3035 exse-

2903 3065 3068 3121 quiec.

2232 3143 2478 3197 Tantam
2525 3127 2956 3197 solemnitatem
3019 3137 3194 3211 paulo
3253 3137 3509 3194 turbavit
3555 3137 3824 3194 Durandi

407 3231 523 3290 alia
551 3231 833 3306 opuscula
863 3230 1128 3302 Scripsit;
1162 3230 1326 3303 Hugo
1377 3229 1792 3298 Cluniacensis,
1825 3229 1915 3287 vel
1947 3247 2053 3288 suo
2110 3305 2115 3306 γ
2165 3230 2353 3304 ipsius
2383 3229 2704 3286 Arvernicm
2755 3229 2920 3284 urbis
2965 3227 3219 3300 episcopi
3253 3244 3430 3295 mors,
3459 3244 3586 3299 qua:
3628 3227 3824 3300 primo

356 3370 371 3378 -
407 3322 646 3402 nomine
675 3319 1062 3388 clarissimus,
1091 3319 1246 3391 quod
1277 3322 1488 3396 praeter
1529 3317 1644 3374 alia
1692 3319 1912 3375 indicat
1952 3319 2056 3376 Pa-
2091 3305 2133 3373 C
2163 3319 2394 3402 concilii
2425 3319 2517 3374 die
2547 3318 2808 3392 contigit.
2844 3317 2946 3374 Hic
2977 3335 3044 3373 ex
3075 3318 3229 3374 Casae
3257 3317 3355 3372 Dei
3389 3317 3598 3372 abbate
3628 3311 3859 3402 factusj

407 3398 634 3466 schalis
655 3407 819 3464 bulla
847 3408 915 3462 ad
949 3418 1084 3462 eum
1125 3407 1319 3480 ipsum
1363 3407 1501 3463 data
1549 3424 1650 3480 pro
1697 3408 2057 3480 subiectione

407 3499 594 3555 sancti
625 3495 896 3570 Cypriani
921 3495 1509 3569 Pictaviensis,quam
1531 3496 1708 3554 habet
1732 3497 2060 3555 Souchetus

407 3587 466 3643 in
495 3585 648 3642 notis
680 3585 752 3641 ad
784 3584 975 3641 Vitam
1005 3586 1280 3663 Bernardi
1311 3585 1688 3642 Turonensis.
1723 3587 2058 3644 Bernardus

407 3675 644 3747 Majoris
693 3673 1048 3745 Monasterii,
1089 3681 1145 3732 et
1188 3675 1520 3748 Stephanus
1569 3675 1944 3733 Nucariensis
1990 3694 2059 3734 ex

407 3763 640 3820 dioecesi
671 3763 1018 3828 Turonensi.
1049 3765 1342 3822 Gotl'ridus
1371 3765 1837 3834 Vindocinensis,
1883 3767 2058 3824 rebus

407 3851 588 3926 gestis
617 3855 674 3908 et
703 3853 938 3926 scriptis
969 3853 1234 3924 celebris,
1283 3854 1523 3910 Jarento
1567 3855 1766 3911 Sancti
1813 3853 2058 3928 Benigni

409 3939 800 4009 Divionensis,
841 3941 1178 3999 Guntardus
1237 3943 1655 4000 Gemeticensis
1712 3944 1822 4000 sub
1883 3945 2058 4001 finem

407 4029 658 4100 concilii,
693 4034 758 4087 ut
781 4031 960 4088 habet
999 4030 1309 4088 Ordericus
1364 4031 1563 4088 Vitalis
1593 4032 1741 4088 libro
1770 4051 1826 4102 x,
1859 4033 2060 4090 defun-

409 4123 560 4186 ctus,
593 4134 767 4192 quem
799 4121 873 4176 ad
904 4120 1216 4176 concilium
1259 4138 1386 4177 cum
1429 4123 1643 4179 caeteris
1688 4122 1907 4194 collegis
1941 4123 2058 4178 suis

407 4209 826 4266 Northmannise
848 4211 1162 4282 pastoribus
1187 4213 1492 4284 perrexisse
1521 4211 1675 4266 idem
1699 4216 1902 4268 auctor
1932 4229 2060 4268 nar-

408 4301 502 4354 rat
530 4297 678 4354 libro
707 4297 955 4366 1v;unde
983 4298 1278 4374 colligitur
1297 4299 1497 4372 plures
1519 4315 1588 4355 ex
1606 4299 1806 4355 eadem
1835 4301 2059 4372 provin-

409 4385 500 4442 cia
517 4385 762 4443 abbates
775 4385 914 4442 huic
935 4387 1158 4460 synodo
1180 4386 1797 4460 interfuisse,quorum
1821 4389 2061 4448 nomina

407 4473 767 4530 exciderunt.
825 4474 928 4530 His
980 4475 1230 4532 addendi
1287 4475 1510 4532 Natalis
1574 4476 1771 4533 Sancti
1838 4477 2056 4536 Nicolai

407 4577 589 4636 prope
617 4563 956 4634 Andegavos
987 4563 1542 4633 abbas,Guillelmus
1563 4565 1759 4622 Sancti
1785 4565 2056 4624 Florentii

2165 3399 2625 3482 episcopus,tum
2659 3407 3167 3464 Claromontanam
3210 3404 3528 3462 Ecclesiam
3559 3399 3854 3480 regebat,‘

2167 3498 2400 3571 quando
2432 3497 2546 3554 huc
2577 3497 2810 3566 advenit
2839 3496 3100 3570 pontifex
3128 3499 3194 3550 ut
3225 3493 3540 3551 concilium
3567 3484 3828 3551 celebra-

2167 3591 2270 3656 ret,
2301 3587 2402 3644 sed
2436 3587 2492 3642 in
2523 3585 2872 3642 necessariis
2921 3585 2992 3640 ad
3042 3583 3375 3657 pontiﬁcem
3413 3583 3675 3656 aliosque
3699 3575 3838 3656 cpi;

2165 3693 2372 3756 scopos
2403 3681 2467 3732 ut
2499 3675 2740 3732 decebat
2771 3674 3158 3755 excipiendos,
3191 3672 3585 3746 praeparandis
3613 3669 3828 3756 delati;

2165 3753 2335 3840 gatus
2387 3771 2496 3833 est,
2551 3769 2614 3820 ut
2660 3753 2954 3820 contracto
3003 3763 3162 3836 gravi
3213 3763 3438 3830 morbo,
3479 3753 3831 3820 adveniente

2165 3871 2335 3928 papa,
2361 3856 2487 3926 jam
2515 3855 2584 3910 de
2615 3855 2742 3926 ejus
2771 3851 2886 3909 vita
2915 3841 3060 3926 pene
3092 3853 3520 3924 desperaretur.
3572 3852 3641 3907 Et
3691 3853 3825 3926 qui-

2167 3946 2393 4013 den1,ut
2421 3943 2598 3999 habet
2627 3943 2790 4016 Hugo
2819 3941 3270 3998 Flaviniacensis
3299 3941 3359 3996 in
3390 3939 3676 3997 Chronico
3696 3941 3829 3998 Vir-

2165 4031 2438 4102 dunensi,
2469 4033 2540 4088 ab
2573 4031 2804 4088 Urbano
2833 4033 3086 4088 visitatus
3137 4035 3188 4087 et
3235 4031 3516 4086 absolutus
3552 4047 3674 4085 cum
3697 4031 3826 4103 jam

2166 4125 2467 4179 extremum
2515 4122 2774 4194 spiritum
2813 4122 3069 4187 traheret,
3108 4125 3264 4176 nocte
3291 4119 3539 4190 sequenti
3565 4119 3823 4191 primam

2166 4211 2385 4268 scilicet
2443 4211 2674 4267 concilii
2723 4209 2900 4278 diem,
2947 4211 3207 4282 spiritum
3265 4209 3518 4266 Creatori
3562 4199 3824 4266 reddidit.

2166 4301 2409 4358 Funeris
2421 4316 2620 4356 curam
2645 4316 2950 4372 suscepere
2972 4299 3136 4372 Hugo
3159 4295 3588 4370 Gratianopolis
3605 4297 3826 4371 episco-

2165 4407 2296 4464 pus,
2326 4389 2564 4446 Jarento
2595 4388 2790 4444 Sancti
2826 4387 3096 4460 Benigni,
3127 4392 3186 4443 et
3217 4387 3458 4443 Pontius
3507 4385 3673 4442 Casae
3723 4385 3826 4444 Dei

2166 4479 2534 4551 abbates,qui
2559 4482 2678 4534 tres
2701 4477 2810 4532 sub
2835 4492 2901 4532 eo
2924 4476 3078 4550 apud
3093 4481 3300 4532 Casam
3320 4475 3416 4532 Dei
3435 4475 3826 4532 monasticam

2164 4570 2346 4626 vitam
2381 4569 2700 4624 duxerant:
2732 4583 2836 4622 nec
2867 4582 3129 4638 unquam
3161 4563 3504 4622 celebriores
3534 4565 3826 4641 exsequia

409 4667 480 4746 ex
507 4651 712 4746 eadem
739 4651 1002 4722 dioecesi;
1035 4653 1400 4710 Gausmarus
1427 4653 1620 4710 Sancti
1655 4654 1804 4710 Petri
1848 4657 2056 4713 Insulae
2079 4679 2128 4746 Β
2161 4658 2298 4714 visae
2327 4656 2657 4726 fuerant,ad
2689 4672 2838 4728 quas
2868 4671 3077 4728 nempe
3099 4671 3233 4710 cum
3261 4653 3533 4726 pontifice
3559 4653 3826 4710 Romano

409 4739 786 4808 Germanicas,
819 4757 924 4798 seu
950 4742 1022 4798 de
1047 4741 1204 4818 Cella
1231 4759 1411 4815 prope
1459 4743 1687 4812 Trecas,
1721 4743 2055 4818 Raynaldus

408 4827 604 4884 Sancti
632 4829 920 4902 Cypriani,
953 4831 1264 4888 Gervasius
1311 4831 1506 4887 Sancti
1546 4831 1740 4888 Savini
1771 4838 1828 4890 et
1854 4835 2058 4892 Petrus

408 4915 766 5000 Carrol‘ensis
797 4919 950 4990 apud
981 4918 1276 4988 Pictones;
1312 4919 1514 4977 Petrus
1542 4921 1776 4977 Anianze
1813 4922 1875 4979 in
1917 4923 2056 4980 dim-

409 5006 524 5062 cesi
554 5003 973 5078 Magalonensi,
997 5009 1320 5065 Ademarus
1352 5009 1546 5064 Sancti
1587 5010 1872 5068 Martialis
1902 5013 2055 5088 apud

411 5094 765 5164 LemoVicas,
799 5099 864 5176 et
883 5111 952 5152 ex
979 5097 1184 5153 eadem
1231 5096 1464 5154 dioecesi
1515 5099 1808 5156 Gerardus
1854 5100 2058 5158 Useer-

409 5183 602 5242 censis
629 5184 946 5241 Ansculfus
995 5185 1192 5242 Sancti
1235 5185 1478 5244 Joannis
1524 5188 1962 5262 Angeriacensis
1991 5207 2060 5246 ex

411 5271 646 5354 dioecesi
675 5273 1044 5330 Santonensi.
1077 5273 1160 5330 Ex
1204 5275 1450 5332 Arvenia
1493 5292 1650 5342 vero,
1701 5281 1910 5350 praeter
1956 5278 2055 5334 Pe-

409 5361 570 5414 trum
622 5361 820 5416 Sancti
870 5359 1044 5416 Illidii
1094 5361 1547 5433 Claromontani,
1581 5364 1826 5422 aderant
1854 5364 2058 5422 Petrus

408 5443 824 5506 Auriliacensis
851 5453 911 5505 et
930 5449 1168 5508 Prultus
1211 5451 1370 5509 Casze
1408 5451 1511 5508 Dei
1543 5451 1806 5522 abbates,
1838 5470 2058 5527 anony-

413 5545 550 5594 mus
575 5538 770 5594 Sancti
799 5539 1210 5611 Snmphoriani
1253 5541 1324 5598 de
1369 5540 1674 5614 Thigemo,
1709 5545 1768 5598 et
1803 5543 2058 5602 decanus

413 5625 609 5682 Sancti
649 5625 802 5683 Petri
857 5628 929 5684 de
975 5629 1290 5698 Mauriaco,
1342 5629 1557 5704 quibus
1598 5630 1888 5704 jungendi
1920 5638 2060 5690 sunt

409 5714 632 5777 Modus
660 5715 860 5779 Sancti
891 5719 1145 5796 Vcdasti,
1169 5724 1228 5780 et
1253 5717 1594 5782 Hamaricus
1611 5719 2058 5797 Aquiceatensia

2163 4752 2250 4804 tot
2281 4745 2574 4804 antistites
2601 4749 2658 4801 et
2687 4745 2952 4801 omnium
2970 4745 3243 4800 ordinum
3267 4749 3323 4801 et
3345 4743 3605 4801 illustres
3627 4744 3737 4800 viri
3757 4762 3826 4801 ex

2165 4839 2286 4892 toto
2335 4850 2478 4906 pene
2526 4833 2666 4890 orbe
2713 4833 3040 4890 Christiano
3073 4834 3414 4890 convenisse
3445 4833 3822 4890 videbantur.

2165 4929 2282 4979 Has
2312 4922 2515 4994 paucis
2563 4923 2753 4979 verbis
2801 4923 2965 4996 Hugo
3019 4921 3334 4980 Flaviniaci
3379 4921 3464 4979 sic
3513 4921 3830 4996 descripsit

2164 5012 2288 5068 loco
2319 5011 2576 5068 laudato.
2610 5013 2794 5080 Lotus,
2828 5011 3040 5084 inquit,
3076 5017 3128 5068 et
3159 5017 3385 5069 curatus
3433 5025 3649 5067 summa
3678 5012 3828 5084 ﬁlio-

2165 5117 2311 5166 rum,
2359 5099 2417 5156 id
2461 5109 2540 5156 est
2593 5101 2805 5157 abbatis
2855 5101 3216 5166 Divio‘nensis,
3250 5101 3462 5157 abbatis
3505 5099 3654 5156 Casae
3705 5101 3825 5170 Dei,

2165 5190 2403 5262 episcopi
2445 5190 2962 5262 Gratianopolitani,
3009 5200 3060 5247 et
3107 5192 3347 5248 aliorum
3390 5190 3712 5259 diligentia.
3761 5191 3831 5246 Et

2164 5280 2244 5334 sic
2272 5283 2564 5351 antequam
2592 5281 2891 5336 concilium
2920 5281 3256 5353 inciperetur
3285 5288 3392 5337 toto
3421 5279 3546 5335 orbe
3587 5279 3659 5334 ad
3708 5281 3832 5352 ejus

2166 5371 2451 5440 exsequias
2479 5377 2811 5438 occurrente,
2843 5369 2912 5425 ab
2942 5371 3058 5442 ipso
3085 5387 3230 5442 papa
3277 5379 3330 5426 et
3375 5369 3636 5442 episcopis
3667 5373 3832 5426 terrae

2165 5460 2244 5512 est
2272 5456 2591 5513 mandatum
2619 5473 2744 5512 cum
2776 5459 2991 5530 gloria;
3029 5467 3082 5515 et
3125 5459 3304 5515 sedem
3346 5459 3464 5531 ejus
3498 5457 3832 5514 Willclmus

2165 5545 2232 5602 de
2261 5547 2424 5602 Basia
2452 5546 2675 5618 adeptus
2721 5551 2800 5602 est
2851 5547 3016 5603 laude
3059 5549 3196 5604 cleri
3245 5552 3300 5604 et
3339 5547 3533 5620 populi
3553 5551 3827 5622 praecepto

2163 5635 2406 5708 ejusdem
2435 5635 2736 5708 apostolici.
2768 5635 2994 5708 Duplex
3021 5637 3288 5708 ejusdem
3319 5634 3599 5692 antistitis
3632 5637 3832 5711 epita-

2167 5723 2373 5806 phium
2393 5721 2629 5804 scripsit
2651 5721 2954 5786 Baldricus
2969 5728 3096 5785 tum
3114 5723 3518 5802 Burguliensis
3549 5723 3828 5799 abbas,in
