3962 6440
439 385 547 444 171

1728 376 1799 441 Β.
1845 376 2143 444 URBANI
2187 378 2242 443 II
2284 379 2537 445 ΡΑΡιἘ.

3716 375 3838 459 1⁵72

432 523 496 575 ut
536 519 970 590 interpretatur,
1013 520 1070 573 et
1117 516 1177 573 se
1227 516 1297 573 ab
1346 514 1576 572 Urbano
1616 515 1742 587 ipso
1781 515 2072 571 audivisse
2098 518 2155 583 Α
2182 532 2313 572 vero
2344 534 2471 588 quae
2505 516 2725 572 nullam
2781 516 3212 589 praestationem
3269 511 3578 581 debebant,
3631 531 3839 573 cense—

410 611 724 681 .asseverat
751 609 845 663 Ivo
875 606 1046 680 epist.
1077 607 1146 661 60
1176 607 1248 662 ad
1278 606 1579 678 Hugonem
1600 605 2070 677 Lugdunensem,

431 700 499 753 ut
548 695 858 753 concilium
900 712 1051 768 reges
1102 700 1318 751 tantum
1357 713 1391 750 a
1437 696 1708 767 corporali
1753 695 2075 750 investitura

431 786 720 855 excludat;
767 802 877 841 non
921 787 990 842 ab
1035 786 1312 856 electione,
1359 785 1421 838 in
1467 786 1732 855 quantum
1760 791 1887 838 sunt
1913 786 2076 853 caput

423 875 636 946 populi,
667 876 754 932 vel
771 877 1128 943 concessione,
1180 878 1287 930 etc.
1321 875 1444 939 Qua
1475 873 1533 927 in
1565 890 1625 928 re
1655 888 1788 928 cum
1820 873 2073 927 Franco-

429 980 564 1020 cum
592 981 757 1037 reges
787 964 1162 1037 pontiﬁcibus
1193 962 1614 1030 consenserint,
1639 961 1803 1017 nulla
1823 962 1894 1016 de
1923 961 2075 1015 inve-

427 1054 656 1110 stituris
684 1053 1078 1110 controversia
1107 1052 1465 1109 Gallicanam
1496 1049 1810 1106 Ecclesiam
1841 1054 2072 1121 pertur-

426 1142 607 1199 bavit.
639 1143 712 1198 At
740 1158 924 1198 canon
972 1158 1245 1213 sequens,
1296 1144 1495 1196 contra
1540 1157 1638 1194 eos
1687 1139 1786 1211 qui
1838 1137 2073 1210 regibus

426 1230 768 1288 ﬁdelitatem
781 1231 982 1304 ligiam
1005 1234 1304 1302 praestant,
1322 1229 1551 1284 nullum
1575 1244 1836 1300 unquam
1859 1227 1917 1280 in
1939 1225 2071 1282 Gal-

426 1318 523 1375 liis
553 1320 761 1379 habuit
787 1320 1066 1394 vigorem,
1099 1323 1164 1374 ut
1211 1337 1280 1375 ex
1328 1319 1516 1390 ipsius
1548 1318 1736 1373 Ivonis
1766 1315 1933 1389 epist.
1971 1315 2072 1370 190

425 1412 585 1480 patet
613 1411 685 1464 ad
711 1409 1048 1465 Paschalem
1080 1408 1129 1463 II
1160 1408 1393 1480 scripta,
1427 1423 1541 1478 qua
1571 1407 1640 1460 de
1671 1421 1731 1460 re
1763 1408 1946 1477 agunt
1975 1405 2073 1460 Ju-

426 1501 586 1553 retus
619 1498 679 1552 in
701 1497 855 1553 notis
879 1498 950 1553 ad
971 1496 1120 1552 hanc
1136 1496 1464 1568 epistolam,
1488 1499 1545 1550 et
1566 1495 1768 1550 Petrus
1785 1494 1853 1550 de
1879 1493 2073 1549 Marca

423 1585 526 1642 lib.
558 1603 657 1642 vm
690 1587 1043 1656 Concordiae,
1066 1604 1194 1658 cap.
1225 1588 1315 1640 21.

493 1676 797 1733 Provisum
819 1675 994 1732 etiam
1023 1676 1084 1730 in
1115 1676 1224 1731 hoc
1245 1673 1487 1730 concilio
1506 1675 1616 1729 fuit
1637 1673 1881 1746 publicae
1913 1689 2073 1728 secu-

424 1765 606 1832 ritati,
641 1765 893 1822 maxime
924 1781 1128 1820 eorum
1155 1763 1254 1836 qui
1272 1781 1380 1819 sua
1403 1762 1731 1819 conditione
1749 1765 1849 1817 aut
1865 1766 2075 1817 natura

427 1854 498 1909 ab
521 1853 681 1910 omni
699 1869 996 1910 armorum
1016 1853 1262 1953 strepitu
1281 1852 1572 1952 abstinere
1593 1851 1902 1906 debebant.
1928 1852 2071 1906 Hinc
2100 1888 2149 1953 B

427 1957 670 2009 canone,
704 1959 818 2014 quo
848 1942 989 1998 certi
1021 1941 1390 1997 induciarum
1409 1941 1533 1997 dies
1562 1943 1920 2008 statuuntur,
1943 1957 2072 1995 san-

427 2030 610 2086 citum
623 2030 734 2085 fuit
746 2034 810 2086 ut
823 2030 982 2086 omni
1000 2034 1257 2103 tempore
1272 2029 1561 2094 monachi,
1584 2028 1796 2096 clerici,
1817 2029 2066 2095 feminae,

428 2122 485 2174 et
516 2119 614 2191 qui
646 2135 779 2174 cum
810 2120 894 2174 eis
913 2118 1147 2187 fuerint,
1180 2121 1238 2174 in
1257 2136 1390 2191 pace
1406 2121 1783 2189 permaneant.
1806 2117 2068 2173 Celebres

426 2211 632 2280 postea
659 2208 746 2263 hae
777 2208 1025 2264 induciae
1056 2209 1164 2264 sub
1212 2212 1426 2280 treugae
1454 2212 1511 2263 et
1540 2208 1701 2280 pacis
1732 2207 2070 2262 nominibus

425 2295 803 2368 potissimum
834 2298 1134 2353 occasione
1165 2314 1462 2353 sacrarum
1495 2297 1926 2369 expeditionum
1948 2296 2068 2350 fue-

426 2390 566 2440 runt
589 2403 601 2454 ;
634 2386 704 2441 de
728 2385 943 2458 quibus
974 2384 1197 2440 erudite
1219 2402 1322 2457 pro
1346 2402 1451 2440 suo
1476 2401 1636 2439 more
1655 2383 1909 2450 disserit,
1934 2399 2074 2454 prae-

426 2477 516 2530 ter
547 2474 690 2532 alios
724 2475 1105 2547 quamplures
1132 2478 1414 2542 auctores,
1444 2473 1743 2528 illustriss.
1776 2474 1979 2528 Petrus
2002 2473 2071 2527 de

427 2562 622 2620 Marca
649 2564 711 2619 in
743 2564 898 2620 notis
930 2565 1002 2619 ad
1035 2565 1188 2618 hunc
1219 2579 1499 2618 canonem
1526 2582 1537 2631 ;
1564 2563 1664 2634 qui
1687 2564 1745 2617 in
1769 2562 1898 2617 aliis
1919 2561 2072 2617 notis

426 2653 499 2708 ad
521 2653 630 2709 hoc
643 2651 956 2709 cencilium
974 2652 1490 2708 Claromontanum
1507 2651 1692 2706 multa
1703 2651 1878 2707 etiam
1895 2651 2074 2706 habet

427 2742 499 2798 de
531 2742 963 2807 communione,
997 2742 1068 2795 de
1098 2740 1640 2806 chrismationibus,
1673 2745 1802 2808 etc.,
1837 2741 1990 2798 sicut
2018 2743 2075 2795 et

428 2830 490 2886 in
507 2830 674 2886 libris
692 2830 773 2885 De
789 2828 1120 2894 concordia,
1141 2833 1198 2883 et
1219 2828 1278 2882 in
1297 2828 1578 2900 opusculo
1599 2829 1680 2884 De
1700 2828 2070 2900 primatibus,

429 2935 556 2991 quae
588 2919 787 2974 omnia
817 2918 912 2973 hic
941 2917 1130 2973 fusius
1151 2920 1506 2988 pertractare
1525 2918 1596 2972 ad
1619 2921 1884 2973 nostrum
1913 2917 2076 2974 insti-

423 3012 621 3065 tutum
650 3007 798 3064 nihil
829 3011 1072 3080 spectat.

427 3113 632 3171 CCIIX.
669 3113 855 3170 Canon
900 3114 966 3170 de
1018 3113 1385 3185 redemptione
1415 3115 1697 3170 altarium.
1749 3115 1876 3184 Ejus
1923 3131 2072 3170 occa-

495 3189 651 3241 sione
715 3187 894 3243 turbm
942 3186 1276 3242 excitant-ur.
1341 3186 1610 3256 Go/fridus
1671 3187 2073 3242 Vindocz'nensis

495 3258 662 3313 abbas
687 3257 1016 3313 vindicatur.

499 3363 712 3420 Mirum
744 3367 940 3420 autem
970 3367 1059 3418 est
1106 3379 1388 3418 canonem
1420 3363 1490 3418 de
1540 3362 1811 3419 altarium
1845 3364 2068 3418 redem-

425 3452 647 3525 ptione,
663 3453 762 3525 qui
778 3455 920 3509 adeo
933 3453 1086 3525 apud
1100 3456 1362 3508 auctores
1374 3453 1719 3521 celebratur,
1733 3454 1794 3507 in
1815 3451 2068 3525 vulgatis

421 3542 646 3615 passim
663 3542 842 3616 hujus
863 3543 1067 3616 synodi
1082 3558 1372 3599 canonum
1389 3541 1829 3597 collectionibus
1848 3541 2071 3597 deside-

419 3633 556 3688 rari.
615 3633 682 3689 Et
726 3637 923 3689 tamen
969 3635 1177 3704 praeter
1231 3631 1489 3686 codicem
1529 3631 1721 3686 Cencii
1751 3631 2066 3687 Camerarii

417 3724 594 3796 apud.
628 3723 925 3779 Labbeum
957 3725 1112 3777 tomo
1143 3721 1188 3776 X
1214 3721 1408 3776 Concil
1435 3724 1491 3774 et
1515 3719 1696 3775 alium
1717 3720 2065 3776 Amaniensis

415 3812 755 3867 monasterii
779 3811 934 3883 apud
955 3810 1328 3866 Baluziumin
1353 3809 1508 3864 notis
1529 3809 1600 3863 ad
1621 3826 1744 3880 cap.
1760 3808 2064 3877 31,1ivriv1

414 3899 493 3954 De
525 3899 835 3954 concordia
863 3898 1173 3954 sacerdotii
1204 3901 1261 3952 et
1289 3897 1541 3968 imperii,
1592 3897 1748 3951 hunc
1780 3912 2062 3953 canonem

414 3986 660 4042 laudant
682 3987 977 4043 Goﬁ‘ridus
993 3985 1300 4040 Vindocini
1321 3987 1500 4040 abbas
1521 3984 1669 4040 libro
1697 4003 1780 4052 m,
1805 3987 1974 4057 epist.
1997 3988 2064 4041 12

411 4077 486 4131 ad
519 4075 812 4148 Ulgerium
837 4076 1306 4131 Andecavensem
1338 4075 1698 4146 episcOpum,
1730 4079 1783 4130 et
1797 4074 2060 4130 Pascha-

410 4165 484 4221 lis
517 4165 566 4221 ΙΙ
587 4182 739 4237 papa
771 4165 841 4220 ad
874 4163 1252 4219 Ramnulfum
1283 4164 1707 4218 Santonensem
1737 4167 1794 4217 et
1825 4163 2058 4220 Ivonem

409 4257 822 4310 Carnotensem
854 4252 1176 4325 episcopos,
1212 4252 1311 4324 qui
1342 4252 1478 4306 huic
1501 4250 1745 4306 concilio
1778 4252 2056 4309 interfue-

408 4346 561 4399 rant.
597 4343 706 4398 Sed
757 4343 902 4398 forte
932 4342 969 4397 ii
1002 4359 1292 4397 canonum
1331 4340 1665 4397 collectores
1697 4341 1876 4396 istum
1908 4343 2053 4398 omi-

408 4435 632 4500 serunt,
653 4432 810 4504 quod
836 4432 894 4486 in
912 4431 1155 4488 concilio
1179 4430 1562 4487 Nemausensi
1584 4430 1788 4487 iisdem
1815 4431 2051 4489 omnino

404 4520 597 4577 verbis
648 4538 717 4577 ex
773 4520 885 4577 isto
930 4523 1276 4576 Arvernensi
1329 4523 1644 4592 repetatur.
1701 4520 1772 4575 Ut
1823 4525 1886 4576 ut
1941 4527 2047 4589 est,

2186 605 2404 660 bantur
2436 607 2874 678 impersonaliter
2906 607 3109 662 teneri.
3135 607 3238 662 Ast
3265 621 3399 661 cum
3420 609 3554 678 post
3594 605 3840 678 aliquod

2182 697 2416 766 tempus
2449 695 2921 752 animadversum
2953 695 3159 751 fuisset
3205 713 3238 750 a
3283 694 3423 750 viris
3463 693 3575 767 piis
3606 699 3663 751 et
3692 712 3843 751 ocu-

2182 781 2317 837 latis
2367 783 2472 840 has
2516 784 2829 856 pensiones
2888 786 3111 857 absque
3152 784 3348 856 aliqua
3387 783 3658 840 Simoniae
3706 784 3845 840 labe

2184 871 2307 926 dari
2341 889 2451 928 non
2482 890 2674 943 posse,
2707 878 2771 928 ut
2803 873 3114 946 scripserat
3145 876 3239 929 Ivo
3261 873 3429 945 epist.
3458 875 3525 928 12
3545 874 3617 929 ad
3639 873 3845 946 ipsum

2185 959 2504 1030 Urbanum,
2540 962 2795 1034 pontifex
2817 963 3076 1034 primum
3107 963 3166 1018 in
3197 963 3548 1019 Arvernensi
3569 962 3842 1030 concilio,

2180 1052 2308 1104 tum
2342 1050 2516 1104 etiam
2550 1051 2608 1105 in
2640 1052 3046 1118 Nemausensi,
3068 1068 3132 1107 ac
3152 1052 3390 1107 demum
3414 1050 3512 1106 alii
3532 1052 3844 1124 pontiﬁces

2182 1138 2443 1210 exemplo
2471 1142 2798 1208 vetuerunt,
2833 1157 2906 1196 ne
2938 1139 3213 1212 deinceps
3267 1140 3515 1212 pecunia
3561 1139 3683 1195 ulla
3732 1157 3843 1212 pro

2181 1226 2452 1282 altarium
2484 1228 2880 1300 redemptione
2917 1228 3206 1301 episcopis
3238 1229 3496 1285 daretur.
3527 1229 3608 1285 Ne
3637 1233 3841 1285 tamen

2180 1315 2287 1371 hac
2319 1316 2620 1372 occasione
2668 1317 2946 1390 episcopi,
2989 1317 3145 1389 quod
3197 1317 3435 1372 nonnisi
3488 1334 3622 1372 cum
3662 1334 3843 1373 onere

2181 1405 2465 1460 solvendae
2490 1405 2648 1461 illius
2679 1407 2936 1478 pecuniae
2969 1423 3322 1463 consensum
3352 1423 3526 1462 suum
3551 1407 3840 1478 praebuis-

2183 1498 2333 1561 sent,
2379 1494 2584 1549 altaria
2634 1495 3005 1552 monasteriis
3056 1497 3274 1552 donata
3321 1497 3568 1563 auferre,
3605 1497 3842 1568 sibique

2181 1584 2498 1639 attribuere
2532 1583 2894 1654 molirentur,
2927 1589 3223 1641 statutum
3257 1587 3315 1640 in
3345 1585 3588 1641 concilio
3625 1585 3842 1653 fuerat,

2182 1677 2245 1726 ut
2277 1674 2668 1741 monasteriis,
2721 1691 2847 1745 qua:
2905 1690 3008 1746 per
3057 1692 3242 1731 annos
3276 1675 3516 1748 triginta
3543 1675 3840 1746 ejusmodi

2181 1761 2403 1830 altaria,
2429 1779 2526 1816 seu
2555 1763 2811 1818 decimas
2838 1765 3240 1834 possederant,
3267 1764 3459 1835 quiete
3480 1764 3843 1835 possidenda

2181 1850 2663 1922 relinquerentur.
2699 1856 2887 1922 Atque
2917 1869 3046 1909 eam
3077 1852 3306 1908 concilii
3339 1857 3395 1909 et
3424 1853 3643 1909 Urbani
3669 1870 3838 1910 men-

2177 1944 2294 1994 tem
2329 1940 2503 1995 fuisse
2537 1956 2602 1995 ex
2636 1941 2758 2012 ipso
2788 1943 3058 2012 pontifice
3106 1942 3411 2010 discimus,
3464 1942 3564 2015 qui
3599 1959 3667 1998 ea
3697 1943 3839 1999 dere

2179 2028 2415 2100 scripsit
2444 2030 2513 2083 ad
2537 2029 2972 2101 lngelramnum
2994 2030 3333 2103 episcopum
3357 2033 3838 2099 Laudunensem,

2178 2120 2304 2172 tum
2337 2116 2512 2172 etiam
2545 2119 2616 2172 ad
2652 2119 2966 2176 monachos
2999 2121 3186 2175 sancti
3219 2121 3456 2177 Bertini.

2249 2207 2466 2261 Verum
2513 2225 2646 2263 cum
2689 2208 2797 2264 hoc
2841 2209 3158 2276 decretum,
3211 2209 3369 2266 salvo
3414 2209 3837 2283 episcoporum

2180 2313 2375 2351 annuo
2405 2313 2605 2362 censu,
2639 2314 2814 2368 quem
2849 2297 2931 2352 illi
2981 2315 3050 2353 ex
3080 2299 3322 2371 antiquo
3357 2300 3493 2370 jure
3525 2300 3739 2356 habere
3775 2302 3838 2357 in

2180 2385 2504 2440 diceceseon
2535 2403 2778 2441 suarum
2826 2386 3108 2453 ecclesiis,
3165 2405 3291 2457 seu,
3343 2393 3408 2443 ut
3437 2389 3836 2462 appellabant,

2181 2474 2484 2545 altaribus,
2513 2479 2951 2544 consueverant,
2987 2476 3276 2532 sancitum
3309 2493 3436 2533 esse
3458 2478 3716 2550 pontifex
3737 2481 3837 2536 de-

2180 2562 2478 2631 clarasset,
2513 2565 2777 2620 nonnulli
2808 2565 3064 2637 episcopi
3085 2565 3194 2621 hac
3226 2566 3525 2623 occasione
3550 2568 3836 2640 pecunias

2181 2652 2312 2708 illas
2359 2670 2504 2724 quas
2537 2655 2606 2708 ad
2659 2653 2920 2725 singulas
2969 2670 3374 2726 personarum,
3432 2656 3520 2712 uti
3551 2655 3832 2725 diximus,

2182 2741 2534 2797 mutationes
2556 2759 2658 2813 pro
2691 2742 2962 2798 altarium
2993 2744 3390 2816 redemptione
3411 2745 3834 2816 percipiebant,

2183 2831 2253 2885 ad
2285 2834 2532 2886 veterem
2565 2829 2732 2885 illum
2765 2847 3005 2887 censum
3037 2849 3301 2888 annuum
3332 2849 3505 2905 quem
3530 2835 3639 2890 sub
3663 2852 3838 2908 syno-

2181 2918 2317 2988 dici,
2349 2919 2609 2987 circadze,
2643 2921 3066 2990 procurationis
3098 2924 3200 2976 aut
3226 2921 3336 2976 alio
3359 2922 3562 2994 quovis
3594 2924 3837 2981 nomine

2182 3007 2395 3062 habere
2447 3007 2600 3062 soliti
2651 3012 2838 3078 erant,
2884 3009 3079 3065 conati
3123 3013 3260 3065 sunt
3313 3011 3650 3084 adjungere,
3684 3011 3836 3069 illud

2182 3095 2404 3150 scilicet
2430 3100 2594 3151 vetus
2615 3097 2876 3152 debitum
2900 3097 3030 3153 novi
3052 3113 3264 3154 census
3287 3099 3619 3156 accessione
3649 3102 3834 3158 adau-

2181 3184 2402 3256 gendo:
2437 3188 2495 3239 at
2524 3184 2919 3240 reclamarunt
2967 3187 3206 3243 abbates
3265 3191 3321 3243 et
3373 3189 3668 3244 monachi.
3716 3190 3836 3247 Nec

2179 3272 2423 3328 dubium
2457 3273 2598 3345 quin
2630 3273 2745 3330 huc
2774 3274 3029 3329 revocari
3051 3275 3261 3330 debeat
3291 3277 3529 3332 Goil'ridi
3560 3278 3834 3336 Vindoci-

2178 3362 2378 3418 nensis
2408 3362 2653 3434 epistola
2684 3363 2772 3431 l2,
2804 3363 2938 3418 libri
2958 3380 3020 3419 III
3051 3364 3123 3419 ad
3155 3364 3455 3437 Ulgerium
3479 3368 3827 3441 episcopum

2175 3451 2671 3523 Andegavensem,
2718 3455 2774 3506 et
2821 3451 3001 3507 altera
3048 3453 3311 3525 ejusdem
3345 3455 3416 3509 ad
3467 3456 3531 3510 G.
3565 3455 3828 3529 legatum

2175 3539 2501 3612 apostolicae
2545 3541 2722 3608 sedis,
2768 3540 2869 3595 lib.
2915 3557 2956 3607 1,
3006 3540 3174 3612 epist.
3220 3543 3312 3596 27.
3367 3543 3489 3599 Imo
3519 3546 3833 3616 pontiﬁces

2173 3628 2288 3700 ipsi
2318 3629 2738 3686 monachorum
2768 3628 2877 3684 hac
2908 3630 2965 3683 in
3012 3646 3073 3685 re
3125 3631 3517 3702 patrocinium
3552 3650 3832 3708 suscepe-

2174 3724 2328 3785 runt,
2363 3719 2447 3772 uti
2480 3722 2640 3789 patet
2671 3735 2739 3773 ex
2767 3735 2886 3773 una
2913 3719 3214 3775 Paschalis
3263 3737 3428 3793 papa-3
3478 3722 3728 3794 epistola
3757 3727 3834 3782 ad

2172 3806 2402 3862 Ivonem
2434 3807 2823 3862 Carnotenum
2864 3811 2922 3863 et
2966 3808 3346 3864 Ramnulfum
3399 3811 3833 3871 Santonensem

2171 3896 2494 3967 episcopos,
2511 3900 2566 3950 et
2582 3913 2648 3952 ex
2666 3895 2780 3952 alia
2801 3913 2977 3968 quam
3000 3897 3315 3955 Gaufridus
3338 3899 3476 3956 item
3499 3901 3832 3960 Carnutum

2171 3984 2478 4056 episcopus
2538 3990 2595 4040 et
2642 3985 2970 4058 apostolicae
3022 3987 3179 4045 sedis
3237 3987 3466 4061 legatus
3496 3991 3567 4045 de
3627 3993 3838 4050 eodem

2169 4077 2511 4145 argumento
2542 4074 2776 4146 scripsit
2833 4076 2923 4148 (ex
2969 4077 3206 4133 Goﬂ’ridi
3238 4077 3341 4132 lib.
3383 4096 3422 4148 ι,
3475 4095 3568 4151 ep.
3606 4081 3704 4152 27)
3760 4083 3834 4138 ad

2168 4161 2235 4216 R.
2283 4162 2756 4220 archidiaconum
2810 4169 2865 4220 et
2908 4165 3020 4221 Hu.
3066 4167 3353 4221 decanum
3383 4168 3834 4241 Andegavensis

2164 4250 2465 4322 Ecclesiae;
2501 4270 2645 4325 quas
2703 4254 2929 4310 litteras
2984 4253 3257 4311 Baluzius
3305 4255 3507 4311 retulit
3565 4257 3624 4312 in
3671 4260 3831 4318 notis

2165 4341 2235 4396 ad
2267 4340 2367 4397 lib.
2400 4360 2521 4411 vm,
2553 4360 2680 4416 cap.
2714 4345 2778 4398 31
2833 4344 2912 4398 De
2943 4343 3252 4399 concordia
3282 4346 3591 4402 sacerdotii
3625 4351 3681 4403 et
3711 4347 3825 4405 im-

2161 4431 2326 4502 perii.
2361 4434 2548 4500 Quare
2580 4438 2646 4488 ut
2667 4432 2727 4486 in
2754 4432 2863 4487 hac
2891 4432 3210 4502 quastione
3230 4433 3376 4489 nihil
3402 4435 3822 4507 confundatur,

2159 4522 2421 4593 apprime
2465 4521 2949 4594 distinguendum
2999 4525 3088 4576 est
3134 4521 3265 4577 novi
3313 4540 3521 4580 census
3573 4527 3824 4597 exactio,
3915 4531 3925 4538 “

406 4609 772 4667 occasionem
805 4609 984 4681 hujus
1006 4610 1243 4665 canonis
1275 4610 1560 4665 condendi
1595 4626 1723 4666 eam
1743 4610 1927 4667 fuisse
1954 4613 2048 4668 ob-
2079 4629 2127 4695 D
2159 4615 2260 4665 aut
2314 4610 2533 4665 additio
2587 4610 2658 4664 ad
2717 4612 2972 4663 veterem
3025 4609 3331 4666 occasione
3400 4613 3826 4686 redemptionis

404 4704 640 4757 servant
669 4699 776 4754 viri
809 4699 1020 4755 eruditi
1049 4699 1254 4754 Petrus
1313 4699 1382 4753 de
1442 4699 1635 4755 Marca
1691 4703 1747 4755 et
1791 4701 2046 4758 Jacobus

403 4788 776 4856 Sirmundus,
793 4787 945 4858 quod
967 4803 1098 4840 cum
1120 4785 1288 4841 multi
1303 4791 1472 4842 antea
1487 4787 1565 4858 pii
1581 4787 1848 4844 homines
1871 4789 2048 4844 eccle-

403 4875 521 4932 sias
544 4894 577 4932 a
597 4894 658 4933 se
685 4877 969 4943 conditas,
993 4879 1093 4930 aut
1109 4874 1368 4946 quolibet
1391 4877 1560 4931 modo
1588 4893 1693 4932 suo
1712 4878 1832 4948 juri
1853 4877 2047 4947 subje-

401 4969 524 5020 ctas
539 4965 910 5022 monasteriis
924 4964 1328 5032 contulissent,
1344 4966 1398 5020 id
1421 4967 1808 5038 permiserant
1820 4967 2040 5037 episco-

399 5053 459 5125 pi
481 5054 793 5110 dimcesani
813 5055 1199 5125 (necessarius
1221 5055 1436 5127 quippe
1459 5056 1528 5110 ad
1563 5055 1670 5111 hoe
1702 5060 1824 5110 erat
1845 5071 2044 5108 eorum

395 5145 741 5214 consensus)
757 5144 1044 5218 ealege,ut
1059 5144 1224 5201 statis
1241 5149 1350 5200 tem
1363 5145 1838 5218 poribus,nempe
1852 5143 2048 5213 singu-

393 5231 468 5288 lis
491 5232 862 5302 vicariorum,
888 5252 986 5290 scu
1014 5235 1095 5290 uti
1119 5234 1510 5307 appellabant,
1537 5247 1919 5303 personarum
1943 5234 2043 5285 aut

392 5322 884 5395 presbyterorum,
921 5325 1018 5396 qui
1069 5324 1333 5380 videlicet
1382 5320 1619 5377 nomine
1668 5317 1896 5373 abbatis
1939 5323 2041 5375 aut

393 5413 812 5469 monachorum
830 5413 1118 5486 ejusmodi
1132 5411 1419 5486 parochia)
1433 5424 1632 5463 curam
1648 5406 2038 5480 sustinebant,

391 5500 813 5559 mutationibus
832 5509 988 5560 certa
1010 5503 1093 5558 eis
1116 5498 1373 5572 pecunia:
1399 5513 1632 5552 summa
1651 5497 2032 5570 penderetur:

390 5589 492 5662 qui
522 5607 730 5649 census
759 5594 1025 5650 altarium
1046 5588 1340 5658 redemptio
1364 5585 1688 5660 appellatus
1709 5591 1816 5657 est,
1840 5593 1895 5646 et
1915 5589 2036 5646 haee

388 5678 594 5744 altaria
651 5685 750 5740 sub
800 5686 1098 5760 personata
1147 5694 1424 5737 concessa
1469 5678 1854 5762 dicebantur;
1915 5681 2029 5740 alia

2157 4699 2450 4766 altarium,
2486 4717 2519 4752 a
2549 4697 2757 4752 veteris
2789 4714 2999 4753 census
3022 4700 3238 4755 debito.
3274 4701 3639 4758 Fatebantur
3657 4705 3821 4762 enim

2156 4805 2381 4854 omnes,
2413 4788 2462 4841 si
2494 4803 2612 4842 non
2645 4786 2834 4858 fallor,
2860 4791 3112 4843 veterem
3144 4806 3410 4858 censum,
3445 4792 3514 4847 de
3538 4809 3654 4864 quo
3683 4810 3824 4850 mox

2154 4876 2560 4947 loquebamur,
2608 4877 2899 4948 episcopis
2945 4879 3308 4932 reddendum
3362 4896 3527 4948 esse;
3580 4885 3639 4936 at
3676 4899 3818 4939 con-

2154 4963 2433 5019 troversia
2466 4969 2588 5020 erat
2618 4965 2769 5020 inter
2787 4965 3010 5037 aliquot
3039 4966 3340 5039 episcopos
3365 4972 3420 5023 et
3446 4969 3705 5038 abbates,
3739 4989 3815 5029 an

2155 5053 2280 5108 loco
2314 5053 2728 5125 redemptionis
2777 5054 3049 5110 altarium
3101 5072 3279 5128 quam
3321 5057 3578 5130 synodus
3612 5059 3814 5116 abole-

2154 5146 2333 5211 verat,
2368 5143 2659 5198 introduci
2696 5145 2927 5200 deberet
2957 5149 3059 5200 aut
3105 5151 3302 5218 posset
3355 5165 3539 5204 novus
3593 5148 3809 5220 aliquis

2152 5247 2382 5302 census,
2400 5236 2499 5288 aut
2516 5233 2791 5306 antiquus
2810 5234 3038 5292 debitus
3053 5237 3273 5309 augeri.
3289 5237 3350 5292 Id
3374 5238 3811 5298 contendebant

2150 5321 2371 5394 aliquot
2400 5324 2680 5395 praesules
2725 5325 3077 5399 negantibus
3127 5326 3460 5393 abbatibus,
3493 5331 3551 5382 et
3593 5329 3805 5387 merito

2149 5411 2407 5483 quidem,
2442 5418 2505 5468 ut
2535 5430 2602 5468 ex
2631 5414 2892 5486 epistolis
2923 5414 3142 5469 Urbani
3187 5418 3243 5469 et
3293 5415 3590 5472 Paschalis
3622 5433 3807 5490 supra

2145 5500 2398 5558 laudatis
2430 5507 2604 5575 patet,
2655 5504 2714 5557 in
2772 5503 2989 5575 quibus
3040 5503 3344 5573 pontifices
3374 5505 3802 5565 monachorum

2144 5593 2537 5666 patrocinium
2560 5595 2761 5647 contra
2783 5592 3088 5664 episcopos
3111 5608 3440 5665 suscepere.
3468 5594 3536 5651 Et
3558 5595 3800 5667 quidem

2145 5683 2216 5742 de
2248 5681 2380 5742 novi
2412 5682 2538 5757 ejus
2570 5698 2780 5740 census
2802 5679 3096 5741 exactione
3118 5681 3486 5744 solummodo
3514 5684 3802 5765 agebatur
