3962 6440
54 478 146 538 173

1621 468 1828 535 VITA.

3308 479 3425 540 174

52 611 181 664 inter
222 604 549 662 Goﬂ‘ridum
599 602 906 661 Vindocini
956 603 1226 660 abbatem
1274 608 1330 659 et
1376 603 1673 676 Ulgerium
1702 605 1760 672 Α
1788 604 1957 676 odati,
1992 620 2065 660 ne
2093 620 2210 677 qua
2229 607 2606 676 supperesset
2634 603 2693 660 in
2724 620 2790 661 eo
2820 620 3040 662 canone
3064 605 3428 666 difﬁcultatis

50 698 506 770 Andegavensem
539 699 605 765 et,
638 694 784 751 alios
830 693 1152 768 episcopos.
1203 693 1367 750 Unde
1405 692 1542 749 licet
1573 694 1674 750 Pa-

49 785 242 843 schalis
272 785 333 841 in
365 784 615 859 epistola
641 783 880 841 laudata
905 782 1182 840 editionis
1210 781 1538 838 Baluzianae
1570 782 1675 838 ali-

48 892 200 949 quem
216 890 481 932 annuum
496 890 741 930 censum
755 871 1046 946 episcopis
1073 871 1338 927 debitum
1353 871 1675 940 admiserit,

47 964 249 1037 ubique
276 967 475 1019 tamen
507 961 891 1034 rejiciendum
937 977 1068 1018 esse
1110 959 1512 1032 pronuntiavit
1541 975 1676 1014 eum

47 1068 269 1110 censum
296 1068 473 1125 quem
505 1053 599 1107 Ivo
629 1053 686 1107 et
715 1049 1069 1107 Ramnulfus
1099 1050 1446 1121 simplicitati
1489 1050 1678 1104 incon-

45 1160 191 1215 gruus
217 1142 570 1214 duplicitates
594 1143 926 1196 innectentes
955 1156 1023 1195 ea:
1063 1154 1422 1212 personarum
1461 1138 1676 1194 redem-

41 1235 206 1304 ptione
256 1232 487 1287 mutatis
540 1229 854 1286 nominibus
909 1236 1234 1300 extorquere
1292 1227 1672 1282 conabantur.

45 1322 141 1378 Nec
169 1320 247 1378 iis
277 1319 567 1394 episcopis
607 1317 832 1391 imponi
879 1321 1123 1390 poterat,
1169 1321 1369 1390 utpote
1416 1317 1516 1388 qui
1562 1314 1676 1387 ipsi

5 1424 9 1435 ‘
44 1408 273 1467 concilio
310 1406 679 1474 Arvernensi,
717 1407 802 1463 uti
850 1411 984 1479 post
1032 1407 1332 1463 Urbanum
1380 1404 1676 1461 Paschalis

42 1499 242 1557 ibidem
274 1498 506 1566 asserit,
539 1496 945 1553 interfuerant.
985 1495 1280 1552 Goffridus
1309 1498 1504 1551 autem
1534 1511 1674 1550 nus-

42 1605 200 1662 quam
233 1591 488 1644 veterem
520 1585 689 1642 illum
719 1601 966 1642 censum
997 1584 1345 1658 impugnare
1365 1599 1675 1657 aggressus

41 1682 135 1747 est,
162 1680 271 1751 aut
299 1675 421 1731 ullo
443 1675 616 1731 modo
638 1691 900 1746 unquam
926 1672 1227 1729 contendit
1250 1689 1385 1729 eum
1411 1671 1595 1727 fuisse
1615 1670 1674 1726 in

38 1765 373 1824 Arvernensi
406 1762 649 1821 concilio
679 1764 920 1819 vetitum
948 1780 960 1831 ;
995 1763 1097 1818 sed
1136 1779 1269 1817 eum
1301 1776 1542 1817 censum
1585 1776 1674 1815 re-

41 1857 336 1929 probabat,
370 1870 545 1926 quem
576 1850 844 1926 Ulgerius
874 1851 945 1907 de
974 1867 1121 1906 novo
1167 1849 1461 1905 nitebatur
1498 1848 1675 1903 indu-

38 1962 169 2002 cere.
228 1942 632 2002 Contendebat
686 1940 842 1997 enim
901 1938 1217 2007 Goﬁ'ridus,
1277 1940 1342 1993 ut
1396 1935 1495 1992 ille
1550 1936 1676 2009 ipse

6 2044 8 2057 ‘
38 2034 284 2107 scripsit,
316 2031 421 2088 lib.
455 2049 495 2100 ι,
531 2031 703 2103 epist.
736 2031 805 2083 27
837 2028 911 2085 ad
942 2026 1288 2085 Gaufridum
1332 2024 1507 2098 episc.
1543 2025 1676 2081 Car—

38 2131 331 2180 nolensem
376 2121 668 2177 annullari
713 2119 1010 2175 decretum
1050 2114 1271 2172 Urbani
1324 2115 1383 2169 in
1434 2112 1678 2170 concilio

38 2209 379 2269 Arvernensi
396 2212 598 2264 contra
608 2206 930 2262 Simoniam
953 2200 1370 2275 redemptionis
1383 2200 1676 2266 altarium,

1785 694 2014 749 umbra.

1784 782 2018 839 CCXIII.
2070 783 2303 839 Canonis
2341 783 2406 839 de
2434 782 2801 856 redemptione
2829 784 3096 841 altarium
3132 785 3430 859 appendix.

1856 871 2051 927 Canon
2083 875 2114 926 Ἰ
2159 871 2531 944 vulgaturum
2578 872 2984 929 collectionum
3023 873 3256 930 videtur
3306 890 3437 931 esse

1784 960 2163 1033 praecedentis
2191 962 2261 1017 de
2291 960 2567 1018 altarium
2597 961 2995 1035 redemptione
3015 963 3325 1036 appendix.
3356 964 3433 1021 Eo

1785 1049 2001 1123 quippe
2030 1054 2279 1119 cavetur,
2314 1054 2379 1105 ut
2407 1050 2615 1107 altaria
2637 1068 2763 1124 quae
2784 1051 3082 1108 canonicis
3104 1056 3207 1108 aut
3225 1069 3432 1109 mona-

1785 1137 1910 1194 chis
1956 1156 2060 1212 per
2105 1155 2387 1212 personas
2417 1140 2554 1195 data
2577 1140 2815 1210 fuerint,
2861 1145 2994 1213 post
3042 1157 3430 1214 personarum

1784 1232 2032 1283 mortem
2062 1228 2133 1283 ad
2163 1229 2468 1301 episcopos
2497 1229 2755 1298 redeant,
2788 1229 2903 1285 nisi
2934 1229 3046 1302 ipsi
3078 1229 3334 1304 episcopi
3364 1246 3434 1288 ea

1783 1317 2130 1389 perlitteras
2160 1321 2262 1373 aut
2310 1317 2612 1391 privilegia
2659 1319 3030 1375 monasteriis
3060 1319 3429 1378 conﬁrment.

1783 1406 1907 1461 Iluc
1937 1405 2093 1462 enim
2132 1411 2437 1463 revocatur
2482 1408 2778 1479 possessio
2824 1407 3067 1481 triginta
3114 1425 3426 1466 annorum.

1784 1512 1908 1568 quaa
1940 1495 1999 1550 in
2033 1512 2253 1552 canone
2284 1496 2355 1551 de
2383 1494 2657 1552 altarium
2680 1497 3101 1570 redemptione,
3117 1499 3190 1555 ad
3222 1497 3432 1557 altaria

1783 1584 2154 1640 monasteriis
2180 1585 2494 1641 asserenda
2515 1586 2926 1658 praescribitur.
2969 1587 3130 1653 Quod
3178 1604 3313 1644 vero
3362 1586 3425 1644 in

1784 1689 1883 1729 eos
1909 1674 2208 1742 statuitur,
2243 1677 2307 1729 ut
2334 1673 2532 1730 vicarii
2565 1690 2599 1729 a
2626 1674 2928 1749 monachis
2958 1674 3212 1732 instituti
3233 1675 3293 1732 in
3325 1693 3427 1749 pa-

1785 1762 2021 1829 rochiis,
2071 1779 2274 1819 curam
2323 1762 2656 1818 animarum
2713 1764 2785 1819 ab
2849 1763 3140 1837 episcopis
3189 1764 3430 1837 quidem

1784 1851 2128 1923 suscipiant,
2162 1853 2263 1907 sed
2288 1850 2559 1907 monachi
2589 1851 2838 1908 reddant
2868 1851 3285 1926 temporalium
3337 1870 3429 1910 ra-

1784 1941 2026 2011 tionem,
2085 1940 2317 1997 nullam
2373 1941 2594 2013 patitur
2639 1941 3068 1999 difﬁcultatem.
3117 1941 3187 2013 .Si
3234 1946 3430 2000 tamen

1786 2030 1957 2103 plura
1977 2031 2111 2102 quis
2131 2030 2329 2103 cupiat
2349 2047 2417 2087 ea
2432 2031 2503 2086 de
2520 2048 2601 2100 re,
2625 2032 2796 2087 adeat
2816 2030 3120 2088 Baluzium
3142 2031 3201 2087 in
3216 2031 3432 2089 additis

1787 2119 1857 2174 ad
1888 2136 2014 2191 cap.
2049 2120 2113 2174 21
2146 2118 2280 2174 libri
2310 2136 2367 2174 v1
2403 2120 2484 2175 De
2532 2119 2842 2176 concordia
2879 2119 3190 2178 sacerdotii
3235 2124 3294 2177 et
3320 2119 3432 2177 im-

1784 2207 1929 2281 perii
1956 2207 2258 2264 illustriss.
2280 2207 2390 2264 viri
2413 2208 2565 2264 Petri
2586 2209 2657 2265 de
2679 2208 2894 2278 Marca,
2919 2212 2978 2266 et
2997 2208 3144 2267 alios
3165 2208 3433 2277 canonici

39 2319 151 2373 qua:
190 2303 253 2357 in
282 2300 381 2355 illo
408 2313 618 2368 magno
665 2296 893 2352 concilio
928 2295 1173 2366 pravitas
1209 2291 1463 2347 haeretica
1494 2293 1679 2346 vocata
1777 2296 1932 2367 juris
1960 2295 2325 2370 interpretes.

42 2393 241 2461 fuerat,
280 2389 595 2459 sancitum,
629 2386 679 2442 si
705 2386 765 2441 id
798 2385 953 2457 quod
985 2381 1218 2439 nonnisi
1252 2379 1431 2437 semel
1464 2397 1566 2452 per
1594 2379 1675 2434 vi-

39 2482 219 2539 carios
250 2484 422 2549 antea
454 2476 807 2541 solvebatur,
832 2474 943 2530 sub
961 2474 1184 2528 nomine
1202 2487 1390 2527 census
1410 2472 1588 2525 annui
1608 2468 1679 2525 de

6 2622 11 2637 λ
40 2589 174 2628 novo
209 2567 467 2626 instituti
500 2567 571 2624 ab
595 2563 884 2637 episcopis
909 2561 1183 2634 deinceps
1202 2562 1674 2631 extorqueretur:

40 2662 183 2732 quod
218 2673 431 2732 parum
463 2656 772 2711 interesset
810 2652 881 2708 ad
931 2650 1255 2706 Simoniam
1288 2647 1676 2713 conﬁandam,

38 2767 100 2806 an
131 2748 235 2805 illa
264 2745 516 2821 pecunia
545 2742 756 2809 rarius,
790 2740 958 2797 sicuti
1000 2742 1171 2794 antea
1218 2736 1411 2804 ﬁebat,
1462 2734 1682 2791 scilicet

38 2836 442 2895 tantummodo
473 2834 534 2889 in
564 2847 947 2906 personarum
979 2827 1424 2893 mutationibus,
1472 2842 1545 2881 an
1575 2825 1683 2880 fre-

39 2928 330 3001 quentius,
365 2939 576 2995 nempe
607 2918 856 2994 singulis
883 2918 1072 2983 annis,
1125 2918 1235 2973 sub
1283 2915 1395 2971 alio
1447 2914 1683 2970 nomine

39 3019 408 3090 penderetur.
440 3012 654 3087 Eadem
676 3009 858 3065 ferme
879 3007 1085 3080 repetit
1109 3004 1401 3062 Goli'ridus
1430 3003 1489 3059 in
1513 3003 1681 3075 epist.

41 3110 118 3175 12,
145 3107 188 3162 Ι.
225 3122 314 3171 m,
350 3104 424 3159 ad
455 3101 652 3174 ipsum
682 3097 983 3171 Ulgerium
1006 3095 1242 3168 scripta.
1266 3096 1337 3150 At
1353 3093 1414 3149 in
1435 3093 1530 3149 his
1556 3109 1687 3148 con-

5 3218 14 3242 ι
40 3195 335 3253 troversiis
358 3206 665 3263 nunquam
686 3187 809 3244 ulla
829 3185 1071 3260 quaestio
1093 3184 1203 3240 fuit
1223 3184 1294 3240 de
1314 3181 1490 3238 veteri
1506 3198 1685 3238 censu

40 3284 328 3358 episcopis
339 3280 536 3339 debito
553 3297 568 3349 ;
592 3279 746 3334 unde
764 3274 1057 3332 immerito
1080 3273 1405 3330 Golfridum
1419 3273 1689 3327 temerita-

2318 2386 2545 2442 CCXIV.
2577 2387 2704 2442 Alia
2729 2387 2958 2443 decreta.
3294 2454 3301 2457 _

1857 2475 2069 2530 Praeter
2097 2475 2206 2531 hos
2245 2491 2518 2547 canones,
2572 2475 2866 2533 Goﬂ'ridus
2902 2474 3213 2532 Vindocini
3253 2476 3435 2533 abbas

1788 2562 1889 2619 lib.
1923 2563 2168 2637 11,epist.
2201 2565 2270 2618 29
2296 2572 2349 2619 et
2375 2564 2448 2618 3O
2476 2565 2549 2619 ad
2578 2563 2901 2619 Goﬁ'ridum
2922 2563 3265 2636 episcopum
3295 2565 3432 2621 Car-

1787 2656 2112 2722 notensem,
2139 2676 2167 2702 ‹‹
2192 2652 2394 2708 laudat
2411 2652 2787 2724 prolatamzab
2805 2652 3034 2708 Urbano
3054 2668 3208 2725 papa
3221 2651 3283 2708 in
3295 2668 3431 2709 con-
3504 2669 3521 2689 ι

1788 2743 1919 2800 cilio
1951 2741 2297 2797 Arvernensi
2327 2741 2700 2810 sententiam,
2732 2740 3009 2798 omnibus
3054 2740 3348 2815 episcopis
3375 2746 3435 2800 et

1789 2831 2122 2900 abbatibus,
2156 2831 2256 2903 qui
2285 2831 2546 2898 aderant,
2580 2829 2977 2903 landantibus,
3011 2833 3078 2886 ut
3097 2830 3433 2904 quicunque

1790 2920 1917 2977 sine
1962 2920 2260 2977 vocatione
2308 2924 2364 2976 et
2413 2918 2639 2991 judicio
2704 2917 3185 2991 exspoliarentur,
3254 2919 3433 2977 etiam

1790 3010 1916 3067 sine
1955 3008 2255 3066 vocatione
2301 3012 2359 3064 et
2398 3007 2624 3080 judicio
2681 3008 3119 3079 investirentur;
3181 3025 3254 3067 ne
3320 3008 3435 3066 sci-

1789 3099 1925 3154 licet
1972 3099 2082 3155 sub
2131 3097 2476 3154 occasioune
2522 3096 2845 3153 vocationis
2897 3101 2955 3153 et
2990 3096 3202 3169 judicii
3248 3096 3434 3154 inter-

1792 3186 2014 3243 venerit
2059 3185 2283 3255 dilatio,
2336 3189 2395 3241 et
2443 3201 2546 3258 per
2592 3184 2932 3242 dilationem
2985 3189 3087 3242 aut
3160 3185 3438 3243 diuturna

1796 3281 1898 3332 aut
1962 3276 2317 3348 sempiterna
2379 3279 2643 3330 maneret
2701 3274 3060 3347 exspoliatio.
3094 3297 3122 3325 »
3188 3276 3439 3334 Consule

40 3344 100 3429 tis
125 3344 429 3431 videretur
455 3344 658 3426 notare
687 3366 954 3423 eruditus
983 3362 1255 3420 Baluzius
1299 3362 1359 3417 in
1408 3362 1561 3416 notis
1609 3360 1681 3436 ad
1712 3344 1755 3411 C
1796 3369 1965 3421 notas
2034 3344 2110 3419 in
2179 3362 2349 3436 epist.
2436 3365 2532 3419 I72
2600 3344 2824 3420 Ivonis_
2872 3362 3199 3422 Carnoteni.
3262 3365 3437 3435 Idem

38 3465 381 3521 Gratianum
416 3461 471 3528 1,
504 3475 560 3531 q.
591 3457 649 3526 3,
675 3474 725 3513 c.
775 3455 1087 3527 quaesitum,
1139 3451 1308 3524 quasi
1356 3450 1451 3506 ille
1503 3435 1683 3505 abbas

36 3553 186 3621 malo
220 3551 422 3608 animo
452 3544 779 3604 clausulam
810 3542 1185 3617 expunxisset
1204 3558 1234 3597 e
1255 3556 1476 3596 canone
1496 3537 1686 3595 Claro-

30 3647 335 3707 montano,
368 3655 497 3711 quae
529 3635 754 3693 salvum
794 3648 921 3691 esse
965 3631 1195 3688 volebat
1243 3628 1530 3703 episcopis
1581 3644 1682 3681 an-

32 3748 219 3787 nuum
252 3743 518 3792 censum,
549 3729 615 3780 ut
643 3724 727 3780 eis
758 3737 990 3779 omnem
1016 3719 1254 3777 omnino
1278 3733 1541 3785 censum,
1567 3716 1685 3772 sive

30 3826 287 3878 veterem
319 3815 659 3891 synodalem,
693 3816 759 3869 ut
788 3812 914 3884 ipse
953 3808 1229 3865 Baluzius
1260 3806 1533 3881 appellat,
1568 3805 1687 3862 sive

33 3926 255 3967 novum
305 3908 640 3978 denegaret.
700 3905 932 3958 Certum
984 3904 1073 3956 est
1120 3897 1277 3955 enim
1325 3914 1394 3953 ex
1441 3901 1689 3967 utraque

6 3976 288 4072 lepistola
330 3976 572 4053 Goil'ridi
619 3991 878 4061 laudata,
927 3993 994 4045 ut
1027 3990 1152 4061 jam
1204 3985 1481 4056 diximus,
1532 3984 1686 4057 quod

34 4090 215 4145 etiam
237 4084 479 4143 cuilibet
497 4080 628 4137 illas
652 4078 929 4153 epistolas
947 4079 1165 4134 attente
1184 4074 1418 4146 legenti,
1452 4077 1516 4129 ut
1540 4091 1687 4141 reor,

36 4175 284 4250 patebit,
317 4189 449 4231 eum
496 4168 731 4227 nonnisi
778 4169 849 4223 de
896 4183 1072 4223 censu
1129 4181 1294 4229 novo,
1345 4180 1516 4236 quem
1566 4162 1691 4218 loco

38 4267 204 4323 illius
236 4260 579 4328 exactionis,
611 4275 737 4329 quae
770 4257 842 4312 ad
874 4255 1138 4328 singulas
1181 4253 1531 4309 vicariorum
1563 4269 1690 4307 mu-

38 4356 297 4413 tationes
329 4355 499 4408 antea
524 4346 647 4403 ﬁeri
680 4344 921 4415 solebat,
967 4342 1223 4416 episcopi
1255 4342 1554 4398 intrudere
1595 4358 1692 4397 vo-

36 4445 266 4509 lebant,
297 4441 561 4497 locutum
592 4436 791 4492 fuisse.
829 4434 989 4491 Unde
1018 4437 1073 4489 et
1112 4430 1366 4504 episcopi
1415 4430 1693 4486 adversus

6 4551 190 4608 aquos
222 4531 433 4605 agebat
464 4525 756 4584 Goﬁ'ridus
785 4540 963 4581 causa
984 4522 1337 4588 ceciderunt,
1364 4522 1421 4575 et
1441 4516 1694 4575 abolitus

36 4607 127 4680 est
150 4619 399 4680 omnino
422 4613 766 4687 auctoritate
788 4612 1131 4686 pontiﬁcum
1156 4625 1340 4666 novus
1362 4607 1459 4664 ille
1484 4624 1694 4663 census

1790 3459 1885 3510 Ivo
1926 3452 2086 3509 aliud
2130 3452 2333 3508 laudat
2370 3453 2634 3523 ejusdem
2679 3452 2908 3508 concilii
2948 3453 3270 3525 decretum,
3320 3472 3435 3529 quo

1792 3541 2054 3599 sancitur
2073 3544 2135 3596 ut
2183 3541 2721 3596 excommunicatus
2772 3542 2843 3597 ab
2894 3557 3008 3598 uno
3055 3543 3349 3615 episcopo,
3400 3562 3435 3601 a

1788 3630 1994 3688 vicinis
2026 3646 2258 3702 quoque
2295 3628 2586 3701 episcopis
2609 3630 3162 3686 excommunicetur.
3192 3632 3323 3688 Haec
3361 3633 3433 3690 de

1793 3720 2115 3777 canonibus
2144 3718 2259 3773 illis
2290 3719 2597 3774 observare
2626 3719 2819 3775 visum
2849 3722 2941 3775 est
2968 3717 3143 3775 Plura
3172 3720 3433 3792 cupienti

1793 3812 2002 3883 praesto
2034 3811 2205 3864 erunt
2234 3806 2366 3861 libri
2400 3807 2480 3862 De
2509 3805 2889 3863 conciliorum
2911 3807 3158 3865 decretis
3181 3809 3342 3867 editi.
3365 3812 3440 3868 At

1794 3903 1964 3955 notas
1996 3896 2323 3971 singulares
2366 3895 2426 3951 in
2470 3895 2952 3954 Claromontanos
3001 3914 3255 3956 canones
3303 3900 3442 3958 fecit

1797 3988 2101 4044 illustriss.
2135 3986 2338 4042 Petrus
2369 3986 2441 4041 de
2470 3985 2665 4041 Marco.
2692 3988 2834 4042 tom.
2857 3986 2904 4042 X
2933 3986 3154 4043 Concil.
3200 3989 3439 4063 Labbei,

1798 4078 1870 4133 ad
1904 4093 2051 4149 quos
2080 4075 2258 4132 etiam
2290 4077 2514 4147 spectat
2544 4073 2694 4131 liber
2722 4074 2848 4147 ejus
2879 4076 2960 4132 De
2988 4076 3361 4149 primatibus.

1798 4183 2195 4240 CCXV.Variac
2223 4197 2401 4238 causas
2426 4183 2487 4236 in
2509 4182 2710 4253 synodo
2732 4182 3155 4240 Ctaromontana
3172 4186 3441 4244 tractata.

2294 4254 2574 4309 Primatus
2602 4253 3003 4323 Lugdunensis.

1872 4345 2029 4400 Inter
2048 4342 2238 4398 varias
2260 4358 2490 4411 causas,
2515 4358 2642 4414 quae
2662 4341 2722 4397 in
2745 4343 2965 4415 synodo
2994 4341 3446 4404 Claromontana

1802 4433 2030 4506 agitatae
2055 4434 2213 4502 sunt,
2238 4430 2480 4487 celebris
2500 4446 2570 4485 ea
2588 4434 2677 4486 est
2697 4447 2823 4502 quae
2845 4431 2917 4487 ad
2939 4431 3259 4504 primatum
3294 4434 3444 4508 Lug-

1801 4523 2126 4578 dunensem
2156 4520 2425 4592 pertinet.
2460 4519 2805 4576 Obtinuerat
2832 4518 3143 4578 Gilbuinus
3173 4523 3444 4596 Lugduni

1802 4608 2274 4682 archiepiscopus
2304 4606 2527 4663 litteras
2565 4626 2600 4664 a
2646 4608 2920 4682 Gregorio
2958 4609 3082 4680 VII,
3128 4610 3347 4682 quibus
3389 4612 3444 4668 ei

36 4728 221 4785 quem
255 4707 343 4765 illi
385 4705 614 4779 exigere
663 4705 1046 4759 tentaverant.
1099 4704 1211 4754 Cur
1256 4715 1389 4754 vero
1434 4697 1698 4753 clausula
1725 4717 1771 4783 D
1803 4696 2190 4772 primatumin
2219 4696 2903 4769 quatuorLugdunenses
2920 4698 3334 4771 provincias,id
3356 4703 3448 4757 est

34 4801 143 4857 illa
158 4798 314 4856 salvo
331 4798 523 4867 utique
536 4808 718 4858 censu,
733 4795 842 4847 etc.
854 4834 867 4859 ,
885 4791 940 4845 in
959 4786 1258 4845 Chartario
1278 4788 1386 4842 Vin
1395 4786 1693 4843 docinensi

35 4889 219 4956 desit,
252 4883 401 4943 nihil
418 4884 588 4955 juvat
608 4880 886 4946 divinare,
911 4894 1045 4934 cum
1069 4877 1139 4932 de
1163 4893 1232 4932 ea
1251 4875 1416 4931 nulla
1436 4891 1698 4948 unquam

36 4977 226 5035 fuerit
283 4975 437 5030 inter
483 4970 826 5038 Goﬁ‘ridum,
885 4984 985 5025 seu
1044 4967 1174 5038 ejus
1221 4981 1589 5022 successores
1645 4969 1703 5021 et

37 5067 359 5140 episcopos
391 5059 802 5119 controversia.
834 5057 958 5113 Non
991 5056 1147 5112 enim
1180 5055 1521 5110 auctoritate
1541 5053 1702 5111 illius

6 5152 300 5212 ecanonis
333 5169 395 5207 se
422 5165 685 5221 unquam
718 5165 752 5205 a
782 5145 1044 5219 quolibet
1072 5161 1271 5209 censu,
1295 5143 1393 5198 sed
1418 5146 1647 5198 tantum
1672 5160 1706 5199 a

38 5260 203 5301 novo
220 5240 323 5298 illo
341 5239 638 5303 solvendo,
662 5252 837 5308 quem
853 5234 978 5291 loco
996 5231 1414 5306 redemptionis
1431 5232 1704 5287 altarium

37 5331 359 5390 intrudere
389 5327 642 5402 episcopi
673 5325 961 5393 volebant,
994 5322 1208 5379 liberos
1240 5338 1367 5378 esse
1397 5322 1706 5378 contende-

5 5423 197 5495 ,runt
222 5418 708 5483 Vindocineuses,
751 5415 906 5487 quod
954 5413 1151 5485 reipsa
1193 5428 1397 5467 verum
1447 5415 1587 5467 erat.
1643 5412 1710 5467 Et

40 5513 310 5567 fortasse
338 5523 456 5564 non
489 5504 722 5563 sublata
770 5507 908 5560 sunt
937 5520 971 5559 a
1014 5499 1542 5557 Vindocinensibus
1589 5500 1711 5555 haec

37 5599 258 5668 verba,
290 5597 396 5654 sed
425 5596 499 5653 ab
529 5594 661 5652 aliis
692 5594 765 5651 ad
796 5593 1079 5665 majorem
1110 5590 1350 5647 canonis
1379 5587 1709 5663 intelligen-

36 5690 207 5755 tiam
225 5685 345 5746 ista
364 5685 425 5743 in
443 5683 575 5742 aliis
597 5682 897 5741 codicibus
916 5680 1117 5739 addita
1137 5680 1393 5748 fuerunt,
1411 5681 1476 5735 ut
1501 5678 1713 5752 aliquis

8 5766 116 5864 Ἰη
150 5777 353 5841 codice
384 5775 575 5842 sancti
601 5773 797 5836 Albini
829 5773 902 5834 ad
928 5788 1129 5833 vocem
1159 5785 1324 5829 censu
1346 5768 1570 5830 addidit
1588 5786 1714 5855 syn-

1804 4790 1863 4844 in
1876 4788 2066 4861 ipsam
2085 4786 2560 4859 Lugdunensem,
2586 4785 3139 4862 Rothomagensem,
3152 4789 3451 4846 Turonen-

1809 4895 1957 4945 sem,
1988 4881 2044 4932 et
2075 4876 2468 4932 Senonensem
2522 4873 2927 4947 conﬁrmabat,
2988 4877 3223 4952 scriptis
3269 4877 3451 4936 etiam

1809 4966 1942 5024 aliis
1958 4964 2168 5021 litteris
2182 4963 2254 5021 ad
2269 4962 2506 5019 illarum
2523 4961 2957 5034 provinciarum
2974 4965 3455 5041 metropolitanos

1811 5055 2027 5128 quibus
2059 5054 2143 5108 eis
2176 5052 2538 5127 injungebat,
2566 5056 2632 5107 ut
2652 5053 3005 5122 Lugdunensi
3022 5058 3278 5116 Ecclesia
3294 5057 3458 5115 hono-

1811 5162 1927 5202 rem
1971 5149 2023 5201 et
2066 5145 2448 5213 reverentiam,
2496 5160 2531 5198 α
2573 5142 2892 5215 majoribus,
2938 5144 3128 5217 inquit
3173 5148 3454 5220 pontifex,

1812 5235 2031 5302 nostris,
2045 5233 2109 5288 de
2120 5233 2358 5287 ecclesiis
2370 5235 2564 5289 vestris
2570 5233 2885 5304 praeﬁxam,
2904 5235 3460 5293 exhiberent.Ponti-

1815 5324 1965 5380 ﬁciis
1977 5321 2188 5377 litteris
2199 5321 2399 5376 statim
2416 5322 2611 5394 paruit
2627 5322 2911 5380 Rodulfus
2923 5324 3459 5394 Turonensis,forte

1817 5412 1973 5486 quod
1985 5428 2052 5467 eo
2065 5413 2231 5483 pacto
2247 5408 2420 5465 Dolen
2428 5428 2548 5466 sem
2567 5428 2633 5467 ac
2646 5416 2879 5469 caeteros
2890 5413 3202 5471 Britanniae
3215 5413 3459 5472 minoris

1817 5502 2146 5576 episcOpos,
2169 5498 2267 5571 qui
2292 5514 2419 5553 sese
2442 5499 2513 5554 ab
2532 5501 2659 5571 ejus
2681 5502 2949 5559 Ecclesia;
2971 5503 3302 5561 obedientia
3320 5503 3460 5561 sub-

1819 5592 2125 5659 duxerant,
2158 5586 2389 5643 facilius
2433 5588 2846 5660 restituendos,
2898 5593 3123 5651 favente
3163 5592 3462 5667 pontiﬁce,

1821 5682 2120 5758 speraret;
2153 5681 2215 5735 at
2244 5674 2549 5733 Richerius
2580 5678 2954 5751 Senonensis,
2990 5683 3091 5757 qui
3120 5686 3178 5740 et
3222 5681 3349 5758 ipse
3397 5697 3469 5742 ex

1821 5769 2067 5838 Joannis
2096 5768 2224 5829 VIII
2254 5765 2552 5850 privilegio
2575 5767 2895 5849 primatum
2917 5787 2979 5833 se
2999 5771 3213 5835 habere
3230 5773 3468 5845 conten-
