3962 6450
513 469 627 536 1⁸75

1830 475 1902 536 Β.
1947 469 2250 538 ΠΗΒᾹΝΪ
2285 471 2339 535 II
2381 473 2641 536 PAP/E.

3785 468 3894 553 m

510 609 703 677 debat,
737 621 970 665 omnem
994 622 1234 680 prorsus
1253 598 1524 664 Ecclesiae
1546 607 1926 682 Lugdunensi
1952 609 2150 680 subje-
2177 610 2232 676 Α
2264 607 2419 663 tiiice
2448 613 2504 663 et
2533 607 2755 663 caeteris
2786 606 3015 664 concilii
3048 605 3318 664 Patribus
3344 605 3683 678 conquestis
3711 621 3897 664 mona-

509 698 758 755 ctionem
773 697 1096 770 denegavit.
1108 698 1272 753 Hunc
1286 698 1551 753 imitatus
1563 701 1654 753 est
1666 697 2154 771 Rothomagensis

510 787 774 854 antistes,
806 787 973 857 cujus
1005 787 1301 859 provincia
1330 791 1469 842 tunc
1502 789 1858 844 Francorum
1895 787 2154 842 dominio

510 877 772 948 subjecta
789 893 902 932 non
933 881 1074 942 erat,
1101 882 1273 948 atque
1299 878 1440 932 adeo
1464 877 1609 933 nihil
1637 878 1752 933 fere
1775 882 1909 932 tunc
1935 877 2152 948 profuit

507 965 768 1021 Gebuino
799 965 1059 1037 Gregorii
1091 967 1410 1022 decretum.
1442 968 1514 1021 At
1535 967 1698 1039 Hugo
1731 970 1860 1038 post
1908 965 2153 1020 Gebuini

510 1054 736 1111 obitum
759 1071 789 1111 e
809 1055 1004 1112 Diensi
1037 1056 1106 1111 ad
1131 1057 1540 1129 Lugdnensem
1566 1055 1884 1110 Ecclesiam
1908 1060 2030 1109 tran
2042 1054 2156 1108 sla-

509 1146 634 1211 tus,
663 1145 764 1215 qui
787 1145 858 1200 ob
880 1145 1224 1200 vicariatum
1249 1146 1406 1200 sedis
1427 1144 1758 1216 apostolicae
1781 1144 1890 1199 sibi
1915 1144 2156 1198 deman-

509 1233 714 1289 datum
748 1235 1003 1290 maxima
1034 1233 1374 1290 auctoritate
1407 1233 1678 1305 pollebat,
1713 1249 1945 1288 omnem
1979 1232 2158 1286 movit

510 1321 788 1395 lapidem,
809 1327 873 1378 ut
892 1325 1211 1394 primatum
1226 1323 1349 1379 sedi
1363 1340 1481 1378 suae
1505 1326 1808 1388 assereret,
1834 1325 2157 1392 nactusque

509 1412 847 1484 praeclaram
859 1413 1036 1482 hujus
1057 1412 1138 1467 rei
1160 1414 1406 1484 praestan
1417 1412 1500 1466 die
1514 1412 1900 1479 occasionem,
1919 1427 2155 1466 causam

509 1501 581 1555 ad
603 1499 915 1556 concilium
938 1500 1458 1557 Claromontanum
1501 1499 1708 1555 detulit
1757 1516 1883 1571 qum
1923 1499 2050 1571 jam
2096 1500 2155 1554 in

505 1587 680 1646 variis
718 1588 1046 1646 minoribus
1095 1589 1358 1646 conciliis
1409 1589 1627 1663 agitata
1676 1590 1882 1645 fuerat.
1934 1589 2157 1646 Citatus

507 1677 812 1734 Richerius
842 1678 1218 1744 Senonensis,
1253 1679 1354 1750 qui
1378 1694 1636 1751 praesens
1663 1680 1883 1748 aderat,
1909 1683 2040 1752 post
2058 1696 2156 1735 va-

506 1767 624 1823 rias
652 1768 1183 1842 tergiversationes,
1217 1784 1351 1824 cum
1384 1769 1454 1823 de
1476 1768 1570 1824 die
1612 1768 1672 1822 in
1717 1767 1870 1824 diem
1916 1783 2157 1840 respon-

507 1856 643 1913 dere
675 1856 952 1926 differret,
983 1861 1146 1914 sexta
1172 1857 1266 1913 die
1299 1867 1476 1914 causa
1507 1856 1714 1912 cecidit
1738 1875 1750 1924 ;
1771 1874 1835 1912 ac
1857 1860 1990 1929 post
2010 1857 2157 1912 duas

2264 697 2410 766 chis,
2430 696 2870 769 archipiscopus
2894 697 3113 753 factum
3137 696 3386 770 negavit,
3406 695 3455 752 si
3477 696 3784 765 monacho,
3808 696 3896 769 qui

2265 785 2527 840 libellum
2570 785 2649 841 De
2681 785 2862 858 gestis
2911 786 3482 858 archiepiscoporum
3533 789 3589 842 et
3631 786 3899 841 abbatum

2266 874 2872 945 Majoris-Monasterii
2892 893 2925 930 a
2941 875 3205 932 Bochelle
3223 875 3445 931 editum
3462 875 3715 948 scripsit,
3738 875 3900 931 fidem

2266 963 2608 1032 habeamus,
2627 965 3043 1036 responditque
3062 965 3218 1036 quod,
3238 966 3286 1020 si
3299 965 3412 1020 tale
3430 965 3652 1037 aliquid
3670 981 3905 1036 unquam

2264 1069 2333 1108 ex
2360 1055 2474 1123 ejus
2504 1071 2594 1110 ore
2611 1058 2874 1122 evaserat,
2888 1055 3015 1126 plus
3036 1070 3106 1109 ea:
3124 1056 3480 1111 com-motione
3499 1071 3624 1109 eum
3655 1055 3902 1125 indigna-

2265 1144 2409 1197 tio-ne
2437 1145 2634 1212 animi,
2670 1160 2834 1214 quam
2853 1161 2922 1200 em
2941 1144 3334 1200 deliberatione
3346 1145 3684 1217 processisse.
3706 1143 3906 1199 Visum

2267 1231 2464 1303 itaque
2495 1236 2604 1300 est,
2639 1232 2874 1288 omissis
2908 1233 3385 1299 circumstantiis,
3435 1249 3673 1289 causam
3721 1231 3906 1305 ipsam

2267 1321 2596 1375 accuratius
2627 1321 2978 1378 examinare.
3013 1323 3201 1387 Quare
3230 1323 3489 1395 repetitis
3529 1322 3625 1390 iis,
3675 1339 3802 1396 qua
3850 1321 3906 1376 in

2262 1409 2442 1465 variis
2475 1409 2734 1466 conciliis
2765 1427 2830 1466 ac
2863 1412 3244 1467 conventibus
3273 1412 3492 1485 agitata
3512 1415 3570 1468 et
3590 1412 3822 1467 decreta
3844 1411 3914 1466 de

2267 1499 2376 1553 hac
2408 1516 2467 1554 re
2497 1500 2744 1568 fuerant,
2795 1500 3053 1572 pontifex
3092 1499 3461 1574 privilegium
3492 1518 3526 1556 a
3573 1517 3635 1557 se
3681 1499 3911 1571 Majori-

2268 1588 2617 1644 Monasterio
2632 1605 2974 1646 concessum
2993 1607 3188 1646 coram
3207 1591 3366 1646 omni
3385 1606 3661 1647 consessu
3680 1589 3917 1646 recitari

2269 1677 2437 1732 fecit:
2473 1684 2597 1732 tum
2631 1694 2763 1734 cum
2795 1679 2997 1751 paucis
3030 1680 3222 1736 verbis
3254 1681 3730 1746 demonstrasset,
3769 1677 3916 1734 nihil

2269 1767 2325 1820 in
2355 1783 2420 1821 eo
2461 1767 2767 1835 contineri,
2821 1769 2974 1839 quod
3006 1785 3039 1824 a
3070 1769 3206 1824 sede
3253 1769 3574 1843 apostolica
3621 1767 3918 1842 indulgeri

2267 1873 2382 1910 non
2433 1857 2706 1927 poluerit,
2755 1857 2894 1912 illud
2941 1859 3262 1916 auctoritate
3309 1859 3427 1926 Dei,
3474 1863 3529 1914 et
3576 1857 3720 1913 beati
3765 1858 3922 1914 Petri

510 1944 655 2002 alias
685 1945 833 2016 dies,
869 1963 1002 2002 cum
1034 1947 1226 2003 adhuc
1256 1946 1649 2002 obedientiam
1681 1945 2156 2018 promittentibus
2187 1981 2234 2047 Β
2264 1945 2513 2016 apostoli,
2546 1948 2897 2018 omniumque
2926 1948 3290 2020 apostolorum
3319 1955 3372 2004 et
3396 1963 3518 2016 sua,
3545 1947 3701 2003 modo
3740 1947 3924 2003 indis-

509 2034 639 2106 ejus
665 2035 1068 2110 suﬂ‘raganeis,
1093 2051 1222 2092 eam
1244 2034 1580 2107 promittere
1602 2035 1966 2103 detrectaret,
1993 2033 2154 2106 pallii

509 2140 623 2180 usu
649 2127 704 2180 et
723 2124 1134 2196 jurisdictione
1157 2125 1217 2180 in
1263 2141 1401 2180 suos
1451 2125 1849 2196 sull‘raganeos
1897 2123 2156 2196 privatus

509 2218 619 2280 est,
654 2214 834 2270 donec
865 2215 1092 2270 decreto
1119 2215 1563 2285 obtemperaret.
1618 2213 1827 2269 Eadem
1878 2229 2047 2285 poena
2097 2213 2154 2268 in

507 2301 1010 2375 archiepiscopum
1043 2303 1592 2375 Rothomagensem,
1625 2302 1723 2373 qui
1757 2302 2007 2357 concilio
2041 2318 2155 2357 non

507 2391 806 2460 intererat,
824 2393 1054 2448 decreta
1071 2395 1176 2459 est,
1203 2390 1319 2447 nisi
1344 2392 1497 2446 intra
1517 2395 1635 2446 tres
1661 2407 1893 2446 menses
1914 2390 2154 2462 primati

511 2479 893 2552 Lugdunensi
910 2481 1042 2552 subj
1051 2481 1334 2537 ectionem
1348 2481 1567 2550 scripto,
1591 2479 1859 2552 siquidem
1880 2480 2001 2534 viva
2034 2494 2158 2536 voce

502 2583 613 2624 non
658 2573 836 2640 posset
889 2570 1274 2641 polliceretur,-
1314 2573 1489 2641 atque
1537 2586 1602 2624 eo
1653 2574 1818 2641 pacto
1864 2568 2156 2641 primatus

506 2658 918 2730 Lugdunensis
947 2657 1006 2712 in
1039 2675 1137 2714 eas
1170 2657 1442 2714 ecclesias
1473 2657 1735 2713 invaluit.
1776 2657 1910 2713 Haec
1959 2656 2158 2713 omnia

505 2745 696 2803 fusius
728 2747 990 2819 exposita
1015 2751 1153 2803 sunt
1185 2747 1241 2801 in
1272 2746 1437 2802 bulla
1467 2747 1684 2803 Urbani
1717 2764 1785 2803 ea
1815 2747 1884 2802 de
1926 2763 1987 2801 re
2026 2749 2160 2817 post

509 2833 732 2907 aliquot
762 2835 886 2891 dies
919 2836 1073 2890 data.

790 2923 1013 2980 CCXVI.
1042 2925 1133 2979 Lis
1162 2923 1228 2978 de
1249 2924 1675 2980 Salmoriacensi
1711 2940 1870 2996 pago.

577 3012 742 3069 Haud
773 3012 984 3070 minori
1011 3013 1378 3070 contentione
1393 3013 1672 3085 agebatur
1688 3016 1830 3070 tunc
1846 3013 2152 3085 temporis,

509 3101 652 3158 linet
680 3118 790 3158 noc
819 3103 966 3158 tanti
996 3102 1170 3158 fuerit
1217 3103 1517 3170 momenti,
1569 3101 1960 3158 controversia
2009 3103 2160 3158 inter

507 3190 833 3248 Guidonem
844 3191 1232 3249 Viennensem
1246 3189 2157 3264 metropolitanum,etHugonem

507 3280 1107 3354 Gratianopolitanum
1121 3280 1460 3354 episcopum
1475 3282 1543 3337 de
1557 3280 2156 3354 pagoSalmoriacensi

2265 2034 2489 2089 solubili
2508 2036 2752 2104 ﬁrmavit
2774 2040 2827 2090 et
2849 2038 3226 2092 auctorizavit.
3250 2037 3460 2093 Latum
3482 2036 3700 2092 esthoc
3725 2036 3925 2092 decre-

2266 2129 2391 2178 tum
2426 2124 2810 2195 praesentibus
2839 2141 2908 2180 ex
2929 2143 3046 2181 una
3067 2130 3228 2198 parte
3251 2125 3688 2198 archiepiscopo
3709 2128 3768 2181 et
3790 2126 3924 2198 ejus

2265 2211 2491 2267 clericis
2519 2231 2530 2278 ;
2566 2230 2632 2267 ex
2663 2212 2844 2268 altera
2873 2230 3028 2284 vero,
3064 2215 3358 2270 Bernardo
3389 2215 3602 2272 abbate
3648 2215 3926 2286 Majoris-

2267 2301 2601 2356 Monasterii
2636 2319 2768 2357 cum
2802 2304 2930 2374 ejus
2962 2302 3286 2375 monachis,
3329 2303 3483 2359 inter
3525 2320 3672 2376 quos
3717 2321 3926 2361 recen-

2267 2395 2469 2446 sentur
2503 2390 2826 2463 Rangerius
2860 2391 3175 2449 cardinalis
3206 2397 3264 2447 et
3302 2392 3780 2466 archiepiscopus
3815 2394 3930 2450 Be-

2266 2479 2508 2552 giensis,
2542 2480 2906 2537 Gausmarus
2937 2482 3119 2538 abbas
3151 2481 3350 2537 Sancti
3393 2482 3544 2538 Petri
3585 2484 3931 2551 Trecensis,

2265 2568 2594 2640 Stephanus
2617 2570 2800 2626 abbas
2821 2570 3215 2640 Nucariensis,
3243 2575 3300 2627 et
3321 2571 3603 2644 Hilgodus
3627 2573 3729 2644 qui
3753 2573 3941 2630 Sues-

2267 2658 2599 2714 sionensem
2635 2660 3038 2734 episcopatum
3083 2660 3406 2716 dimiserat.
3453 2661 3534 2716 Ex
3577 2661 3746 2718 curia
3791 2680 3936 2720 vero

2268 2748 2532 2804 Romana
2562 2754 2874 2820 praesentes
2905 2753 3072 2806 erant
3115 2749 3475 2818 Portuensis,
3525 2749 3814 2820 Pisensis,
3879 2757 3942 2809 et

2266 2837 2589 2909 Signiensis
2620 2837 2897 2910 episcopi,
2925 2838 3250 2896 Richardus
3273 2838 3468 2896 Sancti
3493 2839 3744 2897 Victoris
3769 2841 3939 2898 Mas-

2266 2924 2409 2980 siliae
2442 2925 2644 2992 abbas,
2680 2927 2846 2995 Hero,
2901 2927 3171 2984 Albertus
3203 2927 3548 2995 cardinales,
3582 2931 3639 2984 et
3667 2927 3796 2984 alii.
3851 2932 3944 2986 Ex

2267 3013 2579 3071 Gallicanis
2611 3013 2900 3088 episcopis
2930 3015 3094 3090 Hugo
3123 3018 3414 3091 Lugduni,
3436 3019 3680 3074 Amatus
3707 3018 3941 3077 Burdi-

2266 3103 2428 3176 galm,
2472 3104 2805 3177 Reynoldus
2851 3106 3188 3176 Remorum,
3236 3105 3540 3164 Richerius
3585 3109 3940 3179 Senonum,

2267 3191 2587 3249 Rollandus
2621 3193 2930 3262 Dollensis,
2963 3195 3376 3262 Narbonensis,
3417 3195 3706 3266 Axiensis,
3756 3202 3822 3256 et
3865 3209 3946 3255 ex

2267 3281 2546 3354 Hispania
2583 3282 2919 3350 Toletanus,
2968 3283 3428 3357 archiepiSCOpi;
3479 3285 3737 3359 episcopi
3786 3305 3949 3346 vero

507 3387 684 3441 quem
715 3374 961 3442 uterque
991 3387 1109 3426 ευω
1138 3386 1265 3427 esse
1297 3369 1563 3426 dioecesis
1595 3370 2000 3426 contendebat.
2037 3369 2150 3425 Res
2183 3354 2226 3422 C
2263 3368 2500 3432 Hoellus
2519 3371 3112 3439 Cenomannensis,et
3128 3354 3950 3447 GaufridusAndegavensis,

508 3460 832 3515 secundum
846 3459 1171 3532 Hugonem,
1185 3460 1275 3530 utj
1285 3473 1378 3514 am
1397 3475 1511 3514 non
1527 3457 1706 3514 semel
1722 3458 1941 3513 factum
1969 3458 2149 3515 fuisse

506 3547 781 3618 diximus,
797 3548 1062 3619 judicata
1082 3551 1189 3617 est,
1215 3549 1315 3620 qui
1341 3566 1374 3604 a
1392 3546 1673 3603 Guidonis
1701 3546 1792 3602 sui
1823 3546 2153 3619 metropoli-

501 3637 626 3693 tani
671 3636 1001 3694 cbedientia
1056 3637 1361 3694 absolutus
1407 3635 1534 3703 fuit,
1573 3636 1754 3691 donec
1793 3634 1891 3692 ille
1921 3637 2150 3691 decreto

503 3725 733 3783 concilii
766 3726 1045 3797 obediret,
1079 3730 1144 3782 ut
1173 3726 1297 3798 ipse
1319 3725 1576 3798 pontifex
1599 3723 1658 3779 in
1682 3723 1892 3780 litteris
1915 3725 1985 3780 ad
2019 3724 2154 3779 Gui-

502 3831 712 3887 gonem
734 3817 1008 3872 comitem
1034 3833 1098 3872 ac
1109 3815 1327 3872 clerum
1342 3818 1400 3870 et
1416 3813 1700 3886 populum
1725 3813 2148 3886 Gratianopoli-

501 3907 709 3960 tanum
740 3904 1072 3962 declaravit.

654 3993 929 4051 CCXVIII.
964 3995 1042 4051 De
1062 3993 1372 4066 privilegiis
1396 3989 1975 4062 Majoris-Monasterii.

573 4083 783 4143 Actum
804 4101 1037 4157 quoque
1058 4083 1139 4139 ibi
1160 4086 1249 4139 est
1269 4082 1339 4138 de
1365 4097 1542 4137 causa
1571 4079 1830 4136 Dolensis
1856 4079 2142 4148 Ecclesiae,

502 4175 673 4246 cujus
698 4174 956 4246 episcopi
987 4190 1023 4228 a
1042 4171 1401 4229 Turonensis
1422 4169 1760 4243 metropolis
1781 4171 2146 4242 subjectione

502 4279 564 4318 se
593 4263 937 4320 subtrahere
975 4261 1354 4317 conabantur.
1386 4260 1457 4314 Et
1498 4259 1733 4330 quidem
1770 4276 1862 4316 res
1905 4261 2026 4330 jam
2071 4263 2142 4318 ab

500 4350 732 4409 Urbano
761 4350 1004 4407 definita
1032 4350 1238 4416 fuerat,
1272 4348 1358 4404 uti
1382 4347 1666 4418 diximus;
1690 4348 1813 4416 sed,
1848 4350 1987 4420 quia
2017 4349 2146 4406 Rol-

497 4439 984 4496 landusDolensis
997 4438 1241 4494 antistes
1253 4437 1428 4510 pallio
1441 4436 2142 4513 donatus,archiepiscopi

498 4529 668 4585 titulo
697 4533 754 4585 et
777 4527 1111 4600 insignibus
1157 4527 1452 4595 utebatur,
1502 4527 1808 4584 verebatur
1855 4528 2139 4585 Radulfus

497 4617 874 4685 Turonensis,
899 4632 971 4672 ne
991 4615 1121 4688 ejus
1141 4631 1374 4689 quoque
1395 4633 1762 4673 successores
1779 4617 1934 4672 idem
1947 4618 2141 4674 ambi-

2263 3458 2363 3530 qui
2397 3459 2510 3514 duo
2543 3475 2611 3514 ex
2639 3458 2964 3515 Turonensi
2995 3460 3293 3533 provincia
3321 3461 3459 3518 huic
3501 3465 3954 3524 controversia

2261 3548 2696 3620 componenda,
2731 3553 2798 3604 ut
2827 3549 3002 3604 refert
3032 3549 3125 3606 Ivo
3147 3550 3316 3623 epist.
3339 3551 3436 3607 23l
3467 3550 3727 3608 multum
3752 3553 3956 3612 insu-

2261 3637 2577 3705 daverant;
2614 3653 2682 3693 ex
2716 3637 2845 3693 aliis
2875 3655 3008 3694 vero
3041 3639 3374 3712 provinciis,
3402 3641 3527 3713 ipse
3559 3640 3651 3696 Ivo
3697 3644 3957 3702 Cerno-

2260 3726 2463 3793 tensis,
2497 3726 2794 3783 Johannes
2825 3727 3284 3798 Aurelianensis,
3326 3727 3604 3802 Rogerius
3648 3730 3958 3793 Bellova-

2260 3815 2470 3883 censis,
2504 3815 2938 3886 Namnetensis,
2970 3817 3323 3875 Pictavensis
3370 3822 3427 3875 et
3476 3817 3575 3875 alii
3622 3819 3958 3898 episcopi,

2258 3921 2392 3959 cum
2426 3905 2726 3962 nonnullis
2757 3906 3069 3964 abbatibus
3094 3911 3151 3964 et
3181 3907 3538 3981 proceribus,
3565 3909 3664 3981 qui
3697 3926 3958 3973 omnes

2256 3995 2397 4059 Fiat,
2445 3996 2542 4066 ﬁat
2596 3995 2668 4050 ad
2721 3996 3225 4056 conﬁrmationem
3275 3997 3559 4071 privilegii
3612 3999 3958 4061 acclama-

2253 4087 2479 4139 verunt.

2253 4188 2477 4246 CCXIX.
2525 4192 2649 4248 Alia
2692 4193 2822 4248 item
2869 4194 3164 4264 privilegia
3209 4197 3437 4249 asserta.
3490 4189 3958 4258 Vindocinense.

2895 4265 3264 4319 Atrebatense.

2321 4353 2655 4425 Approbata
2685 4352 2823 4408 item
2855 4352 3014 4407 fuere
3044 4352 3104 4407 in
3125 4368 3191 4407 eo
3222 4351 3464 4409 concilio
3499 4353 3614 4409 alia
3648 4351 3958 4421 aliarum

2252 4439 2628 4497 ecclesiarum
2651 4443 2707 4496 et
2727 4439 3215 4496 monasteriorum
3240 4440 3559 4516 privilegia.
3585 4443 3758 4501 Certe
3783 4448 3958 4511 hoc.

2251 4529 2404 4585 sicut
2427 4533 2484 4585 et
2512 4529 2633 4600 ipse
2658 4527 2930 4583 Urbanus
2949 4527 3008 4583 in
3025 4529 3202 4585 variis
3226 4515 3545 4604 rescriptis,
3569 4533 3640 4588 de
3662 4536 3766 4590 sui
3799 4515 3958 4600 mo:

2249 4617 2486 4672 nasterii
2519 4615 2817 4688 privilegio
2851 4616 3106 4673 afﬁrmat
3131 4619 3423 4675 Goﬂ‘ridus
3445 4620 3958 4692 Vindocinensii

496 4710 653 4762 rent:
677 4720 857 4776 quare
879 4704 1066 4760 effecit
1087 4709 1152 4760 ut
1174 4706 1392 4762 Urbani
1416 4708 1487 4763 de
1503 4707 1860 4780 subjectione
1875 4705 2138 4763 Dolensis
2167 4723 2215 4787 Β
2247 4706 2449 4773 abbas,
2501 4704 2601 4758 lib.
2636 4720 2695 4774 Il,
2728 4704 2896 4776 epist.
2925 4705 2994 4761 47
3034 4707 3106 4762 ad
3157 4707 3500 4764 Gaufridum
3551 4710 3958 4789 episc0pu'u:

494 4793 762 4851 Ecclesiae
795 4794 1090 4850 decretum
1112 4794 1170 4851 in
1193 4795 1436 4852 concilio
1459 4797 1984 4861 conﬁrmaretur,et
2010 4795 2138 4866 qui-

495 4885 630 4937 dem
663 4880 982 4940 Rollandus
1011 4885 1256 4940 Radulfo
1288 4884 1735 4957 metropolitano
1763 4901 1870 4940 suo
1900 4883 2135 4940 obedire

495 4971 836 5044 compulsus
848 4974 1617 5043 est,uttestaturWillelmus
1630 4973 1939 5045 episcopus
1953 4972 2134 5026 Picta-

491 5060 728 5132 viensis,
750 5063 847 5136 qui
869 5067 1001 5120 ante
1024 5064 1425 5138 episcopatum
1447 5064 1604 5119 haud
1629 5061 1876 5117 dubium
1913 5061 1971 5115 in
2012 5061 2133 5132 epi-

491 5151 653 5223 scopi
666 5152 756 5208 sui
775 5153 1052 5210 comitatu
1067 5154 1255 5211 eidem
1269 5153 1512 5209 concilio
1527 5150 1889 5205 interfuerat.
1909 5149 2130 5204 Instru-

491 5244 755 5298 mentum
777 5260 843 5299 ea
860 5244 930 5300 de
952 5260 1012 5300 re
1030 5242 1350 5299 Martenius
1364 5245 1560 5296 noster
1573 5237 1772 5294 retulit
1787 5238 1843 5292 in
1872 5244 2128 5294 veterum

489 5330 849 5404 Scriptorum
882 5350 1029 5389 nova
1060 5331 1398 5388 collectione
1428 5346 1483 5400 p.
1516 5330 1604 5382 68.

761 5423 964 5479 CCXII.
997 5424 1072 5477 De
1100 5421 1322 5476 Dolensi
1351 5417 1840 5487 archicpiscopatu.

555 5511 640 5568 Ad
670 5514 939 5568 eamdem
971 5510 1259 5581 synodum
1302 5505 1494 5561 delata
1541 5504 1652 5560 fuit
1690 5521 1869 5562 causa
1905 5506 2032 5578 jam
2065 5506 2125 5564 in

483 5600 685 5656 multis
698 5597 1298 5672 agitataconventibus
1312 5594 1462 5650 inter
1473 5595 2124 5669 eumdemRadulphum

481 5692 538 5746 et
567 5687 885 5744 monachos
916 5684 1542 5757 Majoris-Monasterii,
1575 5701 1723 5760 quos
1754 5684 1852 5742 ille
1892 5687 1979 5742 uti
2025 5705 2121 5745 ex-

484 5776 946 5847 communicatps
977 5775 1178 5835 haberi
1208 5775 1455 5836 volebat.
1481 5776 1562 5834 Ea
1582 5775 1652 5837 de
1674 5792 1734 5838 re
1756 5793 1952 5838 coram
1975 5795 2118 5856 pon-

2247 4794 2681 4860 Carnotensem,
2718 4794 2775 4849 in
2808 4810 2924 4866 qua
2952 4794 3168 4851 Urbani
3199 4813 3266 4851 ea
3295 4797 3365 4852 de
3396 4813 3457 4852 re
3483 4797 3812 4862 decretum
3848 4826 3958 4870 ex.

2243 4881 2424 4947 hibet,
2457 4881 2612 4952 quod
2645 4899 2751 4938 suo
2784 4883 2907 4938 loco
2938 4883 3092 4940 inter
3117 4885 3243 4955 ejus
3273 4885 3568 4958 P0ntiﬁCis
3611 4889 3958 4961 ePiStOI‘“

2242 4970 2582 5041 proferetur.
2617 4972 2781 5027 Tunc
2812 4973 2989 5030 etiam
3021 4975 3563 5033 excommunicatus
3596 4977 3706 5033 fuit
3731 4981 3945 5049 Eblo

2241 5061 2486 5115 omnium
2515 5062 2900 5131 religiosorum
2928 5065 3027 5135 qui
3067 5064 3297 5120 aderant
3333 5082 3574 5136 assensu,
3623 5083 3688 5122 eo
3740 5085 3958 5145 quod

2241 5149 2504 5206 Oleronis
2535 5150 2861 5219 ecclesiam,
2898 5170 3024 5224 qua:
3057 5155 3128 5210 ad
3151 5154 3611 5212 Vindocinenses
3635 5163 3958 5228 pertine.

2191 5313 2198 5318 _
2240 5239 2358 5308 bat,
2390 5240 2605 5312 injuste
2650 5242 2958 5299 retineret:
2995 5245 3166 5316 cujus
3211 5245 3296 5301 rei
3344 5250 3552 5301 testem
3600 5244 3958 5318 habemu,

2239 5328 2617 5474 Gfpillelmum
2647 5331 2970 5406 Aquitaniae
3003 5334 3234 5405 ducem,
3259 5334 3360 5407 qui
3391 5335 3448 5390 id
3471 5334 3532 5390 in
3555 5333 3779 5395 charta
3814 5362 3958 5411 su;

2239 5435 2271 5474 θ.
2317 5423 2510 5474 irmat.

2237 5423 2510 5474 affirmat.

2306 5509 2591 5581 Tempore
2639 5511 2903 5581 ejusdem
2961 5513 3166 5586 synodi
3223 5512 3592 5587 privilegium
3651 5511 3958 5597 insign.

2233 5598 2520 5654 concessit
2549 5599 2818 5658 Urbanus
2849 5602 3198 5674 parthenoni
3220 5607 3431 5659 sanctae
3455 5601 3649 5660 Mariis
3672 5603 3946 5679 εδιτιιο

2230 5688 2452 5758 nensis,
2473 5690 2574 5762 qui
2596 5690 2668 5746 ab
2689 5690 2834 5763 ipsis
2848 5690 2959 5747 loci
2975 5692 3378 5750 conditoribus
3398 5693 3674 5750 Romanae
3693 5688 3958 5770 Eccle

2229 5779 2327 5840 sise
2341 5779 2464 5860 juri
2487 5780 2856 5858 mancipatus
2879 5781 3086 5844 fuerat.
3111 5781 3484 5858 Privilegium
3503 5781 3771 5844 Arsendi
3813 5798 3948 5866 ab
