3962 6416
84 478 226 542 επ
1714 476 1930 544 νιτΑ.
3402 479 3525 579 478

87 610 355 705 baﬁeéa?
383 612 759 690 inscriptum,
776 611 987 674 datum
1013 616 1107 705 98$
1133 612 1229 673 die
1255 630 1313 671 VI
1344 612 1634 674 Kalendas
1653 611 1760 673 Βθ-
1787 613 1846 684 Δ
1873 624 1931 681 et
1952 618 2254 680 comitissa
2280 614 2568 679 Montensi
2598 621 2800 677 contra
2826 612 3122 693 legitimos
3142 615 3444 693 episc0pos
3465 620 3519 679 ei

90 700 396 774 cembris,
427 722 583 763 anno
610 706 752 766 1096
782 722 886 779 pro
908 701 1078 773 1093,
1111 708 1179 762 ut
1206 705 1482 780 pleraque
1503 706 1618 763 alia
1638 709 1767 781 ejus
1875 715 2121 780 favente,
2147 712 2409 771 schisma
2428 711 2487 767 in
2517 728 2587 767 ea
2616 708 2873 766 Ecclesia
2892 709 3126 779 foveret,
3151 712 3220 766 ut
3236 708 3521 768 discimus

88 797 405 873 temporis
426 799 829 865 monumenta,
837 796 1009 869 juxta
1021 795 1312 853 calculum
1329 796 1607 855 Pisanum
1626 816 1768 873 prte-

86 889 333 946 ferunt.

174 975 812 1035 Observandaomnino
826 979 1063 1043 euntes,
1082 993 1208 1058 quae
1230 978 1303 1034 de
1324 978 1766 1038 confirmatione

89 1068 399 1142 privilegii
419 1066 788 1123 renovationis
814 1073 866 1123 et
891 1067 1252 1123 restitutionis
1271 1068 1528 1127 Ecclesiae
1543 1068 1764 1126 Atreba-

94 1146 517 1216 tensisnarrat
540 1159 741 1212 auctor
778 1155 1089 1213 Gestorum
1144 1157 1451 1215 Lamberti.
1486 1160 1540 1215 Is
1591 1159 1768 1216 refert

92 1247 454 1323 pontiﬁcem
477 1245 570 1302 die
592 1261 650 1302 IV
667 1244 956 1302 Kalendas
986 1246 1340 1315 Decembris,
1365 1264 1500 1303 cum
1515 1250 1766 1320 jamjam

92 1335 366 1417 concilio
396 1336 573 1392 ﬁnem
603 1339 756 1392 esset
783 1335 1194 1409 impositurus,
1219 1337 1493 1409 jussisse,
1525 1341 1592 1393 ut
1618 1336 1764 1393 illud

90 1429 446 1485 recitaretur
472 1428 537 1483 in
563 1429 847 1500 conspectu
876 1428 1040 1484 totius
1066 1429 1311 1499 concilii,
1342 1430 1404 1484 in
1433 1445 1536 1501 quo
1580 1428 1763 1485 cardi-

89 1518 269 1574 nales
310 1518 544 1573 Romani
570 1517 624 1573 ei
647 1516 1023 1584 consedebant,
1073 1522 1127 1573 et
1173 1519 1567 1591 archiepiscopi
1596 1520 1683 1587 14,
1715 1526 1765 1575 et

93 1606 357 1680 episcopi
378 1605 507 1677 225,
531 1607 583 1661 et
610 1607 830 1662 abbates
846 1608 1152 1678 nonaginta
1179 1616 1231 1665 et
1249 1609 1507 1680 amplius,
1530 1610 1765 1687 aliisque

86 1693 502 1769 propemodum
529 1694 795 1765 infinistis
819 1698 1086 1767 personis.
1113 1698 1412 1754 Recitatum
1430 1704 1613 1755 autem
1630 1701 1759 1771 fuit,

90 1789 149 1841 et
174 1784 446 1841 distincte
471 1790 524 1841 et
548 1791 732 1856 aperte
758 1784 977 1853 lectum,
1017 1788 1179 1858 atque
1207 1787 1274 1842 ab
1320 1789 1473 1843 omni
1515 1804 1764 1845 consessu
1941 1788 2367 1845 Ambianorum
2388 1787 2708 1844 Ecclesium
2735 1786 2795 1841 in
2827 1786 3031 1842 eadem
3063 1783 3338 1841 Remensi
3377 1800 3516 1857 pro-

94 1876 337 1933 concilii
362 1872 462 1930 sub
486 1889 690 1943 magno
719 1875 940 1931 silentio
968 1877 1173 1931 intente
1200 1876 1469 1945 auditum,
1489 1878 1763 1934 collauda-
1867 1878 2059 1935 vincia
2093 1882 2236 1935 tunc
2265 1877 2502 1951 regebat
2523 1876 2826 1945 Cervinus,
2858 1875 2960 1947 qui
2989 1891 3058 1931 ex
3087 1873 3372 1931 monacho
3415 1873 3520 1930 Rep

97 1973 228 2021 tum
259 1968 313 2021 et
336 1963 723 2035 conﬁrmatum
753 1980 899 2020 anno
928 1965 1031 2021 Dei
1061 1964 1266 2022 Christi
1294 1965 1451 2023 1095.
1474 1967 1622 2024 Hinc
1644 1968 1758 2024 mi-
1789 1986 1837 2052 Β
1868 1967 2126 2041 migiano
2145 1967 2300 2040 apud
2315 1967 2528 2023 Remos
2543 1963 3114 2022 factusCentulensis
3139 1964 3341 2034 abbas,
3358 1962 3517 2020 hanc

1873 819 1945 860 ex
1972 803 2169 860 libello
2200 803 2282 859 De
2307 801 2731 860 restauratione
2781 799 2981 857 Sancti
3021 798 3255 856 Martini
3300 800 3521 859 Torna-

1872 894 2069 950 cencis
2090 893 2380 967 Spicilegii
2402 896 2561 949 temo
2583 892 2626 959 Ι,
2649 894 2708 947 et
2726 906 2794 947 ex
2813 889 2990 946 variis
3008 888 3274 962 epistolis
3292 892 3452 947 tomo
3472 890 3523 946 V

1875 983 2381 1041 Miscellaneorum
2404 981 2620 1039 Baluzii
2642 980 2861 1037 relatis.
2886 980 2981 1035 Hae
3012 979 3198 1035 turbis
3229 980 3521 1037 Summar-

1873 1074 2071 1129 thanis
2102 1072 2335 1130 errandi
2384 1072 2748 1129 occasionem
2798 1071 3174 1144 praebuerunt
3222 1069 3283 1125 in
3334 1069 3521 1126 Gallia

1874 1161 2224 1230 Christiana,
2247 1161 2509 1219 ubiduos
2530 1161 2831 1217 Manasses
2855 1160 3123 1231 duosque
3145 1157 3520 1215 Gualcherios

1873 1252 2240 1308 admiserunt
2266 1251 2361 1307 his
2388 1250 2770 1324 temporibus,
2802 1250 2875 1306 ob
2903 1248 3067 1305 varia
3105 1247 3516 1304 instrumenta.

1873 1341 1933 1397 in
1966 1341 2182 1414 quibus
2221 1341 2543 1408 Manasses,
2594 1344 2723 1395 tum
2768 1336 3170 1405 Gualcherius,
3221 1339 3280 1393 et
3321 1339 3523 1409 postea

1871 1431 2192 1500 Manasses,
2244 1446 2309 1486 ac
2356 1430 2571 1486 iterum
2610 1427 2998 1485 Gualcherius
3048 1425 3359 1483 memorati
3415 1426 3521 1483 ha-

1872 1520 2105 1577 bentur.

1870 1626 2096 1686 CCXXI.
2130 1626 2390 1684 Cervinus
2420 1628 2697 1756 eptzzggous
2717 1624 3107 1753 “Antibianensis
3135 1622 3356 1680 abbatia
3383 1623 3519 1681 Cen-

2636 1714 2797 1756 vrioa
2821 1714 2909 1752 ur.

2632 1714 2909 1769 prioatur.

96 2071 243 2111 rum
278 2069 399 2109 non
430 2055 541 2121 est,
573 2053 625 2109 si
651 2053 857 2109 exinde
883 2052 1236 2112 inconcussa
1274 2072 1509 2129 semper
1537 2058 1763 2114 steterit

94 2142 514 2202 Atrebatensis
532 2141 799 2199 Ecclesiae
821 2161 855 2201 a
873 2145 1276 2201 Cameracensi
1297 2146 1605 2219 exemptio,
1634 2163 1762 2220 quae

98 2251 137 2290 a
154 2238 254 2291 tot
270 2233 575 2306 tantisque
594 2232 966 2305 praesulibus,
990 2239 1125 2307 post
1142 2234 1333 2291 varias
1354 2236 1608 2310 synodos
1630 2255 1761 2311 pro-

95 2322 393 2380 vinciales
422 2326 481 2378 et
510 2322 805 2379 Romanas
831 2321 893 2379 in
924 2323 1180 2397 generali
1226 2325 1467 2381 tandem
1516 2326 1761 2383 concilio

101 2405 491 2487 comprobata
523 2415 581 2469 et
609 2412 953 2469 conﬁrmata
981 2412 1190 2470 fuerat.

100 2501 313 2559 CCXX.
348 2500 599 2558 Schisma
624 2502 687 2556 in
717 2500 1090 2559 Cameracensi
1124 2494 1353 2560 ecclesia
1379 2521 1758 2578 compressum.

172 2590 656 2648 Atrebatensium
678 2606 865 2648 causae
887 2591 1115 2648 favebat
1137 2592 1398 2649 schisma
1418 2592 1480 2648 in
1502 2592 1764 2651 Camera-

99 2681 271 2739 censi
321 2678 581 2737 Ecclesia
622 2678 714 2736 his
740 2680 1108 2755 temporibus
1153 2680 1488 2752 excitatum,
1540 2680 1763 2740 scilicet

100 2772 259 2827 inter
272 2768 709 2839 Manassem,ex
720 2768 939 2825 archidi
948 2771 1402 2845 aconoRemensi
1418 2773 1760 2846 episcopum

98 2859 388 2927 electum,
410 2856 470 2914 in
490 2873 666 2932 quem
682 2856 999 2915 Remorum
1021 2859 1289 2926 antistes,
1311 2860 1616 2933 provinciae
1639 2878 1759 2919 me-

102 2948 526 3022 tropolitanus,
549 2947 965 3021 propendebat,
985 2951 1044 3005 et
1059 2948 1474 3007 Gualcherium
1492 2949 1591 3024 qui
1609 2951 1761 3008 hanc

101 3039 304 3095 sedem
325 3035 590 3094 Simonia
608 3036 887 3094 ambiisse
908 3036 1228 3095 dicebatur.
1251 3038 1501 3097 Venerat
1522 3040 1759 3113 quidem

103 3127 211 3185 iste
224 3127 304 3184 ad
327 3124 668 3193 concilium,
689 3143 807 3182 sua:
829 3126 1117 3196 Ecclesiae,
1141 3128 1228 3184 uti
1245 3130 1608 3199 autumabat,
1620 3132 1762 3203 jura

109 3220 316 3275 contra
343 3214 757 3272 Atrebatenses
786 3220 1304 3288 propugnaturus;
1337 3221 1415 3288 at,
1464 3236 1601 3276 cum
1652 3237 1761 3277 sua

108 3307 296 3381 ipsius
329 3321 512 3362 causa
531 3305 862 3361 examinata
880 3303 1108 3372 fuisset,
1130 3304 1400 3363 inventus
1422 3312 1513 3363 est
1533 3308 1758 3382 episco-

1871 2058 2070 2114 sedem
2101 2074 2218 2113 non
2235 2058 2457 2129 absque
2477 2056 2750 2113 Simoniae
2771 2053 3103 2128 suspicione
3124 2052 3374 2125 adeptus
3393 2052 3517 2108 fue-

1873 2151 1981 2203 rat.
2015 2147 2324 2219 Utcunque
2352 2149 2549 2202 tamen
2585 2160 2651 2202 eo
2679 2144 2820 2202 vitio
2850 2146 3155 2217 purgatus,
3202 2142 3291 2197 uti
3336 2156 3518 2214 supra

1871 2254 1954 2293 ss.
1987 2235 2093 2292 414
2113 2239 2171 2292 et
2190 2236 2291 2292 434
2313 2234 2591 2303 diximus,
2615 2233 2908 2291 abbatiam
2934 2231 3111 2289 simul
3134 2235 3192 2288 et
3221 2230 3518 2304 episcopa-

1871 2329 1998 2382 tum
2021 2326 2326 2395 retinebat,
2352 2340 2564 2399 magno
2587 2322 2928 2380 monasterii
2944 2322 3160 2387 damno
3171 2321 3344 2394 cujus
3362 2320 3519 2375 bona

1871 2416 1944 2472 ab
1974 2432 2041 2473 eo
2068 2414 2561 2489 dilapidabantur.
2606 2416 2750 2469 Cum
2796 2412 2999 2484 itaque
3045 2409 3210 2467 nulla
3249 2409 3520 2467 subesset

1870 2504 2295 2563 emendationis
2345 2520 2500 2578 spes,
2541 2505 2740 2575 fratres
2789 2502 3148 2569 Centulenses,
3196 2516 3233 2556 α
3268 2498 3520 2556 Remensi

1868 2596 2107 2652 Ecclesia
2134 2593 2443 2652 consilium
2475 2594 2842 2665 acceperunt,
2874 2595 2935 2647 ut
2962 2590 3183 2647 domino
3219 2600 3384 2660 papae
3423 2589 3517 2644 Ur-

1871 2686 2034 2753 bano,
2064 2686 2161 2757 qui
2188 2700 2248 2743 eo
2273 2688 2512 2756 tempore
2558 2681 2854 2740 concilium
2899 2681 2963 2737 in
3010 2678 3358 2736 Claromonto
3395 2678 3516 2733 erat

1868 2774 1933 2830 de
1975 2776 2227 2847 proximo
2271 2773 2579 2840 habiturus,
2630 2772 2738 2829 loci
2792 2769 3181 2827 desolationem
3238 2767 3519 2840 aperirent

1870 2872 1920 2921 et
1946 2865 2249 2938 majestatis
2280 2863 2396 2935 ejus
2414 2863 2760 2919 clementiam
2778 2860 3159 2932 implorarent.
3183 2856 3253 2913 Et
3273 2854 3513 2928 quidem

1868 2971 1963 3011 res
1990 2968 2263 3026 prospere
2292 2951 2376 3009 eis
2405 2949 2709 3007 successit.
2738 2948 2877 3006 Nam
2900 2948 3151 3021 pontifex
3190 2947 3252 3002 in
3283 2943 3514 3001 concilio

1867 3043 2111 3099 residens
2130 3043 2350 3115 prolata
2377 3043 2439 3096 in
2466 3057 2593 3097 eum
2630 3038 2923 3105 sententia,
2971 3037 3157 3093 baculo
3203 3034 3418 3092 abbatis
3461 3035 3515 3088 et

1866 3130 2258 3189 monachorum
2284 3146 2417 3187 cura
2444 3130 2729 3202 spolianda
2758 3128 3010 3185 absolvit.
3033 3127 3164 3183 Huic
3183 3124 3361 3183 dubio
3386 3144 3515 3202 pro-

1868 3220 1961 3277 cul
1979 3237 2158 3277 causa
2176 3221 2287 3277 fuit
2303 3219 2587 3277 condendi
2610 3217 2850 3275 canonis
2869 3218 2900 3273 Α
2924 3217 3079 3289 apud
3099 3216 3437 3273 Ordericum
3459 3220 3518 3275 et

1869 3309 2016 3366 alios
2047 3313 2313 3366 auctores
2337 3308 2524 3375 relati,
2548 3324 2663 3382 quo
2683 3310 2933 3375 vetetur,
2954 3322 3028 3362 ne
3049 3304 3182 3379 quis
3196 3305 3515 3379 episcopus

110 3358 220 3469 prali
253 3394 447 3468 gradu
477 3392 790 3467 indignus;
824 3411 1007 3467 quare
1036 3358 1176 3468 fu’ga
1205 3395 1460 3467 elapsus,
1496 3401 1553 3452 et
1568 3358 1833 3454 Itertiac"
1870 3358 3519 3469 simulet.abbas-siESeritevntiam
3608 3394 3618 3405 ’

113 3486 328 3542 frustra
358 3481 722 3551 admonitus,
750 3486 818 3538 ut
846 3500 1041 3540 coram
1071 3484 1339 3557 patribus
1386 3485 1512 3558 ipse
1563 3491 1760 3560 ageret

114 3562 352 3632 causam
377 3588 573 3639 suam,
606 3588 742 3628 cum
773 3571 1019 3629 minime
1052 3573 1497 3646 comparuisset,
1521 3575 1588 3631 ab
1610 3578 1763 3633 omni

114 3661 436 3719 sacerdotali
462 3669 514 3717 et
535 3662 831 3734 episcopali
848 3662 1048 3735 ofﬁcio,
1072 3665 1139 3718 ut
1162 3662 1223 3718 in
1254 3663 1442 3719 Gestis
1465 3664 1761 3722 Lamberti

118 3751 345 3826 legitur,
371 3750 698 3823 approbata
714 3749 1007 3807 Manassis
1029 3749 1328 3821 electione,
1352 3753 1629 3825 depositus
1647 3759 1760 3817 est;

118 3840 398 3897 intentata
426 3839 487 3895 in
520 3854 655 3896 eum
684 3839 1305 3909 excommunicatione,
1340 3840 1390 3897 si
1428 3858 1486 3898 se
1529 3843 1762 3900 ulterius

119 3931 182 3985 de
220 3927 494 3985 Ecclesiae
544 3928 981 3985 Cameracensis
1029 3922 1355 4001 praelatione
1398 3926 1764 3989 intromittere

119 4022 364 4085 tentaret,
398 4021 465 4072 ut
493 4016 670 4074 habet
700 4017 973 4076 Urbanus
1002 4016 1129 4091 ipse
1157 4019 1218 4074 in
1241 4020 1487 4092 epistola
1522 4036 1589 4077 ea
1610 4022 1681 4077 de
1702 4038 1762 4079 re

121 4109 184 4164 ad
213 4111 663 4164 Cameracenses
693 4106 931 4180 scripta.
956 4108 1011 4164 ls
1035 4107 1271 4180 quidem
1296 4109 1679 4167 Cualcherius
1702 4111 1761 4167 in

124 4196 456 4271 episcopum
489 4212 523 4250 a
551 4195 747 4252 nescio
778 4213 893 4269 quo
943 4202 1321 4255 consecratus
1368 4199 1585 4268 fuerat;
1637 4201 1762 4269 sed,

126 4286 257 4360 quia
299 4285 454 4342 hanc
501 4285 817 4341 electionem
862 4290 914 4342 et
953 4289 1313 4359 episcopalem
1361 4288 1763 4346 Cameracensis

130 4376 376 4433 Ecclesiae
408 4374 833 4431 benedictionem
867 4375 1219 4450 subripuerat
1257 4393 1357 4448 per
1406 4379 1761 4450 invasionem,

132 4469 173 4521 et
214 4480 315 4537 per
357 4478 559 4519 manus
606 4464 829 4520 Henrici
877 4466 1333 4522 excommunicati
1374 4467 1762 4539 imperatoris;

134 4557 370 4611 sanctum
405 4552 700 4609 concilium
744 4552 1056 4626 adjudicato
1100 4554 1355 4613 Manassi
1404 4556 1762 4630 episcopatu,

138 4642 393 4709 decrevit,
422 4643 485 4697 ut
512 4642 574 4698 in
605 4641 980 4699 Cameracensi
1007 4644 1267 4712 Ecclesia,
1323 4644 1537 4716 rejecto
1587 4644 1763 4701 Gual-

1868 3487 1952 3545 cis
1972 3505 2069 3545 ore
2089 3488 2373 3561 prolatam
2396 3488 2571 3543 refert
2590 3484 2890 3542 Hariulfus
2912 3484 3271 3542 domesticus
3292 3488 3515 3554 auctor,

1866 3577 1927 3634 in
1957 3577 2241 3634 Chronico
2270 3574 2601 3633 Centulensi
2630 3578 2790 3630 tomo
2822 3574 2892 3630 IV
2914 3573 3232 3647 Spicilegii,
3286 3574 3405 3631 ubi'
3435 3574 3518 3631 sie

1867 3668 2153 3724 habetur:
2180 3688 2208 3717 »
2237 3667 2322 3722 Tu
2356 3665 2649 3721 abbatiam
2681 3661 2879 3721 Sancti
2911 3661 3189 3730 Richarii,
3233 3677 3360 3734 quae
3410 3678 3515 3718 no-

1868 3756 2005 3813 bilis
2036 3756 2176 3812 olim
2203 3759 2261 3811 et
2289 3756 2450 3811 dives
2476 3755 2683 3822 fuerat,
2716 3755 2841 3809 tam
2871 3750 3127 3824 pessime
3143 3750 3412 3807 tractasti
3449 3752 3519 3808 ut

1869 3845 1994 3902 suis
2015 3843 2320 3901 ecclesiam
2344 3841 2705 3900 ornamentis
2726 3839 3086 3914 spoliaveris,
3113 3842 3171 3896 et
3195 3838 3516 3917 monachos

1870 3932 2088 3991 multos
2116 3932 2237 3989 tuis
2259 3931 2413 3987 vitiis
2446 3930 2786 3987 resistentes
2816 3926 3048 3985 exsules
3079 3926 3286 3984 feceris
3313 3942 3327 3984 :
3358 3918 3519 3984 unde

1869 4023 2084 4097 dignus
2114 4039 2243 4094 eras
2274 4025 2341 4077 ut
2369 4036 2603 4077 omnem
2636 4018 2885 4093 gratiam
2902 4015 3308 4073 ecclesiasticae
3325 4014 3517 4089 digni-

1868 4112 2007 4168 tatis
2033 4128 2100 4167 ex
2133 4114 2250 4167 toto
2281 4111 2574 4183 perderes,
2606 4106 2787 4164 veluti
2819 4106 3015 4163 ovium
3045 4104 3260 4161 Christi
3293 4108 3515 4162 macta-

1868 4206 1981 4269 tor,
2015 4204 2071 4257 et
2100 4203 2311 4258 sanctae
2340 4197 2610 4255 Ecclesiae
2638 4195 2982 4268 dissipator;
3016 4194 3139 4265 sed,
3173 4207 3245 4249 ne
3274 4192 3414 4249 bina
3459 4196 3519 4250 te

1871 4290 2090 4347 ultione
2114 4289 2283 4346 ferire
2301 4287 2625 4353 videamur,
2647 4288 2770 4342 esto
2792 4286 3104 4341 contentus
3137 4281 3517 4339 Ambianensi

1870 4379 2229 4451 episcopatu,
2263 4393 2436 4449 quem
2466 4380 2585 4432 tam
2632 4374 2775 4430 dure
2832 4371 3161 4444 acquisisti,
3210 4370 3516 4428 monachis

1873 4472 2068 4524 autem
2095 4466 2293 4524 Sancti
2333 4465 2589 4523 Richarii
2639 4462 2716 4520 sit
2757 4461 2925 4535 copia
2970 4459 3224 4533 eligendi
3283 4461 3518 4517 abbatis

1873 4558 1967 4614 cui
1997 4561 2059 4613 tu
2091 4555 2379 4612 contraire
2408 4554 2571 4611 nulla
2599 4552 2821 4610 ratione
2850 4564 3193 4623 praesumus,
3248 4550 3402 4622 quod
3455 4549 3521 4605 in

1870 4647 2083 4703 virtute
2103 4643 2359 4717 Spiritus
2371 4644 2557 4700 sancti
2569 4648 2626 4699 te
2638 4638 3254 4711 observarejubemus.
3275 4658 3305 4689 »
3326 4636 3521 4694 Rediit
3580 4686 3587 4691 .

139 4730 334 4800 cherio,
355 4730 709 4787 ordinaretur
726 4734 1005 4806 episcopus
1023 4750 1037 4801 ;
1058 4733 1158 4806 qui
1181 4737 1379 4789 tamen
1402 4733 1637 4790 nonnisi
1656 4734 1765 4791 sub
1799 4734 1845 4800 D
1876 4735 2075 4807 itaque
2105 4732 2389 4790 Gcrvinus
2418 4731 2477 4787 in
2507 4747 2675 4787 suam
2698 4730 2895 4788 sedem
2917 4726 3150 4784 abbatis
3180 4724 3520 4783 Centulensi

141 4821 300 4878 ﬁnem
315 4819 763 4893 annisequentis
775 4822 846 4877 ob
868 4821 1102 4878 comitis
1119 4821 1399 4893 Flandrize
1413 4824 1764 4891 absentiam,
1875 4824 2154 4898 privatus,
2186 4820 2287 4894 qui
2319 4819 2493 4876 etiam
2526 4825 2657 4891 post
2685 4818 2911 4891 aliquot
2948 4832 3132 4873 annos
3181 4814 3524 4888 episcopatu

144 4915 192 4967 et
213 4910 408 4967 turbas
437 4909 512 4966 ab
541 4909 670 4983 ipso
700 4908 1045 4968 Gualcherio
1083 4910 1363 4968 excitatas
1394 4916 1770 4970 consecratus
1878 4914 2080 4970 cedere
2102 4914 2334 4968 coactus
2362 4908 2423 4964 in
2455 4905 3106 4980 Majus-Monasterium
3139 4903 3400 4973 secessit,
3421 4903 3525 4961 ubi

148 5003 242 5068 est,
265 5002 327 5055 ut
354 5015 421 5055 ex
448 4998 738 5073 Manassis
762 4999 1066 5057 Remensis
1087 4999 1506 5074 archiepiscopi
1526 5002 1773 5075 epistola
1876 5006 2079 5076 postea
2109 5001 2419 5058 defunctus
2449 5001 2556 5065 est,
2588 4994 2901 5052 Godefrido
2925 4997 3127 5052 sancto
3150 4994 3295 5064 viro,
3314 4994 3375 5050 in
3398 4993 3525 5065 ejus

152 5089 212 5145 ad
238 5088 677 5145 Cameracenses
697 5091 875 5161 patet,
902 5089 1171 5162 quamvis
1193 5088 1319 5146 dies
1341 5091 1411 5146 ad
1442 5089 1593 5147 hanc
1634 5108 1770 5148 con-
1877 5090 2070 5147 locum
2102 5107 2171 5145 ex
2201 5091 2409 5146 abbate
2441 5084 2779 5143 monasterii
2809 5083 3003 5155 Sancti
3037 5082 3301 5147 Quintini
3348 5097 3529 5156 prope

155 5177 509 5234 secrationem
566 5176 1010 5247 celebrandam,
1061 5180 1123 5235 in
1179 5180 1378 5236 octavis
1438 5181 1773 5237 Pentecostes
1878 5180 2183 5244 Peronam,
2215 5183 2525 5251 postquam
2555 5175 2678 5231 haec
2729 5174 2897 5230 sedes
2944 5173 3123 5229 ferme
3171 5171 3408 5229 biennio
3429 5188 3530 5230 va-

158 5265 294 5322 dicta
319 5265 543 5331 fuisset,
575 5269 641 5321 ut
667 5281 735 5322 ex
765 5266 880 5323 alia
909 5268 1175 5339 ejusdem
1206 5267 1635 5340 metropolitani
1657 5269 1775 5342 epi-
1881 5272 2091 5336 cesset,
2118 5267 2435 5324 substituto
2457 5266 2517 5323 in
2543 5262 2785 5322 concilio
2830 5261 3105 5319 Trecensi
3157 5276 3311 5319 anno
3361 5260 3523 5331 1095,

161 5355 372 5413 stolaad
394 5354 776 5412 Lambertum
794 5356 1587 5413 Atrebatenseminvitatoria
1606 5358 1778 5414 disci-
1884 5364 1951 5416 ut
1996 5357 2171 5414 refert
2218 5357 2535 5414 Guibertus
2592 5351 2895 5428 Novigenti
2944 5351 3048 5409 lib.
3101 5366 3143 5409 ιι
3197 5350 3342 5408 Vitae
3385 5367 3527 5422 sua,

161 5460 292 5502 mus.
327 5443 581 5502 Manassi
629 5448 833 5519 postea
879 5444 1159 5504 suffectus
1187 5449 1276 5503 est
1304 5446 1427 5504 Odo
1451 5463 1520 5504 ex
1565 5445 1777 5504 abbate
1886 5465 2011 5521 cap.
2043 5449 2098 5501 2.

159 5532 477 5592 Tornacensi
528 5533 727 5591 Sancti
770 5534 1027 5605 Martini,
1079 5535 1182 5610 qui
1230 5535 1405 5593 etiam
1439 5553 1473 5593 a
1508 5536 1778 5594 Manasse
1885 5552 2134 5612 οαχΧῙι,
2164 5553 2297 5611 υηίο
2329 5554 2784 5609 monasteriorum
2810 5548 3145 5621 Figfacgnsis
3170 5554 3223 5605 σε
3256 5545 3533 5605 conche"-

162 5622 1018 5698 metropolitano,assistentibus
1032 5625 1395 5683 eiLamberto
1408 5626 1778 5683 Atrebatensi
2532 5625 2609 5679 sis
2644 5624 2882 5679 ﬁrmata.

167 5711 374 5787 aliisque
420 5712 737 5787 provinciae
784 5714 1074 5789 episcopis
1128 5715 1433 5773 ordinatus
1483 5718 1590 5783 est,
1642 5732 1777 5772 cum
1956 5714 2307 5771 Conﬁrmata
2336 5711 2447 5769 fuit
2475 5710 2534 5767 in
2565 5712 2767 5768 eadem
2814 5710 3262 5768 Claromontana
3309 5705 3536 5777 synodo

169 5802 353 5862 interea
368 5801 778 5873 Gualcherius,
803 5803 1050 5864 Henrico
1071 5804 1421 5879 imperatore
1445 5805 1780 5879 adjuvante,
1888 5803 2245 5863 Conchensis
2267 5805 2326 5861 et
2346 5800 2700 5876 Figiacensis
2722 5798 3211 5859 monasteriorum
3232 5794 3342 5854 sub
3364 5794 3537 5854 unico
