3962 6388
471 446 590 518 I79
1768 450 1840 516 Β.
1885 449 2180 518 URBANI
2220 449 2278 514 II
2319 448 2573 514 PAPJE.
3757 446 3872 512 £80

476 585 688 644 abbate
745 579 915 651 unio;
962 585 1038 655 et,
1099 582 1233 660 quia
1290 587 1494 643 contra
1558 582 1704 642 illud
1772 584 2112 643 institutum
2141 586 2198 656 Α
2225 586 2446 654 turum,
2480 580 2635 658 quod
2667 578 2860 656 reipsa
2889 577 3062 656 paulo
3093 581 3228 655 post
3255 576 3393 639 fecit
3420 592 3617 638 coram
3659 576 3868 640 iisdem

474 676 842 736 Conchenses
907 677 1176 733 abbatem
1244 677 1556 748 proprium
1615 676 1726 731 sibi
1793 675 2112 749 elegerant,
2229 672 2719 731 memoratisviris
2739 671 3568 746 apudSilviniacum,quodad
3591 671 3870 744 placitum

472 765 632 824 hunc
660 763 887 822 concilii
919 765 1120 821 Patres
1149 756 1684 821 exauctoraverunt.
1717 764 1932 821 Verum
1985 781 2120 820 cum
2229 779 2297 820 ea
2325 763 2398 818 de
2425 778 2486 818 re
2517 762 2798 817 indictum
2833 764 3245 832 convenerant,
3276 765 3344 817 ut
3372 761 3640 833 ejusdem
3679 761 3874 834 placiti

475 855 600 912 hac
615 871 814 912 rerum
835 853 1142 926 dispositio
1163 853 1683 910 controversiarum
1701 857 2121 926 perenne'esset
2229 849 2463 924 publico
2495 851 2886 908 instrumento
2919 853 3166 906 constat.
3200 851 3261 906 In
3290 850 3493 906 eadem
3516 851 3740 923 synodo
3761 851 3878 908 Ste-

477 943 882 1014 seminarium,
916 944 976 999 in
1000 943 1243 1000 concilio
1269 943 1651 1000 Nemausensi
1682 943 1944 1016 sequenti
1968 960 2120 998 anno
2230 939 2638 1012 phanusprior
2655 939 2852 995 Sancti
2875 939 3027 995 Flori
3051 940 3207 1011 apud
3236 941 3493 995 Avernos
3518 943 3875 1012 conquestus

479 1035 706 1090 mutata
733 1033 862 1101 fuit,
895 1037 962 1088 ut
987 1032 1070 1088 ibi
1101 1033 1384 1089 dicemus.
2229 1032 2318 1084 est
2333 1030 2613 1085 adversus
2634 1029 2994 1084 Bernardum
3011 1044 3077 1084 ac
3097 1028 3226 1100 ejus
3243 1027 3415 1096 ﬁlios,
3441 1044 3590 1100 quos
3607 1027 3876 1086 Urbanus

577 1121 1093 1180 CCXXlIl.Anianse
1121 1123 1336 1180 abbatis
1362 1124 1718 1195 prwsumptio
1746 1138 2011 1194 repressa.
2226 1117 2752 1174 excommunicavit
2779 1117 2852 1174 ob
2884 1117 3149 1174 invasam
3170 1116 3479 1174 ecclesiam
3501 1117 3702 1174 Sancti
3721 1117 3874 1174 Mar-

551 1212 918 1286 Conquestus
939 1215 1028 1268 est
1047 1229 1242 1268 coram
1267 1212 1471 1285 synodi
1489 1211 1757 1268 Patribus
1771 1211 2120 1268 Bertrandus
2227 1206 2337 1262 tini
2367 1207 2439 1262 de
2471 1206 2907 1279 Calidis-aquis,
2942 1210 3008 1262 ut
3055 1205 3210 1262 infra
3251 1223 3418 1262 num.
3460 1207 3568 1262 232
3615 1207 3870 1264 dicitur:

478 1301 907 1375 Magalonensis
937 1300 1202 1370 antistes,
1227 1302 1312 1357 uti
1353 1301 1528 1358 refert
1549 1299 1744 1356 Gariet
1773 1300 1830 1354 in
1855 1301 2119 1372 ejusdem
2231 1295 2484 1352 similem
2514 1312 2746 1368 poenam
2779 1294 3017 1368 pertulit
3043 1295 3209 1362 Eblo,
3231 1298 3298 1350 ut
3319 1295 3446 1366 jam
3469 1295 3750 1365 diximus,
3773 1297 3876 1369 qui

477 1389 751 1448 Ecclesia;
788 1389 1194 1463 episcoporum
1242 1389 1520 1455 Historia,
1563 1390 1840 1445 adversus
1884 1389 2119 1444 Petrum
2228 1383 2504 1441 ecclesias
2531 1384 3054 1441 Vindocinensium
3085 1383 3144 1440 in
3175 1383 3423 1441 Olerona
3452 1385 3649 1440 insula
3676 1385 3878 1458 inique

477 1478 714 1536 Anienis
746 1478 1038 1545 abbatem,
1065 1480 1220 1550 quod
1243 1477 1359 1546 ille,
1383 1495 1446 1534 se
1467 1477 1594 1550 ipso
1616 1478 1888 1550 episcopo
1917 1477 2121 1532 dioece-
2229 1473 2568 1546 occupabat.
2593 1475 2838 1530 Assertae
2859 1473 3036 1529 etiam
3058 1473 3118 1528 in
3151 1474 3355 1530 eodem
3378 1473 3621 1530 concilio
3642 1474 3881 1530 fuerunt

477 1583 620 1624 sano
650 1567 890 1639 insuper
918 1565 1138 1634 habito,
1170 1571 1396 1622 exteros
1416 1567 1708 1622 antistites
1739 1566 2010 1621 invitaret
2049 1567 2121 1622 ad
2231 1561 2597 1618 Cluniacensi
2619 1562 2973 1618 monasterio
2992 1562 3162 1618 variae
3182 1563 3584 1635 possessiones
3600 1580 3752 1636 quas
3768 1563 3884 1620 sin~

474 1656 900 1713 consecrandas
919 1654 1441 1726 ecclesiasaliaque
1460 1653 1815 1726 pontificalia
1839 1653 2122 1708 muniain
2229 1651 2474 1724 gulatim
2503 1668 2802 1708 recensere
2845 1651 3049 1706 inutile
3095 1651 3258 1707 foret.
3315 1652 3430 1708 Nec
3477 1651 3649 1724 plura
3689 1653 3883 1710 dicere

475 1761 583 1802 suo
604 1744 958 1800 monasterio
989 1743 1387 1816 exsequenda;
1418 1743 1538 1798 imo
1566 1746 1624 1798 et
1653 1744 2122 1798 excommunica-
2229 1743 2394 1796 vacat
2421 1741 2494 1796 de
2521 1740 2794 1796 societate
2824 1756 3063 1812 precum
3087 1757 3236 1812 quas
3259 1740 3528 1797 nonnulli
3551 1741 3792 1799 abbates
3816 1760 3885 1798 ex

475 1835 569 1890 tos
617 1831 852 1906 propria
897 1831 1237 1887 auctoritate
1295 1831 1540 1887 solveret
1603 1831 1831 1902 aliaque
1885 1831 2126 1886 auderet
2228 1827 2406 1884 variis
2435 1829 2748 1900 provinciis
2779 1829 2850 1885 ad
2882 1828 2992 1886 hoc
3016 1828 3330 1886 concilium
3361 1830 3699 1904 congregati
3730 1830 3885 1888 inter

479 1924 687 1978 contra
709 1921 808 1992 jus
833 1919 1098 1977 Ecclesiae
1143 1919 1596 1992 Magalonensis.
1647 1921 1832 1986 Quam
1885 1919 2122 1992 quidem
2151 1959 2197 1992 η
2232 1933 2360 1974 sese
2385 1917 2662 1986 inierunt,
2694 1922 2760 1973 ut
2788 1918 3042 1974 dicimus
3072 1936 3142 1974 ex
3167 1919 3346 1974 veteri
3377 1919 3588 1975 notitia
3616 1921 3746 1992 ejus
3795 1921 3882 1976 rei

479 2008 997 2084 presumptionem
1026 2008 1305 2081 pontifex,
1338 2008 1514 2064 salvis
1543 2011 1740 2064 tamen
1771 2008 2122 2064 Anianensis
2151 2005 2199 2025 "
2230 2005 2290 2062 in
2319 2023 2431 2063 ms.
2460 2007 2656 2064 codice
2677 2007 3019 2064 monasterii
3043 2006 3296 2064 Illidiani
3318 2008 3585 2080 ejusdem
3607 2009 3773 2064 urbis
3795 2027 3886 2066 re-

481 2096 824 2156 monasterii
853 2096 1198 2170 privilegiis,
1248 2097 1545 2170 repressit,
1595 2098 1940 2154 conﬁrmata
1984 2113 2121 2154 sen-
2229 2094 2366 2152 lata.
2401 2096 2466 2152 In
2497 2113 2566 2152 ea
2594 2100 2996 2153 memorantur
3024 2113 3160 2152 cum
3191 2097 3398 2154 abbate
3440 2097 3638 2154 Sancti
3677 2096 3880 2171 Illidii,

1768 450 1840 516 B.
1885 449 2180 518 URBANI
2220 449 2278 514 II
2319 448 2573 514 ΡΑΡᾹΞ.

475 2185 677 2256 tentia,
711 2203 891 2260 quam
919 2185 1058 2244 olim
1091 2185 1418 2242 Alexander
1433 2187 1483 2242 II
1514 2187 1574 2242 in
1595 2187 1774 2243 simili
1807 2203 1983 2243 causa
1994 2187 2120 2258 jam
2231 2184 2468 2240 abbates
2498 2185 2696 2242 Sancti
2716 2184 3010 2254 Florentii,
3045 2185 3241 2242 Sancti
3261 2184 3480 2242 Nicolai
3501 2187 3882 2260 Andegaven-

475 2273 732 2333 tulerat.‘
2230 2274 2334 2343 sis,
2367 2262 2561 2330 Sancti
2591 2273 2862 2348 Cypriani
2889 2291 3069 2347 prope
3100 2275 3422 2344 Pictavum,
3445 2275 3644 2332 Sancti
3675 2276 3881 2333 Savini

581 2363 855 2420 CCXXIV.
893 2365 1072 2422 Variae
1097 2365 1226 2420 aliae
1256 2379 1433 2420 causa
1459 2365 1694 2420 minoris
1723 2366 2000 2421 momenti.
2226 2363 2368 2419 item
2391 2364 2546 2436 apud
2568 2363 3168 2432 Pictones,Casa3—Dei:
3189 2367 3316 2420 tum
3339 2363 3614 2420 monachi
3634 2363 3881 2423 Portus-

543 2453 748 2512 Plures
777 2453 906 2510 alia;
934 2454 1338 2510 controversiae
1360 2453 1432 2510 ad
1455 2453 1765 2510 concilium
1789 2453 2120 2510 Claromon-
2227 2451 2350 2518 Dei,
2383 2453 2579 2508 Sancti
2600 2452 2752 2508 Petri
2771 2453 3211 2522 Mauriacensis,
3235 2457 3294 2510 et
3313 2453 3493 2510 abbas
3518 2470 3584 2510 ac
3601 2455 3881 2512 monachi

471 2544 680 2600 tanum
709 2541 914 2600 delatae
939 2543 1196 2612 fuerunt,
1229 2543 1331 2600 sed
1365 2559 1489 2616 quae
1511 2543 1659 2599 tanti
1681 2543 1962 2599 momenti
1986 2543 2118 2599 visae
2227 2541 2422 2596 Sancti
2453 2541 2863 2614 Symphoriani
2890 2541 3292 2599 Thiernensis.

473 2647 589 2688 non
619 2633 761 2689 sunt
779 2630 1040 2704 antiquis
1070 2631 1428 2700 auctoribus,
1455 2635 1518 2687 ut
1533 2648 1632 2688 eas
1655 2632 1996 2704 proferrent,
2021 2649 2090 2688 au

2275 2647 2474 2723 CXXV.
2500 2647 2792 2723 Empeditio
2821 2665 2980 2723 sacra
3009 2650 3092 2705 ibi
3119 2648 3351 2706 decreta.
3387 2649 3670 2723 Orationes
3697 2655 3888 2723 ponti-

473 2723 628 2777 certe
655 2718 802 2777 tales
821 2737 938 2776 non
959 2723 1120 2788 sunt,
1143 2735 1268 2791 quae
1289 2721 1538 2776 debeant
1558 2720 1653 2776 hic
1675 2721 1866 2777 fusius
1886 2721 2114 2794 exponi.
2323 2720 2458 2790 ﬁcis.
2490 2718 2788 2792 Episcopus
2817 2720 2978 2776 Podii
3006 2723 3347 2777 exercituum
3372 2721 3488 2776 dua:
3513 2718 3768 2793 eligitur.

473 2808 555 2866 Ex
580 2807 676 2864 his
713 2807 826 2864 fuit
871 2807 1110 2880 querela
1156 2809 1571 2865 canonicorum
1605 2810 1797 2864 Sancti
1837 2810 2118 2882 Stephani
2295 2807 2510 2864 Verum
2544 2808 2690 2864 nihil
2719 2810 2861 2866 adeo
2904 2809 3134 2866 concilii
3185 2809 3620 2866 Claromontani
3651 2812 3881 2870 famam

475 2895 721 2964 Tolosae,
753 2897 854 2970 qui
883 2895 1190 2953 ecclesiam
1208 2897 1392 2953 beata:
1414 2897 1630 2965 Mariae,
1656 2915 1831 2970 quam
1856 2897 1946 2954 sui
1961 2899 2118 2971 juris
2224 2897 2472 2970 posteris
2484 2897 2912 2955 commendavit
2929 2915 2997 2954 ac
3009 2897 3253 2955 celebris
3271 2897 3443 2956 illain
3463 2902 3682 2956 terram
3707 2918 3882 2958 sanc-

472 3001 603 3043 esse
630 2985 1078 3054 contendebant,
1112 3003 1147 3041 a
1175 2983 1654 3042 Cluniacensibus
1685 2987 1985 3059 repetiisse
2034 2989 2118 3042 di-
2221 2989 2346 3042 tam
2375 2985 2818 3060 expeditio,quae
2843 2985 2924 3043 ibi
2963 2987 3222 3060 primum
3261 2989 3562 3044 communi
3602 2990 3879 3048 omnium

470 3077 705 3132 cuntur.
725 3074 914 3130 Variis
935 3074 1110 3130 etiam
1130 3075 1456 3131 erantinter
1466 3075 1767 3148 Hugonem
1781 3075 2038 3132 Cluniaci
2063 3081 2120 3132 et
2223 3074 2496 3130 ordinum
2508 3092 2796 3133 consensu
2814 3081 2871 3132 et
2889 3076 3174 3150 applausu
3189 3077 3414 3134 sancita
3424 3081 3481 3133 et
3490 3079 3878 3154 promulgata

471 3163 746 3220 Pontium
765 3163 924 3220 Caere
940 3163 1040 3220 Dei
1062 3163 1302 3220 abbates
1322 3163 1738 3232 contentiones,
1762 3181 1888 3236 quae
1901 3165 2114 3222 ibidem
2221 3164 2352 3220 fuit.
2387 3163 2604 3221 Urbani
2634 3165 2742 3221 hac
2771 3165 3076 3222 occasione
3124 3166 3184 3222 in
3235 3166 3478 3222 dicendo
3527 3167 3875 3226 facundiam

467 3251 701 3309 Urbani
720 3252 1082 3322 auctoritate,
1117 3269 1184 3309 ac
1213 3253 1477 3326 Hugonis
1509 3253 1913 3326 Lugdunensis
1941 3258 1998 3310 et
2023 3255 2113 3310 Al-
2157 3327 2186 3331 ᾧ
2221 3251 2464 3309 laudant
2482 3253 2705 3326 passim
2721 3253 2938 3328 vulgati
2961 3258 3250 3324 auctores,
3274 3272 3449 3328 quem
3471 3255 3669 3328 reipsa
3687 3258 3878 3331 veluti

465 3343 686 3400 deberti
739 3342 1118 3399 Bituricensis
1155 3341 1728 3415 archiepiscoporum
1785 3343 2110 3401 interventu
2145 3327 2186 3394 C
2222 3343 2409 3398 tubam
2456 3344 2718 3399 caelestem
2763 3327 3066 3400 intonuisse
3109 3327 3314 3401 scribit
3360 3327 3657 3418 Eugenius
3687 3329 3776 3403 III»
3803 3349 3878 3404 ad

465 3447 805 3505 compressa
833 3431 1088 3499 fuerunt,
1117 3435 1182 3487 ut
1209 3435 1369 3504 patet
1397 3449 1466 3488 ex
1503 3431 1898 3490 instrumento
1929 3451 1996 3490 ea
2043 3435 2114 3490 de
2221 3431 2575 3488 Ludovicum
2610 3433 2960 3488 Francorum
2992 3449 3208 3507 regem,
3233 3437 3299 3488 ut
3323 3434 3373 3488 si
3394 3433 3464 3490 ad
3487 3433 3750 3492 similem
3778 3452 3881 3493 ex-

465 3536 528 3578 re
557 3521 821 3578 confecto
847 3539 902 3577 Iv
917 3520 1212 3578 Kalendas
1227 3519 1584 3577 Decembris.
1610 3522 1776 3578 Forte
1801 3522 1916 3578 huc
1935 3523 2111 3580 etiam
2220 3520 2574 3592 peditionem
2589 3521 3022 3594 suscipiendam
3035 3522 3300 3578 animum
3314 3523 3885 3595 adjiceret.Audien-

465 3610 720 3667 revocari
753 3611 928 3668 debet
949 3611 1008 3667 id
1030 3611 1184 3684 quod
1209 3609 1507 3667 Paschalis
1527 3609 1570 3666 ll
1593 3611 1770 3668 habet
1798 3612 1857 3666 in
1889 3611 2115 3686 privile—
2220 3609 2332 3665 dus
2345 3627 2412 3666 ea
2431 3611 2582 3666 dere
2602 3609 2916 3667 Guibertus
2937 3611 3238 3684 Novigenti
3251 3613 3456 3680 abbas,
3471 3612 3578 3684 qui
3591 3615 3880 3685 postlau-

462 3699 557 3773 gio
585 3703 642 3754 8.
674 3699 906 3774 Hugoni
936 3716 1031 3756 an.
1058 3700 1199 3754 1100
1223 3715 1500 3756 concesso
1521 3699 1674 3756 edito
1705 3700 1764 3756 in
1793 3702 2112 3775 appendice

459 3786 608 3843 Bibl.
641 3787 1062 3856 Cluniacensis,
1096 3787 1196 3842 ubi
1218 3787 1476 3859 pontifex
1497 3789 1804 3846 conﬁrmat
1823 3791 2022 3847 omnia
2041 3793 2112 3848 de

461 3874 659 3947 quibus
686 3875 748 3930 in
777 3875 1022 3932 concilio
1035 3875 1480 3931 Claromontano
1493 3877 1770 3934 adversus
1793 3896 1926 3934 eum
1956 3883 2114 3936 nulla

461 3965 688 4035 quastio
715 3965 866 4019 mota
888 3970 985 4018 est.
1019 3962 1181 4018 Idem
1214 3966 1453 4018 sanctus
1489 3967 1656 4037 Hugo
1687 3966 1759 4021 ad
1799 3966 2110 4024 concilium

458 4050 668 4108 detulit
685 4050 1194 4108 Silviniacensium
1215 4051 1634 4108 monachorum
1649 4069 1883 4110 causam
1911 4056 2110 4112 adver-

458 4155 562 4197 sus
588 4137 1072 4196 Archimbaldum
1102 4139 1372 4196 Borbonii
1403 4132 1750 4214 principem,
1784 4158 1902 4210 eos,
1935 4149 2110 4200 utsu-

457 4245 566 4303 pra
587 4229 715 4300 jam
736 4227 1014 4297 diximus,
1047 4244 1252 4284 vexare
1271 4232 1606 4302 pergentem
1638 4231 1902 4304 exemplo
1923 4233 2108 4290 Patris

459 4317 574 4388 sui,
600 4317 701 4390 qui
726 4316 944 4374 frustra
971 4334 1006 4374 a
1034 4317 1204 4374 beato
1234 4317 1444 4374 abbate
1475 4317 1808 4390 frequenter
1847 4321 2108 4378 monitus

457 4409 516 4464 et
544 4406 601 4462 in
629 4407 848 4480 synodo
869 4405 1113 4462 Cariloci
1131 4423 1200 4462 ea
1219 4407 1522 4463 occasione
1551 4407 1752 4464 habita
1793 4411 2107 4482 reprehen-

457 4509 580 4564 sus,
615 4494 848 4552 nonnisi
880 4495 1054 4552 morti
1087 4495 1384 4568 proximus
1428 4497 1770 4569 resipuerat,
1827 4497 1925 4556 Ille
1971 4516 2104 4558 vero

454 4583 640 4659 patris
668 4583 784 4652 sui,
816 4583 936 4640 imo
964 4587 1020 4640 et
1065 4601 1330 4650 suorum,
1380 4588 1446 4640 ut
1491 4602 1672 4658 supra
1719 4588 1827 4642 202
1877 4589 2100 4646 dictum

2219 3699 2416 3755 datam
2433 3699 2724 3772 pontificis
2739 3699 2800 3756 in
2821 3717 2889 3756 ea
2908 3701 3272 3774 expeditione
3292 3700 3727 3775 promulganda
3751 3719 3880 3760 ma-

2219 3788 2690 3862 gnanimitatem,
2713 3789 2795 3845 sic
2817 3806 2952 3846 eum
2973 3789 3216 3846 concilio
3237 3789 3641 3863 praesidentem
3664 3808 3888 3865 reprae-

2221 3881 2446 3932 sentat:
2493 3879 2636 3934 Erat
2689 3879 2770 3934 ibi
2819 3887 3058 3950 spectare
3108 3896 3275 3952 quam
3323 3895 3519 3936 serena
3573 3883 3882 3952 gravitate,

2217 3966 2516 4038 ponderosa
2545 3969 2793 4024 comitate
2813 3968 3136 4040 praesideret
3145 3985 3168 4031 ;
3194 3973 3264 4040 et,
3319 3977 3382 4026 ut
3423 3969 3640 4025 Sidonii
3687 3972 3886 4028 verbis

2218 4061 2364 4120 utar,
2393 4071 2558 4127 quam
2572 4058 2823 4128 piperata
2839 4057 3104 4128 facundia
3123 4057 3194 4113 ad
3215 4058 3417 4130 objecta
3445 4057 3710 4130 quaelibet
3723 4077 3888 4133 papa

2217 4142 2619 4227 disertissimus.
2639 4145 2938 4202 detonaret.
2972 4147 3269 4204 Notabatur
3306 4150 3513 4218 quanta
3549 4148 3637 4202 vir
3661 4148 3888 4205 claris-

2214 4235 2388 4288 simus
2410 4234 2670 4290 modestia
2707 4235 2973 4292 tolerabat
3017 4253 3144 4292 suas
3174 4237 3507 4293 tumultuose
3548 4252 3747 4292 causas
3777 4241 3888 4294 in-

2214 4324 2518 4393 gerentium
2545 4325 2949 4396 loquacitatem,
2989 4341 3155 4398 quam
3177 4342 3382 4398 parum
3424 4326 3884 4398 appretiabatur,

2213 4413 2330 4467 nisi
2340 4412 2638 4468 secundum
2655 4415 2842 4480 Deum,
2867 4416 3177 4488 cujuspiam
3191 4415 3676 4488 personalitatem;
3701 4417 3878 4487 quod

2214 4501 2274 4555 in
2305 4517 2372 4556 eo
2404 4501 2655 4557 maxime
2679 4503 2968 4575 apparuit,
3003 4504 3088 4560 uti
3119 4504 3495 4577 prosequitur
3514 4502 3610 4558 ille
3633 4508 3882 4572 auctor,

2211 4590 2351 4662 quod
2377 4591 2698 4662 Philippum
2721 4607 2912 4664 regem
2943 4595 3099 4648 tanta
3127 4595 3452 4649 auctoritate
3489 4596 3890 4650 excommuni-

451 4677 562 4743 est,
586 4673 1010 4747 promissorum
1035 4673 1296 4747 pontifici
1319 4673 1604 4730 factorum
1627 4675 1954 4748 immemor,
1989 4679 2100 4736 Sil-
2129 4700 2178 4765 Β
2208 4683 2371 4747 cavit,
2405 4687 2464 4734 ut
2494 4680 2904 4736 intercessiones
2954 4681 3333 4754 spectabilium
3374 4696 3764 4754 personarum,
3823 4689 3892 4740 et

449 4761 676 4820 viniaco
707 4763 900 4820 adhuc
931 4767 1056 4820 erat
1085 4763 1366 4820 infestus:
1399 4779 1578 4836 quare
1608 4764 1776 4838 Hugo
1828 4771 1893 4822 ut
1922 4768 1982 4824 in
2016 4769 2099 4824 in-

451 4855 778 4910 strumento
807 4851 1027 4909 ibidem
1057 4852 1292 4908 laudato
1337 4853 1606 4920 refertur,
1645 4855 1706 4908 in
1743 4856 1847 4912 illa
1889 4874 2096 4929 magna

450 4940 672 5014 synodo,
705 4957 822 5012 quae
850 4941 996 5014 apud
1023 4943 1411 4998 Arvernensem
1433 4942 1704 4999 celebrata
1724 4953 1802 5000 est
1820 4946 2096 5004 civitatem

450 5028 640 5085 domui
670 5044 834 5102 papae
877 5030 1104 5086 auribus
1145 5029 1258 5086 haec
1303 5032 1600 5087 intimavit.
1651 5033 1714 5087 At
1759 5051 1882 5092 vero
1925 5037 2096 5092 isdem

445 5135 612 5192 papa,
645 5121 707 5174 ut
731 5134 941 5192 semper
962 5123 1194 5192 paratus
1239 5123 1359 5176 erat
1404 5122 1466 5176 in
1509 5123 1758 5178 omnibus
1792 5125 1915 5196 jam
1961 5127 2096 5182 dicti

442 5209 622 5282 patris
650 5207 1020 5282 obtemperare
1034 5211 1190 5276 votis,
1214 5213 1424 5267 evocato
1448 5209 1519 5266 ad
1537 5212 1827 5268 concilium
1845 5215 2090 5270 Ar.:him-

451 5297 630 5367 baldo,
663 5297 735 5354 ad
779 5299 878 5355 hoc
921 5300 1093 5370 coegit
1135 5303 1198 5354 ut
1237 5301 1578 5372 promitteret
1621 5317 1676 5357 se
1713 5303 1880 5374 juxta
1925 5306 2096 5360 consi-

449 5388 590 5443 lium
618 5387 1011 5461 archiepiscopi
1040 5389 1399 5445 Bituricensis
1427 5392 1477 5444 et
1504 5393 1712 5463 epic0pz
1764 5392 2089 5464 Aniciensis,

449 5473 750 5534 Guillelmi
779 5493 1012 5550 quoque
1041 5477 1113 5532 de
1141 5477 1318 5546 Baﬁa,
1350 5478 1401 5534 is
1429 5483 1518 5534 est
1549 5479 1650 5552 qui
1681 5481 1740 5535 in
1763 5479 1957 5537 locum
1979 5487 2092 5538 Du-

446 5565 618 5621 ranni
649 5565 907 5638 episcopi
927 5565 1362 5623 Claromontani
1383 5568 1640 5624 defuncti
1665 5571 1945 5626 suffectus
1980 5577 2090 5642 est,

445 5658 504 5711 et
535 5654 784 5712 aliorum
816 5656 1203 5728 quorumdam
1237 5657 1522 5713 nobilium
1574 5658 1834 5713 virorum
1882 5665 2091 5718 cuncta

451 5761 626 5818 prave
657 5763 690 5802 a
721 5762 782 5803 se
813 5749 1012 5803 contra
1035 5747 1318 5803 domnum
1341 5747 1610 5804 abbatem
1637 5753 1801 5820 gesta
1817 5751 2089 5809 emenda-

2205 4769 2600 4840 multiplicium
2652 4786 2946 4826 munerum
3002 4771 3276 4828 illationes
3335 4772 3718 4842 contempserit
3737 4793 3760 4840 ,-
3825 4779 3896 4828 et

2203 4857 2346 4930 quod
2373 4859 2524 4912 intra
2552 4859 2712 4928 regni
2738 4861 2910 4930 ipsius
2937 4859 3320 4917 demorabatur
3347 4861 3551 4917 limites
3573 4875 3685 4917 non
3716 4863 3886 4917 exti-

2204 4948 2425 5002 muerit.

2275 5035 2481 5092 Finitis
2509 5034 2704 5107 itaque
2729 5037 2908 5092 variis
2937 5037 3214 5112 negotiis,
3253 5054 3381 5110 quas
3425 5039 3498 5094 ad
3543 5035 3888 5096 concilium

2202 5123 2394 5181 delata
2425 5125 2672 5192 fuerant,
2718 5126 2994 5198 pontifex,
3041 5131 3108 5182 ut
3149 5128 3434 5185 Robertus
3477 5125 3889 5198 Remigianus

2202 5213 2382 5269 abbas
2413 5215 2604 5282 refert,
2639 5215 2740 5286 qui
2774 5233 3026 5288 praesens
3052 5217 3272 5285 aderat,
3315 5218 3486 5273 exivit
3529 5218 3590 5272 in
3619 5215 3895 5288 quadam

2200 5305 2456 5376 spatiosae
2488 5304 2800 5360 latitudinis
2823 5307 3010 5378 platea
3039 5308 3174 5378 quia
3196 5323 3308 5363 non
3333 5308 3544 5379 poterat
3588 5305 3718 5361 illas
3770 5321 3891 5362 ca-

2193 5409 2325 5464 pere
2341 5393 2631 5465 cujuslibet
2643 5393 2874 5466 aediﬁcii
2887 5396 3167 5464 clausura,
3187 5395 3288 5452 ubi
3307 5395 3654 5464 orationem,
3672 5410 3890 5467 quam

2199 5482 2354 5538 idem
2373 5487 2576 5538 anetor
2592 5485 2935 5540 summatim
2951 5485 3146 5554 refert,
3166 5485 3394 5554 habuit,
3413 5489 3480 5540 ut
3499 5485 3572 5542 ad
3585 5482 3753 5540 illam
3770 5499 3895 5541 ex-

2200 5572 2552 5646 peditionem
2577 5573 2896 5630 astantium
2915 5574 3142 5631 animos
3161 5575 3466 5643 excitaret;
3489 5589 3638 5646 quos
3655 5588 3900 5631 revera

2198 5662 2280 5718 ita
2310 5661 2608 5734 permovit,
2642 5666 2708 5718 ut
2737 5663 2938 5720 statim
2965 5680 3169 5721 omnes
3193 5662 3690 5721 conclamaverint
3713 5661 3890 5720 Deus

2199 5750 2340 5807 illud
2370 5750 2504 5817 vult,
2539 5752 2673 5807 Deus
2711 5751 2850 5808 illud
2875 5753 3009 5822 vult,
3038 5770 3165 5826 quae
3200 5753 3373 5810 verba
3394 5751 3778 5826 postmodum
3803 5751 3892 5811 in
