3962 6374
154 450 264 520 181

1745 448 1958 524 νιΤΑ.

3430 458 3551 526 18!

152 596 434 651 tesseram
448 582 1153 665 peregrinantium,veteri
1164 584 1373 665 gallico
1393 584 1669 650 idiomate
1684 589 1799 651 Dea
1824 592 1881 663 Α
1911 593 2067 653 Gesta
2088 593 2189 652 Dei
2210 607 2313 669 per
2348 595 2602 653 Francos.
2623 588 2841 654 Earum
2862 602 2996 654 vero
3018 593 3415 656 sinceritatem
3446 615 3547 658 ne-

154 685 207 745 lo
226 685 345 742 wolt
367 685 680 755 assumpta
690 679 868 748 fuere,
884 678 1100 754 quibus
1113 678 1327 738 milites
1340 684 1396 738 et
1412 679 1507 737 alii
1520 680 1798 755 perigrini

150 776 212 832 in
227 772 597 850 gravioribus
608 771 886 828 itinerum
899 774 956 826 et
969 769 1197 826 viarum
1219 770 1795 838 difﬁcultatibus,seu

151 864 212 921 in
239 862 452 921 mediis
470 860 894 918 certaminibus
916 860 1193 916 adversus
1211 860 1494 929 inﬁdeles,
1514 876 1641 917 sese
1656 861 1798 916 invi-

150 970 273 1010 cem
286 954 358 1009 ad
380 956 621 1008 strenue
633 948 923 1022 agendum
941 948 1414 1004 cohortabantur.
1424 950 1583 1005 Idem
1596 953 1799 1005 auctor

150 1046 347 1099 narrat
394 1039 741 1113 Gregorium
787 1036 1140 1093 cardinalen:
1188 1038 1262 1110 (is
1292 1041 1493 1110 postea
1538 1038 1796 1110 pontifex

150 1127 751 1199 factus,lnnocentius
767 1126 817 1182 Il
837 1127 1031 1183 dictus
1047 1127 1182 1199 est),
1195 1126 1393 1183 statim
1415 1131 1548 1198 post
1566 1127 1792 1182 ﬁnitam

147 1221 364 1279 Urbani
393 1217 856 1276 exhortationem
883 1232 984 1288 pro
1029 1217 1279 1272 omnibus
1307 1224 1464 1271 terra;
1506 1217 1793 1288 prostratis

146 1312 543 1384 confessionem
567 1323 727 1363 suam
752 1307 975 1374 dixisse,
1028 1312 1081 1361 et
1122 1308 1202 1360 sic
1238 1322 1421 1361 omnes
1445 1308 1662 1377 pectora
1690 1321 1796 1361 sua

144 1400 429 1458 tundentes
452 1399 774 1469 impetrasse
803 1395 869 1451 de
914 1396 1018 1461 his,
1050 1410 1169 1466 quae
1196 1396 1341 1450 male
1386 1396 1790 1461 commiserant,

144 1490 587 1550 absolutionem;
618 1493 667 1541 et
714 1487 866 1557 facta
899 1485 1236 1540 absolutione
1267 1484 1708 1550 benedictionem,
1741 1488 1794 1538 et

145 1579 517 1637 benedictione
546 1581 832 1631 consecuta
846 1574 917 1629 ad
938 1574 1166 1645 propria
1184 1573 1468 1628 remeandi
1488 1574 1788 1640 licentiam,

144 1672 214 1725 ut
244 1667 462 1724 scilicet
491 1681 624 1737 qua;
653 1664 724 1719 ad
757 1666 989 1719 tantum
1016 1662 1145 1730 iter,
1179 1662 1333 1734 quod
1368 1661 1638 1734 deinceps
1669 1663 1788 1717 Via-

142 1761 245 1816 Dei
272 1754 634 1831 appellatum
667 1753 795 1821 fuit,
826 1751 1157 1808 necessaria
1186 1754 1353 1807 erant
1383 1750 1496 1806 sibi
1527 1751 1790 1823 provide-

142 1851 296 1915 rent,
316 1862 383 1903 ac
412 1843 582 1912 alios,
602 1841 704 1915 qui
725 1842 994 1898 absentes
1023 1844 1208 1909 erant,
1233 1841 1302 1895 ad
1331 1840 1597 1896 eamdem
1627 1855 1793 1911 expe-

143 1936 429 1993 ditionem
460 1930 898 2003 suscipiendam
929 1929 1399 2000 adhortarentur.

212 2023 504 2082 Postridie
533 2020 884 2086 convocatis,
916 2022 985 2075 ut
1002 2017 1157 2075 idem
1176 2020 1377 2074 auctor
1396 2017 1790 2090 prosequitur,

142 2103 762 2189 episcopistrbanus
793 2109 864 2164 de
891 2107 1159 2180 eligendo
1201 2123 1379 2163 sacras
1409 2106 1793 2179 expeditionis

142 2206 292 2262 duce
324 2201 620 2276 agendum
653 2215 781 2255 esse
805 2197 1128 2271 proposuit,
1152 2213 1219 2253 ac
1238 2197 1504 2252 unanimi
1525 2196 1793 2252 omnium

143 2308 439 2351 consensu
472 2290 691 2347 electus
720 2290 809 2344 est
836 2286 1204 2343 Adhemarus
1247 2286 1408 2342 Podii
1458 2286 1789 2359 episcopus,

141 2379 351 2456 utpote
408 2381 506 2452 qui
555 2379 810 2434 humanis
858 2376 1022 2432 rebus
1076 2392 1140 2430 ac
1195 2376 1400 2431 divinis
1456 2376 1611 2432 valde
1658 2382 1794 2431 esset

144 2473 394 2536 idoneus,
425 2473 479 2526 et
516 2472 748 2540 utraque
794 2466 1026 2522 scientia
1063 2466 1452 2536 peritissimus,
1483 2467 1702 2537 suisque
1730 2465 1792 2519 in

138 2560 454 2619 actionibus
479 2555 877 2613 multivividus.
912 2554 1019 2618 Qui
1051 2553 1249 2610 statim
1281 2555 1409 2610 licet
1435 2555 1643 2609 invitus
1670 2570 1790 2610 sus-

138 2652 282 2724 cepit
335 2648 501 2722 quasi
540 2647 680 2702 alter
726 2644 887 2701 Moses
936 2643 1193 2699 ducatum
1220 2659 1285 2698 ac
1336 2645 1577 2714 regimen
1606 2645 1789 2699 Domi-

136 2741 259 2796 nici
279 2738 479 2812 populi
504 2752 632 2791 cum
683 2733 1051 2791 benedictione
1094 2732 1308 2788 domini
1332 2748 1494 2804 papae
1517 2749 1579 2788 ac
1623 2734 1789 2788 totius

134 2829 382 2887 concilii.
413 2824 585 2881 Vices
617 2839 756 2879 suas
786 2821 899 2895 ipsi
927 2837 1093 2894 super
1131 2821 1505 2877 Christianum
1527 2823 1791 2894 populum

134 2930 460 2992 quocunque
494 2915 743 2970 venirent
772 2910 1108 2985 pontiﬁcem
1139 2911 1581 2966 commendasse
1613 2910 1791 2967 tradit

135 3007 478 3072 Guibertus,
524 3001 690 3069 unde,
739 3000 953 3072 inquit,
984 3002 1035 3056 et
1080 3015 1275 3056 manus
1328 3001 1381 3055 ei
1422 3001 1790 3071 apostolorum

134 3112 307 3164 more,
329 3094 464 3150 data
482 3093 699 3165 pariter
730 3088 1115 3157 benedictione,
1148 3090 1424 3160 imposuit.
1447 3089 1633 3153 Quam
1653 3105 1787 3143 vero

134 3184 371 3259 egregie
398 3182 582 3254 hujus
602 3177 912 3253 legationis
933 3181 1131 3251 partes
1151 3176 1480 3249 impleverit
1498 3177 1786 3233 Adhema—

136 3292 262 3339 rus,
290 3272 509 3346 probat,
536 3268 727 3341 inquit
745 3266 843 3323 ille
890 3271 1109 3333 auctor,
1133 3267 1411 3322 mirabilis
1439 3268 1617 3338 operis
1645 3266 1789 3321 tanti

1907 701 2001 741 mo
2015 684 2076 741 in
2097 684 2344 743 dubium
2365 701 2632 743 revocare
2649 685 2819 744 debet
2830 687 2985 759 quod
3005 685 3163 744 varie
3183 688 3338 761 apud
3355 687 3548 747 varios

1905 778 2170 832 auctores
2200 776 2543 844 referantur,
2577 775 2842 849 plerique
2870 777 3028 833 enim
3067 793 3270 834 eorum
3300 777 3452 851 illas,
3485 783 3552 837 ut

1904 864 2141 936 quidem
2164 864 2466 922 Baldricus
2488 870 2541 922 et
2564 865 2880 922 Guibertus
2903 866 2973 922 de
3007 881 3070 922 se
3097 866 3243 939 ipsis
3269 867 3546 936 fatentur,

1905 969 2082 1009 sensu
2103 953 2470 1010 solummodo
2483 959 2540 1011 et
2557 956 2877 1023 intentione,
2902 959 2969 1010 ut
2991 954 3278 1012 audiendo
3296 957 3549 1015 retinere

1901 1045 2233 1114 potuerant,
2257 1060 2373 1099 non
2397 1043 2542 1115 ipsis
2573 1044 2790 1100 Urbani
2818 1043 3012 1100 verbis
3033 1049 3545 1117 repraesentarunt.

1900 1130 2120 1188 Deinde
2140 1148 2273 1188 cum
2294 1148 2410 1188 non
2441 1132 2621 1189 semel
2651 1149 2719 1190 ea
2748 1134 2818 1189 de
2848 1149 2909 1188 re
2936 1133 3195 1205 pontifex
3216 1151 3545 1192 sermonem

1900 1220 2192 1292 habuerit,
2212 1221 2315 1276 uni
2337 1238 2537 1290 unam,
2563 1221 2662 1277 alii
2686 1221 2864 1279 aliam
2884 1223 3014 1295 ejus
3032 1222 3356 1279 orationem
3387 1227 3547 1281 retu-

1901 1309 2041 1366 lisse
2057 1309 2190 1381 quis
2214 1309 2612 1366 inﬁciabitur?
2632 1312 2787 1376 Quas
2814 1328 2947 1368 vero
2978 1327 3047 1367 ex
3073 1311 3148 1368 iis
3178 1313 3367 1386 magis
3415 1329 3545 1386 ger-

1902 1415 2109 1455 manae
2153 1398 2409 1456 invenire
2457 1400 2844 1472 potuerimus,
2890 1400 2950 1456 in
2981 1402 3299 1474 appendice
3328 1403 3543 1460 refere-
3590 1420 3595 1425 '

1902 1505 2054 1543 mus.

1900 1601 2173 1679 CCXXVI.
2237 1604 2441 1679 Urbani
2484 1607 2574 1679 Ain
2627 1604 3054 1679 promulganda
3138 1605 3265 1679 hac,
3321 1608 3542 1679 expedi-

1968 1676 2118 1730 tione
2144 1677 2594 1802 πσιῗῖηαηίηῑίΐαδ.
2620 1677 2954 1731 Pcenitentize
2983 1677 3096 1732 loco
3133 1676 3541 1750 imtituta’pro-

1971 1747 2128 1802 fectio
2307 1746 2725 1802 expeditionem.
2782 1749 2972 1802 Preces
3027 1747 3215 1802 eadem
3267 1751 3541 1802 occasione

1969 1747 2128 1873 [ecttig
2171 1746 2253 1876 te:
2307 1746 2725 1819 expeditionem.
2782 1749 2972 1803 Preces
3027 1747 3215 1804 eadem
3267 1746 3546 1807 occasione

1970 1834 2058 1873 ins
2084 1835 2103 1873 ι
2132 1835 2168 1874 u
2249 1861 2262 1873 .

1820 1963 1870 2028 B
1968 1934 2051 1989 Ex
2081 1933 2212 1990 istis
2232 1950 2405 2028 porro
2427 1933 2832 2028 scriptoribus,
2857 1948 3005 2006 quos
3017 1933 3542 2028 quidemhistoriaa

1901 2039 2077 2079 sacrae
2108 2023 2404 2080 studiosos
2432 2022 2689 2079 evolvere
2731 2040 2847 2080 non
2876 2023 3198 2096 pcenitebit,
3230 2023 3425 2081 videre
3457 2029 3546 2083 est

1902 2116 2123 2184 quanta
2142 2112 2214 2169 ab
2237 2111 2469 2169 Urbano
2489 2111 2749 2185 praestita
2776 2112 2995 2169 fuerint
3014 2113 3087 2169 ad
3106 2113 3259 2169 hanc
3288 2114 3547 2186 promul-

1901 2202 2176 2275 gandam,
2220 2202 2796 2274 promovendamque
2841 2201 3288 2274 expeditionem.
3338 2207 3483 2260 Eum
3510 2221 3547 2261 a

1900 2291 2004 2347 Deo
2028 2291 2197 2348 Israel
2222 2292 2530 2346 maximum
2541 2292 2851 2362 principem
2868 2294 3060 2347 contra
3079 2291 3395 2365 Allophylos
3423 2309 3548 2350 con-

1898 2382 2151 2436 stitutum
2178 2378 2359 2436 fuisse
2388 2396 2456 2435 ea
2486 2379 2788 2435 occasione
2817 2379 3094 2452 pradicet
3122 2380 3433 2438 0rdericus
3451 2381 3548 2436 Vi-

1897 2468 2033 2525 talis
2054 2469 2201 2525 libro
2239 2486 2359 2536 VIII,
2391 2470 2485 2524 cui
2513 2468 2615 2524 ille
2643 2476 2856 2525 turrem
2883 2469 3057 2526 David
3084 2486 3210 2525 cum
3231 2486 3547 2542 propugna-

1897 2559 2035 2613 culis
2053 2565 2243 2614 contra
2260 2559 2461 2630 faciem
2488 2559 2741 2613 Damasci
2767 2560 3131 2614 commiserat.
3162 2557 3339 2614 Plura
3367 2559 3547 2615 habet

1898 2645 2046 2703 libro
2076 2664 2154 2702 ix.
2207 2647 2489 2702 Eumdem
2530 2646 2865 2718 pontiﬁcem
2923 2646 3067 2718 apud
3096 2662 3280 2703 omnes
3326 2648 3547 2703 illustre

1895 2752 2009 2792 suae
2035 2737 2506 2807 magnanimitatis
2553 2742 2940 2805 argumentum
2969 2751 3039 2791 ea
3065 2735 3368 2791 occasione
3397 2754 3545 2809 prae-

1898 2823 2097 2881 buisse
2136 2823 2218 2881 ait
2247 2824 2581 2892 Guibertus,
2614 2841 2749 2880 cum
2788 2839 2859 2880 ea:
2887 2823 3051 2896 hujus
3076 2825 3425 2896 profectionis
3454 2828 3545 2881 in-

1896 2915 2123 2981 centivo,
2153 2913 2293 2985 quod
2311 2913 2442 2969 dum
2465 2915 2681 2984 primus
2701 2914 2819 2985 ipse
2841 2913 3104 2984 praebuit,
3135 2930 3376 2985 quonam
3389 2922 3547 2986 pacto

1896 3002 1953 3058 id
1980 3004 2130 3074 ﬁeret
2158 3007 2297 3058 totus
2323 3002 2560 3058 mundus
2588 3002 2882 3074 obstupuit.
2920 3002 2991 3056 Et
3040 3000 3279 3073 quidem
3327 3001 3545 3060 mirum

1896 3095 1986 3148 est
2010 3091 2343 3164 pontiﬁcem
2360 3107 2694 3163 pauperem,
2718 3090 2803 3146 uti
2825 3093 2952 3146 tum
2974 3094 3100 3147 erat
3118 3090 3549 3159 Urbanus,abs-

1896 3197 2010 3253 que
2040 3197 2245 3253 regum
2294 3197 2422 3252 ope,
2474 3181 2601 3236 sine
2648 3179 2771 3236 ulla
2826 3179 3126 3236 exactione
3172 3183 3274 3236 aut
3298 3180 3541 3249 tributo,

1894 3272 2122 3325 tantam
2150 3269 2484 3341 principum
2516 3268 2894 3341 virorumque
2909 3268 3199 3325 nobilium
3232 3285 3298 3325 ac
3319 3272 3547 3326 caatero-

377 3362 447 3416 Et
475 3336 713 3432 quidem
744 3355 976 3429 egregia
1002 3355 1162 3411 illius
1194 3336 1482 3411 antistitis
1531 3355 1789 3411 facinora
1817 3336 1861 3404 α
1898 3375 2030 3414 rum
2074 3336 2593 3426 exvomnibrdine,
2619 3360 2776 3414 statu
2798 3336 2863 3414 et
2891 3373 3068 3431 regno
3100 3356 3543 3415 multitudinem

137 3451 366 3527 passim
390 3449 546 3523 apud
570 3449 834 3503 auctores
855 3447 1274 3501 memorantur.
1289 3444 1430 3513 Ejus
1449 3460 1582 3500 vero
1603 3460 1792 3499 exem-

137 3541 306 3616 plum
338 3537 437 3595 alii
469 3535 726 3610 episcopi
758 3533 1079 3599 subsecuti,
1110 3532 1463 3605 expeditioni
1486 3549 1663 3588 sacrae
1695 3549 1791 3604 po-

137 3634 269 3687 stea
295 3643 513 3684 nomen
544 3625 858 3692 dederunt;
893 3623 1046 3695 quod
1080 3622 1140 3677 in
1184 3622 1313 3693 ipso
1364 3620 1543 3676 etiam
1590 3620 1786 3676 Claro-

141 3723 425 3776 montano
455 3713 701 3772 concilio
718 3711 925 3769 fecisse
953 3711 1171 3768 dicitur
1197 3708 1533 3766 Willelmus
1559 3709 1791 3766 Arausi-

139 3807 355 3865 censis;
376 3805 597 3862 Eodem
617 3802 792 3859 etiam
817 3818 879 3857 se
892 3804 1024 3856 voto
1044 3799 1434 3856 obstrinxerat
1458 3799 1790 3855 Bernardus

141 3896 328 3955 Toleti
351 3891 847 3965 archiepiscopus,
880 3890 981 3946 sed
1021 3890 1095 3946 ab
1124 3905 1191 3944 eo
1214 3891 1346 3945 voto
1377 3886 1625 3944 absolvit
1655 3905 1790 3943 eum

141 3985 423 4061 pontifex,
447 3981 602 4054 quod
623 3979 874 4036 turbatis
890 3978 950 4034 in
963 3977 1243 4050 Hispania
1253 3977 1429 4033 rebus
1443 3977 1628 4035 satius
1640 3981 1796 4034 esset

141 4080 209 4132 ut
227 4074 310 4131 ibi
346 4073 758 4129 remoraretur.
798 4068 940 4139 Ejus
969 4065 1356 4124 absolutionis
1384 4066 1657 4122 meminit
1684 4067 1791 4122 Pa-

142 4161 366 4221 schalis
388 4161 436 4217 ll
468 4159 527 4215 in
559 4158 729 4231 epist.
752 4157 820 4212 ad
846 4156 1067 4213 clerum
1098 4159 1155 4212 et
1185 4154 1468 4229 populum
1501 4156 1663 4228 regni
1694 4155 1792 4211 Al-

144 4252 319 4319 fonsi,
354 4249 510 4323 apud
531 4246 833 4304 Tamaiam
850 4246 944 4302 die
958 4246 993 4300 3
1008 4245 1241 4317 Aprilis,
1266 4245 1368 4299 ubi
1387 4244 1602 4299 dicitur
1619 4244 1796 4300 Urba-

143 4357 261 4398 nus
284 4337 564 4396 Bernardi
584 4340 783 4392 votum
805 4338 1199 4391 commutasse
1222 4333 1282 4388 in
1305 4333 1793 4389 restaurationem

144 4429 313 4487 urbis
343 4432 402 4484 et
429 4424 700 4482 Ecclesia
721 4422 1177 4480 Tarraconensis
1210 4423 1686 4495 promovendam.
1732 4422 1793 4477 Si

144 4517 412 4577 Bonﬁnio
440 4519 500 4572 et
527 4514 664 4572 aliis
693 4512 990 4570 historicis
1021 4513 1349 4578 credamus,
1382 4511 1442 4566 in
1473 4513 1603 4582 ejus
1631 4528 1796 4583 expe-

145 4607 393 4666 ditionis
413 4606 621 4661 ducem
643 4602 863 4659 electus
876 4606 966 4659 est
987 4606 1227 4658 sanctus
1245 4600 1796 4671 LadislausHunga-

1896 3463 2304 3520 congregasse,
2337 3446 2439 3519 qui
2465 3446 2539 3503 ad
2570 3445 2871 3503 difﬁcilem
2921 3447 3066 3504 adeo
3113 3446 3543 3520 expeditionem

1897 3540 2103 3609 sponte
2121 3539 2177 3592 et
2198 3536 2394 3592 animo
2416 3534 2591 3591 alacri
2614 3539 3021 3607 properarent;
3054 3535 3272 3607 quibus
3301 3553 3407 3610 pro
3438 3537 3545 3593 sti-

1897 3625 2046 3698 pend
2056 3624 2109 3680 io
2121 3625 2247 3680 sola
2261 3625 2695 3697 proponebatur
2712 3626 3081 3696 peccatorum
3093 3623 3544 3699 indulgentia,et

1899 3731 2003 3788 pro
2032 3713 2269 3786 przsmio
2295 3728 2430 3783 spes
2457 3712 2586 3767 vitae
2616 3715 2863 3768 aeternae.

1970 3802 2273 3859 Habebant
2302 3804 2517 3870 autem,
2570 3804 2636 3856 ut
2669 3802 2796 3875 jam
2834 3799 3113 3870 diximus,
3162 3816 3267 3874 pro
3321 3804 3549 3859 tessera

1900 3892 2007 3948 has
2036 3907 2205 3948 voces
2234 3893 2349 3947 Deu
2378 3892 2430 3948 lo
2456 3892 2602 3958 wolt,
2636 3906 2741 3963 pro
2789 3889 3030 3946 militari
3081 3890 3249 3963 signo
3289 3906 3544 3959 crucem,

1902 3983 2069 4054 cujus
2111 3981 2426 4054 imaginem
2475 3980 2587 4036 sibi
2629 3980 2689 4035 in
2722 3978 2983 4047 vestibus
3015 3995 3196 4053 super
3242 3979 3548 4053 scapulam

1902 4071 2199 4126 dexteram
2246 4068 2683 4141 imprimebant.
2719 4068 2867 4124 Hinc
2922 4071 3446 4139 crucesignatomm,
3499 4077 3552 4125 et

1901 4161 2271 4215 cruciatorum
2292 4157 2531 4215 nomina
2558 4157 2940 4214 inoleverunt.
2963 4157 3160 4214 Refert
3177 4158 3550 4214 Hermannus

1902 4248 1962 4303 in
1994 4248 2247 4304 Historia
2277 4247 2471 4303 Sancti
2522 4247 2756 4303 Martini
2805 4246 3217 4313 Tornacensis,
3248 4246 3549 4303 Urbanum

1901 4337 1963 4391 in
1994 4336 2236 4392 concilio
2282 4336 2728 4392 Glaromontano
2780 4335 3085 4408 episcopos
3132 4335 3455 4404 monuisse,
3485 4338 3553 4391 ut

1903 4442 2038 4482 cum
2069 4425 2141 4481 ad
2173 4442 2313 4481 suas
2352 4423 2630 4481 dioeceses
2681 4425 2897 4481 reversi
2948 4424 3218 4493 fuissent,
3268 4425 3551 4497 subjectis

1903 4514 2015 4570 sibi
2043 4513 2275 4585 populis
2295 4530 2398 4584 pro
2420 4517 2790 4585 peccatorum
2812 4513 3156 4571 remissione
3176 4513 3554 4586 injungerent

1904 4603 1964 4657 in
2016 4601 2367 4674 poenitentiae
2425 4601 2618 4657 locum
2678 4618 2892 4657 nomen
2947 4601 3040 4657 his
3083 4600 3552 4674 expeditionibus

144 4698 243 4754 rite
273 4713 397 4763 rex,
428 4708 695 4766 eamque,
719 4692 803 4748 uti
834 4693 1017 4760 aiunt,
1068 4688 1424 4762 provinciam
1468 4692 1594 4762 jam
1638 4705 1792 4745 rece-
1823 4707 1872 4773 D
1902 4691 2060 4747 dare.
2090 4690 2239 4745 Hinc
2266 4688 2327 4745 in
2358 4694 2629 4745 canone2
2651 4689 2897 4763 vulgatae
2924 4689 3195 4746 editionis
3220 4689 3453 4763 legitur,
3487 4694 3554 4746 ut

146 4790 339 4860 perat;
364 4800 432 4842 ac
463 4780 799 4839 domesticis
817 4778 1270 4845 tumultibus,ac
1296 4778 1470 4835 etiam
1488 4778 1619 4851 ipsa
1633 4794 1795 4833 mor-

148 4880 222 4946 te,
266 4891 388 4947 qua
439 4871 551 4928 hoc
580 4887 734 4928 anno
781 4870 1019 4926 functus
1046 4874 1153 4937 est,
1189 4883 1261 4923 ne
1289 4867 1349 4923 id
1380 4871 1796 4940 exsequeretur

148 4964 470 5038 impeditus
501 4960 631 5017 fuit.

217 5052 550 5117 Orationes,
573 5066 723 5123 quas
754 5064 823 5105 ea
850 5046 1153 5105 occasione
1182 5045 1390 5101 habuit
1419 5046 1697 5118 pontifex,
1731 5061 1800 5102 ex

153 5141 414 5215 antiquis
442 5139 804 5207 auctoribus,
826 5141 884 5194 et
899 5135 1191 5193 veteribus
1212 5134 1447 5191 schedis
1467 5134 1633 5191 editas
1660 5137 1799 5191 sunt

153 5250 187 5287 a
213 5229 459 5288 Baronio
490 5232 548 5285 et
576 5228 638 5283 in
661 5227 837 5284 variis
858 5224 1240 5283 conciliorum
1270 5223 1644 5280 editionibus.
1688 5224 1797 5280 Eas

152 5320 397 5377 retulere
418 5316 760 5375 Willelmus
778 5312 1345 5378 Malmesburiensis,
1369 5312 1679 5369 0rdericus
1697 5312 1793 5367 Vi-

153 5409 304 5479 talis,
320 5410 613 5466 Robertus
622 5405 820 5462 Sancti
834 5402 1083 5477 Remigii
1096 5406 1152 5459 et
1164 5402 1481 5459 Guibertus
1491 5401 1629 5458 Novi
1636 5402 1797 5475 genti

153 5499 413 5568 abbates,
434 5495 779 5553 Willelmus
806 5493 1102 5567 Tyriensis
1130 5495 1188 5547 et
1216 5491 1314 5547 alii
1337 5494 1603 5547 auctores
1647 5490 1805 5553 anti-.

153 5589 267 5661 qui,
291 5588 394 5662 qui
414 5589 554 5645 data
574 5584 871 5659 opera‘huj
880 5599 948 5639 us
969 5581 1458 5656 sequentiumque
1476 5580 1799 5653 expeditio-

151 5695 285 5735 num
317 5692 624 5736 sacrarum
654 5673 965 5731 historiam
1001 5672 1383 5744 scripserunt,
1433 5669 1612 5726 simul
1658 5670 1798 5725 editi

152 5784 296 5827 anno
342 5768 509 5836 1611,
565 5763 841 5822 Ηεωογὶω
882 5761 1036 5836 typis
1062 5758 1459 5818 Wechelianis
1489 5759 1599 5817 sub
1627 5758 1799 5818 titulo

1902 4780 2003 4852 qui
2037 4781 2107 4836 ad
2140 4778 2503 4835 liberandam
2533 4779 2632 4834 Dei
2667 4777 2980 4835 Ecclesiam
3011 4777 3340 4834 Jerusalem
3370 4779 3556 4850 profe-

1902 4873 2034 4926 ctus
2066 4868 2263 4936 fuerit,
2288 4867 2397 4924 iter
2428 4866 2572 4923 illud
2614 4884 2719 4940 pro
2751 4867 2912 4924 omni
2943 4867 3287 4941 poenitentia
3315 4871 3554 4940 repute-

1900 4962 2019 5014 tur.
2074 4956 2377 5015 Consentit
2405 4957 2737 5026 0rdericus,
2772 4957 2943 5029 cujus
2972 4956 3151 5013 verba
3180 4956 3297 5013 huc
3341 4958 3556 5015 referre

1905 5064 2023 5103 non
2054 5047 2357 5119 gravabor.
2382 5068 2410 5097 «
2435 5046 2739 5115 Providus,
2774 5048 2975 5118 inquit,
3008 5062 3161 5120 papa
3190 5062 3417 5116 omnes,
3450 5047 3553 5121 qui

1906 5151 2161 5209 congrue
2213 5151 2380 5191 arma
2437 5135 2585 5191 ferre
2644 5138 2934 5208 poterant,
2966 5137 3037 5192 ad
3094 5134 3314 5192 bellum
3354 5140 3557 5194 contra

1904 5223 2176 5280 inimicos
2206 5223 2307 5279 Dei
2339 5223 2545 5280 excivit
2569 5242 2582 5293 ;
2614 5228 2672 5280 et
2699 5224 3049 5297 pmnitentes
3077 5228 3319 5283 cunctos
3357 5241 3429 5282 ex
3455 5225 3558 5284 illa

1906 5314 2068 5381 hora,
2103 5329 2220 5384 qua
2250 5329 2479 5369 crucem
2502 5313 2735 5371 Domini
2768 5318 3089 5384 sumerent,
3112 5332 3182 5372 ex
3211 5315 3558 5372 auctoritate

1905 5402 2009 5459 Dei
2029 5403 2101 5459 ab
2122 5401 2399 5458 omnibus
2437 5403 2691 5475 peccatis
2723 5404 2847 5462 suis
2878 5404 3156 5475 absolvit;
3189 5408 3247 5461 et
3274 5405 3347 5462 ab
3396 5404 3558 5461 omni

1906 5490 2216 5567 gravedine
2238 5507 2366 5563 quae
2384 5492 2450 5547 ﬁt
2463 5491 2524 5547 in
2539 5492 2786 5565 jejuniis
2808 5494 3057 5568 aliisque
3069 5493 3558 5551 macerationibus

1907 5582 2100 5638 carnis
2128 5579 2222 5653 pie
2251 5578 2546 5649 relaxavit,
2572 5604 2600 5632 »
2631 5586 2740 5639 etc.
2773 5583 2939 5641 Alius
2954 5584 3199 5658 insuper
3220 5584 3278 5639 in
3301 5583 3554 5639 crucesi-

1908 5675 2218 5745 gnatorum
2250 5670 2501 5742 gratiam
2533 5688 2719 5729 canon
2767 5674 3037 5730 conditus
3068 5672 3288 5746 passim
3320 5671 3551 5745 legitur,

1908 5763 1975 5817 ut
2005 5759 2227 5817 scilicet
2258 5758 2457 5817 omnia
2503 5776 2704 5819 eorum
2758 5762 2912 5820 bona
2960 5778 3191 5834 semper
3226 5765 3285 5817 et
3339 5760 3558 5833 ubique
