3962 6368
401 425 536 497 ’183

419 658 510 718 ed'
523 665 726 717 eorum
757 657 1032 717 reditum.
1065 660 1201 725 Quae
1227 659 1464 732 quidem
1489 659 1610 714 duo
1631 655 1933 730 privilegia
1963 655 2060 712 alii

418 747 726 823 pontiﬁces
751 747 1640 820 subsequentibus'temporibus
1664 747 1736 802 iis
1755 746 1879 818 qui,
1903 745 2064 802 simi-

419 835 578 896 libus
592 835 1058 910 expeditidnibus
1075 854 1287 894 nomen
1305 838 1532 904 darent,
1551 836 2060 900 conﬁrmaverunt,

422 929 482 985 et
498 925 557 982 id
571 925 793 983 Urbani
815 925 1103 998 ekemplo,
1137 929 1202 982 ut
1217 925 1435 982 “diserte
1465 925 1790 980 habeturin
1821 923 2062 980 concilio

421 1014 816 1082 Dateranensi,
870 1015 1024 1088 quod
1051 1024 1204 1072 anno
1235 1011 1378 1071 1122
1423 1015 1534 1070 sub
1561 1013 1800 1070 'Celixtc
1838 1014 1887 1070 II
1917 1011 2062 1068 cele-

422 1102 660 1164 bratum
679 1107 788 1161 est.
1973 1114 1979 1120 ·

431 1234 438 1239 .
495 1191 630 1250 Vidi
675 1192 737 1250 in
767 1193 895 1250 c'od.
929 1191 1253 1266 Bigotiano,
1288 1201 1447 1249 n‘u‘nc
1475 1190 2062 1264 regiae'Bibliothecae,

425 1279 738 1358 epistolam
764 1281 1065 1340 Paschalis
1085 1283 1136 1338 Il
1167 1283 1240 1338 ad
1257 1281 1748 1354 archiepiscdpos,‘
1763 1281 2066 1352 episcopos

427 1373 486 1427 et
513 1369 754 1428 abbates
770 1369 997 1440 Gallia,
1040 1379 1158 1442 qua
1184 1369 1441 1443 pontifex
1469 1373 1602 1442 post
1629 1372 1861 1442 'captam
1906 1369 2066 1424 Jero-

429 1457 715 1532 solymam
760 1459 932 1530 jubet
985 1459 1272 1530 fratribus,
1343 1460 1440 1530 qui
1507 1461 1626 1530 post
1697 1460 2067 1529 perpetratum

425 1543 692 1622 divinitus
723 1547 1006 1604 victoriam
1054 1550 1419 1614 revertuntur,
1451 1563 1553 1602 sua
1599 1549 1784 1602 omnia
1814 1547 2066 1607 restitui;

409 1625 566 1692 sicut
619 1626 816 1701 beatz'
841 1636 1126 1692 memoriae
1183 1635 1397 1694 Urbano
1451 1635 1706 1707 synodali
1755 1635 2069 1702 deﬁnitione

419 1711 700 1782 Sancitum
725 1725 936 1795 fuerat.
958 1724 1042 1782 Ne
1071 1729 1205 1780 vero
1237 1723 1423 1780 animi
1463 1723 1692 1780 levitate
1717 1727 1824 1780 aut
1871 1724 2068 1792 c‘uj'us-

429 1827 664 1885 cunque
689 1827 878 1869 causae
897 1813 1157 1881 obtentu,
1189 1811 1408 1870 milites
1439 1813 1540 1885 qui
1571 1826 1802 1868 crucem
1838 1828 2070 1884 accepe-

504 431 536 512 3
1709 429 1780 494 Β.
1824 419 2121 495 uanam
2165 420 2218 486 ιι
2261 424 2519 488 papae.

415 566 578 630 salva
603 567 819 639 essent,
841 563 1584 644 rejecta‘quavis'rationis
1607 566 1818 641 specie,
1845 576 2060 638 “usque
2085 557 2142 628 Α
2169 558 2470 619 ΟΟΧΧἮΙ.
2504 574 2509 582 '
2531 559 2738 622 Urbani

3701 425 3822 490 184

2799 561 3052 637 apologia
3105 561 3171 637 in
3219 558 3308 619 hic
3375 557 3826 634 adportationibus

2781 635 3218 709 promulgandis.
3256 667 3262 674 ι
3625 671 3676 699 ι»,
3773 693 3778 698 ,

2240 743 2346 798 Hic
2374 756 2506 798 vero
2537 743 2702 799 locus
2721 748 2874 798 esset
2904 743 3205 800 Urbanum
3227 739 3433 798 tuendi
3454 741 3830 798 a'nonnul'lea

2171 845 2302 888 rum
2333 831 2627 901 conviciis,
2646 832 2748 904 qui
2773 831 2825 888 ei
2857 831 3151 888 immerito
3175 831 3628 903 exprobrarunt,
3654 833 3826 904 quod

2171 923 2320 978 hanc
2351 920 2798 994 expeditionem",
2833 925 2934 976 aut
2959 921 3178 993 injuste
3193 920 3476 976 adversus
3503 923 3736 993 gentes,
3758 920 3824 977 in

2172 1022 2340 1082 quas,
2389 1009 2476 1066 uti
2531 1010 2716 1077 aiunt,
2761 1009 2994 1066 nullum
3043 1010 3146 1082 jus
3199 1009 3471 1076 habebat,
3521 1012 3626 1065 aut
3661 1013 3826 1067 certe

2170 1103 2390 1156 temere
2433 1099 2729 1167 edixisset,
2763 1115 2893 1170 quin
2942 1099 3242 1172 principes
3269 1103 3329 1154 et
3358 1097 3606 1171 populos
3645 1098 3827 1155 Chri-

2173 1187 2396 1244 stianos
2424 1187 2484 1243 in
2506 1192 2627 1244 tam
2645 1187 2850 1244 arduis
2865 1191 2924 1244 et
2943 1186 3298 1260 periculosis
3311 1184 3824 1259 bellis'impltcuit.

2174 1278 2242 1333 At
2289 1281 2599 1350 utramque
2645 1276 3115 1333 criminationem
3173 1277 3246 1332 ab
3297 1275 3534 1332 Urbano
3587 1275 3828 1334 amoliri

2174 1366 2342 1424 facile
2384 1369 2516 1422 “est:
2561 1379 2710 1422 cum
2762 1365 2864 1422 illa
2917 1365 3075 1422 bella
3101 1369 3161 1422 et
3209 1366 3376 1436 justa-
3429 1368 3496 1422 et
3517 1380 3670 1438 pene
3689 1366 3831 1423 orbi

2173 1455 2503 1512 Ghristianc
2533 1455 2862 1512 necessaria
2892 1455 3076 1512 fuisse
3105 1454 3267 1510 nullo
3298 1455 3529 1528 negotio
3569 1455 3830 1512 demon-

2175 1544 2351 1602 strari
2399 1543 2602 1616 possit.
2641 1544 2791 1610 Quid
2837 1543 2994 1600 enim
3043 1545 3272 1616 aequius
3311 1543 3559 1616 cogitari
3605 1548 3827 1617 potest,

2177 1645 2356 1706 quam
2404 1637 2468 1688 ut
2514 1637 2679 1704 pater
2720 1633 3052 1690 communis
3081 1633 3344 1688 omnium
3369 1631 3640 1690 ﬁdelium
3669 1633 3833 1690 vires

2177 1721 2642 1778 Christianorum
2671 1722 2732 1777 in
2780 1735 2966 1778 unum
2993 1721 3294 1794 recolliget
3318 1722 3392 1778 ad
3424 1723 3834 1780 retundendus

2178 1811 2510 1868 communis
2539 1811 2730 1868 hostis
2756 1811 3163 1868 insolescentis
3196 1811 3480 1883 impetus,
3507 1812 3632 1884 ’ψιί
3678 1809 3833 1868 nihil

427 1904 585 1969 rent,
607 1900 890 1975 medicin
911 1899 1116 1958 itinere
1147 1904 1300 1958 retro
1322 1901 1688 1974 aspicientes,
1711 1902 1784 1958 ab
1817 1900 2069 1958 exercitu
2101 1924 2151 1991 Β
2181 1917 2296 1956 non
2327 1901 2607 1958 adversus
2633 1916 2736 1958 eos
2777 1899 3266 1970 machinabatnr;
3293 1899 3444 1974 quid
3470 1915 3605 1957 vero
3636 1901 3833 1974 magis

426 1990 783 2059 recederent,
848 1989 1123 2057 Urbanus,
1199 1989 1392 2062 inquit
1460 1990 1791 2059 Ordericus,
1849 1989 1952 2059 lib,
2012 2008 2068 2060 x,

421 2080 678 2154 μαιωτιιί
691 2083 955 2136 meret
973 2080 1314 2146 auctoritate,
1337 2087 1388 2136 et
1405 2078 1700 2151 apostolico
1715 2081 1881 2151 'jussu
1902 2080 2074 2135 invio-

423 2169 676 2229 iabiltter
711 2169 898 2228 teneri
922 2175 1171 2238 wagerat
1210 2169 1272 2224 in
1300 2169 1452 2224 omni
1507 2170 1820 2240 Latinitate,
1849 2175 1911 2224 ut
1951 2171 2076 2224 uni-

419 2258 576 2316 uersi
597 2257 694 2330 qui
710 2256 926 2314 Christi
941 2271 1156 2314 crucem
1175 2265 1515 2330 acceperant,
1534 2272 1632 2314 nec
1652 2260 1756 2314 iter
1773 2259 1838 2314 in
1859 2259 2074 2314 Jerusa-

423 2347 542 2408 lem
572 2357 682 2419 φνο
708 2345 1005 2418 defectione
1027 2347 1324 2425 voluntatis
1362 2353 1718 2418 peregerunt,
1751 2349 1813 2402 in
1851 2348 2076 2403 nomine

431 2435 656 2494 Domini
690 2436 1026 2506 reciprocum
1060 2435 1268 2491 'callem
1313 2435 1541 2503 inirent,
1597 2439 1694 2491 aut
1735 2435 2077 2491 anathemate

419 2509 680 2598 percussi
699 2530 856 2583 extra
901 2523 1195 2580 Ecclesium
1217 2538 1409 2595 poenas
1459 2523 1689 2580 luerent.
1738 2524 1808 2579 Et
1835 2523 2076 2596 quidem

418 2611 767 2686 Stephanus
786 2610 1076 2668 Bleeensis
1095 2626 1312 2679 eomes,
1345 2614 1412 2668 ut
1435 2627 1638 2668 omnes
1671 2616 1908 2678 norunt,
1941 2627 2076 2668 cum

423 2699 629 2760 nescio
645 2713 767 2774 quo
781 2715 992 2772 pavore
1012 2701 1357 2773 perterritus
1371 2701 1621 2758 exercitu
1631 2717 1688 2756 m
1700 2701 2074 2770 deseruisset,

317 2823 334 2864 ξ,
421 2789 733 2864 .posteaad
758 2787 1185 2862 expeditionem
1229 2789 1418 2846 redire
1473 2789 1815 2862 compulsus
1858 2793 1966 2858 est,
2017 2790 2076 2844 in

424 2894 556 2953 qua
577 2876 719 2935 obiit
747 2879 1082 2935 annoitOl.
1621 2894 1626 2898 ·
1927 2895 1930 2901 ί

507 2957 723 3026 Ferunt
761 2966 939 3025 etiam
977 2965 1086 3023 hac
1125 2966 1265 3038 ipsa
1289 2983 1467 3024 sacrae
1500 2967 1882 3039 expeditionis
1911 2981 2079 3023 occa-

436 3054 602 3115 sione
615 3055 1111 3130 preces'horarias
1140 3055 1320 3112 beatae
1356 3055 1572 3122 Mariae,
1601 3073 1728 3128 quae
1751 3055 2081 3127 jamoantea

439 3143 1027 3214 aPetroDamianoin
1051 3143 1174 3201 suis
1196 3143 1569 3200 monasteriis
1591 3149 1759 3201 erant
1774 3144 2078 3214 institutae,

413 3225 476 3306 ’.ξι
493 3232 728 3297 clericis
752 3233 884 3292 imo
900 3236 960 3289 et
987 3233 1061 3289 ab
1081 3231 1238 3304 ipsis
1267 3231 1432 3288 laicis
1461 3249 1528 3288 ex
1559 3233 1775 3288 Urbani
1817 3234 2078 3306 praescri-

565 3291 926 3395 frecjuentari
971 3291 1256 3393 coepisse;
1290 3322 1356 3376 ut
1384 3337 1450 3376 eo
1476 3325 1668 3393 pacto,
1715 3291 2076 3396 qui‘expedi-
2107 3291 2153 3360 α

429 3409 585 3470 tioni
631 3408 1030 3482 suscipiende
1085 3407 1376 3465 inhabiles
1433 3413 1648 3480 essent,
1720 3410 1815 3466 his
1880 3410 2087 3467 saltem

420 3497 714 3572 .precibus
767 3495 989 3554 milites
1046 3495 1410 3570 adjuvarent,
1461 3498 1548 3554 eis
1601 3502 1774 3555 tantae
1829 3499 2089 3574 Virginis

429 3585 835 3661 spatrocinium
855 3587 1262 3658 promerendo.
1284 3587 1459 3644 Addit
1493 3587 1767 3644 Gofridus
1787 3588 2088 3646 Vosiensis

441 3659 602 3748 prior
656 3659 924 3732 Chronici
973 3691 1099 3749 cap.
1146 3673 1222 3734 27
1277 3677 1542 3749 ejusdem
1601 3678 1780 3734 beatae
1829 3677 2087 3752 Virginis

423 3763 916 3836 afﬁciumyquod
946 3762 1236 3838 hodieque
1270 3765 1538 3822 'Sabbato
1589 3766 1871 3824 celebrari
1917 3767 2083 3833 solet,

445 3852 651 3918 eadem
681 3851 981 3910 occasione
999 3853 1182 3910 fuisse
1200 3853 1556 3910 institutum.
1571 3855 1722 3923 Quin
1744 3859 1800 3912 et
1821 3855 2086 3912 nonnulli

423 3943 716 3998 .sanctum
735 3941 1091 3998 Antoninum
1101 3941 1744 4012 'laudant,‘referentem
1765 3943 1876 4000 hoc
1899 3961 2086 4016 upon-

414 4027 968 4088 -tiﬂ‘ee-in-coneilio
989 4033 1278 4090 statutum
1330 4031 1532 4100 fuisse,
1593 4036 1660 4088 ut
1711 4032 1782 4090 ab
1831 4031 1960 4104 ipso
1989 4033 2083 4090 die

415 4134 562 4192 aquo-
581 4119 866 4178 enercitus
887 4122 1068 4177 "esset
1095 4120 1480 4192 profecturus
1521 4119 1584 4176 in
1635 4120 2079 4193 expeditionem,

419 4211 744 4281 -vespere'et
770 4223 942 4264 mane
968 4208 1028 4264 in
1057 4207 1336 4265 omnibus
1360 4207 1626 4266 ecclesiis
1648 4209 2081 4268 cathedralib-us

418 4299 488 4354 «et
503 4295 1132 4370 monasteriissignum
1147 4297 1298 4354 trino
1313 4313 1610 4370 campanae
1631 4297 1806 4370 pulsu
1823 4299 2076 4369 daretur,

413 4399 546 4457 .quo
564 4383 966 4442 excitarentur
999 4385 1206 4459 populi
1236 4386 1309 4442 ad
1339 4387 1634 4443 orationes
1666 4403 1771 4460 pro
1801 4386 1953 4444 felici
1983 4405 2079 4446 ex-

413 4471 746 4546 ;peditienis
774 4489 1052 4532 successu
1072 4475 1424 4532 fundendus.
1444 4475 1610 4540 Quod
1649 4476 1887 4548 quidem
1907 4477 2079 4534 insti-

375 4577 382 4582 '
413 4564 630 4619 vtutum
659 4563 824 4620 ~mori
851 4563 1179 4637 .-pulsandze
1220 4562 1592 4621 salutationis
1646 4565 1938 4639 angelicae,
1977 4567 2077 4640 qui

2181 1988 2578 2047 necessarium
2627 1991 2696 2046 ad
2757 1989 3097 2046 Christianae
3141 1988 3477 2062 mipublicts
3503 1993 3831 2057 tutamen,

2177 2087 2360 2152 quam
2382 2083 2446 2134 ut
2466 2079 2647 2136 armis
2667 2096 2833 2136 arma
2851 2092 3052 2135 eorum
3075 2077 3452 2152 repellantur,
3480 2078 3582 2150 qui
3603 2077 3832 2150 plerae-

2181 2183 2296 2242 que
2351 2167 2816 2224 Christlanorum
2869 2167 3203 2240 provincias
3250 2167 3378 2239 jam
3434 2167 3836 2236 devastarant,

2183 2257 2314 2314 aliis
2337 2256 2745 2324 imminebant,
2775 2258 3052 2314 omnibus
3067 2273 3204 2312 vero
3219 2254 3610 2313 infensissimi
3641 2259 3834 2313 erant.

2181 2345 2356 2419 Atqui
2401 2345 2578 2402 talem
2632 2349 2773 2402 tunc
2804 2345 2963 2402 orbis
3017 2344 3338 2401 Christiani
3383 2347 3605 2400 statum
3649 2345 3840 2402 fuisse

2179 2447 2358 2490 nemo
2385 2437 2476 2490 est
2513 2433 2614 2506 qui
2645 2433 2802 2490 ausit
2830 2433 3100 2501 inﬁciari,
3145 2433 3194 2490 si
3218 2432 3308 2490 vel
3337 2431 3544 2490 leviter
3571 2432 3840 2490 delibare

2186 2522 2427 2578 voluerit
2456 2521 2735 2579 historias
2783 2521 3022 2579 illorum
3077 2526 3436 2595 temporum.
3473 2522 3736 2578 .Nam-ut
3765 2523 3839 2580 de

2184 2611 2504 2684 Hispaniis,
2561 2611 2772 2668 Siciliae
2837 2616 2896 2668 et
2952 2609 3128 2668 Italiae
3186 2611 3528 2685 regionibus
3580 2614 3834 2680 taceam,

2179 2705 2374 2758 totum
2399 2701 2582 2758 ferme
2611 2701 2926 2768 Orientem,
2959 2701 3019 2756 in
3047 2716 3234 2773 'q'uem
3281 2699 3570 2774 prsecipue
3609 2697 3842 2757 indicta

2181 2789 2288 2846 illa
2313 2789 2600 2862 expeditio
2631 2789 2762 2858 fuit,
2817 2788 3220 2846 Mebu-metani
3265 2789 3652 2862 occupabant.
3707 2789 3838 2846 Non

2184 2877 2343 2935 enim
2369 2877 2496 2935 sola
2513 2878 3013 2952 Jerosolymorum
3036 2877 3238 2935 civitas
3253 2882 3476 2946 sancta,
3507 2881 3610 2935 aut
3631 2877 3837 2948 Nicea,

2184 2966 2512 3034 Antiochia,
2543 2965 2786 3040 aliaque
2821 2967 3086 3024 civitates
3113 2965 3501 3024 celeberrimae
3531 2969 3591 3023 et
3615 2967 3840 3024 vastis-

2185 3056 2350 3112 simae
2396 3055 2660 3129 regiones
2703 3055 2776 3111 iis
2796 3055 3052 3113 urbibus
3103 3055 3412 3112 viciniores
3463 3055 3574 3112 sub
3629 3072 3842 3113 eorum

2188 3143 2499 3217 tyrannico-
2512 3143 2656 3216 jugo
2685 3143 3035 3217 gemebant;
3067 3144 3168 3200 sed
3192 3147 3259 3200 'et
3279 3142 3475 3199 multae
3505 3142 3688 3200 etiam
3709 3143 3839 3200 aliae

2174 3231 2417 3304 imperii
2430 3231 3060 3306 Constantinopolitani
3079 3231 3849 3305 provinciaeabuiisbarbaris

2193 3321 2572 3389 vexabantur,
2599 3337 2850 3394 quarum
2877 3320 3188 3394 plerasque
3219 3337 3325 3378 suo
3348 3321 3474 3394 jam
3496 3321 3852 3396 subjugave-

2197 3413 2328 3466 rant
2356 3411 2634 3482 imperio;
2659 3411 2802 3468 adeo
2815 3413 2886 3466 ut
2911 3409 2985 3466 ad
3015 3427 3216 3467 muros
3233 3409 3849 3483 usqueConstantino-

2195 3497 2468 3571 politanae
2497 3499 2666 3573 regiae
2695 3499 2861 3556 urbis
2889 3499 3088 3556 omnia
3115 3498 3628 3572 depopularentur.
3664 3501 3844 3558 Urba-

2193 3604 2319 3658 nus,
2351 3587 2546 3661 inquit
2572 3587 2746 3645 Fulco
2773 3603 2990 3658 comes,
3023 3589 3083 3644 in
3109 3605 3264 3662 saepe
3287 3587 3523 3645 laudato
3557 3587 3845 3646 Historia

2193 3677 2541 3750 fragmento,
2572 3677 2860 3733 admonuit
2889 3685 3100 3747 gentem
3141 3681 3390 3734 nostram
3415 3678 3651 3734 utirent
3679 3678 3846 3734 Jeru-

2177 3767 2382 3834 salem,
2411 3769 2790 3839 expugnaturi
2817 3767 3079 3836 gentilem
3118 3765 3407 3838 populum,
3438 3767 3536 3838 qui
3561 3768 3848 3823 civitatem

2191 3856 2353 3911 illam
2373 3859 2426 3912 et
2455 3863 2624 3912 totam
2649 3863 2854 3912 terram
2891 3854 3333 3913 Christianorum
3361 3871 3544 3928 usque
3573 3855 3843 3912 Constan-

2190 3945 2478 4016 tinopolim
2503 3948 2874 4018 occupaverat.

2262 4033 2411 4098 Quid
2440 4033 2622 4106 igitur
2646 4033 2866 4090 mirum
2895 4036 2982 4090 est
3014 4033 3064 4090 si
3095 4037 3258 4090 tanto
3313 4037 3553 4106 tamque
3601 4034 3845 4107 urgenti

2189 4121 2530 4180 Christianae
2563 4121 2906 4196 reipublicae
2954 4121 3211 4194 periculo
3252 4121 3559 4180 subvenire
3587 4127 3846 4180 conatus

2188 4211 2362 4267 fuerit
2403 4211 2737 4268 communis
2783 4211 3249 4268 Christianorum
3301 4215 3469 4284 pater
3512 4213 3570 4266 et
3595 4217 3843 4282 .pastor,

2175 4299 2440 4356 maxime
2485 4316 2620 4356 cum
2649 4301 2722 4356 ab
2765 4316 2839 4356 eo
2888 4300 3014 4372 ipse
3059 4299 3403 4372 imperator,
3429 4303 3493 4355 et
3520 4297 3843 4356 orientales

2175 4389 2453 4446 Ecclesiae
2482 4405 2549 4446 ac
2577 4389 2798 4462 populi,
2833 4387 3116 4445 auxilium
3167 4388 3430 4460 repetitis
3479 4387 3844 4460 frequentis-

2186 4477 2334 4534 sime
2364 4477 2636 4550 precibus
2669 4494 2773 4550 per
2801 4476 3028 4534 litteras
3051 4481 3110 4534 et
3137 4475 3362 4550 legatos
3383 4475 3840 4549 efﬂagitassent.

2187 4567 2244 4622 Id
2263 4582 2463 4624 verum
2481 4582 2610 4623 esse
2634 4581 2748 4622 non
2768 4565 2962 4624 solum
2983 4565 3233 4638 probant
3269 4567 3412 4622 Acta
3451 4563 3841 4622 conciliorum

411 4651 996 4726 ipostmodumapud
1025 4668 1231 4710 omnes
1250 4651 1518 4722 invaluit,
1543 4654 1910 4712 occasionem
1941 4673 2080 4728 prae-
2103 4658 2154 4726 ι)
2181 4654 2499 4713 Placentini
2531 4658 2590 4710 et
2609 4654 3198 4720 Claromontani,'sed
3223 4653 3335 4726 ipsi
3349 4653 3533 4711 etiam
3581 4653 3843 4726 aequales

434 4739 586 4800 bere.
599 4739 808 4814 potuit.

483 4829 723 4898 'Prater
743 4829 1186 4889 becRobertus
1230 4831 1301 4886 de
1331 4831 1524 4888 Monte
1552 4831 1611 4888 in
1641 4833 2076 4892 accessionibus

411 4916 510 4974 red
530 4915 1108 4990 Sigebertum,~quas'
1122 4922 1322 4976 noster
1344 4919 1624 4977 Acherius
1645 4925 1779 4994 post
1815 4923 2074 4980 Guiberti

410 5019 612 5078 :operc
655 5005 856 5072 edidit,
915 5007 1214 5064 decretum
1272 5007 1456 5066 fuisse
1501 5009 1706 5066 scribit
1757 5012 1818 5066 in
1843 5012 2074 5068 concilio

411 5093 730 5154 «Λυρνηεωί
759 5094 1096 5152 authentico
1123 5099 1174 5152 et
1225 5097 1680 5167 nominatissimo,
1715 5107 1775 5156 ut
1819 5115 2074 5172 quaecun-

411 5198 536 5258 rque
579 5183 785 5240 civitas
855 5187 1006 5241 mari
1077 5201 1276 5255 magno
1339 5188 1594 5254 tramite,
1655 5205 1690 5244 a
1736 5205 2075 5260 paganorum

406 5274 985 5346 .pessetxewttijugo,
1024 5275 1726 5333 sine-ulla‘oonfradietione
1744 5278 1842 5334 sub
1870 5286 2075 5335 sancta:

410 5361 734 5420 :Jerusabem
747 5361 990 5419 dominio
1021 5363 1100 5419 vel
1127 5363 1333 5422 ditione
1357 5368 1677 5438 perenniter
1713 5366 2070 5423 oblineretur.

404 5449 597 5518 "Quod
625 5449 828 5508 'etiam
880 5451 1052 5524 paulo
1105 5457 1237 5525 post
1300 5453 1358 5509 in
1416 5454 1658 5511 concilio
1715 5453 2072 5510 Antiocheno

431 5539 840 5598 confirmatum
871 5540 943 5598 ab
964 5541 1236 5600 omnibus
1271 5542 1451 5601 fuisse
1479 5547 1750 5601 testatur.

2167 5383 2476 5446 ‘CCXXVII.
2520 5389 2602 5445 bis
2655 5387 3001 5446 Claromonti
3031 5388 3280 5447 Urbanus

2181 4749 2449 4802 auctores
2478 4741 2808 4812 Bertoldus,
2827 4742 3150 4799 Guibertus
3168 4747 3229 4799 et
3255 4741 3356 4799 alii
3386 4742 3608 4816 passim
3629 4743 3844 4799 testiﬁ-

2183 4836 2412 4888 cantur.
2465 4830 2533 4886 Et
2578 4831 2818 4904 quidem
2871 4829 3172 4886 Urbanum
3204 4831 3275 4888 de
3330 4829 3588 4888 Ecclesia
3613 4830 3844 4904 optime

2182 4920 2292 4976 hac
2335 4919 2638 4976 occasione
2684 4919 2958 4975 meritum
3008 4919 3211 4987 fuisse,
3255 4937 3376 4976 una
3433 4935 3668 4992 semper
3722 4919 3842 4977 fuit

2181 5008 2448 5064 omnium
2496 5008 2804 5076 sententia,
2855 5007 3012 5080 quod
3069 5007 3302 5080 publice
3355 5012 3638 5066 testatum
3696 5006 3843 5066 fecit

2181 5102 2347 5154 vetus
2377 5097 2678 5169 inscriptio
2718 5097 2892 5168 juxta
2921 5100 3194 5153 sanctum
3223 5097 3461 5154 Petrum
3509 5095 3838 5170 iii-palatio

2165 5187 2500 5258 apostolico
2521 5185 2817 5258 insculpta
2845 5185 2939 5242 his
2965 5185 3155 5242 verbis
3181 5203 3194 5242 :

2254 5275 2530 5332 URBANUS
2561 5275 2631 5347 II,
2670 5291 2886 5330 auaros
2912 5290 3308 5332 expsnmoms
3338 5291 3399 5331 lN
3437 5289 3759 5338 INPIDEIIS.

3333 5390 3653 5462 privilegia,
3705 5398 3833 5461 δια,

2249 5462 2484 5518 ecclesiis
2541 5460 2758 5533 ἀᾳιηδ.
2818 5462 3076 5533 Dionysio
3130 5460 3510 5532 Nevigentino.
3560 5460 3832 5521 Molismo.

2249 5533 2492 5604 Epistola
2535 5531 2604 5590 ad
2647 5530 3198 5606 Gratianopolitanos.
3229 5530 3361 5591 Acta
3409 5537 3603 5590 contra
3655 5535 3834 5592 Aniu-

2251 5620 2441 5662 nenses
2449 5644 2461 5658 .

2162 5769 2168 5776 .
2251 5719 2456 5778 Soluto.
2482 5720 2570 5776 est
2599 5717 3052 5779 Claromcntana
3073 5721 3334 5795 synodus
3351 5720 3450 5780 die
3473 5737 3527 5778 IV
3542 5720 3834 5781 Kalenda-

2181 5826 2314 5870 rum
2344 5809 2700 5878 Decembris,
2757 5824 2894 5882 quo,
2942 5810 3026 5869 uti
3055 5827 3236 5884 supra
3293 5810 3729 5872 observavimus
3760 5829 3830 5871 ex
