3962 6374
1763 440 1974 509 ὟΙτΔτ

3438 441 3572 518 t9,“

171 571 364 632 codice
391 572 713 645 Lauiherti,
742 571 1112 650 privilegium
1123 572 1529 635 Atrebatensis
1546 571 1816 635 Ecclesia
1841 578 1896 646 Α
1925 573 2324 638 Gluniacensis
2346 573 2567 634 ordinis
2591 571 2816 635 celebre
2838 575 3266 642 monasterium
3283 574 3568 647 substitit,

170 680 364 722 eorum
396 663 677 722 omnibus
703 665 1012 722 recitatum
1041 670 1218 739 atque
1239 666 1650 726 conﬁrmatum
1683 669 1811 724 fuit.

171 754 484 828 Complura
509 753 629 811 alia
651 754 958 829 privilegia
984 756 1274 812 concessit
1304 757 1573 814 Urbanus
1609 757 1816 814 diebus

172 844 556 917 sequentibus
585 845 744 916 apud
799 843 1316 914 Clarummontem,
1370 847 1470 903 ubi
1525 864 1712 919 usque
1744 847 1815 902 ad

174 933 392 990 mensis
419 933 757 989 Decembris
779 934 1012 990 initium
1030 936 1313 992 substitit.
1339 937 1441 992 Die
1458 955 1518 992 ιιι
1541 937 1820 993 Kalenda-

174 1033 304 1080 rum
333 1023 746 1079 Decembrium
778 1025 1143 1080 conﬁrmavit
1167 1024 1650 1082 Cluniacensibus
1693 1042 1817 1082 mo-

175 1111 497 1167 nasterium
557 1111 753 1167 Sancti
811 1111 1069 1184 Dionysii
1134 1113 1205 1168 de
1250 1113 1586 1184 Novigento,
1649 1113 1819 1183 cujus

176 1200 578 1273 possessiones
607 1200 668 1254 in
697 1199 874 1256 variis
904 1199 1250 1257 dioecesibus
1289 1202 1432 1257 sitas
1473 1201 1818 1274 singillatim

176 1292 457 1345 recenset.
490 1288 707 1344 Eadem
741 1288 835 1344 die
858 1288 1230 1346 Molismense
1260 1290 1706 1356 monasterium,
1727 1289 1820 1346 cui

174 1382 311 1436 tunc
324 1378 568 1433 sanctus
582 1377 867 1434 Robertus
889 1383 1152 1449 prmerat,
1171 1379 1281 1434 sub
1314 1378 1644 1450 apostolicae
1665 1379 1822 1436 sedis

176 1465 360 1523 tutela
375 1467 670 1539 suscepit,
701 1465 862 1523 salvo
884 1467 1269 1540 Lingonensis
1309 1468 1564 1540 episcopi
1613 1468 1824 1525 dioece-

176 1555 304 1612 ιιιηὶ
327 1556 484 1626 jure,
520 1555 593 1610 ad
623 1555 795 1626 cujus
825 1555 1166 1628 petitionem
1193 1558 1450 1629 pontifex
1470 1558 1578 1613 hoc
1597 1557 1825 1630 privile-

176 1643 350 1718 gium.
367 1642 680 1700 concessit.
712 1644 956 1716 Scripsit
985 1653 1218 1716 quoque
1247 1645 1355 1701 hac
1386 1646 1515 1718 ipsa
1565 1645 1659 1702 die
1701 1645 1822 1718 epi-

174 1733 389 1791 stolam
416 1733 492 1789 ad
524 1733 848 1806 Guigonem
881 1733 1174 1802 comitem,
1199 1734 1420 1790 clerum
1453 1739 1510 1791 et
1539 1735 1824 1808 populum

175 1821 626 1894 Gratianopolis,
658 1839 776 1894 qua
803 1839 926 1890 eos,
954 1823 1039 1878 uti
1057 1823 1317 1880 diximus
1343 1825 1516 1892 §216,
1550 1825 1824 1880 certiores

177 1912 315 1970 heit
362 1913 439 1968 de
495 1911 944 1968 Salmoriacensi
1001 1912 1476 1970 archidiaconatu
1555 1914 1822 1970 Ecclesia

1923 669 2171 742 ejusque
2194 665 2781 726 ecclesiam'solemni
2811 667 2927 723 ritu
2976 665 3280 735 dedicavit,
3317 665 3418 724 uti
3447 667 3572 740 ipse

1924 762 2172 815 testatur
2201 758 2260 814 in
2292 756 2453 813 bulla
2483 757 2621 828 post
2646 756 2870 828 aliquot
2883 756 3008 812 dies
3031 753 3376 812 'data.Tanti
3405 754 3575 812 bene-

1927 849 2041 904 ﬁcii
2073 862 2361 904 memores
2391 845 2501 902 loci
2560 845 2719 903 illius
2770 845 3042 904 monachi
3091 861 3302 902 nomen
3358 844 3572 902 Urbani

1927 953 2058 993 cum
2091 936 2278 1008 elogio
2309 936 2366 990 in
2399 953 2504 992 suo
2535 934 2872 1007 Necrologio
2903 935 3296 999 inseruerunt,
3327 932 3422 990 his
3448 949 3574 995 ver-

1928 1027 2062 1083 bis:
2099 1049 2127 1075 ‹‹
2161 1041 2218 1084 ιν
2248 1025 2540 1082 Kalendas
2595 1023 2867 1097 Augusti,
2901 1023 3158 1080 ofﬁcium
3206 1040 3309 1094 pro
3353 1023 3574 1080 domno

1928 1115 2162 1172 Urbano
2193 1129 2345 1186 papa
2375 1114 2446 1169 II.
2477 1113 2581 1169 Hic
2593 1111 2940 1170 venerabilis
2963 1116 3022 1168 et
3050 1117 3164 1168 Deo
3191 1113 3408 1185 dignus
3433 1129 3571 1185 apo-

1931 1203 2191 1268 stolicus,
2227 1204 2378 1258 inter
2407 1207 2608 1258 caetera
2638 1201 2959 1259 laudabilia
3003 1218 3181 1274 opera
3211 1218 3338 1270 sua,
3389 1201 3574 1258 etiam

1930 1292 2088 1349 istud
2120 1292 2546 1348 monasterium
2575 1306 2938 1364 cummagna
2961 1290 3577 1348 auctoritateet-devo-

1931 1381 2169 1437 tionem
2200 1381 2396 1437 Nonas
2415 1380 2751 1437 Decembris
2782 1379 3092 1447 dedicavit;
3123 1379 3183 1436 in
3227 1396 3346 1452 qua
3365 1395 3575 1437 conse-

1933 1470 2208 1528 crationis
2239 1469 2332 1525 die
2363 1485 2468 1542 per
2486 1470 2888 1525 successiones
2914 1473 3268 1541 temporum,
3300 1469 3578 1525 omnibus

1931 1563 2168 1632 peccata
2201 1558 2634 1626 conﬁtentibus,
2667 1561 2724 1614 et
2751 1559 2826 1614 ad
2857 1557 3030 1614 istius
3060 1557 3174 1625 diei
3207 1558 3422 1613 festum
3444 1575 3579 1614 con-

1932 1648 2426 1722 venientibus,atq
2433 1663 2504 1704 u‘e
2515 1650 2650 1703 vota
2661 1661 2770 1702 sua
2780 1645 3244 1718 persolventibus
3252 1644 3577 1702 maximam

1933 1751 2000 1792 ac
2031 1735 2406 1792 desirahilem
2437 1735 2866 1792 absolutionem
2897 1734 3052 1790 fecit.

1933 1825 2206 1882 CCXXXI.
2240 1828 2458 1881 Brivate
2483 1823 2962 1897 priuilegiumdat
2997 1822 3287 1879 Cluniaco.
3336 1824 3582 1895 Alterum

2565 1895 2946 1968 Compostellm.

177 1947 315 1970 ιιυιυ
365 1947 438 1968 UO
497 1947 944 1968 υαιιιιυιιαυῠιιοι
1001 1947 1476 1970 αινυυιυιαιυυμαιυυ
1555 1947 1811 1970 ωυυιυωαε

176 1997 724 2073 Gratianopolitane
750 2005 988 2058 asserto.
1023 2003 1240 2057 Eadem
1284 2002 1427 2058 item
1470 2003 1581 2073 die,
1632 2003 1681 2060 si
1715 2004 1811 2059 Ga-

2008 1987 2144 2043 Inde
2175 1987 2484 2053 Brivatem,
2639 1947 3117 2041 etvetus
3136 1983 3387 2040 habetur
3403 2001 3583 2056 cano-

63 2105 69 2108 '
177 2091 301 2148 rieli
331 2091 554 2146 auctori
583 2089 846 2146 Historias
878 2090 1285 2162 episcoporum
1322 2091 1825 2163 Magalonensium

175 2181 353 2237 ﬁdem
369 2178 878 2245 habeamus,idem
893 2179 1149 2251 pontifex
1159 2179 1471 2236 Alexandri
1495 2181 1544 2237 II
1567 2180 1828 2254 diploma

175 2268 235 2325 in
264 2269 516 2342 gratiam
548 2267 851 2324 Bertrandi
883 2267 1315 2340 Magalonensis
1345 2269 1599 2341 episcopi
1622 2271 1825 2326 datum

174 2361 380 2414 contra
428 2356 663 2412 Petrum
718 2355 951 2412 Anienis
1009 2357 1282 2414 abbatem
1312 2358 1370 2412 in
1401 2361 1544 2414 Acta
1597 2359 1822 2414 concilii

173 2441 614 2503 Glaromontani
647 2446 845 2502 referri
877 2446 1123 2513 curavit,
1157 2463 1228 2503 ne
1270 2448 1544 2520 deinceps
1592 2447 1826 2504 Aniena:

174 2537 420 2593 abbates
475 2535 801 2607 quidquam
849 2540 1009 2592 extra
1067 2553 1186 2592 suae
1246 2538 1555 2608 potestatis
1612 2538 1828 2594 limites

175 2623 484 2681 auderent.
507 2623 638 2689 Qua
664 2624 736 2681 de
756 2626 940 2692 re,'uti
971 2643 1078 2682 suo
1110 2625 1235 2682 loco
1251 2626 1528 2696 diximus,
1560 2627 1830 2700 querelas

167 2715 249 2771 ad
278 2715 574 2786 synodum
599 2712 758 2770 idem
789 2712 1142 2771 Bertrandus
1174 2715 1488 2771 detulerat.

173 2807 502 2868 CCXXVIII.
536 2811 736 2868 Scribit
764 2813 834 2868 ad
851 2816 1290 2881 Gameracenses,
1327 2814 1396 2869 ad
1424 2815 1826 2870 Ecolismenses.

251 2901 360 2956 Die
398 2900 690 2973 sequenti,
720 2902 778 2956 id
810 2905 898 2958 est
919 2902 1108 2974 pridie
1138 2902 1423 2959 Kalendas
1472 2903 1830 2968 Decembris,

177 2990 442 3063 pontifex
472 2989 710 3062 scripsit
737 2990 808 3046 ad
857 2991 1326 3058 Cameracenses,
1367 2993 1538 3064 juxta
1585 2993 1740 3064 quod
1770 2992 1832 3048 in

177 3081 405 3153 “synodo
462 3081 751 3136 statutum
800 3080 1006 3148 fuerat,
1064 3084 1130 3136 ut
1176 3097 1276 3137 eos
1302 3082 1372 3136 de
1423 3082 1716 3138 sententia
1773 3083 1832 3138 in

171 3168 596 3226 'Gualcherium
651 3167 947 3224 intrusum
979 3167 1097 3224 lata
1134 3175 1563 3237 commoneret;
1621 3187 1740 3243 qua
1763 3171 1834 3226 de

179 3275 249 3314 re
278 3257 468 3314 multa
497 3257 770 3330 superius
789 3258 1408 3330 §2100bservavimus.
1441 3260 1598 3316 Alias
1627 3259 1831 3316 eadem

175 3347 278 3403 die
301 3347 373 3403 ad
401 3347 717 3402 canonicos
749 3346 1173 3403 Ecelismenses
1191 3348 1372 3414 dedit,
1405 3349 1620 3420 quibus
1643 3350 1834 3422 ponti-

183 3437 276 3492 fex
306 3437 360 3492 ei
390 3436 702 3492 conﬁrmat
748 3435 1194 3508 preposituram
1239 3437 1313 3492 de
1357 3436 1609 3504 Juliaco,
1653 3452 1831 3509 quam

176 3521 303 3581 illis
326 3525 388 3580 in
419 3532 733 3581 commune
759 3523 1089 3581 viventibus
1142 3526 1469 3582 ‘Ademarus
1523 3527 1833 3600 episcopus

175 3618 576 3671 concesserat.

338 3703 606 3768 CCXXIX.
642 3712 922 3768 Decretum
949 3711 1013 3768 de
1037 3713 1286 3785 primatu
1313 3712 1686 3783 Lugdunensi.

250 3799 536 3857 Kalendis
589 3799 926 3857 Decembris
981 3801 1120 3858 data
1173 3807 1262 3858 est
1314 3801 1557 3858 celebris
1611 3802 1831 3859 Urbani

175 3887 362 3956 bulla,
382 3889 448 3943 in
479 3901 596 3960 qua
623 3892 755 3960 post
781 3887 998 3944 relatas
1038 3888 1230 3945 varias
1277 3889 1736 3946 concertationes
1761 3892 1832 3946 de

171 3979 436 4051 primatu
465 3977 843 4051 Lugdunensi
877 3977 934 4032 in
959 3978 1204 4034 concilio
1228 3978 1482 4045 habitas,
1510 3980 1830 4051 primatum

165 4067 314 4123 'hui'c
343 4065 616 4124 Ecclesia
673 4066 734 4122 in
758 4070 1007 4140 quatuor
1059 4067 1484 4139 Lugdunenses
1541 4070 1750 4126 asserit
1774 4075 1833 4126 et

171 4150 504 4212 conﬁrmat.
563 4154 670 4210 Cui
746 4155 1071 4212 deﬁnitioni
1149 4155 1619 4230 archiepiscOpos
1679 4164 1830 4226 octo,

175 4245 482 4318 episcopos
533 4244 855 4318 octoginta,
905 4261 970 4301 ac
1031 4244 1353 4318 nonaginta
1399 4246 1645 4303 abbates
1677 4251 1734 4303 et
1763 4265 1830 4304 eo

167 4331 783 4406 ampliusinterfuisse
797 4325 1361 4390 dicit.Hanc'bullam
1393 4335 1622 4408 primus
1645 4336 1826 4394 illust.

167 4423 386 4479 Petrus
413 4421 496 4478 De
519 4421 723 4479 'Marca
777 4421 995 4495 publici
1028 4423 1182 4494 juris
1237 4424 1394 4480 fecit.
1449 4425 1733 4481 Craterum
1763 4443 1832 4482 ex

160 4511 451 4568 'Ordel-ico
478 4507 656 4567 Vitali
684 4511 784 4568 lib.
817 4529 875 4567 1x
903 4509 1236 4584 colligimus
1266 4513 1576 4586 synodales
1605 4513 1830 4572 litteras

167 4601 244 4656 ad
279 4600 554 4657 absentes
575 4599 878 4673 episcopos
907 4600 1158 4672 scriptas
1189 4600 1372 4658 fuisse
1409 4603 1658 4660 nomine
1683 4619 1829 4660 'con-

1934 2075 2329 2148 nicorum,qui
2342 2075 2514 2148 vulgo
2533 2075 2776 2132 comites
2789 2078 3226 2146 nuncupantur,
3249 2071 3580 2146 collegium,

1935 2181 2280 2239 progressus
2337 2164 2615 2237 pontifex,
2669 2163 2753 2220 ibi
2812 2167 3020 2236 quarta
3074 2153 3190 2218 die
3221 2161 3582 2230 Decembris,

1937 2253 2233 2318 ecclesias,
2267 2253 2473 2310 altaria
2500 2257 2557 2309 et
2613 2252 2870 2308 decimas
2913 2269 3039 2324 quae
3099 2250 3584 2308 Cluniacensibus

1937 2343 2242 2400 monachis
2265 2343 2551 2398 hactenus
2584 2343 2720 2397 data
2749 2341 3001 2406 fuerant,
3035 2339 3254 2413 insigni
3302 2332 3583 2412 rescripto

1937 2438 2138 2490 sancto
2171 2433 2399 2505 Hugoni
2457 2429 2840 2488 conﬁrmavit.
2900 2429 3017 2485 Hac
3065 2429 3194 2501 ipsa
3224 2428 3315 2484 die
3361 2427 3586 2485 bullam

1938 2521 2184 2578 indulsit
2223 2520 2561 2577 Dalmacbio
2611 2519 2883 2592 episcopo
2932 2516 3420 2590 Compostellano,
3484 2517 3585 2590 qui

1933 2610 2182 2667 concilio
2210 2609 2556 2666 Arvernensi
2586 2622 2846 2680 presens
2877 2607 3160 2673 adfuerat,
3194 2607 3438 2678 ejusque
3461 2623 3586 2663 suc-

1937 2698 2269 2768 cessoribus
2300 2697 2665 2770 inscriptam,
2720 2711 2835 2768 quo
2884 2693 3201 2772 diplomate
3246 2693 3584 2750 cathedram

1937 2788 2330 2860 episcopalem
2360 2803 2486 2859 quae
2516 2786 2640 2842 Irim
2687 2784 2970 2840 hactenus
3014 2783 3381 2850 substiterat,
3425 2786 3589 2839 Com-

1937 2874 2628 2950 postellamtranstulitin
2661 2873 2945 2928 honorem
2963 2871 3148 2929 sancti
3177 2871 3586 2944 Jacobi,cujus

1941 2983 2153 3039 corpus
2183 2965 2263 3022 ibi
2291 2964 2579 3022 asservari
2619 2965 2746 3036 jam
2796 2963 2980 3021 multo
3018 2965 3194 3018 antea
3223 2955 3584 3018 credebatur.

1936 3058 2090 3113 Tum
2136 3073 2282 3112 novo
2338 3055 2492 3111 hanc
2542 3053 2849 3110 ecclesiam
2905 3049 3204 3124 privilegio
3269 3051 3586 3120 exornavit,

1943 3145 2251 3201 statuendo
2281 3143 2518 3212 scilicet;
2553 3146 2618 3198 ut
2646 3143 2774 3215 ejus
2806 3140 3069 3208 antistes,
3113 3138 3340 3196 nullum
3385 3143 3592 3213 praeter

1945 3235 2274 3290 Romanum
2299 3232 2635 3306 pontificem
2667 3230 3182 3304 metropolitanum
3230 3233 3588 3302 agnosceret.

1861 3315 1908 3384 α
1947 3323 2070 3390 Quo
2101 3327 2296 3380 tamen
2329 3322 2388 3377 in
2418 3321 2604 3396 gradu
2635 3320 2792 3378 haud
2823 3320 2923 3376 diu
2945 3317 3211 3374 substitit
3240 3306 3593 3391 Compostel-

1935 3411 2080 3468 'lana
2134 3411 2409 3480 Ecclesia,
2453 3429 2582 3483 quaa
2637 3411 2767 3483 jure
2797 3413 2856 3465 et
2911 3408 3196 3480 dignitate
3251 3408 3592 3488 metropolis

1934 3501 2118 3574 paulo
2149 3505 2281 3573 post
2305 3503 2475 3556 aucta
2505 3499 2616 3556 fuit
2645 3518 2678 3554 a
2730 3498 2947 3554 Calixto
3005 3497 3072 3565 II,
3105 3497 3300 3575 cujus
3332 3512 3402 3552 ea
3430 3497 3501 3556 de
3531 3513 3592 3553 re

1941 3589 2144 3646 litterae
2175 3593 2409 3646 exstant
2439 3605 2592 3645 anno
2623 3588 2764 3643 4124
2793 3587 2962 3642 datm.

1942 3679 2236 3734 CCXXXII.
2269 3678 2327 3733 S.
2360 3677 2508 3733 Flori
2541 3677 2826 3732 ecclesiam
2872 3673 3106 3738 dedicat,
3139 3681 3190 3728 et
3237 3674 3592 3743 privilegium

2012 3751 2123 3805 dat.
2187 3749 2547 3819 Privilegium
2597 3763 2698 3819 pro
2755 3746 3101 3819 Marciniaco:
3162 3745 3491 3819 Piperac'um
3528 3746 3592 3819 ﬁt

2009 3823 2250 3949 'gbbit‘zllia.
2285 3816 2422 3876 Mors
2481 3816 2708 3876 Joannis
2766 3817 3000 3890 episcopi
3067 3817 3388 3871 Parmensis
3442 3816 3591 3888 apud

2054 3936 2066 3948 .
2163 3908 2336 3949 0mm.

2009 3981 2229 4038 Relicto
2254 3981 2482 4037 Brivate
2503 3979 2862 4036 Urbanusad
2898 3975 3090 4033 Sancti
3125 3975 3276 4032 Flori
3292 3973 3590 4048 oppidum

1941 4089 1976 4128 a
2005 4071 2301 4144 Stephano
2332 4071 2596 4141 ejusdem
2629 4068 2739 4125 loci
2753 4065 3176 4140 prioreordinis
3189 4063 3589 4122 Cluniacensis

1933 4161 2219 4216 invitatus
2251 4159 2514 4223 accessit,
2549 4159 2766 4230 ibique,
2816 4163 2882 4212 ut
2925 4155 3106 4212 ‘habet
3134 4158 3302 4210 vetus
3355 4153 3585 4221 notitia,

1929 4249 2094 4305 edita
2125 4267 2158 4304 a
2211 4247 2545 4305 Mabillonio
2576 4247 2635 4302 in
2695 4245 3013 4320 appendice
3063 4244 3206 4299 torni
3237 4241 3329 4297 iVl
3367 4242 3585 4298 :Annal.

1931 4337 2470 4403 Benedictinorum,
2504 4349 2668 4392 num.
2691 4337 2780 4402 25,
2805 4333 3110 4392 ecclesiam
3136 4332 3330 4388 Sancti
3352 4331 3588 4388 Martini

1929 4427 2008 4482 de
2064 4424 2518 4499 Aquis‘Galidis,
2578 4440 2706 4496 quea
2751 4423 2812 4478 in
2861 4423 3085 4478 conciio
3141 4421 3587 4476 Clammontano

1933 4514 2242 4571 monachis
2266 4513 2463 4569 Sancti
2495 4512 2647 4569 Flori
2678 4515 2879 4568 contra
2899 4509 3186 4582 quosdam
3208 4509 3336 4580 ejus
3353 4507 3590 4564 inmo-

1932 4620 2031 4660 res
2067 4606 2297 4659 asserta
2353 4603 2562 4668 fuerat,
2625 4601 2827 4658 eisdem
2874 4607 3128 4672 perpetuo
3183 4598 3490 4654 habendam
3537 4605 3589 4653 et

167 4687 314 4758 ‘cilii,
347 4689 558 4746 saltem
589 4689 661 4744 ad
693 4704 790 4745 eos
822 4689 922 4761 qui
953 4693 1327 4747 excusatorias
1355 4691 1658 4749 miserant.
1682 4694 1827 4750 Nam
1851 4692 1907 4757 θ
1930 4691 2313 4767 possidendam
2376 4693 2539 4763 ﬁrma
2594 4691 2931 4746 concessione
2983 4688 3223 4754 donauit,
3283 4690 3336 4741 et
3380 4685 3590 4742 donum

167 4783 306 4836 cum
329 4777 460 4835 ‘Odo
485 4781 546 4835 'et
571 4776 673 4833 alii
697 4777 1138 4836 Northman'niae
1178 4781 1455 4853 praesules
1499 4799 1632 4838 cum
1653 4797 1825 4840 excu-

167 4870 394 4926 satoriis
424 4867 674 4940 apicibus
702 4867 1260 4940 comprovincialum
1292 4871 1512 4942 synodo
1543 4871 1820 4928 interfue-

166 4959 320 5026 rant,
355 4963 479 5013 cum
526 4955 893 5013 benedictione
941 4957 1233 5028 apostolica
1261 4963 1491 5030 regressi
1539 4960 1822 5032 synodales

171 5047 428 5120 epistolas
459 5046 784 5117 coepiscopis
812 5047 926 5102 suis
943 5045 1288 5102 detulerunt.

229 5133 492 5192 CCXXX.
530 5134 778 5193 Urbanus
809 5134 1183 5192 Celsirrianam
1211 5135 1492 5192 ecclesiam
1518 5137 1748 5195 dedicat.

237 5217 501 5281 Dimisso
531 5223 772 5280 tandem
799 5217 1072 5280 Urbanus
1096 5221 1469 5281 Claromonte
1495 5228 1686 5283 varias
1733 5246 1820 5285 re-

173 5315 496 5388 'giones,'ut
525 5315 662 5370 ante
709 5312 1032 5369 concilium
1091 5313 1323 5382 fecerat,
1379 5317 1725 5388 peragravit,
1763 5317 1824 5373 in

177 5403 388 5476 quibus
401 5402 695 5461 ecclesias
712 5406 782 5459 'et
801 5402 1160 5459 monasteria
1177 5403 1411 5477 passim
1443 5406 1822 5477 consecravit,

167 5492 303 5550 lites
333 5491 596 5560 diremit,
655 5490 919 5549 locorum
976 5503 1280 5548 sacrorum
1333 5493 1514 5565 quieti
1552 5495 1822 5567 providit,

162 5580 420 5639 concilia
472 5581 810 5650 celebravit,
860 5598 925 5638 ac
982 5581 1235 5654 denique
1283 5582 1548 5640 omnium
1597 5585 1825 5644 animos

168 5671 538 5729 humanitate
585 5674 643 5727 et
696 5685 930 5728 morum
985 5671 1320 5728 innocentia
1377 5672 1490 5728 sibi
1549 5673 1820 5732 devinxit.

164 5755 434 5819 'l’rimum
481 5761 578 5817 die
635 5760 807 5817 tertio
867 5760 1195 5818 Decembris
1249 5763 1403 5832 apud
1467 5762 1825 5824 Celsinianas

1927 4782 2075 4838 illud
2099 4782 2191 4838 sui
2215 4780 2496 4852 privilegii
2523 4780 2848 4835 auctoritate
2876 4778 3142 4848 ﬁrmavit.
3178 4773 3328 4830 Illud
3353 4777 3443 4829 est
3468 4773 3587 4830 ﬁor-

1926 4875 2094 4927 -'tasse
2113 4868 2515 4942 privilegium,
2575 4867 2732 4940 quod
2775 4867 2986 4922 Petrus
3014 4863 3174 4937 prior
3219 4867 3284 4918 aet
3319 4862 3586 4934 ejusdem

1933 4959 2050 5016 'loci
2083 4957 2352 5015 monachi
2367 4961 2481 5029 fere
2494 4960 2979 5028 consumptumpro
2992 4955 3094 5010 sui
3107 4953 3286 5008 nimia
3295 4956 3584 5022 uetustate,

1935 5050 2338 5105 renovandum
2369 5047 2600 5104 Urbano
2633 5045 2703 5102 IV
2735 5044 3016 5112 obtulere,
3069 5047 3135 5100 ut
3163 5059 3232 5099 ex
3283 5058 3486 5099 eorum
3516 5041 3583 5098 li-

1933 5137 2083 5195 bello
2113 5135 2366 5210 supplici
2397 5135 2720 5192 observavit
2739 5135 2828 5191 vir
2848 5134 2921 5191 cl.
2953 5131 3585 5206 Stephanus-Baluzius

1930 5231 1990 5285 in
2023 5228 2178 5283 notis
2201 5227 2273 5282 ad
2299 5227 2464 5282 Vitas
2484 5227 2622 5299 Pap.
2657 5226 2957 5287 Avenion..
2982 5239 3115 5297 pag.
3149 5222 3278 5278 740.
3307 5220 3584 5278 Neutrius

1934 5315 2264 5388 exemplum
2296 5315 2707 5370 haberelicuit.
2728 5317 2891 5371 Tunc
2910 5319 3103 5370 autem
3134 5310 3586 5386 pontifex-,comi-

1935 5414 2082 5463 tante
2107 5420 2260 5460 sacro
2278 5403 2651 5462 cardinalium
2661 5406 2884 5478 collegio
2891 5407 2977 5475 ,ut
2985 5408 3210 5460 veteres
3228 5400 3338 5458 loci
3355 5400 3583 5459 schede

1933 5496 2212 5560 referunt,
2245 5493 2531 5550 basilicam
2557 5511 2588 5551 e
2631 5510 2770 5552 novo
2822 5497 3160 5552 exstructam
3213 5491 3482 5548 dedicavit
3515 5493 3580 5545 B.

1931 5585 2248 5658 confessoris
2303 5583 2470 5652 Flori,
2529 5584 2750 5656 ejusque
2810 5585 3070 5656 reliquiae
3121 5585 3242 5655 post
3295 5581 3470 5636 altare
3519 5581 3583 5633 in

1933 5676 2046 5732 loco
2076 5674 2343 5730 eminenti
2394 5675 2647 5746 repositae
2673 5678 2799 5731 sunt
2843 5676 2903 5730 in
2957 5671 3189 5746 capsula
3237 5669 3408 5726 tribus
3443 5668 3582 5722 seris

1933 5767 2124 5822 clausa
2148 5780 2168 5819 ς
2189 5763 2344 5836 quod
2377 5763 2471 5821 die
2499 5766 2534 5818 7
2565 5764 2898 5822 Decembris
2927 5764 3143 5820 factum
3192 5759 3372 5816 fuisse
3419 5753 3581 5813 colli-
