3962 6376
221 422 340 487 189

1833 436 2039 503 νιτΑ.

3517 459 3636 526 ΜΘ

224 553 280 613 in
326 555 646 659 publicum
703 561 1016 637 processit,
1038 571 1292 659 quorum
1322 610 1324 612 -
1349 570 1514 629 tanta
1569 568 1690 633 illic
1737 575 1870 635 erat
1897 572 1954 645 Α
2338 574 2601 659 Urbanus
2624 579 2784 659 uaria
2834 577 2928 640 dat
2954 581 3274 659 diplomata.
3304 589 3633 656 Monasterio

226 645 560 718 multitudo,
595 653 661 706 ut
690 652 748 708 in
781 654 1025 712 circuitu
1053 657 1326 731 Civitatis,
1350 662 1495 719 citra
1515 667 1708 721 unum
1741 667 1870 724 mil-

225 733 460 792 liarium
491 741 728 798 nonnisi
760 741 1065 802 hominum
1096 749 1286 822 capita
1313 751 1678 824 viderentur;
1711 757 1870 814 obla-

223 824 446 882 tionum
490 843 625 884 vero
671 834 836 888 tanta
883 834 1048 907 scpia
1095 838 1280 907 ﬂuxit,
1324 845 1390 896 ut
1437 859 1572 900 arca
1618 845 1871 917 sepulcri

225 915 548 986 apostolici,
580 918 639 973 id
671 923 759 975 est
793 921 990 978 Sancti
1028 925 1328 998 Martialis,
1363 946 1489 1002 quae
1519 915 1702 1005 vulgo
1729 934 1870 990 Gau-

224 1008 347 1058 teau
377 1005 808 1078 appellabatur,
839 1017 1047 1083 praeter
1076 1014 1219 1071 alias
1251 1017 1424 1088 plena
1453 1021 1869 1079 redundaret.»

223 1092 348 1148 Haec
392 1094 744 1164 Gaufredus,
776 1099 876 1170 qui
924 1102 1096 1174 paulo
1145 1110 1336 1172 antea,
1370 1108 1418 1163 si
1465 1114 1662 1167 tamen
1708 1112 1871 1170 locus

218 1181 316 1238 ille
345 1199 414 1239 ex
445 1183 560 1241 alio
591 1203 702 1242 ms.
738 1193 942 1246 erutus
986 1192 1036 1247 ei
1073 1193 1251 1249 tribui
1299 1196 1524 1264 debeat,
1559 1201 1873 1272 scripserat

221 1270 521 1329 Urbanum
554 1274 742 1332 Sancti
783 1279 1044 1349 Stephani
1073 1284 1370 1353 ecclesiam,
1403 1295 1453 1342 et
1479 1288 1620 1343 beati
1649 1270 1871 1347 Martini

216 1365 612 1418 monasterium
648 1365 968 1436 dedicasse,
1002 1370 1102 1425 ubi
1136 1388 1239 1444 pro
1284 1373 1473 1430 Sancti
1511 1377 1752 1444 Martini,
1787 1380 1866 1437 1e-

217 1451 479 1522 gendum
523 1452 677 1509 haud
739 1456 912 1513 dubie
968 1458 1156 1516 Sancti
1209 1463 1492 1533 Martialis,
1527 1484 1866 1542 quanquam

213 1540 373 1611 apud
428 1542 762 1599 Lemovices
817 1545 1100 1604 habeatur
1159 1568 1388 1624 quoque
1444 1540 1868 1616 monasterium

217 1629 431 1684 Sancto
473 1631 724 1688 Martino
769 1651 1021 1692 sacrum.
1053 1641 1125 1693 At
1156 1639 1302 1696 nihil
1336 1644 1646 1718 utrobique
1693 1649 1869 1705 habet

215 1717 290 1772 de
320 1719 686 1776 dedicatione
717 1721 937 1779 Sanctae
969 1726 1160 1782 Mariae
1195 1730 1265 1785 de
1295 1717 1747 1808 Regulagquam
1782 1743 1864 1793 ta-

218 1822 352 1862 men
386 1807 458 1863 ab
491 1808 743 1880 Urbano,
779 1812 875 1883 qui
902 1814 1140 1885 quidem
1185 1818 1262 1873 ibi
1310 1836 1377 1876 ex
1420 1822 1544 1894 ipso
1576 1807 1865 1882 Gaufredo

213 1895 457 1954 missam
495 1899 698 1954 mediae
743 1901 926 1958 noctis
965 1907 1234 1974 cantavit,
1263 1909 1480 1966 factum
1513 1913 1693 1970 fuisse
1724 1916 1863 1989 legi-

212 2001 349 2041 mus
407 1985 468 2041 in
528 1988 759 2046 duobus
794 1992 1088 2049 veteribus
1145 1995 1434 2054 chronicis
1492 2018 1634 2060 mss.
1670 2005 1864 2060 Sancti

213 2073 522 2131 Martialis.

284 2155 567 2221 Caeterum
596 2165 717 2223 haec
739 2169 938 2225 omnia
968 2171 1148 2228 ferme
1171 2174 1385 2231 iisdem
1407 2180 1598 2236 verbis
1629 2199 1866 2239 narran-

210 2257 310 2309 tur
339 2253 401 2308 in
430 2255 608 2311 veteri
633 2257 838 2313 notitia
860 2260 1286 2320 Lemovicensis
1308 2265 1573 2323 Ecclesiae
1606 2288 1672 2326 ea
1702 2273 1774 2328 de
1804 2291 1865 2330 re

207 2341 385 2410 facta,
408 2360 588 2415 quam
619 2349 755 2417 post
779 2346 1036 2404 Beslium
1066 2352 1210 2406 varii
1237 2359 1501 2412 auctores
1533 2359 1859 2418 ediderunt.

209 2431 276 2486 In
307 2447 378 2486 ea
408 2432 625 2506 quippe
674 2433 888 2508 legitur
936 2438 1239 2509 pontifices
1292 2460 1495 2501 omnes
1543 2465 1721 2521 supra
1768 2469 1862 2508 re-

207 2520 467 2576 censitos
496 2521 790 2579 Natalium
822 2525 1033 2581 Christi
1066 2527 1497 2590 solemnitatem
1529 2520 1707 2593 simul
1729 2557 1862 2596 cum

205 2608 444 2666 Urbano
505 2612 662 2683 apud
725 2613 1052 2671 Lemovicas
1111 2617 1458 2690 celebrasse,
1490 2640 1742 2700 eumque
1791 2631 1863 2684 ad

206 2698 493 2754 Sanctum
524 2699 848 2757 Martialem
873 2708 1128 2774 euntem,
1154 2711 1210 2762 et
1239 2711 1446 2767 exinde
1471 2698 1670 2771 habito
1701 2719 1864 2790 prius

207 2788 282 2842 ad
341 2787 625 2860 populum
684 2807 989 2860 sermone,
1050 2802 1391 2855 coronatum
1451 2804 1522 2858 ad
1581 2787 1863 2877 majorem

206 2876 519 2933 ecclesiam
563 2879 904 2936 redeuntem
948 2884 1256 2942 comitatos
1303 2888 1501 2946 fuisse.
1536 2892 1605 2948 Hi
1637 2876 1860 2962 omnes,

207 2970 280 3021 ut
335 2965 557 3022 ibidem
594 2969 828 3036 dicitur,
863 2970 956 3026 die
1012 2978 1174 3030 sexta
1231 2976 1560 3036 Nativitatis
1608 2983 1861 3054 Domini,

205 3071 339 3128 quas
369 3055 430 3110 in
460 3056 824 3114 Dominicam
863 3059 1175 3132 incidebat,
1209 3064 1422 3122 iterum
1467 3086 1601 3126 cum
1635 3072 1865 3129 Urbano

207 3144 282 3199 ad
317 3144 599 3200 Sanctum
643 3146 988 3218 Martialem,
1023 3151 1121 3206 ubi
1167 3153 1292 3209 dies
1332 3161 1461 3213 octo
1499 3161 1706 3234 exegit,
1730 3179 1865 3218 con-

199 3237 511 3302 venerunt,
545 3250 799 3307 cumque
848 3237 940 3293 die
998 3243 1265 3312 sequenti
1324 3245 1627 3306 basilicam
1687 3269 1862 3323 aqua,

2052 648 2351 738 Angeriaco
2380 650 2602 738 subjicit
2629 653 2956 738 possecum.
3054 648 3420 738 .Eparchium.
3430 648 3634 738 ficia.-

2050 736 2175 774 cum
2205 725 2404 779 tuetur.
2436 723 2701 782 Ecclesias
2731 725 2786 782 S.
2819 727 3064 786 Martiali
3092 723 3287 790 restiui
3312 748 3487 793 curat.

2051 826 2147 882 Has
2178 844 2350 899 porro
2399 829 2798 890 solemnitates
2837 834 3135 894 Urbanum
3186 858 3301 898 non
3352 843 3635 917 impedie-

1980 914 2142 983 bant,
2175 917 2491 988 quominus
2525 920 2655 976 aliis
2686 923 2863 979 etiam
2903 928 3151 998 negotiis
3191 914 3457 1002 vacaret,
3476 938 3634 1007 quod

1980 1005 2230 1075 probant
2259 1006 2418 1062 varia
2447 1008 2576 1080 ejus
2597 1009 2920 1082 diplomata
2951 1014 3042 1070 his
3072 1017 3218 1089 ipsis
3239 1020 3444 1078 diebus
3475 1005 3632 1081 data.

1979 1092 2060 1147 Ex
2089 1093 2182 1150 his
2212 1113 2398 1152 unum
2431 1101 2519 1153 est
2544 1097 2892 1172 inscriptum
2917 1105 3193 1162 Ansculfo
3219 1109 3633 1182 Angeriacensi

1979 1182 2195 1250 abbati,
2230 1185 2323 1240 cui
2373 1185 2612 1256 subjicit
2659 1192 3081 1250 monasterium
3125 1197 3487 1269 Basiacelnse.
3520 1204 3632 1260 Da-

1979 1275 2112 1326 tum.
2155 1277 2242 1328 est
2291 1276 2445 1347 apud
2491 1276 2824 1336 Lemovicas
2855 1281 2947 1336 die
2992 1301 3090 1339 x1v
3117 1286 3243 1342 Kal.
3281 1289 3630 1349 Decembris.

1977 1359 2192 1416 Eodem
2228 1363 2318 1417 die
2350 1368 2406 1418 et
2435 1365 2639 1420 eodem
2671 1365 2796 1422 loco
2828 1370 3067 1444 scripsit
3115 1377 3374 1446 pontifex
3404 1378 3631 1439 litteras

1977 1448 2049 1502 ad
2080 1449 2477 1507 Adhemarum
2519 1453 2976 1513 Ecolismensem
3025 1461 3381 1534 episcopum,
3415 1469 3631 1540 quibus

1975 1536 2026 1592 ei
2057 1537 2334 1613 injungit,
2368 1545 2434 1595 ut
2479 1544 2896 1601 monachorum
2940 1548 3136 1604 Sancti
3169 1536 3448 1624 Eparchii
3486 1573 3630 1628 prae-

1973 1629 2336 1697 sumptionem
2369 1631 2668 1701 reprimat,
2703 1633 2801 1705 qui
2848 1635 3047 1692 abbati
3075 1640 3508 1714 Angeriacensi,
3535 1648 3628 1703 cui

1976 1717 2398 1773 monasterium
2431 1736 2630 1776 eorum
2666 1723 2996 1794 subjectum
3029 1743 3156 1784 esse
3189 1730 3457 1806 debebat,
3487 1736 3628 1792 obe-

1974 1803 2098 1860 dire
2129 1806 2548 1875 detrectabant,
2583 1809 2759 1866 etiam
2792 1817 2925 1883 post
2955 1813 3133 1870 latam
3177 1817 3235 1872 in
3269 1803 3367 1875 eos
3397 1838 3626 1881 excom-

1973 1893 2389 1950 municationis
2457 1899 2828 1955 sententiam.
2899 1901 3071 1958 Porro
3136 1905 3506 1968 Adhemarus
3563 1918 3630 1972 ut

1967 1981 2156 2052 jussis
2185 1984 2501 2056 pontificiis
2532 1987 2747 2042 faceret
2772 1989 2916 2045 satis
2947 1993 3291 2051 Anseulfum
3322 1999 3628 2072 Angeriaci

1974 2071 2245 2128 abbatem
2271 2074 2332 2128 in
2356 2075 2517 2144 pleno
2545 2078 2810 2149 capitulo,
2846 2080 3152 2138 videntibus
3181 2071 3461 2145 canonicis
3488 2093 3626 2164 suis,

1973 2159 2263 2216 investivit
2291 2163 2362 2218 de
2393 2164 2627 2221 abbatia
2655 2168 2842 2223 sancti
2883 2170 3176 2242 Eparchii,
3203 2177 3420 2234 tradito
3451 2179 3501 2236 ei
3533 2159 3630 2254 pal

1973 2250 2177 2306 storali
2205 2251 2442 2320 baculo;
2490 2257 2547 2308 et
2595 2253 2694 2311 ille
2737 2256 3020 2315 domuum
3069 2262 3373 2337 Hugonem
3425 2250 3627 2328 mona-

1974 2338 2149 2394 chum
2179 2340 2662 2414 Angeriacensem
2710 2345 2770 2399 in
2822 2349 3007 2403 sancti
3041 2350 3307 2422 Eparchii
3355 2357 3623 2416 abbatem

1973 2428 2280 2501 ordinavit,
2305 2433 2378 2485 ut
2399 2431 2456 2485 in
2488 2430 2881 2490 instrumento
2916 2453 2984 2492 ea
3016 2438 3086 2494 de
3117 2456 3178 2496 re
3206 2443 3466 2502 confecto
3499 2465 3628 2504 nar-

1974 2520 2154 2572 ratur.
2197 2567 2199 2570 .

2044 2607 2160 2661 Hac
2190 2607 2319 2678 ipsa
2340 2608 2455 2676 die,
2474 2626 2513 2664 ιι
2538 2610 2662 2666 Kal.
2687 2611 2974 2682 Januarii,
2993 2632 3109 2687 qua
3133 2621 3316 2696 sancti
3342 2621 3624 2682 Martialis

1972 2694 2275 2751 basilicam
2308 2699 2665 2754 consecravit
2709 2702 2989 2772 pontifex,
3023 2694 3374 2780 praeceptum
3406 2711 3624 2770 ibidem

1973 2783 2133 2861 dedit
2153 2784 2211 2839 in
2235 2786 2482 2858 gratiam
2508 2788 2862 2860 Figiacensis
2884 2792 3246 2863 monasterii,
3262 2798 3621 2873 Caturcensi,

1973 2857 2219 2945 aliisque
2245 2857 2454 2932 vicinis
2493 2877 2783 2950 episcopis
2821 2879 3191 2955 inscriptum,
3217 2886 3501 2967 adversus
3523 2909 3624 2949 eos

1974 2963 2074 3034 qui
2107 2962 2217 3018 loci
2247 2963 2427 3036 hujus
2459 2967 2861 3038 possessiones
2912 2971 3065 3027 male
3111 2972 3466 3035 invaserant.
3498 2962 3622 3047 Quo

1974 3051 2152 3107 etiam
2182 3056 2460 3125 tempore,
2482 3055 2566 3110 uti
2597 3071 2664 3110 ex
2691 3058 2963 3132 Gaufredi
2995 3060 3277 3118 Chronico
3311 3065 3617 3140 discimus,

1973 3157 2116 3212 papa
2150 3142 2395 3198 Urbanus
2426 3145 2702 3200 investivit
2740 3147 3054 3204 solemniter
3080 3153 3359 3210 ecclesiam
3389 3155 3444 3212 S.
3475 3157 3618 3214 Mar-

1975 3232 2129 3285 tialis
2153 3238 2204 3286 et
2231 3231 2482 3288 abbatem
2511 3235 2685 3305 ipsius
2714 3236 3054 3293 Ademarum
3081 3240 3146 3294 de
3173 3245 3398 3300 ecclesia
3436 3246 3624 3304 Sancti

200 3319 278 3375 ab
306 3320 436 3394 ipso
466 3323 738 3393 pontifice
779 3325 943 3396 prius
974 3328 1302 3399 benedicta,
1335 3333 1581 3395 interius
1611 3319 1858 3397 exteriu.
1888 3321 1931 3389 C
1970 3321 2121 3375 Petri
2158 3321 2606 3388 Montandrensis,
2640 3327 2694 3378 et
2721 3323 2786 3379 de
2807 3327 3050 3383 ecclesiis
3098 3329 3164 3384 de
3211 3331 3449 3390 Saliomo
3495 3352 3619 3393 cum

205 3426 358 3482 sque
404 3411 883 3483 perlustrassent,
916 3415 1041 3488 ipse
1079 3419 1279 3475 eadem
1314 3439 1468 3494 aqua
1513 3426 1695 3485 altare
1745 3431 1855 3487 Do-

201 3499 353 3554 mini
408 3500 726 3557 Salvatoris
784 3502 944 3572 lavit,
988 3506 1305 3565 chrismate
1361 3517 1417 3568 et
1475 3515 1600 3572 oleo
1657 3527 1856 3577 sancto

198 3589 498 3661 perunxit,
528 3589 775 3662 pignora
817 3599 1154 3652 sanctorum
1194 3599 1276 3655 ibi
1325 3605 1602 3675 reposuit,
1638 3625 1703 3662 ac
1754 3611 1856 3666 de-

199 3692 391 3744 mum,
425 3681 652 3734 astante
698 3680 1009 3738 innumera
1053 3687 1852 3767 populorum'multitudine,

200 3765 389 3822 missa
419 3766 498 3820 ibi
521 3771 772 3835 cantata,
797 3771 1045 3828 sancivit
1074 3778 1139 3828 ut
1166 3775 1289 3832 haec
1319 3779 1700 3840 dedicationis
1732 3765 1854 3843 dies

195 3871 238 3910 ιι
271 3854 561 3911 Kalendas
600 3857 864 3914 Januarii
905 3860 1185 3920 solemnis
1228 3865 1287 3921 in
1328 3873 1626 3939 posterum
1659 3875 1856 3949 singu-

195 3942 272 3998 lis
316 3944 490 4000 annis
538 3945 868 4003 haberetur.
918 3949 1077 4007 Hanc
1135 3953 1437 4012 basilicam
1489 3976 1522 4014 a
1569 3942 1854 4022 Ludovico

196 4031 298 4087 Pio
330 4031 473 4087 olim
515 4039 893 4104 exstructam,
928 4039 1031 4094 sed
1059 4041 1236 4097 variis
1277 4043 1542 4104 cladibus
1572 4052 1850 4123 attritam,

199 4119 264 4175 in
309 4120 626 4193 pristinum
679 4124 1050 4197 splendorem
1109 4132 1445 4190 restituerat
1489 4119 1853 4201 Adhemarus

199 4210 334 4281 ejus
363 4209 475 4266 loci
505 4211 706 4280 abbas,
740 4216 914 4286 paulo
953 4221 1265 4292 antequam
1299 4226 1559 4295 pontifex
1592 4228 1855 4288 Lemovi-

199 4315 303 4354 cas
329 4299 647 4358 adveniret.

272 4405 569 4483 CCXXXV.
603 4409 848 4466 Urbanus
874 4411 972 4468 hoc
999 4431 1145 4472 anno
1173 4418 1454 4477 Arelatum
1479 4439 1588 4479 non
1618 4426 1778 4483 adiit.

438 4481 690 4556 Episcopi
734 4483 1188 4557 Wirceburgensis
1217 4495 1608 4552 reconciliatio.

269 4567 351 4621 Ex
381 4567 476 4624 his
501 4584 658 4638 vero,
693 4571 908 4644 quibus
951 4573 1049 4630 alii
1099 4578 1275 4634 etiam
1325 4586 1592 4640 auctores
1643 4591 1849 4646 suffra-

1961 3411 2314 3480 pertinentiis
2338 3411 2473 3479 suis,
2505 3412 2603 3466 ubi
2631 3415 2921 3486 requiescit
2962 3433 3153 3488 corpus
3181 3419 3238 3475 S.
3273 3421 3500 3496 Martini
3525 3427 3620 3482 ab-

1967 3497 2126 3564 batis,
2158 3497 2311 3551 illius
2360 3498 2632 3569 quondam
2681 3508 2846 3558 terrm
2883 3505 3175 3576 prin-cipis,
3211 3509 3380 3579 cujus
3431 3513 3618 3569 sancti

1961 3585 2155 3640 Vitam
2189 3591 2450 3657 tempore
2481 3587 3072 3647 Northmannicarum
3099 3594 3503 3672 incursionum
3525 3602 3619 3658 de-

1964 3673 2249 3745 perditam
2282 3673 2463 3730 fuisse
2493 3674 2758 3748 deplorat
2799 3677 2954 3734 idem
2989 3685 3208 3750 auctor,
3237 3684 3297 3738 in
3331 3702 3613 3761 magnum

1963 3763 2226 3834 ejusdem
2259 3763 2597 3820 monasterii
2628 3764 3065 3824 detrimentum.

2209 3868 2522 3926 CCXXXVI
2554 3872 2654 3927 bis.
2681 3873 3047 3943 'Privilegium
3064 3878 3369 3936 'Tutelense.

2033 3959 2200 4013 Anno
2244 3959 2532 4031 sequenti,
2583 3960 2676 4017 die
2721 3965 2979 4021 secunda
3023 3966 3308 4037 Januarii,
3343 3971 3612 4032 Urbanus

1963 4047 2156 4102 adhuc
2201 4049 2602 4107 Lemovicibus
2627 4064 2630 4065 '
2655 4052 2908 4110 existens
2951 4055 3328 4130 privilegium
3365 4059 3614 4119 indulsit

1962 4135 2257 4192 Willelmo
2289 4137 2586 4194 Tutelensi
2618 4139 2835 4206 abbati,
2864 4159 2978 4214 quo
3008 4143 3160 4201 bona
3189 4147 3454 4218 ejusdem
3487 4166 3610 4208 mo-

1963 4226 2199 4281 nasterii
2233 4227 2342 4282 sub
2363 4227 2693 4299 apostolicae
2717 4230 2873 4285 sedis
2895 4232 3077 4289 tutela
3096 4235 3373 4308 suscipit;
3408 4240 3610 4296 memi-

1961 4315 2046 4369 nit
2075 4315 2134 4370 in
2166 4332 2231 4370 eo
2260 4316 2518 4386 pontifex
2548 4318 2965 4376 nonnullorum
2995 4321 3248 4380 militum
3280 4325 3337 4381 in
3370 4342 3439 4384 ea
3465 4330 3610 4387 urbe

1960 4404 2470 4473 commorantium,
2491 4406 2563 4462 ob
2595 4405 2751 4462 mala
2781 4425 2889 4464 sua
2919 4410 3178 4468 facinora
3206 4419 3609 4474 excommuni-

1960 4497 2246 4562 catorum,
2273 4510 2525 4565 quorum
2557 4497 2859 4553 occasione
2881 4503 3053 4568 vetat,
3081 4519 3153 4557 ne
3185 4506 3607 4566 monasterium

1960 4581 2156 4653 ipsum
2186 4585 2698 4652 excmnmunicetur,
2733 4586 2845 4642 nisi
2881 4588 3025 4644 forte
3056 4589 3135 4644 ibi
3185 4592 3256 4646 ad
3306 4593 3499 4652 ofﬁcia
3527 4597 3612 4652 di-

195 4659 434 4728 gantur,
469 4661 630 4728 patet
665 4665 951 4732 quantum
1002 4664 1351 4724 aberraverit
1389 4688 1424 4726 a
1460 4689 1592 4730 vero
1630 4676 1850 4734 Bertol-
1880 4695 1928 4761 Ι)
1957 4670 2089 4727 Vina
2121 4671 2604 4728 excommunicﬁti
2630 4673 2713 4728 ίῙῙί
2745 4676 3212 4734 admitterentur-

196 4744 331 4813 dus,
359 4750 564 4803 auctor
590 4747 737 4805 alias
766 4750 948 4806 omni
971 4755 1306 4827 exceptione
1335 4763 1621 4833 superior,
1658 4768 1756 4838 qui
1790 4769 1848 4826 in

193 4833 483 4891 Chronico
533 4838 769 4911 scripsit
816 4839 1117 4899 Urbanum
1169 4844 1278 4902 hoc
1331 4866 1484 4907 anno
1536 4833 1851 4914 Natiaitatis

195 4924 502 4983 Dominicee
537 4926 683 4983 diem
731 4930 940 4986 Arelati
983 4948 1110 4986 cum
1151 4934 1491 4996 diversarum
1532 4947 1848 5014 provincia-

195 5028 323 5068 rum
365 5016 633 5087 episcopis
685 5019 1074 5089 gloriosissime
1125 5024 1440 5084 celebrasse.
1473 5034 1549 5086 At
1604 5032 1740 5092 licet
1785 5037 1845 5093 in

197 5101 304 5157 hoc
344 5105 642 5173 erraverit,
673 5123 790 5162 non
843 5112 1039 5165 tamen
1089 5115 1177 5167 est
1225 5115 1274 5169 ei
1306 5115 1648 5191 deneganda
1701 5125 1844 5183 fides

196 5195 458 5250 narranti
487 5193 1025 5269 Wirciburgensem
1058 5201 1417 5275 episcopum,
1454 5209 1554 5279 qui
1586 5210 1636 5266 ei
1670 5217 1845 5285 probe

197 5285 373 5336 notus
403 5286 550 5350 erat,
583 5284 738 5341 circa
770 5285 890 5342 haec
936 5290 1201 5360 tempora
1243 5291 1459 5351 relictis
1505 5284 1845 5359 schismati-

195 5386 396 5426 corum
450 5373 738 5445 partibus,
773 5375 844 5430 ad
898 5376 1196 5434 Urbanum
1245 5385 1563 5442 accessisse
1611 5390 1844 5450 absolu-

193 5459 413 5516 tionem
471 5462 546 5517 ab
605 5479 670 5519 eo
728 5463 1071 5536 petiturum.
1117 5469 1310 5537 Quam,
1361 5471 1554 5547 inquit
1608 5478 1724 5550 ille,
1777 5488 1844 5541 ab

190 5564 248 5604 eo
276 5555 590 5607 consecutus
637 5560 744 5614 est;
787 5555 868 5610 ita
906 5559 1089 5612 tamen
1129 5565 1191 5613 ut
1234 5561 1422 5617 eadem
1468 5567 1846 5630 misericordia

192 5653 225 5692 a
254 5639 450 5708 legatis
477 5657 638 5714 papae
667 5645 725 5698 in
760 5645 1056 5702 Teutonicis
1097 5649 1347 5718 partibus
1381 5656 1734 5725 perﬁceretur
1762 5665 1842 5718 ei-

192 5725 328 5783 dem.

2056 4774 2414 4834 CCXXXVII.
2448 4779 2782 4870 Humbqldus
2810 4783 3088 4870 episcopus
3117 4782 3539 4870 Lemovicensis.

2624 4850 2930 4922 deponitur.

2028 4938 2294 4994 Ecclesiae
2335 4939 2832 4997 Lemovicensium
2863 4947 3004 4999 tunc
3030 4951 3276 5016 praeerat
3322 4948 3605 5008 Humbal-

1956 5029 2089 5094 dus,
2121 5028 2221 5100 qui
2261 5027 2321 5082 in
2365 5028 2474 5084 hac
2523 5030 2660 5085 sede
2708 5035 2840 5102 post
2881 5033 3072 5090 varias
3121 5039 3606 5111 concertationes,

1954 5117 2195 5173 obtentu
2236 5117 2563 5174 litterarum
2596 5120 3074 5191 apostolicarum,
3104 5126 3202 5181 sed
3238 5127 3310 5183 ab
3359 5145 3427 5186 eo
3471 5130 3605 5204 ipso

1952 5205 2431 5274 adulteratarum,
2465 5208 2734 5264 ﬁrmatus
2775 5210 2981 5268 fuerat.
3014 5213 3251 5284 Verum,
3285 5233 3418 5275 cum
3460 5236 3605 5292 pon-

1954 5297 2092 5351 tifex
2130 5297 2286 5367 apud
2341 5297 2618 5352 Sanctum
2678 5298 3003 5358 Martialem
3060 5309 3409 5374 versaretur,
3459 5309 3605 5367 forte

1953 5386 2308 5442 Ademarum
2341 5385 2610 5442 abbatem
2663 5386 2978 5460 aliquando
3023 5393 3413 5466 reprehendit,
3447 5401 3601 5470 quod

1953 5476 2111 5531 hunc
2132 5472 2470 5546 episcopum
2495 5476 2716 5548 absque
2737 5493 2842 5533 suo
2865 5484 3008 5536 nutu
3035 5481 3387 5553 admisisset,
3404 5491 3604 5544 contra

1950 5565 2011 5620 id
2045 5564 2199 5636 quod
2251 5563 2445 5619 Romae
2490 5565 2559 5620 de
2606 5580 2672 5621 eo
2720 5571 3008 5625 statutum
3039 5570 3244 5627 fuerat.
3279 5574 3403 5637 Qua
3439 5574 3510 5631 de
3540 5591 3601 5631 re

1954 5652 2238 5710 attonitus
2269 5652 2452 5708 abbas
2502 5653 2728 5712 litteras
2760 5658 3109 5729 apostolicas
3143 5659 3252 5715 sibi
3302 5662 3374 5717 ab
3420 5661 3599 5719 Hum-

1952 5744 2126 5802 baldo
2158 5741 2414 5800 redditas
2454 5744 2714 5816 pontifici
2755 5748 3034 5814 ostendit;
3070 5749 3223 5805 unde
3250 5748 3364 5818 ille,
3400 5751 3602 5812 fraude
