3962 6438
495 461 498 464 ’
533 473 648 540 l75

1851 479 1923 540 B.
1968 471 2271 542 URBA‘NI
2306 473 2360 538 II
2402 476 2662 539 PAPJE.

3809 470 3912 534 170

531 613 724 681 debat,
759 617 991 668 omnem
1015 625 1254 684 prorsus
1275 610 1544 667 Ecclesiae
1567 611 1946 686 Lugdunensi
1972 612 2170 682 subje-
2198 613 2254 679 Α
2285 611 2440 665 tiliae
2469 615 2525 665 et
2555 610 2777 666 caeteris
2807 608 3036 666 concilii
3069 607 3338 665 Patribus
3364 606 3702 679 conquestis
3732 621 3914 664 mona-

531 702 779 759 ctionem
795 701 1117 774 denegavit.
1129 701 1294 757 Hunc
1307 701 1571 757 imitatus
1583 703 1674 756 est
1687 701 2085 773 Rothomagen
2094 700 2175 757 sis

531 791 795 857 antistes,
827 791 995 861 cujus
1026 791 1323 862 provincia
1351 794 1490 845 tunc
1523 791 1879 847 Francorum
1916 789 2174 846 dominio

532 881 793 951 subjecta
811 897 924 936 non
954 884 1096 946 erat,
1122 885 1295 952 atq‘ue
1321 881 1461 936 adeo
1485 880 1629 935 nihil
1656 881 1773 936 fere
1796 885 1930 935 tunc
1955 879 2174 951 profuit.

528 968 788 1025 Gebuino
821 969 1080 1040 Gregorii
1111 971 1432 1025 decretum.
1463 971 1535 1024 At
1557 969 1720 1041 Hugo
1751 973 1882 1040 post
1929 967 2175 1024 Gebuini

531 1057 757 1114 obitum
780 1075 810 1114 e
831 1058 1025 1116 Diensi
1058 1060 1127 1114 ad
1152 1059 1561 1132 Lugdnensem
1588 1058 1906 1113 Ecelesiam
1929 1061 2052 1112 tran
2063 1057 2177 1111 sla-

531 1151 655 1215 tus,
684 1148 785 1219 qui
807 1148 879 1204 ob
902 1148 1246 1204 vieariatum
1270 1149 1427 1204 sedis
1448 1147 1779 1220 apostolica
1802 1147 1911 1202 sibi
1936 1148 2178 1201 deman-

531 1237 736 1293 datum
769 1237 1025 1294 maxima
1055 1237 1395 1293 auctoritate
1428 1236 1700 1308 pollebat,
1734 1252 1966 1291 omnem
2000 1235 2179 1290 movit

532 1325 809 1398 lapidem,
830 1330 894 1382 ut
914 1327 1232 1398 primatum
1247 1325 1370 1382 sedi
1385 1343 1502 1381 suae
1525 1329 1830 1390 assereret,
1855 1327 2178 1395 nactusque

530 1415 869 1488 praeclaram
881 1417 958 1471 bu
957 1417 1057 1486 jus
1078 1416 1160 1471 rei
1181 1415 1521 1488 prastandae
1536 1415 1922 1482 occasionem,
1939 1429 2175 1469 causam

531 1505 602 1559 ad
624 1503 937 1560 concilium
960 1503 1479 1560 Claromontanum
1522 1502 1730 1558 detulit
1777 1519 1904 1574 quae
1945 1502 2071 1573 jam
2119 1502 2176 1558 in

526 1592 702 1650 variis
740 1592 1067 1650 minoribus
1116 1593 1378 1650 conciliis
1429 1592 1648 1666 agitata
1697 1593 1903 1648 fuerat.
1955 1592 2179 1648 Citatus

529 1681 834 1738 Hicherius
863 1682 1239 1748 Senonensis,
1274 1682 1376 1754 qui
1399 1697 1657 1754 praesens
1683 1683 1905 1750 aderat,
1931 1687 2062 1754 post
2080 1698 2178 1737 va-

528 1771 646 1827 rias
673 1771 1205 1845 tergiversationes,
1236 1779 1372 1827 eum
1405 1773 1475 1827 de
1497 1772 1591 1826 die
1634 1771 1693 1825 in
1739 1770 1892 1826 diem
1937 1785 2179 1842 respon-

530 1860 665 1916 dere
697 1861 974 1929 differret,
1005 1864 1168 1918 sexta
1195 1861 1288 1916 die
1320 1875 1498 1917 causa
1529 1859 1735 1916 cecidit
1759 1877 1771 1929 ;
1793 1877 1858 1915 ac
1879 1863 2012 1932 post
2032 1860 2179 1915 duas

532 1948 677 2006 alias
707 1949 855 2020 dies,
890 1967 1024 2006 cum
1056 1950 1248 2006 adhuc
1279 1949 1670 2005 obedientiam
1703 1948 2178 2021 promittentibus

531 2039 661 2109 ejus
687 2039 1089 2113 sufi‘raganeis,
1115 2055 1245 2095 eam
1266 2038 1602 2111 promittere
1624 2038 1988 2105 detrectaret,
2015 2035 2176 2109 pallii

532 2144 644 2184 usu
670 2131 726 2184 et
745 2128 1156 2199 jurisdictione
1179 2129 1240 2184 in
1286 2145 1424 2184 suos
1474 2129 1871 2199 suifraganeos
1919 2126 2178 2199 privatus

531 2222 641 2283 est,
676 2218 857 2274 donec
886 2218 1115 2274 decreto
1142 2219 1586 2289 obtemperaret.
1640 2217 1850 2273 Eadem
1901 2233 2070 2288 pcnna
2119 2216 2177 2270 in

529 2305 1033 2379 archiepiscopum
1066 2306 1614 2379 Rothomagensem,
1647 2305 1747 2376 qui
1780 2305 2030 2360 concilio
2063 2321 2178 2360 non

530 2394 828 2465 intererat,
846 2397 1076 2451 decreta
1093 2398 1198 2463 est,
1226 2394 1341 2450 nisi
1367 2395 1520 2450 intra
1542 2399 1658 2449 tres
1684 2410 1916 2450 menses
1937 2393 2177 2465 primati

532 2483 914 2556 Lugdunensi
933 2484 1357 2555 subjectionem
1371 2486 1590 2554 scripto,
1613 2483 1882 2555 siquidem
1902 2483 2024 2538 viva
2057 2497 2181 2539 voce

525 2587 634 2628 non
679 2575 858 2644 posset
911 2573 1297 2645 polliceretur,-
1336 2576 1510 2645 atque
1559 2590 1624 2628 eo
1675 2577 1841 2644 pacto
1886 2571 2179 2644 primatus

527 2661 940 2733 Lugdunensis
968 2661 1028 2716 in
1061 2679 1158 2717 eas
1192 2661 1464 2718 ecclesias
1494 2660 1757 2717 invaluit.
1798 2660 1931 2716 Haec
1981 2659 2180 2716 omnia

527 2749 718 2806 fusius
749 2750 1012 2822 exposita
1036 2754 1175 2806 sunt
1206 2751 1264 2805 in
1296 2750 1459 2806 bulla
1487 2750 1706 2807 Urbani
1739 2767 1807 2806 ea
1837 2751 1907 2806 de
1948 2766 2010 2804 re
2049 2752 2182 2821 post

531 2837 754 2910 aliquot
784 2839 909 2894 dies
941 2839 1096 2894 data.

812 2926 1036 2984 CCXVI.
1065 2929 1156 2982 Lis
1185 2927 1252 2982 de
1271 2928 1698 2983 Satmoriaeensi
1736 2943 1893 2998 pago.

598 3015 765 3073 Haud
796 3015 1008 3072 minori
1035 3015 1402 3072 contentione
1417 3015 1697 3088 agebatur
1713 3019 1774 3072 tu
1783 3033 1854 3072 nc
1870 3015 2175 3087 temporis,

531 3104 674 3160 linet
702 3121 812 3161 noe
841 3105 989 3161 tanti
1020 3104 1194 3160 fuerit
1241 3104 1542 3172 momenti,
1593 3104 1984 3160 controversia
2032 3105 2183 3160 inter

530 3193 855 3251 Guidonem
866 3194 1256 3252 Viennensem
1271 3192 1867 3266 metropolitanum,et
1878 3192 2180 3267 Hugonem

531 3283 1132 3356 Gratianopolitanum
1144 3283 1484 3356 episcopum
1499 3284 1568 3339 de
1582 3282 2121 3356 pagoSalmoriacen
2130 3284 2180 3339 si

2285 699 2430 768 chis,
2450 699 2892 771 arehipiscopus
2916 699 3134 755 factum
3158 697 3406 771 negavit,
3426 696 3474 753 si
3497 696 3804 765 monacho,
3828 697 3913 770 qui

2286 787 2548 843 libellum
2591 788 2671 843 De
2703 788 2883 861 gestis
2932 787 3503 860 archiepiscoporum
3553 791 3609 843 et
3651 787 3915 842 abbatum

2288 878 2339 931 Μ
2349 879 2400 947 nj
2409 877 2489 931 ori
2498 877 2894 934 s-Monasterii
2913 894 2946 932 a
2962 876 3225 933 Bochelle
3243 875 3465 932 editum
3482 876 3736 948 scripsit,
3759 876 3916 931 ﬁdem

2287 966 2630 1035 habeamus,
2649 967 3064 1038 responditque
3083 966 3239 1038 quod,
3259 967 3308 1021 si
3320 966 3433 1022 tale
3451 965 3672 1038 aliquid
3691 982 3921 1036 unquam

2285 1071 2354 1110 ex
2381 1057 2496 1125 ejus
2525 1073 2616 1112 ore
2632 1060 2894 1124 evaserat,
2909 1056 3036 1127 plus
3056 1071 3126 1110 ea:
3145 1057 3500 1112 commotione
3521 1071 3645 1110 eum
3675 1055 3918 1126 indigna-

2286 1147 2430 1199 tione
2459 1147 2656 1214 animi,
2691 1162 2854 1216 quam
2874 1162 2943 1201 ex
2962 1145 3354 1201 deliberatione
3367 1147 3705 1217 processisse.
3727 1144 3920 1199 Visum

2288 1234 2485 1305 itaque
2516 1239 2625 1301 est,
2660 1233 2895 1290 omissis
2928 1234 3406 1300 circumstantiis,
3455 1249 3694 1290 causam
3743 1233 3920 1306 ipsam

2287 1323 2617 1378 accuratius
2647 1323 2999 1379 examinare.
3034 1324 3222 1388 Quare
3251 1324 3510 1396 repetitis
3550 1323 3646 1391 iis,
3697 1339 3822 1396 quae
3868 1321 3922 1376 in

2283 1412 2463 1467 variis
2495 1411 2755 1468 conciliis
2786 1429 2851 1468 ac
2883 1413 3265 1468 conventibus
3295 1413 3514 1486 agitata
3533 1417 3591 1468 et
3611 1413 3841 1468 decreta
3861 1412 3926 1466 de

2287 1501 2397 1556 hac
2428 1518 2488 1556 re
2518 1502 2765 1569 fuerant,
2816 1502 3074 1574 pontifex
3113 1500 3482 1575 privilegium
3513 1519 3547 1558 a
3594 1517 3656 1557 se
3703 1500 3924 1572 Majori-

2289 1590 2639 1646 Monasterio
2653 1607 2994 1648 concessum
3014 1608 3210 1647 coram
3228 1591 3387 1648 omni
3405 1607 3683 1648 consessu
3702 1589 3928 1647 recitari

2291 1680 2459 1735 fecit:
2494 1685 2618 1734 tum
2652 1696 2785 1736 eum
2816 1681 3018 1752 paucis
3052 1681 3244 1737 verbis
3275 1682 3753 1747 demonstrasset,
3788 1678 3928 1734 nihil

2290 1769 2346 1823 in
2377 1786 2442 1824 eo
2483 1769 2788 1837 contineri,
2843 1771 2996 1842 quod
3027 1787 3061 1825 a
3092 1771 3228 1826 sede
3275 1770 3595 1844 apostolica
3643 1768 3930 1842 indulgeri

2289 1875 2404 1912 non
2455 1858 2727 1929 potuerit,
2776 1859 2916 1914 illud
2962 1861 3284 1916 auctoritate
3331 1861 3449 1927 Dei,
3496 1864 3551 1915 et
3597 1859 3742 1914 beati
3785 1859 3931 1914 Petri

2286 1947 2534 2019 apostoli,
2567 1949 2919 2020 omniumque
2948 1950 3313 2022 apostolorum
3341 1956 3394 2005 et
3418 1965 3540 2017 sua,
3568 1949 3723 2004 modo
3762 1948 3933 2004 indis-

2287 2036 2510 2091 solubili
2529 2038 2775 2106 ﬁrmavit
2796 2042 2849 2092 et
2871 2039 3248 2094 auctorizavit.
3272 2038 3482 2094 Latum
3504 2041 3592 2094 est
3611 2037 3722 2093 hoc
3747 2038 3933 2094 decre-

2288 2131 2413 2180 tum
2449 2126 2832 2197 prmsentibus
2861 2143 2930 2182 ex
2951 2144 3068 2183 una
3090 2132 3250 2200 parte
3272 2126 3709 2200 archiepiscopo
3730 2129 3787 2182 et
3809 2127 3932 2198 ejus

2287 2213 2513 2269 clericis
2541 2233 2552 2280 ;
2589 2233 2654 2269 ex
2685 2214 2866 2271 altera
2895 2233 3050 2285 vero,
3087 2217 3380 2271 Bernardo
3411 2217 3624 2273 abbate
3669 2216 3933 2287 Majoris-

2289 2303 2621 2359 Monasterii
2657 2321 2791 2359 cum
2824 2307 2953 2376 ejus
2984 2304 3310 2377 monachis,
3351 2305 3692 2381 interquos
3738 2321 3934 2362 recen-

2289 2397 2491 2449 sentur
2525 2393 2848 2465 Rangerius
2882 2394 3196 2451 cardinalis
3229 2399 3286 2449 et
3325 2393 3798 2466 archiepiscopus
3832 2395 3936 2450 Re-

2289 2481 2530 2555 giensis,
2564 2483 2929 2539 Gausmarus
2959 2484 3141 2540 abbas
3173 2483 3372 2539 Sancti
3416 2484 3567 2539 Petri
3609 2485 3938 2550 Trecensis,

2287 2571 2617 2643 Stephanus
2640 2573 2822 2628 abbas
2844 2572 3238 2642 Nucariensis,
3266 2578 3323 2628 et
3344 2572 3626 2646 Hilgodus
3649 2573 3749 2645 qui
3773 2575 3944 2630 Sues-

2289 2661 2621 2717 sionensem
2657 2662 3060 2734 episcopatum
3106 2662 3429 2719 dimiserat.
3476 2663 3557 2718 Ex
3600 2663 3766 2719 curia
3809 2679 3940 2720 vero

2291 2751 2555 2806 Romana
2585 2755 2896 2822 praesentes
2929 2756 3094 2808 erant
3138 2751 3498 2820 Portueusis,
3548 2751 3831 2821 Pisensis,
3888 2757 3944 2808 et

2289 2839 2612 2912 Signiensis
2643 2839 2920 2912 episcopi,
2948 2840 3274 2897 Riehardus
3297 2840 3492 2897 Sancti
3515 2840 3763 2898 Victoris
3787 2842 3940 2898 Mas-

2289 2927 2432 2983 siliae
2466 2929 2667 2995 abbas,
2703 2929 2869 2997 Hero,
2924 2928 3194 2986 Albertus
3226 2929 3572 2996 cardinales,
3604 2933 3660 2986 et
3689 2929 3814 2985 alii.
3862 2932 3944 2986 Ex

2290 3016 2602 3073 Gallicanis
2634 3016 2922 3091 episeOpis
2953 3018 3117 3092 Hugo
3145 3020 3437 3093 Lugduni,
3459 3021 3701 3076 Amatus
3727 3019 3940 3076 Burdi-

2289 3107 2451 3179 galae,
2495 3107 2828 3180 Raynoldus
2874 3108 3212 3178 Remorum,
3259 3107 3563 3166 Richerius
3609 3110 3937 3177 Senonum,

2290 3194 2610 3251 Rollandus
2644 3196 2954 3265 Dollensis,
2987 3197 3399 3264 Narbonensis,
3441 3197 3726 3267 Axiensis,
3775 3203 3834 3256 et
3872 3216 3943 3255 ex

2290 3283 2569 3357 Hispania
2605 3284 2943 3353 Toletanus,
2992 3285 3451 3360 archiepiscOpi;
3503 3287 3755 3361 episcopi
3801 3304 3945 3344 vero

530 3389 706 3444 quem
738 3377 985 3446 uterque
1015 3390 1133 3430 suae
1163 3389 1290 3429 esse
1321 3371 1588 3428 dioecesis
1620 3373 2024 3428 contendebat.
2061 3372 2173 3428 Res
2207 3357 2249 3425 C
2287 3371 2524 3435 Hoellus
2542 3374 3135 3442 Cenomannensis,et
3152 3357 3944 3449 G'aufridusAndegavensis,

531 3462 854 3518 secundum
869 3462 1195 3534 Hugonem,
1209 3461 1403 3532 utjam
1421 3477 1535 3516 non
1551 3459 1731 3516 semel
1747 3460 1965 3516 factum
1993 3461 2173 3518 fuisse

528 3550 803 3620 diximus,
819 3551 1086 3622 judicata
1106 3553 1213 3618 est,
1239 3551 1339 3621 qui
1364 3567 1397 3604 a
1415 3548 1698 3606 Guidonis
1725 3549 1816 3605 sui
1847 3549 2177 3622 metropoli-

525 3639 647 3695 tani
693 3639 1024 3696 obedientia
1079 3638 1383 3695 absolutus
1429 3638 1556 3706 fuit,
1595 3639 1778 3694 donec
1817 3637 1914 3694 ille
1944 3639 2173 3694 decreto

525 3727 754 3785 concilii
787 3728 1067 3798 obediret,
1101 3731 1166 3784 ut
1194 3727 1319 3800 ipse
1341 3728 1599 3800 pontifex
1621 3727 1680 3782 in
1705 3726 1915 3782 litteris
1938 3728 2008 3784 ad
2041 3727 2176 3782 Gui-

525 3832 734 3888 gonem
756 3819 1031 3874 comitem
1056 3817 1350 3874 acclerum
1365 3821 1422 3873 et
1438 3816 1723 3889 populum
1748 3816 2171 3889 Gratianopoli-

525 3905 732 3961 tanum
763 3905 1095 3962 declaravit.

676 3994 953 4051 CCXVIII.
987 3996 1066 4052 De
1085 3994 1394 4068 privilegiis
1419 3991 1999 4064 Majoris-Monasterii.

596 4084 806 4143 Actum
827 4101 1060 4158 quoque
1081 4084 1161 4141 ibi
1183 4084 1362 4141 est-de
1388 4099 1566 4138 causa
1594 4081 1853 4138 Dolensis
1880 4081 2167 4151 Ecclesiae,

525 4175 696 4246 cujus
722 4174 979 4248 episcopi
1011 4191 1046 4231 a
1065 4173 1424 4231 Turonensis
1445 4171 1784 4244 metropolis
1805 4172 2169 4243 subjectione

525 4279 587 4318 se
616 4263 959 4320 subtrahere
997 4263 1378 4320 conabantur.
1410 4262 1480 4316 Et
1522 4260 1757 4332 quidem
1794 4278 1886 4318 res
1929 4263 2051 4332 jam
2095 4264 2166 4320 ab

523 4350 755 4409 Urbano
783 4352 1027 4408 definita
1054 4353 1262 4419 fuerat,
1296 4350 1381 4406 uti
1406 4348 1690 4419 diximus;
1715 4349 1837 4417 sed,
1872 4350 2011 4422 quia
2040 4350 2169 4407 Rol-

519 4439 537 4495 l
546 4439 1007 4498 andusDolensis
1019 4439 1264 4496 antistes
1275 4438 1453 4511 pallio
1465 4438 2165 4514 donatus,archiepiscopi

521 4529 690 4586 titulo
719 4533 776 4586 et
799 4529 1134 4603 insignibus
1181 4528 1476 4595 utebatur,
1526 4527 1831 4585 verebatur
1878 4528 2161 4586 Radulfus

519 4619 897 4687 Turonensis,
922 4634 994 4674 ne
1014 4617 1144 4688 ejus
1165 4633 1398 4689 quoque
1419 4632 1785 4674 successores
1802 4618 1956 4674 idem
1970 4619 2163 4675 ambi-

2287 3461 2386 3532 qui
2420 3462 2534 3516 duo
2566 3478 2634 3517 ex
2663 3461 2986 3518 Turonensi
3019 3463 3317 3536 provincia
3344 3463 3483 3520 huic
3525 3466 3947 3522 controversia

2285 3551 2720 3623 componendae,
2755 3556 2821 3606 ut
2851 3551 3025 3608 refert
3055 3552 3148 3608 Ivo
3171 3552 3339 3625 epist.
3363 3553 3460 3609 231
3491 3552 3746 3609 multum
3770 3554 3946 3612 insu-

2284 3640 2600 3709 daverant;
2637 3656 2707 3696 ex
2739 3639 2868 3696 aliis
2898 3658 3032 3697 vero
3064 3641 3398 3714 provinciis,
3425 3642 3551 3715 ipse
3583 3643 3675 3698 Ivo
3719 3646 3948 3700 Carno-

2283 3729 2486 3797 tensis,
2521 3729 2818 3785 Johannes
2849 3729 3308 3799 Aurelianensis,
3350 3730 3628 3804 Rogerius
3672 3731 3950 3790 Bellova-

2283 3818 2494 3884 censis,
2528 3818 2962 3888 Namnetensis,
2993 3819 3346 3877 Pictavensis
3395 3825 3451 3877 et
3499 3819 3599 3877 alii
3646 3821 3950 3897 episcopi,

2281 3922 2417 3961 cum
2450 3907 2750 3964 nonnullis
2781 3907 3092 3967 abbatibus
3117 3914 3174 3966 et
3205 3910 3562 3983 proceribus,
3589 3911 3689 3983 qui
3719 3928 3948 3970 omnes

2279 3995 2421 4061 Fiat,
2469 3997 2566 4067 ﬁat
2619 3997 2691 4052 ad
2744 3999 3249 4057 confirmationem
3298 3998 3583 4072 privilegii
3636 4001 3943 4059 acclama-

2277 4089 2502 4140 verunt.

2277 4190 2500 4248 CCXIX.
2547 4193 2672 4250 Alia
2714 4196 2845 4250 item
2892 4194 3186 4266 privilegia
3233 4199 3460 4250 asserta.
3513 4194 3942 4256 Vindoeinense.

2917 4266 3286 4320 Atrebatense.

2344 4355 2678 4428 Approbata
2707 4354 2846 4408 item
2878 4352 3036 4407 fuere
3067 4351 3126 4409 in
3149 4370 3214 4409 eo
3245 4355 3487 4412 concilio
3522 4355 3637 4412 alia
3671 4355 3948 4416 aliarum

2275 4441 2650 4498 ecclesiarum
2674 4444 2730 4497 et
2750 4440 3238 4499 monasteriorum
3263 4443 3582 4518 privilegia.
3608 4445 3775 4503 Certe
3792 4448 3949 4519 hoc,

2273 4531 2426 4587 sicut
2449 4534 2507 4586 et
2535 4531 2656 4601 ipse
2682 4529 2953 4585 Urbanus
2972 4528 3030 4585 in
3049 4531 3224 4588 variis
3248 4535 3567 4606 rescriptis,
3592 4535 3663 4591 de
3685 4537 3781 4591 sui
3803 4553 3958 4595 mo-

2272 4618 2510 4674 nasterii
2542 4615 2840 4689 privilegio
2874 4617 3129 4676 affirmat
3153 4621 3446 4678 Goﬂ’ridus
3467 4623 3954 4686 Vindoeinensis

518 4711 674 4763 rent:
699 4722 880 4778 quare
901 4705 1090 4762 effecit
1110 4711 1176 4761 ut
1198 4705 1416 4762 Urbani
1440 4707 1510 4762 de
1525 4708 1882 4780 subjectione
1896 4707 2160 4765 Dolensis
2190 4725 2238 4788 D
2270 4707 2472 4774 abbas,
2523 4705 2624 4760 lib.
2659 4722 2718 4776 Il,
2751 4706 2918 4779 epist.
2947 4708 3016 4764 l7
3056 4710 3129 4766 ad
3179 4711 3524 4768 Gaufridum
3575 4713 3951 4788 episcopum

516 4795 785 4852 Ecclesiae
817 4796 1114 4851 decretum
1137 4793 1194 4850 in
1217 4794 1459 4852 concilio
1482 4798 2007 4863 conﬁrmaretur,et
2033 4797 2161 4868 qui-

517 4886 652 4939 dem
684 4881 1006 4940 Rollandus
1035 4884 1280 4941 Radulfo
1311 4885 1756 4959 metropolitano
1785 4903 1892 4942 suo
1923 4885 2158 4942 obedire

517 4973 859 5045 compulsus
872 4977 1052 5042 est,ut
1065 4975 1638 5033 testaturWillelmus
1652 4975 1962 5048 episcopus
1976 4973 2157 5027 Pietas

514 5061 752 5132 viensis,
773 5062 871 5134 qui
893 5067 1024 5120 ante
1047 5065 1447 5139 episcopatum
1470 5066 1626 5121 haud
1651 5064 1898 5119 dubium
1936 5061 1994 5115 in
2035 5061 2156 5133 epi-

515 5151 676 5222 scopi
690 5151 780 5207 sui
799 5152 1074 5210 comitatu
1089 5154 1276 5212 eidem
1290 5154 1534 5211 concilio
1549 5153 1911 5207 interfuerat.
1931 5149 2153 5204 Instru-

514 5243 779 5297 mentum
801 5259 867 5298 ea
883 5244 952 5300 de
974 5261 1033 5301 re
1052 5238 1864 5301 Marteniusnosterretulitin
1894 5243 2151 5295 veterum

513 5329 870 5403 Scriptorum
905 5351 1050 5391 nova
1081 5333 1420 5390 collectione
1451 5347 1504 5400 p.
1539 5329 1626 5381 68.

783 5423 984 5480 CCXII.
1016 5426 1092 5479 De
1122 5423 1343 5478 Dolensi
1373 5416 1860 5487 archiepiscopum.

577 5510 662 5567 Ad
693 5515 960 5569 eamdem
991 5512 1281 5583 synodum
1324 5505 1516 5561 delata
1564 5504 1674 5560 fuit
1712 5521 1889 5563 causa
1925 5508 2052 5580 jam
2085 5509 2145 5566 in

2271 4795 2704 4863 Carnotensem,
2741 4796 2798 4852 in
2830 4814 2946 4870 qua
2974 4797 3190 4855 Urbani
3221 4817 3288 4855 ea
3317 4799 3387 4858 de
3419 4818 3479 4857 re
3505 4802 3812 4860 decretum
3839 4821 3955 4862 ex-

2267 4882 2448 4950 hibet,
2481 4885 2634 4954 quod
2667 4902 2773 4942 suo
2806 4886 2929 4942 loco
2961 4887 3114 4944 inter
3139 4889 3266 4959 ejus
3296 4890 3590 4963 pontiﬁcis
3633 4891 3953 4964 epistolas

2265 4972 2604 5042 proferetur.
2639 4976 2803 5031 Tunc
2834 4976 3011 5033 etiam
3043 4980 3585 5035 excommunicatus
3619 4980 3731 5036 fuit
3754 4981 3952 5054 Eblo,

2264 5063 2508 5118 omnium
2537 5065 2922 5135 religiosorum
2950 5069 3049 5138 qui
3089 5068 3319 5124 aderant
3354 5084 3596 5139 assensu,
3645 5086 3713 5126 eo
3763 5075 3953 5144 quod

2263 5150 2526 5209 Oleronis
2557 5153 2882 5223 ecclesiam,
2920 5173 3045 5228 qua:
3079 5158 3149 5212 ad
3174 5157 3634 5215 Vindoeinenses
3659 5161 3957 5231 pertine-

2212 5314 2220 5319 _
2262 5241 2379 5311 bat,
2411 5243 2626 5315 injuste
2671 5246 2980 5302 retineret:
3017 5247 3187 5318 cujus
3234 5247 3317 5303 rei
3366 5252 3574 5304 testem
3623 5248 3958 5310 habemus

2260 5331 2638 5476 Géillelmum
2668 5334 2992 5409 Aquitaniae
3024 5337 3255 5408 ducem,
3280 5336 3381 5410 qui
3412 5337 3470 5393 id
3494 5337 3555 5393 in
3578 5336 3794 5396 charta
3815 5357 3960 5400 sua

2260 5438 2292 5476 a
2363 5427 2531 5476 rmat.

2258 5427 2531 5478 afﬁrmat.

2327 5512 2611 5584 Tempore
2660 5514 2925 5585 ejusdem
2982 5515 3187 5588 synodi
3245 5515 3615 5590 privilegium
3674 5515 3958 5591 insigne

505 5600 706 5658 multis
719 5594 2143 5675 agitataeonventibusintereumdemRadulphum
2253 5602 2540 5658 concessit
2569 5601 2840 5660 Urbanus
2871 5604 3219 5676 parthenoni
3241 5610 3453 5662 sanetae
3477 5605 3672 5662 Mariae
3697 5606 3962 5665 Santo-

503 5692 560 5746 et
587 5690 906 5748 monachos
937 5684 1562 5756 Majoris-Monasterii,
1596 5703 1743 5761 quos
1774 5687 1871 5744 ille
1911 5689 1998 5745 uti
2045 5707 2141 5748 ex-

505 5778 967 5846 communicatos
998 5774 1199 5834 haberi
1229 5775 1475 5836 volebat.
1501 5777 1581 5835 Ea
1601 5777 1672 5837 de
1693 5793 1754 5838 re
1775 5795 1971 5838 coram
1995 5797 2139 5856 pon-

2250 5690 2472 5760 nensis,
2493 5692 2595 5764 qui
2617 5693 2688 5748 ab
2710 5691 2981 5765 ipsisloci
2996 5693 3399 5753 conditoribus
3420 5695 3699 5753 Romanae
3718 5691 3962 5756 Eccle-

2250 5780 2484 5861 siaejuri
2507 5781 2877 5858 mancipatus
2900 5782 3107 5847 fuerat.
3133 5783 3506 5862 Privilegium
3525 5785 3785 5845 Arsendi
3811 5787 3962 5852 ab;
