3962 6408
128 480 254 544 υτ

1733 478 1947 546 VITA.

3420 479 3543 579 ne

130 612 375 679 batisse
402 614 777 692 inscriptum,
801 614 1005 676 datum
1032 618 1125 676 est
1151 614 1247 675 die
1273 632 1331 674 VI
1362 615 1652 677 Kalendas
1671 614 1778 675 ΒΘ·
1806 615 1863 686 Δ
1891 626 1949 683 et
1969 620 2272 682 comitissa
2298 616 2586 681 Montensi
2615 621 2817 679 contra
2844 614 3139 695 legitimos
3160 615 3462 695 episcopos
3483 621 3536 680 ei

132 702 414 777 cembris.
446 725 601 766 anno
629 708 771 769 1096
800 724 904 782 pro
937 704 1096 775 1093,
1130 711 1197 765 ut
1222 707 1501 783 pleraque
1521 708 1636 766 alia
1656 711 1784 783 ejus

130 799 423 875 temporis
444 802 848 868 monumenta,
856 799 1027 872 juxta
1038 797 1330 856 calculum
1347 800 1625 857 Pisanum
1644 818 1786 875 prae-

128 891 351 949 ferunt.

205 975 831 1038 Observandaomnino
844 982 1081 1046 euntes,
1100 995 1226 1061 quas
1248 980 1320 1037 de
1342 981 1784 1039 conﬁrmatione

130 1070 418 1145 privilegii
437 1069 806 1125 renovationis
832 1075 884 1126 et
910 1070 1270 1125 restitutionis
1290 1070 1546 1129 Ecclesiae
1562 1070 1783 1128 Atreba-

134 1148 535 1219 tensislnarrat
558 1162 760 1215 auctor
796 1159 1108 1215 Gestorum
1162 1160 1469 1217 Lamberti.
1504 1163 1558 1217 Is
1608 1161 1786 1218 refert

133 1250 473 1326 pontiﬁcem
495 1239 589 1305 die
609 1264 668 1304 1v
684 1247 975 1305 Kalendas
1004 1250 1358 1317 Decembris,
1383 1267 1518 1305 cum
1533 1251 1783 1321 jamjam

132 1338 384 1397 concilio
413 1339 591 1395 ﬁnem
621 1341 774 1395 esset
801 1338 1212 1412 impositurus,
1237 1339 1511 1412 jussisse,
1543 1344 1610 1395 ut
1636 1339 1783 1396 illud

130 1418 465 1488 recitaretur
492 1430 555 1486 in
581 1433 865 1502 conspectu
893 1431 1059 1486 totius
1084 1432 1329 1500 concilii,
1360 1432 1422 1486 in
1451 1447 1554 1503 quo
1598 1430 1781 1487 cardi-

128 1521 291 1577 nales
329 1521 562 1576 Romani
588 1520 642 1575 ei
665 1518 1042 1587 consedebant,
1091 1524 1145 1576 et
1191 1521 1585 1593 archiepiscOpi
1615 1522 1702 1589 14,
1733 1528 1784 1577 et

130 1609 374 1683 episcopi
395 1608 525 1680 225,
549 1611 601 1664 et
628 1609 849 1665 abbates
865 1611 1170 1681 nonaginta
1198 1618 1250 1667 et
1268 1611 1525 1683 amplius,
1549 1612 1783 1689 aliisque

124 1696 520 1772 propemodum
548 1697 814 1768 inﬁnistis
838 1700 1104 1770 personis.
1130 1700 1430 1756 Recitatum
1450 1706 1632 1757 autem
1648 1703 1777 1773 fuit,

128 1791 181 1845 et
205 1787 464 1865 distincte
490 1793 542 1843 et
566 1794 750 1859 aperte
777 1787 996 1856 lectum,
1036 1791 1197 1861 atque
1225 1790 1297 1865 ab,
1339 1791 1491 1845 omni
1534 1806 1783 1847 consessu

131 1879 355 1936 concilii
380 1876 480 1933 sub
506 1892 709 1946 magno
737 1878 959 1934 silentio
986 1878 1192 1934 intente
1219 1878 1487 1947 auditum,
1507 1880 1782 1937 collauda-

1892 716 2138 782 tavente,
2165 713 2426 773 schisma
2445 712 2504 769 in
2535 729 2604 769 ea
2634 709 2890 769 Ecclesia
2910 711 3144 780 foveret,
3169 713 3237 767 ut
3254 709 3539 769 discimus

1891 822 1963 862 ex
1990 804 2187 862 libello
2218 805 2299 862 De
2325 802 2749 861 restauratione
2800 801 2999 859 Sancti
3038 800 3273 858 Martini
3318 802 3539 860 Torna-

1890 896 2086 952 cencis
2107 894 2397 969 Spicilegii
2421 897 2579 950 tomo
2600 893 2643 960 Ι,
2667 896 2725 949 et
2744 908 2812 949 ex
2830 890 3008 948 variis
3027 890 3291 964 epistolis
3309 894 3471 948 tomo
3490 891 3541 948 ν

1893 985 2399 1043 Miscellaneorum
2422 984 2638 1040 Baluzii
2660 982 2879 1039 relatis.
2904 982 2999 1037 Ηω
3031 981 3215 1036 turbas
3247 982 3539 1038 Summar-

1891 1075 2089 1132 thanis
2120 1075 2353 1131 errandi
2403 1074 2767 1131 occasionem
2816 1072 3192 1146 praebuerunt
3240 1070 3301 1126 in
3352 1070 3538 1127 Gallia

1892 1164 2242 1233 Christiana,
2265 1163 2526 1221 ubiduos
2549 1163 2849 1219 Manasses
2873 1162 3142 1232 duosque
3163 1158 3538 1217 Gualcherios

1890 1254 2258 1310 admiserunt
2284 1253 2379 1309 his
2407 1252 2789 1326 temporibus,
2821 1252 2893 1307 ob
2921 1250 3086 1307 varia
3124 1249 3535 1306 instrumenta.

1891 1343 1951 1399 in
1984 1343 2200 1416 quibus
2240 1343 2561 1409 Manasses,
2612 1345 2741 1397 tum
2786 1337 3189 1407 Gualcherius,
3239 1340 3298 1395 et
3340 1340 3541 1411 postea

1889 1434 2210 1502 Manasses,
2262 1448 2327 1488 ac
2375 1432 2589 1488 iterum
2629 1429 3017 1487 Gualcherius
3066 1428 3377 1485 memorati
3433 1428 3540 1485 ha-

1890 1511 2123 1579 bentur.

1889 1628 2114 1688 CCXXI.
2149 1628 2408 1686 Cervinus
2438 1630 2715 1701 episcOpus
2744 1625 3125 1683 Ambianensis
3154 1624 3374 1681 abbatis
3401 1624 3537 1682 Cen-

2491 1701 2628 1758 tutae
2651 1700 2927 1771 privatur.

1959 1790 2386 1848 Ambianorum
2407 1788 2726 1846 Ecclesium
2753 1788 2814 1843 in
2845 1788 3050 1843 eadem
3082 1785 3356 1842 Remensi
3395 1801 3535 1859 pro-

1886 1880 2078 1937 vincia
2098 1884 2255 1937 ‘tunc
2284 1879 2520 1954 regebat
2542 1878 2844 1946 Cervinus,
2877 1876 2979 1949 qui
3008 1892 3078 1933 ex
3106 1875 3391 1933 monacho
3434 1874 3539 1931 Re-

133 1975 253 2024 tum
281 1970 333 2025 et
354 1966 741 2038 conﬁrmatum
772 1982 917 2022 anno
947 1968 1050 2024 Dei
1080 1967 1284 2024 Christi
1312 1968 1469 2025 1095.
1493 1969 1640 2025 Hinc
1663 1970 1777 2025 mi-
1808 1988 1856 2054 Β
1887 1969 2144 2043 migiano
2164 1970 2319 2043 apud
2334 1970 2547 2025 Remos
2561 1969 2754 2025 factus
2767 1965 3134 2023 Centulensis
3157 1965 3360 2035 abbas,
3382 1963 3535 2054 hanc

132 2074 268 2133 rum
298 2073 417 2113 non
448 2058 560 2124 est,
592 2056 643 2112 si
669 2056 876 2112 exinde
901 2055 1255 2114 inconcussa
1292 2074 1528 2131 semper
1555 2060 1782 2116 steterit

128 2145 533 2205 Atrebatensis
551 2144 817 2202 Ecclesiae
840 2163 874 2203 a
892 2147 1295 2204 Cameracensi
1315 2148 1624 2221 exemptio,
1652 2165 1780 2222 quas

131 2254 168 2294 a
184 2240 278 2294 tot
292 2236 593 2308 tantisque
614 2235 985 2308 praesulibus,
1008 2241 1143 2309 post
1161 2236 1351 2294 varias
1373 2239 1627 2312 synodos
1648 2257 1780 2313 pro-

127 2324 411 2383 vinciales
441 2328 499 2381 et
528 2324 823 2382 Romanas
849 2324 912 2381 in
942 2325 1198 2399 generali
1245 2328 1485 2383 tandem
1534 2328 1781 2385 concilio

132 2406 508 2489 comprobata
542 2418 600 2471 et
627 2414 971 2471 conﬁrmata
999 2414 1209 2473 fuerat.

130 2503 335 2562 CCXX.
369 2503 617 2561 Schisma
642 2504 705 2558 in
735 2503 1108 2561 Cameracensi
1143 2507 1371 2562 ecclesia
1397 2522 1777 2580 compressum.

200 2592 674 2651 Atrebatensium
696 2609 883 2651 causa;
906 2593 1135 2650 favebat
1155 2594 1417 2651 schisma
1437 2595 1498 2650 in
1521 2594 1783 2654 Camera-

126 2683 295 2741 censi
343 2681 599 2739 Ecclesia
640 2681 732 2739 his
759 2682 1127 2757 temporibus
1172 2684 1507 2754 excitatum,
1559 2684 1783 2742 scilicet

128 2774 285 2830 inter
296 2771 1421 2847 Manassem,exarchidiaconoRemensi
1437 2775 1779 2847 episcopum

125 2861 408 2929 electum,
429 2860 490 2916 in
509 2876 684 2939 quem
700 2859 1019 2918 Remorum
1040 2862 1307 2929 antistes,
1329 2862 1635 2935 provinciae
1659 2880 1780 2921 me-

125 2950 544 3025 tropolitanus,
567 2950 984 3024 propendebat,
1004 2954 1063 3008 et
1078 2950 1493 3009 Gualcherium
1511 2952 1611 3025 qui
1629 2953 1781 3010 hanc

125 3042 327 3099 sedem
349 3038 608 3096 Simonis
626 3039 906 3096 ambiisse
927 3040 1247 3097 dicebatur.
1270 3040 1521 3099 Venerat
1541 3043 1780 3116 quidem

124 3130 239 3188 iste
254 3130 328 3187 ad
351 3128 686 3196 concilium,
708 3146 825 3185 suae
848 3128 1136 3198 Ecclesiae,
1160 3131 1247 3186 uti
1264 3132 1627 3201 autumabat,
1640 3133 1782 3205 jura

130 3222 341 3278 contra
367 3217 776 3275 Atrebatenses
805 3223 1322 3291 propugnaturus;
1356 3223 1434 3290 at,
1484 3238 1621 3277 cum
1672 3238 1781 3278 sua

126 3309 321 3383 ipsius
354 3324 530 3365 causa
549 3307 881 3365 examinata
899 3306 1127 3375 fuisset,
1151 3307 1419 3365 inventus
1441 3315 1532 3365 est
1552 3310 1777 3384 episco-

1890 2061 2089 2116 sedem
2120 2076 2237 2115 non
2255 2059 2476 2131 absque
2495 2058 2769 2115 Simoniae
2790 2054 3122 2129 suspicione
3140 2055 3393 2127 adeptus
3412 2053 3535 2109 fue-

1891 2153 2000 2206 rat.
2034 2149 2343 2221 Utcunque
2371 2152 2568 2203 tamen
2603 2162 2669 2204 eo
2698 2146 2838 2203 vitio
2868 2148 3174 2218 purgatus,
3221 2143 3309 2199 uti
3355 2158 3536 2216 supra

1890 2256 1973 2294 ss.
2006 2237 2112 2294 414
2132 2241 2190 2294 et
2209 2238 2311 2294 134
2332 2236 2610 2305 diximus,
2634 2235 2927 2293 abbatiam
2953 2233 3129 2291 simul
3153 2236 3211 2290 et
3240 2232 3537 2305 episcopa-

1889 2331 2017 2384 tum
2040 2328 2345 2397 retinebat,
2371 2342 2584 2401 magno
2606 2324 2947 2383 monasterii
2963 2324 3179 2383 damno
3191 2323 3362 2395 cujus
3381 2321 3537 2377 bona

1890 2418 1964 2474 ab
1993 2434 2061 2474 eo
2086 2416 2580 2491 dilapidabantur.
2625 2418 2769 2471 Cum
2816 2414 3018 2486 itaque
3064 2410 3229 2469 nulla
3269 2410 3539 2468 subesset

1889 2506 2314 2565 emendationis
2363 2522 2519 2579 spes,
2560 2507 2759 2577 fratres
2808 2503 3168 2570 Centulenses,
3215 2517 3252 2556 a
3286 2499 3539 2556 Remensi

1887 2597 2127 2654 Ecclesia
2154 2595 2462 2653 consilium
2494 2596 2861 2666 acceperunt,
2893 2596 2953 2648 ut
2981 2592 3203 2648 domino
3238 2601 3403 2661 papae
3442 2589 3536 2645 Ur-

1890 2688 2053 2756 bano,
2084 2688 2180 2759 qui
2206 2702 2267 2744 eo
2292 2689 2531 2757 tempore
2577 2683 2873 2741 amcitiam
2917 2682 2982 2737 in
3029 2679 3377 2736 Claromonto
3414 2680 3535 2734 erat

1888 2776 1953 2833 de
1995 2778 2247 2849 proximo
2291 2775 2597 2842 habiturus,
2649 2774 2757 2829 loci
2812 2770 3201 2828 desolationem
3257 2768 3537 2841 aperirent

1890 2874 1940 2923 et
1966 2867 2268 2940 majestatis
2300 2866 2415 2937 ejus
2434 2863 2780 2921 clementiam
2798 2860 3179 2934 implorarent.
3202 2855 3531 2929 thuidem

1888 2973 1983 3013 res
2010 2970 2283 3028 prospere
2313 2953 2397 3011 eis
2426 2950 2729 3009 successit.
2757 2949 2897 3007 Nam
2919 2949 3171 3022 pontifex
3208 2948 3272 3003 in
3302 2944 3533 3002 concilio

1886 3045 2131 3101 residens
2151 3045 2370 3117 prolata
2397 3045 2459 3098 in
2486 3058 2613 3099 eum
2650 3040 2941 3105 sententia,
2991 3039 3176 3095 baculo
3223 3035 3438 3093 abbatis
3481 3036 3535 3089 et

1886 3132 2278 3191 monachorum
2303 3148 2437 3189 cura
2465 3131 2749 3204 spolianda
2778 3129 3030 3186 absolvit.
3052 3128 3183 3184 Haac
3203 3125 3381 3184 dubio
3405 3145 3534 3203 pro-

1888 3221 1981 3279 cul
1998 3239 2178 3279 causa
2197 3222 2307 3278 fuit
2323 3220 2607 3279 condendi
2630 3219 2871 3276 canonis
2888 3219 2921 3275 4
2943 3218 3098 3290 apud
3118 3217 3456 3274 Ordericum
3479 3221 3537 3276 et

1889 3310 2036 3368 alios
2066 3314 2333 3367 auctores
2356 3309 2544 3376 relati,
2568 3326 2683 3383 quo
2702 3311 2953 3377 vetetur,
2974 3323 3048 3363 ne
3069 3306 3201 3380 quis
3216 3306 3535 3380 episcopus

128 3360 248 3473 p'au
280 3397 466 3471 gradu
496 3396 809 3470 indignus;
843 3360 1853 3471 esset;assignato-0
1890 3360 3287 3457 sic“;egisseegisse3;;sissis
3300 3360 3539 3471 gessi-.1
3628 3394 3638 3406 ·

127 3488 352 3544 frustra
381 3485 740 3554 admonitus,
769 3488 836 3541 ut
865 3503 1061 3543 coram
1090 3487 1358 3560 patribus
1406 3488 1531 3560 ipse
1583 3492 1780 3563 ageret

128 3564 375 3635 causam
399 3591 591 3643 suam,
624 3591 760 3631 cum
792 3574 1038 3632 minime
1071 3576 1517 3649 comparuisset,
1541 3577 1608 3633 ab
1630 3580 1783 3635 omni

125 3664 455 3723 sacerdotali
481 3672 533 3721 et
553 3664 850 3737 episcopali
867 3665 1067 3738 ofﬁcio,
1092 3668 1157 3720 ut
1182 3664 1242 3721 in
1273 3665 1462 3722 Gestis
1484 3666 1780 3724 Lamberti

129 3755 368 3829 legitur,
392 3753 717 3826 approbata
733 3752 1026 3810 Manassis
1049 3752 1347 3823 electione,
1372 3755 1649 3827 depositus
1667 3761 1779 3819 est;

126 3845 419 3900 intentata
446 3842 505 3898 in
539 3858 673 3900 eum
702 3842 1325 3911 excommunicatione,
1359 3843 1410 3899 si
1448 3860 1505 3900 se
1549 3846 1782 3902 ulterius

126 3933 200 3989 de
241 3929 512 3988 Ecclesiae
562 3932 1000 3988 Cameracensis
1049 3933 1369 4003 pralotibne
1418 3928 1784 3992 intromittere

125 4025 386 4088 tentaret,
418 4025 484 4076 ut
512 4019 689 4077 habet
718 4020 993 4080 Urbanus
1022 4020 1149 4094 ipse
1177 4021 1239 4077 in
1261 4022 1508 4095 epistola
1542 4039 1609 4079 ea
1630 4024 1701 4080 de
1722 4040 1783 4081 re

127 4111 202 4167 ad
233 4114 682 4167 Cameracenses
711 4110 950 4183 scripta.
976 4111 1030 4167 Is
1055 4110 1290 4183 quidem
1317 4111 1699 4169 Gualcherius
1721 4114 1781 4169 in

128 4199 474 4274 episcopum
508 4216 542 4253 a
570 4198 765 4255 nescio
798 4216 912 4272 quo
963 4204 1340 4257 consecratus
1388 4201 1605 4271 fuerat;
1657 4204 1782 4272 sed,

131 4288 278 4364 quia
322 4288 473 4345 hanc
520 4289 835 4345 electionem
882 4292 934 4345 et
973 4291 1334 4361 episcopalem
1381 4290 1784 4349 Cameracensis

134 4378 397 4435 Ecclesiae
428 4377 853 4434 benedictionem
887 4379 1239 4453 subripuerat
1277 4396 1377 4451 per
1426 4382 1781 4452 invasionem,

134 4471 186 4526 et
230 4482 335 4540 per
379 4482 577 4523 manus
626 4467 848 4523 Henrici
897 4469 1353 4525 erceommunicati
1395 4471 1783 4542 imperatoris;

40 4546 47 4551 ’
135 4559 391 4614 sanctum
426 4556 719 4613 concilium
763 4555 1076 4629 adjudicato
1120 4557 1376 4615 Manassi
1425 4558 1782 4632 episcopatu,

137 4644 412 4713 decrevit,
442 4648 502 4701 ut
531 4646 593 4701 in
624 4644 1000 4702 Cameracensi
1027 4647 1287 4715 Ecclesia,
1344 4647 1558 4719 rejecto
1608 4647 1784 4704 Gual-

1888 3489 1972 3547 cis
1993 3507 2089 3546 ore
2109 3489 2392 3562 prolatam
2417 3489 2590 3544 refert
2611 3485 2910 3543 Hariulfus
2933 3485 3291 3543 domesticus
3312 3489 3536 3555 auctor,

1886 3579 1947 3636 in
1977 3578 2260 3635 Chronico
2290 3575 2620 3634 Centulensi
2651 3580 2810 3631 tomo
2843 3574 2912 3631 IV
2934 3574 3252 3648 Spicilegii,
3306 3574 3425 3632 ubi'
3455 3575 3538 3632 sis

1887 3669 2173 3725 habetur:
2200 3690 2228 3717 »
2256 3668 2342 3723 Tu
2376 3665 2670 3722 abbatiam
2701 3662 2899 3721 Sancti
2931 3662 3209 3731 Richarii,
3254 3678 3380 3735 quas
3430 3680 3535 3719 no-

1887 3758 2025 3815 bilis
2056 3757 2196 3814 olim
2222 3760 2281 3813 et
2308 3757 2469 3812 dives
2496 3755 2703 3822 fuerat,
2736 3756 2861 3809 tam
2891 3751 3147 3825 pessime
3163 3751 3433 3808 tractasti
3470 3754 3538 3809 ut

1890 3847 2015 3905 suis
2035 3845 2340 3903 ecclesiam
2364 3842 2725 3901 ornamentis
2746 3840 3106 3915 spoliaveris,
3133 3842 3191 3897 et
3216 3839 3536 3898 monachos

1890 3934 2109 3993 multos
2136 3933 2257 3991 tuis
2279 3933 2433 3989 vitiis
2467 3931 2806 3988 resistentes
2836 3926 3068 3985 exsules
3099 3926 3306 3984 feceris
3333 3943 3347 3984 :
3378 3928 3539 3985 unde

1890 4026 2105 4099 dignus
2135 4041 2264 4081 cras
2294 4026 2361 4079 ut
2389 4037 2623 4079 omnem
2656 4018 2905 4093 gratiam
2922 4016 3329 4074 ecclesiasticae
3345 4015 3537 4090 digni-

1889 4114 2027 4170 tatis
2054 4129 2120 4170 ex
2152 4116 2270 4169 toto
2302 4113 2594 4185 perderes,
2627 4108 2806 4165 veluti
2838 4106 3036 4163 ovium
3065 4105 3280 4162 Christi
3313 4109 3535 4163 macta-

1889 4209 2000 4271 tor,
2034 4206 2091 4259 et
2120 4205 2331 4259 sanctis
2361 4199 2630 4257 Ecclesiae
2659 4196 3002 4269 dissipator;
3036 4194 3159 4266 sed,
3193 4209 3265 4249 ne
3295 4193 3435 4250 bina
3480 4196 3539 4251 te

1890 4292 2111 4349 ultione
2134 4291 2303 4348 ferire
2321 4289 2645 4355 videamur,
2668 4289 2790 4344 esto
2812 4288 3124 4342 contentus
3158 4282 3537 4341 Ambianensi

1891 4382 2248 4454 episcopatu,
2283 4394 2457 4451 quem
2486 4382 2606 4433 tam
2653 4376 2796 4432 dure
2852 4371 3181 4446 acquisisti,
3230 4371 3536 4429 monachis

1893 4475 2089 4527 autem
2115 4468 2313 4527 Sancti
2354 4466 2610 4525 Richarii
2660 4464 2737 4522 sit
2778 4463 2946 4536 copia
2991 4460 3245 4535 eligendi
3304 4461 3539 4518 abbatis

1893 4560 1986 4616 cui
2016 4563 2080 4615 tu
2112 4557 2400 4614 contraire
2428 4555 2591 4612 nulla
2620 4553 2841 4611 ratione
2870 4566 3214 4625 praesumus,
3269 4551 3424 4623 quod
3476 4550 3541 4606 in

1891 4650 2104 4705 virtute
2123 4646 2379 4720 Spiritus
2392 4644 2577 4702 sancti
2592 4649 2647 4700 te
2659 4640 3275 4712 observarejubemus.
3296 4660 3326 4690 ››
3347 4637 3542 4695 Rediit
3600 4686 3607 4691 .

135 4733 354 4804 cherio,
376 4734 729 4791 ordinaretur
746 4737 1026 4809 episcopus
1044 4754 1057 4805 ;
1078 4736 1178 4809 qui
1202 4740 1399 4792 tamen
1423 4736 1656 4793 nonnisi
1676 4737 1785 4793 sub
1819 4736 1865 4803 D
1897 4738 2096 4810 itaque
2126 4734 2409 4792 Gcrvinus
2439 4733 2497 4788 in
2527 4749 2696 4789 suam
2719 4732 2915 4789 sedem
2937 4727 3171 4785 abbatis
3201 4725 3541 4783 Centulensi

134 4825 317 4881 ﬁnem
334 4823 472 4880 anni
485 4823 783 4897 sequentis
794 4825 867 4881 ob
889 4824 1122 4882 comitis
1140 4824 1419 4895 Flandriw
1433 4826 1784 4894 absentiam,

136 4918 197 4972 et
223 4913 429 4970 turbas
459 4913 532 4970 ab
560 4913 689 4986 ipso
719 4912 1065 4971 Gualcherio
1104 4914 1383 4971 excitatas
1414 4919 1790 4973 consecratus

138 5006 252 5071 est,
278 5005 346 5059 ut
373 5019 442 5058 ex
469 5002 758 5059 Manassis
783 5003 1086 5060 Remensis
1107 5003 1527 5076 archiepiscopi
1547 5005 1794 5078 epistola

141 5092 215 5149 ad
246 5091 697 5148 Cameracenses
716 5095 896 5165 patet,
922 5093 1192 5165 quamvis
1213 5093 1339 5149 dies
1362 5094 1433 5149 ad
1463 5092 1614 5149 hanc
1654 5111 1791 5151 con-

142 5179 530 5239 secrationem
586 5180 1030 5250 celebrandam,
1082 5183 1145 5238 in
1200 5183 1399 5239 octavis
1459 5184 1794 5240 Pentecostes

144 5269 307 5326 dicta
334 5267 564 5335 fuisset,
595 5273 661 5325 ut
687 5285 755 5325 ex
786 5270 901 5327 alia
930 5271 1195 5343 ejusdem
1227 5270 1656 5343 metropolitani
1677 5272 1795 5344 epi-

146 5358 302 5416 stola
320 5358 393 5415 ad
416 5358 797 5416 Lambertum
815 5360 1257 5417 Atrebatensem
1278 5359 1607 5416 invitatoria
1627 5361 1799 5416 disci-

144 5464 303 5506 mus.
344 5446 603 5505 Manassi
649 5451 854 5523 postea
900 5448 1180 5508 suffectus
1207 5452 1297 5507 est
1325 5450 1448 5506 Odo
1471 5466 1541 5507 ex
1586 5449 1798 5507 abbate

138 5536 501 5595 Tornacensi
551 5538 748 5595 Sancti
791 5538 1048 5608 Martini,
1101 5539 1202 5613 qui
1251 5538 1425 5596 etiam
1460 5556 1494 5596 a
1529 5539 1799 5597 Manasse

141 5625 1039 5699 metropolitano,assistentibus
1053 5629 1416 5686 eiLamberto
1428 5629 1799 5686 Atrebatensi

146 5714 397 5789 aliisque
446 5715 758 5789 provinciae
804 5717 1095 5792 episcopis
1149 5718 1453 5776 ordinatus
1503 5721 1611 5787 est,
1664 5735 1798 5774 cum

146 5805 375 5864 interea
392 5803 798 5877 Gualcherius,
824 5807 1071 5867 Henrico
1093 5807 1442 5882 imperatore
1465 5808 1801 5881 adjuvante,

1896 4826 2175 4900 privatus,
2206 4822 2307 4897 qui
2339 4822 2514 4879 etiam
2547 4827 2677 4893 post
2707 4820 2933 4892 aliquot
2969 4833 3154 4875 annos
3202 4816 3545 4889 episcopatu

1898 4917 2100 4972 cedere
2122 4916 2355 4970 coactus
2383 4910 2444 4967 in
2476 4906 3126 4982 Majus-Monasterium
3160 4904 3421 4974 secessit,
3442 4903 3546 4961 ubi

1897 5009 2101 5078 postea
2129 5003 2439 5060 defunctus
2470 5004 2578 5067 est,
2609 4996 2922 5054 Godel‘rido
2946 4998 3147 5053 sancto
3171 4994 3316 5065 viro,
3335 4994 3396 5050 in
3418 4994 3545 5066 ejus

1898 5094 2091 5150 locum
2122 5110 2192 5148 ex
2222 5093 2430 5149 abbate
2461 5086 2801 5146 monasterii
2830 5085 3024 5141 Sancti
3058 5083 3323 5148 Quintini
3369 5098 3549 5157 prope

1899 5184 2204 5247 Peronam,
2236 5186 2547 5253 postquam
2577 5178 2699 5234 haec
2750 5175 2919 5233 sedes
2965 5173 3145 5230 ferme
3193 5171 3429 5230 biennio
3450 5189 3551 5230 va-

1902 5269 2538 5340 casset,substitutoin
2564 5264 2806 5324 concilio
2852 5262 3127 5321 Trecensi
3179 5277 3332 5320 anno
3382 5262 3545 5332 1095,

1905 5368 1972 5419 ut
2018 5361 2192 5417 refert
2239 5359 2557 5417 Guibertus
2614 5353 2917 5431 Novigenti
2966 5353 3069 5411 lib.
3122 5367 3164 5410 ιι
3218 5351 3363 5410 Vitae
3407 5368 3548 5423 suae,

1906 5468 2032 5524 cap.
2064 5452 2118 5504 2.

1905 5555 2155 5615 CCXXII.
2185 5554 2319 5614 Unio
2350 5557 2806 5681 monasterio/{um
2828 5550 3167 5681 tFigiacensis
3191 5556 3245 5607 et
3278 5546 3555 5607 Conchen-

2553 5642 2630 5681 sis
2701 5642 2822 5681 rma
2849 5642 2903 5681 a.

2553 5642 2630 5681 διδ
2665 5642 2903 5681 armata.

1976 5717 2329 5774 Conﬁrmata
2358 5713 2467 5771 fuit
2496 5713 2554 5769 in
2586 5714 2789 5771 eadem
2835 5712 3283 5770 Claromontana
3330 5706 3558 5779 synodo

1909 5806 2267 5866 Conchensis
2288 5808 2347 5864 et
2368 5802 2722 5878 Figiacensis
2744 5800 3233 5861 monasteriorum
3254 5796 3363 5856 sub
3386 5796 3559 5855 unico
