3962 6388
455 449 575 520 I79

1752 453 1823 518 Β.
1868 451 2165 520 URBANI
2205 451 2262 516 II
2303 451 2558 516 PAPIE.

3744 446 3872 512 180

460 588 671 648 abbate
729 581 899 653 unto;
945 588 1022 658 et,
1083 585 1217 662 quia
1275 589 1478 646 contra
1543 584 1688 645 illud
1757 586 2095 646 institutum
2125 588 2182 658 Α
2210 588 2432 656 turum,
2465 582 2621 660 quod
2653 580 2846 658 reipsa
2875 579 3046 658 paulo
3078 581 3212 656 post
3239 577 3376 640 fecit
3404 592 3600 639 coram
3643 577 3868 640 iisdem

457 679 827 738 Cenabenses
891 679 1161 735 abbatem
1228 679 1540 751 proprium
1599 678 1711 734 sibi
1778 677 2098 751 elegerant,

456 768 616 827 hunc
645 767 872 826 concilii
903 768 1104 824 Patres
1134 759 1670 824 exauctoraverunt.
1701 767 1917 824 Verum
1969 783 2105 822 cum

459 857 584 915 hac
600 874 800 914 rerum
821 855 1126 930 dispositio
1147 857 1668 912 controversiarum
1685 859 2107 929 perenne‘esset

461 947 867 1016 seminarium,
899 946 960 1002 in
984 945 1227 1003 concilio
1255 946 1636 1002 Nemausensi
1667 945 1930 1018 sequenti
1953 962 2104 1001 anno

463 1039 691 1093 mutata
717 1035 847 1104 fuit,
879 1039 946 1091 ut
971 1035 1054 1090 ibi
1084 1035 1369 1092 dicemus.

562 1125 1076 1182 CCXXIII.Anianae
1105 1125 1320 1182 abbatis
1346 1126 1703 1197 praesumptio
1731 1140 1995 1196 repressa.

537 1215 902 1289 Conquestus
924 1218 1012 1271 est
1031 1231 1226 1271 coram
1251 1215 1456 1288 synodi
1473 1213 1742 1270 Patribus
1755 1213 2104 1269 Bertrandus

463 1303 892 1378 Magalonensis
922 1303 1186 1373 antistes,
1211 1305 1297 1360 uti
1339 1303 1512 1360 refert
1533 1302 1730 1358 Gariet
1757 1303 1815 1356 in
1839 1303 2104 1374 ejusdem

462 1391 736 1450 Ecclesiae
773 1392 1178 1466 episcoporum
1226 1391 1504 1457 Historia,
1548 1392 1825 1446 adversus
1869 1391 2104 1446 Petrum

462 1481 700 1540 Anianee
731 1481 1024 1548 abbatem,
1049 1483 1204 1553 quod
1227 1480 1344 1548 ille,
1369 1497 1431 1536 se
1451 1479 1580 1552 ipso
1601 1479 1873 1552 episcopo
1903 1479 2106 1534 dioece-

461 1587 606 1628 sano
635 1569 876 1642 insuper
903 1568 1122 1637 habito,
1155 1573 1381 1625 exteros
1401 1569 1693 1624 antistites
1723 1568 1994 1623 invitaret
2033 1569 2105 1624 ad

459 1659 886 1715 consecrandus
905 1657 1180 1713 ecclesias
1197 1656 1427 1728 aliaque
1445 1655 1801 1729 pontiﬁcalia
1825 1656 2027 1710 munia
2047 1655 2106 1710 in

460 1764 568 1805 suo
589 1747 944 1804 monasterio
973 1746 1372 1818 exsequenda;
1403 1745 1522 1801 imo
1551 1749 1610 1800 et
1639 1746 2106 1800 excommunica-

460 1839 554 1894 tos
601 1834 838 1908 propria
883 1833 1222 1890 auctoritate
1280 1833 1525 1890 solveret
1587 1833 1816 1905 aliaque
1870 1833 2110 1889 auderet

465 1927 672 1982 contra
693 1924 793 1996 jus
817 1921 1084 1980 Ecclesiae
1129 1921 1580 1995 Magalonensis.
1632 1923 1818 1988 Quam
1870 1920 2108 1994 quidem

465 2011 982 2087 praesumptionem
1011 2011 1290 2084 pontifex,
1323 2010 1500 2067 salvis
1528 2014 1728 2066 tamen
1757 2011 2107 2066 Anianensis

467 2100 810 2158 monasterii
838 2099 1182 2174 privilegiis,
1233 2100 1530 2172 repressit,
1581 2100 1926 2156 confirmata
1969 2115 2106 2156 sen-

461 2189 662 2258 tentia,
696 2205 876 2264 quam
904 2189 1043 2247 olim
1077 2188 1404 2246 Alexander
1419 2189 1469 2245 II
1499 2189 1559 2244 in
1581 2189 1760 2245 simili
1793 2205 1968 2245 causa
1979 2190 2106 2260 jam

460 2277 694 2336 tulerat.

567 2365 840 2424 CCXXIV.
879 2367 1057 2425 Variae
1083 2367 1212 2423 alia:
1241 2381 1419 2422 causae
1445 2368 1680 2423 minoris
1709 2368 1986 2423 momenti.

529 2456 734 2515 Plures
764 2455 892 2514 aliae
919 2456 1324 2512 controversiae
1347 2457 1418 2512 ad
1441 2455 1752 2512 concilium
1775 2455 2106 2512 Claromon-

457 2549 666 2604 tanum
695 2545 900 2602 delatae
925 2545 1182 2613 fuerunt,
1215 2545 1317 2602 sed
1351 2561 1476 2618 quae
1497 2544 1645 2600 tanti
1667 2545 1948 2601 momenti
1970 2545 2104 2601 visas

459 2651 574 2692 non
605 2636 747 2692 sunt
766 2633 1026 2706 antiquis
1057 2633 1416 2702 auctoribus,
1441 2637 1505 2688 ut
1520 2650 1619 2690 eas
1641 2633 1982 2707 proferrent,
2007 2639 2108 2690 aut

459 2726 614 2780 certe
641 2721 789 2780 tales
807 2739 924 2778 non
945 2725 1107 2790 sunt,
1129 2737 1254 2793 quaa
1276 2721 1526 2778 debeant
1545 2721 1639 2777 hic
1661 2723 1852 2779 fusius
1873 2723 2100 2796 exponi.

459 2811 541 2869 Ex
567 2810 662 2868 his
699 2810 812 2866 fuit
857 2809 1097 2883 querela
1142 2811 1558 2866 canonicorum
1591 2811 1784 2866 Sancti
1824 2812 2102 2885 Stephani

461 2899 706 2968 Tolosae,
739 2899 840 2974 qui
869 2899 1176 2956 ecclesiam
1195 2899 1378 2956 beatae
1399 2899 1616 2968 Mariae,
1642 2916 1818 2972 quam
1843 2900 1932 2956 sui
1947 2901 2104 2972 juris

458 3005 589 3046 esse
616 2989 1064 3059 contendebant,
1097 3005 1133 3044 a
1161 2987 1640 3046 Cluniacensibus
1670 2989 1971 3062 repetiisse
2020 2989 2104 3044 di-

457 3081 692 3136 cuntur.
711 3077 899 3134 Variae
921 3077 1096 3132 etiam
1116 3077 1441 3134 erantinter
1451 3077 1754 3151 Hugonem
1767 3077 2025 3134 Cluniaci
2049 3082 2106 3134 et

457 3167 732 3224 Pontium
751 3167 910 3224 Casa
927 3165 1026 3222 Dei
1049 3167 1288 3223 abbates
1307 3165 1722 3235 contentiones,
1748 3183 1874 3238 quae
1888 3167 2101 3224 ibidem

454 3255 677 3312 Urbani
707 3255 1067 3325 auctoritate,
1103 3272 1170 3312 ac
1199 3255 1462 3329 Hugonis
1494 3256 1899 3329 Lugdunensis
1927 3260 1984 3312 et
2009 3256 2100 3312 Al-

2213 675 2552 733 memoratis
2566 675 2705 730 viris
2724 675 2880 748 apud
2893 672 3292 744 Silv‘iniacum,
3309 672 3465 745 quod
3479 672 3552 728 ad
3575 671 3870 746 placitum

2214 782 2282 822 ea
2310 765 2383 821 de
2411 781 2472 820 re
2501 764 2784 819 indictum
2817 765 3230 832 convenerant,
3261 766 3328 818 ut
3355 761 3625 834 ejusdem
3662 761 3872 834 placiti

2213 852 2448 926 publico
2480 853 2871 908 instrumento
2903 854 3150 908 constat.
3185 851 3246 907 In
3274 851 3478 906 eadem
3501 851 3724 924 synodo
3748 851 3877 907 Ste-

2214 941 2622 1014 phanusprior
2639 941 2836 996 Sancti
2859 940 3012 996 Flori
3035 941 3192 1012 apud
3221 943 3478 995 Avernos
3502 943 3872 1012 conquestus

2213 1034 2302 1086 est
2317 1031 2598 1086 adversus
2619 1031 2979 1086 Bernardum
2995 1045 3061 1084 ac
3081 1029 3210 1101 ejus
3229 1028 3399 1097 ﬁlios,
3426 1044 3574 1102 quos
3591 1027 3872 1085 Urbanus

2211 1118 2736 1175 excommunicavit
2764 1119 2836 1175 ob
2869 1117 3134 1175 invasam
3155 1117 3464 1174 ecclesiam
3486 1117 3687 1174 Sancti
3706 1118 3870 1174 Mar-

2212 1207 2322 1264 tini
2351 1209 2424 1264 de
2456 1207 2892 1281 Calidis-aquis,
2927 1211 2992 1262 ut
3039 1207 3194 1264 infra
3235 1223 3402 1263 num.
3445 1208 3553 1263 232
3599 1207 3866 1264 dicitur:

2215 1296 2468 1353 similem
2499 1313 2732 1370 pmnam
2764 1295 3002 1369 pertulit
3029 1295 3194 1364 Eblo,
3217 1299 3283 1350 ut
3303 1296 3432 1368 jam
3454 1296 3736 1365 diximus,
3763 1296 3869 1369 qui

2213 1385 2488 1442 ecclesias
2517 1385 3038 1442 Vindocinensium
3070 1385 3129 1441 in
3161 1384 3408 1442 Olerona
3437 1384 3634 1441 insula
3660 1384 3872 1457 inique

2214 1475 2560 1548 occupabat."
2578 1477 2823 1532 Assertsz
2844 1475 3021 1530 etiam
3043 1474 3103 1529 in
3136 1475 3340 1530 eodem
3363 1472 3606 1530 concilio
3627 1473 3874 1530 fuerunt

2215 1563 2582 1620 Cluniacensi
2604 1563 2958 1619 monasterio
2977 1563 3148 1619 variae
3167 1563 3569 1636 possessiones
3585 1580 3740 1636 quas
3757 1563 3878 1620 sin-

2214 1653 2460 1726 gulatim
2490 1669 2788 1708 recensere
2830 1652 3035 1708 inutile
3080 1653 3243 1708 foret.
3300 1653 3415 1709 Nec
3462 1651 3634 1725 plura
3674 1653 3876 1709 dicere

2215 1746 2379 1798 vacat
2407 1743 2479 1798 de
2502 1741 2780 1798 societate
2809 1757 3048 1814 precum
3073 1757 3222 1813 quas
3245 1741 3514 1797 nonnulli
3537 1741 3782 1798 abbates
3806 1759 3878 1798 ex

2214 1830 2391 1886 variis
2421 1830 2733 1902 provinciis
2764 1831 2836 1886 ad
2867 1829 2977 1887 hoc
3001 1829 3315 1887 concilium
3347 1829 3684 1904 congregati
3715 1829 3877 1887 inter

2217 1935 2346 1976 sese
2370 1919 2648 1988 inierunt,
2680 1923 2745 1974 ut
2774 1919 3028 1976 dicimus
3058 1937 3126 1976 ex
3153 1919 3331 1976 veteri
3363 1919 3573 1976 notitia
3601 1921 3734 1992 ejus
3784 1920 3872 1976 rei

2215 2007 2274 2064 in
2304 2025 2416 2064 ms.
2446 2008 2642 2065 codice
2662 2009 3006 2065 monasterii
3030 2007 3282 2064 Illidiani
3303 2008 3570 2080 ejusdem
3593 2009 3762 2064 urbis
3785 2026 3876 2066 re-

2214 2096 2352 2154 lata.
2386 2097 2452 2153 In
2483 2115 2551 2153 ea
2579 2101 2982 2154 memorantur
3009 2114 3145 2154 cum
3177 2098 3384 2154 abbate
3426 2097 3622 2154 Sancti
3663 2096 3868 2170 Illidii,

2216 2187 2453 2242 abbates
2484 2186 2681 2243 Sancti
2703 2186 2996 2255 Florentii,
3031 2185 3227 2243 Sancti
3247 2185 3467 2242 Nicolai
3487 2187 3870 2260 Andegaven-

2215 2275 2320 2344 sis,
2352 2264 2548 2332 Sancti
2577 2275 2848 2349 Cypriani
2875 2292 3055 2348 prope
3086 2276 3408 2345 Pictavum,
3431 2275 3630 2332 Sancti
3661 2276 3867 2332 Savini

2213 2365 2354 2421 item
2377 2365 2532 2438 apud
2554 2365 3154 2432 Pictones,Casaa-Dei:
3175 2369 3303 2421 tum
3325 2363 3600 2421 monachi
3619 2363 3868 2422 Portus-

2213 2453 2336 2520 Dei,
2369 2455 2565 2510 Sancti
2586 2454 2738 2510 Petri
2757 2454 3197 2523 Mauriacensis,
3221 2458 3279 2510 et
3299 2453 3480 2510 abbas
3505 2470 3570 2511 ac
3587 2455 3866 2511 monachi

2213 2543 2408 2599 Sancti
2439 2543 2850 2616 Symphoriani
2876 2541 3278 2600 Thiernensis.

2212 2649 2460 2732 CCXXV.
2485 2649 2778 2732 Expeditio
2807 2667 2966 2732 sacra
2995 2651 3078 2706 ibi
3105 2649 3337 2732 decreta.
3375 2650 3656 2732 ()ratiqnes
3681 2653 3872 2722 ponti-

2309 2722 2444 2792 ﬁcis.
2476 2721 2774 2793 Episc0pus
2803 2721 2964 2777 Podii
2993 2724 3333 2778 exercituum
3358 2721 3475 2776 duc
3501 2721 3752 2793 eligitur.

2280 2809 2497 2866 Verum
2531 2809 2676 2865 nihil
2705 2811 2848 2866 adeo
2891 2810 3120 2866 concilii
3170 2810 3606 2866 Claromontani
3637 2811 3863 2868 famam

2210 2899 2458 2972 posteris
2471 2898 2898 2955 commendavit
2916 2916 2983 2955 ac
2996 2898 3240 2956 celebris
3259 2897 3430 2954 illain
3449 2903 3665 2956 terram
3689 2917 3864 2957 sanc-

2207 2990 2331 3043 tam
2362 2987 2804 3060 expeditio,quas
2830 2987 2910 3044 ibi
2950 2989 3210 3060 primum
3248 2988 3549 3044 communi
3588 2989 3861 3047 omnium

2209 3075 2482 3132 ordinum
2494 3093 2598 3133 con
2606 3093 2783 3134 sensu
2801 3081 2858 3133 et
2875 3077 3161 3150 applausu
3175 3077 3400 3134 sancite.
3412 3082 3468 3134 et
3477 3077 3859 3152 promulgata

2209 3165 2340 3220 fuit.
2374 3165 2591 3222 Urbani
2621 3165 2729 3222 hac
2758 3166 3064 3222 occasione
3111 3167 3171 3222 in
3222 3166 3465 3222 dicendo
3514 3167 3857 3224 facundiam

2207 3252 2451 3310 laudant
2469 3255 2692 3327 passim
2707 3255 2925 3328 vulgati
2948 3259 3236 3324 auctores,
3261 3272 3436 3328 quem
3459 3256 3540 3312 rei
3545 3273 3654 3329 psa
3671 3256 3857 3314 veluti

453 3346 672 3403 deberti
724 3345 1104 3402 Bituricensis
1143 3345 1714 3418 archiepiscoporum
1771 3347 2097 3402 interventu
2131 3329 2174 3396 C
2208 3345 2397 3399 tubam
2443 3345 2704 3400 caelestem
2749 3346 3054 3400 intonuisse
3096 3343 3300 3401 scribit
3347 3344 3643 3418 Eugenius
3671 3345 3749 3402 III
3783 3347 3858 3403 ad

453 3451 792 3509 compressa
819 3435 1074 3503 fuerunt,
1103 3438 1170 3490 ut
1195 3437 1356 3508 patet
1382 3451 1451 3490 ex
1489 3433 1884 3492 instrumento
1915 3453 1983 3492 ea
2030 3437 2100 3492 de

452 3540 515 3582 re
545 3525 808 3582 confecto
833 3541 889 3580 IV
905 3523 1199 3581 Kalendas
1215 3522 1572 3580 Decembris.
1596 3525 1763 3580 Forte
1787 3523 1901 3580 huc
1922 3524 2098 3580 etiam

453 3613 708 3670 revocari
742 3614 914 3671 debet
936 3613 995 3670 id
1017 3615 1172 3686 quod
1197 3613 1494 3670 Paschalis
1514 3611 1558 3668 Il
1581 3612 1757 3669 habet
1785 3613 1845 3668 in
1876 3613 2102 3688 privile-

450 3703 544 3776 gio
573 3706 630 3758 S.
661 3703 894 3776 Hugoni
923 3720 1019 3760 an.
1046 3704 1186 3758 1100
1211 3719 1488 3759 concesso
1509 3701 1662 3758 edito
1693 3702 1752 3758 in
1780 3703 2099 3776 appendice

447 3790 595 3847 Bibl.
629 3790 1050 3858 Cluniacensis,
1084 3789 1184 3845 ubi
1206 3791 1464 3861 pontifex
1483 3792 1792 3847 conﬁrmat
1811 3793 2010 3848 omnia
2029 3794 2100 3850 de

448 3877 646 3950 quibus
674 3879 736 3933 in
764 3878 1009 3934 concilio
1023 3877 1468 3934 Claromontano
1480 3879 1758 3936 adversus
1780 3897 1914 3936 eum
1944 3883 2102 3938 nulla

448 3967 676 4039 quaestio
703 3968 854 4022 mota
875 3973 972 4021 est.
1007 3965 1169 4020 Idem
1201 3969 1440 4022 sanctus
1477 3969 1643 4040 Hugo
1674 3967 1746 4022 ad
1787 3968 2099 4025 concilium

445 4053 655 4112 detulit
673 4053 1181 4110 Silviniacensium
1201 4054 1621 4110 monachorum
1637 4071 1871 4111 causam
1899 4057 2098 4112 adver-

445 4157 550 4201 sus
576 4141 1059 4200 Archimbaldum
1089 4141 1360 4198 Borbonii
1390 4135 1738 4216 principem,
1771 4160 1890 4212 eos,
1923 4149 2098 4202 utsu-

445 4249 554 4307 pra
573 4232 703 4304 jam
723 4230 1002 4300 diximus,
1035 4247 1240 4288 vexare
1259 4235 1592 4305 pergentem
1620 4232 1888 4306 exemplo
1910 4234 2096 4291 Patris

447 4321 562 4392 sui,
587 4320 687 4394 qui
713 4320 932 4376 frustra
958 4337 994 4376 a
1021 4321 1192 4378 beato
1222 4320 1431 4376 abbate
1463 4320 1797 4392 frequenter
1835 4323 2096 4379 monitus

444 4413 502 4468 et
530 4411 590 4466 in
616 4410 836 4484 synodo
857 4408 1100 4466 Cariloci
1119 4426 1187 4466 ea
1207 4409 1510 4466 occasione
1539 4409 1742 4466 habita
1780 4412 2094 4484 reprehen-

445 4515 568 4568 sus,
603 4497 837 4556 nonnisi
868 4498 1041 4555 morti
1074 4497 1373 4572 proximus
1416 4499 1759 4572 resipuerat,
1814 4499 1912 4557 Ille
1958 4517 2092 4559 vero

442 4587 627 4663 patris
657 4587 772 4656 sui,
805 4587 924 4644 imo
953 4591 1009 4642 et
1053 4604 1318 4653 suorum,
1369 4590 1434 4643 ut
1480 4603 1661 4660 supra
1707 4589 1815 4644 202
1865 4590 2087 4647 dictum

2208 3433 2561 3490 Ludovicum
2596 3434 2948 3490 Francorum
2980 3449 3196 3507 regem,
3221 3437 3286 3488 ut
3309 3434 3361 3488 si
3381 3434 3451 3489 ad
3475 3433 3730 3490 similem
3757 3451 3858 3492 ex-

2207 3521 2561 3594 peditionem
2575 3523 3010 3596 suscipiendam
3023 3523 3181 3579 anim
3191 3538 3287 3578 um
3302 3523 3371 3578 ad
3369 3523 3861 3596 jiceret.Audien-

2207 3611 2319 3666 dus
2331 3628 2399 3667 ea
2417 3611 2570 3668 dere
2589 3611 2903 3668 Guibertus
2924 3611 3224 3684 Novigenti
3239 3612 3444 3680 abbas,
3459 3613 3566 3684 qui
3579 3613 3854 3684 postlau-

2207 3701 2403 3756 datam
2421 3700 2712 3773 pontificis
2727 3700 2786 3755 in
2809 3717 2877 3756 ea
2895 3701 3258 3774 expeditione
3279 3700 3710 3775 promulganda
3731 3719 3854 3760 ma-

2207 3789 2678 3863 gnanimitatem,
2700 3788 2783 3844 sic
2805 3805 2939 3845 eum
2961 3789 3203 3845 concilio
3225 3789 3629 3863 praesidentem
3650 3807 3861 3864 reprae-

2209 3881 2434 3934 sentat:
2481 3879 2624 3933 Erat
2677 3877 2758 3933 ibi
2807 3885 3046 3950 spectare
3096 3895 3262 3952 quam
3311 3895 3507 3936 serena
3533 3904 3537 3908 ·
3561 3883 3853 3951 gravitate,

2205 3966 2504 4038 ponderosa
2533 3967 2781 4022 comitate
2799 3967 3154 4040 praesideret;
3183 3972 3252 4040 et,
3307 3976 3370 4025 ut
3411 3969 3628 4025 Sidonii
3672 3971 3857 4027 verbis

2205 4062 2352 4120 utar,
2380 4071 2546 4126 quam
2559 4057 2811 4128 piperata
2826 4057 3092 4128 facundia
3111 4057 3182 4112 ad
3202 4058 3406 4130 objecta
3433 4057 3695 4130 qualibet
3707 4076 3856 4132 papa

2205 4143 2607 4227 disertissimus
2627 4145 2926 4203 detonaret.
2959 4147 3257 4204 Notabalur
3294 4150 3501 4219 quanta
3538 4149 3625 4202 vir
3650 4148 3854 4204 claris—

2203 4235 2376 4289 simus
2397 4234 2657 4290 modestia
2694 4236 2961 4292 tolerabat
3004 4253 3131 4292 suas
3162 4237 3496 4293 tumultuose
3536 4252 3730 4292 causas
3758 4240 3853 4293 in-

2202 4325 2506 4394 gerentium
2531 4325 2936 4397 loquacitatem,
2977 4341 3142 4396 quam
3165 4341 3370 4396 parum
3412 4327 3851 4398 appretiabatu-r,

2200 4414 2317 4468 nisi
2327 4413 2624 4469 secundum
2643 4415 2830 4480 Deum,
2855 4415 3164 4487 cujuspiam
3179 4415 3631 4486 personalitatem
3645 4431 3667 4477 ;
3689 4416 3847 4488 quod

2202 4501 2262 4556 in
2292 4519 2359 4558 eo
2391 4502 2642 4558 maxime
2667 4503 2955 4574 apparuit,
2991 4503 3075 4558 uti
3107 4504 3483 4576 prosequitur
3502 4503 3600 4558 ille
3623 4508 3848 4572 auctor,

2198 4591 2338 4664 quod
2365 4593 2686 4664 Philippum
2709 4607 2900 4664 regem
2930 4594 3087 4647 tanta
3114 4595 3440 4648 auctoritate
3477 4596 3853 4650 excommuni-

439 4681 550 4748 cst,
574 4677 1000 4751 promissorum
1024 4676 1285 4750 pontiﬁci
1307 4676 1592 4732 factorum
1614 4677 1942 4750 immemor,
1977 4681 2086 4737 Sil-
2117 4702 2164 4767 Β
2197 4684 2358 4750 cavit,
2392 4689 2451 4736 ut
2481 4681 2892 4736 intercessiones
2941 4681 3320 4754 spectabilium
3362 4697 3750 4753 personarum,
3802 4688 3855 4739 et

437 4765 665 4824 viniaco
695 4766 888 4823 adhuc
919 4770 1046 4823 erat
1073 4765 1354 4822 infestus:
1387 4782 1566 4838 quare
1595 4767 1764 4840 Hugo
1816 4773 1882 4824 ut
1911 4769 1970 4825 in
2003 4771 2086 4826 in-

438 4859 768 4914 strumento
797 4855 1017 4912 ibidem
1046 4854 1282 4910 laudato
1326 4855 1594 4924 refertur,
1634 4857 1693 4910 in
1733 4857 1835 4913 illa
1877 4875 2084 4931 magna

437 4945 661 5018 synodo,
694 4961 811 5016 quae
839 4945 985 5016 apud
1013 4945 1400 5000 Arvernensem
1422 4944 1691 5000 celebrata
1711 4954 1791 5002 est
1808 4949 2083 5005 civitatem

439 5033 628 5091 damni
659 5048 824 5106 papae
865 5033 1094 5089 auribus
1134 5032 1247 5088 haec
1291 5035 1587 5090 intimavit.
1639 5035 1703 5090 At
1747 5052 1870 5094 vero
1914 5039 2083 5094 isdem

435 5139 601 5196 papa,
633 5125 696 5178 ut
719 5138 930 5195 semper
951 5125 1183 5194 paratus
1228 5126 1348 5178 erat
1392 5125 1454 5178 in
1497 5125 1746 5181 omnibus
1780 5127 1904 5198 jam
1950 5128 2084 5182 dicti

430 5214 610 5286 patris
639 5211 1009 5286 obtemperare
1024 5213 1178 5281 votis,
1202 5216 1412 5270 evocato
1437 5212 1507 5269 ad
1525 5215 1816 5270 concilium
1835 5216 2078 5270 Ars-him-

439 5301 618 5371 baldo,
652 5301 724 5358 ad
769 5303 868 5359 hoc
910 5303 1082 5374 coegit
1125 5306 1186 5357 ut
1225 5305 1566 5375 promitteret
1609 5320 1664 5360 se
1703 5307 1869 5376 juxta
1914 5307 2085 5360 consi-

437 5391 580 5448 lium
607 5391 1001 5464 archiepiscopi
1028 5392 1387 5448 Bituricensis
1415 5395 1466 5448 et
1493 5395 1700 5466 epicOpz
1753 5393 2078 5464 Aniciensis,

437 5478 739 5538 Guillelmi
769 5497 1001 5553 quoque
1030 5481 1101 5537 de
1129 5481 1306 5551 Baﬁa,
1339 5481 1389 5538 is
1419 5485 1508 5538 est
1538 5481 1640 5554 qui
1670 5483 1729 5537 in
1752 5481 1946 5538 locum
1969 5487 2081 5538 Du-

435 5569 607 5626 ranni
637 5569 895 5642 episcopi
916 5569 1350 5626 Claromontani
1372 5571 1629 5626 defuncti
1655 5573 1934 5628 suffectus
1969 5577 2079 5643 est,

435 5663 494 5715 et
524 5658 774 5715 aliorum
805 5660 1192 5732 quorumdam
1225 5659 1512 5716 nobilium
1564 5660 1821 5714 virorum
1871 5666 2080 5720 cuncta

440 5765 616 5822 prave
646 5767 680 5805 a
709 5766 771 5806 se
802 5754 1000 5807 contra
1023 5751 1307 5806 domnum
1331 5749 1600 5805 abbatem
1627 5753 1791 5822 gesta
1806 5752 2078 5811 emenda-

2194 4771 2588 4842 multiplicium
2640 4785 2933 4825 munerum
2989 4771 3264 4828 illationes
3322 4773 3746 4843 contempserit,-
3804 4777 3858 4828 et

2191 4859 2333 4932 quod
2361 4861 2512 4913 intra
2540 4859 2700 4927 regni
2727 4859 2898 4930 ipsius
2925 4859 3308 4916 demorabatur
3335 4861 3539 4917 limites
3561 4875 3676 4917 non
3703 4862 3850 4918 exti-

2192 4949 2414 5002 muerit.

2263 5035 2468 5091 Finitis
2497 5033 2692 5106 itaque
2717 5036 2895 5092 variis
2926 5037 3202 5112 negotiis,
3241 5054 3368 5112 quas
3413 5039 3486 5095 ad
3531 5037 3852 5096 concilium

2191 5123 2382 5180 delata
2413 5125 2660 5191 fuerant,
2707 5125 2982 5198 pontifex,
3029 5131 3096 5183 ut
3136 5129 3421 5185 Robertus
3463 5126 3850 5200 Remigianus

2191 5213 2371 5269 abbas
2401 5215 2593 5282 refert,
2629 5215 2729 5287 qui
2762 5231 3014 5287 praesens
3041 5217 3260 5285 aderat,
3303 5219 3474 5274 exivit
3516 5218 3578 5273 in
3607 5217 3853 5289 quadam

2189 5306 2444 5376 spatiosae
2477 5304 2789 5360 latit-mlinis
2811 5307 2998 5378 platea
3027 5307 3162 5378 quia
3185 5323 3295 5364 non
3319 5309 3531 5380 poterat
3575 5307 3704 5362 illas
3754 5323 3851 5363 ca-

2181 5409 2314 5465 pere
2329 5393 2619 5465 cujuslibet
2631 5393 2862 5465 wdiﬁcii
2874 5396 3154 5464 clausura,
3175 5396 3277 5452 ubi
3294 5396 3641 5464 orationem,
3659 5411 3847 5468 quam

2189 5482 2344 5540 idem
2362 5487 2566 5539 anetor
2581 5484 2924 5540 summatim
2940 5486 3134 5554 refert,
3154 5485 3381 5554 habuit,
3400 5489 3468 5541 ut
3486 5485 3559 5542 ad
3573 5483 3736 5540 illam
3753 5501 3852 5541 ex-

2188 5573 2542 5648 peditionem
2567 5572 2884 5629 astantium
2904 5574 3130 5632 animos
3149 5575 3452 5642 excitaret;
3475 5591 3624 5647 quos
3641 5589 3853 5630 revera

2187 5664 2268 5720 ita
2300 5661 2598 5736 permovit,
2631 5664 2698 5716 ut
2725 5661 2926 5719 statim
2953 5680 3158 5722 omnes
3181 5662 3676 5720 conclamaverint
3697 5662 3846 5719 Deus

2189 5751 2329 5808 illud
2359 5751 2492 5818 vult,
2528 5752 2662 5808 Deus
2699 5751 2840 5808 illud
2864 5755 2998 5824 vult,-
3027 5771 3152 5827 quae
3187 5753 3360 5810 verba
3381 5751 3759 5826 postmodum
3783 5751 3846 5808 in
