3962 6362
141 438 256 509 {Si

1737 442 1949 511 VITA.

3422 398 3639 512 m'

138 584 429 640 tesseram
441 570 1365 653 peregrinantium,veterigallico
1385 571 1661 637 idiomate
1676 575 1790 637 Deu
1817 580 1873 650 Α
1902 579 2059 640 Gesta
2080 580 2181 638 Dei
2202 594 2305 655 per
2339 582 2594 640 Francos.
2615 574 2833 640 Earum
2854 590 2988 641 vero
3010 580 3407 642 sinceritatem
3438 601 3543 644 ne~

142 674 194 732 lo
214 673 340 731 well
362 672 671 743 assumpta
680 667 860 735 fuere,
875 665 1092 741 quibus
1105 666 1319 725 milites
1331 671 1388 725 et
1403 666 1499 725 alii
1512 668 1790 742 perigrini

138 764 200 821 in
218 759 877 839 gravioribusitinerum
890 762 948 814 et
961 757 1189 814 viarum
1211 757 1787 825 difficultatibus,seu

140 852 200 909 in
230 851 445 909 mediis
464 847 886 907 certaminibus
907 847 1186 903 adversus
1202 847 1486 917 infideles,
1505 863 1633 904 sese
1648 848 1790 904 invi-

138 959 266 999 cem
281 942 352 998 ad
375 945 613 996 strenue
625 936 915 1010 agendum
932 936 1579 992 cohortabantur.[dem
1588 940 1791 993 auctor

138 1035 342 1087 narrat
389 1027 732 1101 Gregorium
779 1024 1132 1082 cardinalen:
1180 1025 1254 1098 (is
1284 1029 1485 1098 postea
1530 1025 1789 1097 pontifex

138 1123 352 1188 iactus,
365 1115 743 1175 Innocentius
758 1114 809 1171 II
829 1115 1022 1171 dictus
1038 1114 1174 1187 est),
1188 1114 1385 1170 statim
1407 1118 1540 1186 post
1559 1114 1784 1170 ﬁnitam

136 1208 359 1267 Urbani
390 1205 849 1265 exhortationem
875 1219 976 1276 pro
1021 1204 1271 1259 omnibus
1300 1211 1457 1259 terrae
1497 1204 1786 1276 prostratis

135 1300 535 1372 confessionem
561 1311 718 1352 suam
744 1294 968 1362 dixisse,
1021 1300 1073 1348 et
1114 1295 1194 1348 sic
1230 1309 1413 1348 omnes
1436 1295 1654 1365 pectora
1682 1308 1788 1347 sua

134 1389 426 1447 tundentes
448 1387 767 1457 impetrasse
795 1383 860 1439 de
907 1383 1010 1450 his,
1043 1398 1161 1454 quae
1188 1383 1333 1439 male
1378 1383 1783 1448 commiserant,

134 1479 539 1536 absolutionem
558 1491 581 1538 ;
609 1481 659 1530 et
705 1475 858 1546 facta
891 1473 1228 1528 absolutione
1259 1472 1700 1537 benedictionem,
1733 1475 1787 1526 et

136 1568 511 1626 benedictione
539 1570 824 1620 consecuta
838 1562 909 1617 ad
931 1563 1158 1634 propria
1176 1560 1460 1616 remeandi
1480 1561 1780 1627 licentiam,

135 1662 202 1714 ut
231 1656 458 1713 scilicet
487 1670 615 1725 qua:
645 1653 716 1708 ad
748 1654 981 1707 tantum
1008 1649 1138 1717 iter,
1171 1650 1325 1722 quod
1360 1648 1631 1721 deinceps
1662 1650 1781 1705 Via-

134 1750 233 1804 Dei
263 1742 626 1819 appellatum
659 1741 787 1808 fuit,
819 1739 1149 1796 necessaria
1179 1742 1346 1795 erant
1376 1738 1489 1794 sibi
1520 1738 1783 1810 provide-

134 1840 288 1904 rent,
308 1851 377 1891 ac
407 1832 575 1901 alios,
595 1829 697 1903 qui
718 1830 987 1886 absentes
1015 1831 1200 1897 erant,
1226 1828 1294 1883 ad
1324 1827 1590 1883 eamdem
1620 1842 1786 1899 expe-

136 1925 423 1983 ditionem
454 1918 891 1991 suscipiendam
922 1917 1392 1988 adhortarentur.

201 2011 499 2071 Postridie
526 2008 876 2075 convocatis,
910 2010 977 2062 ut
994 2005 1149 2063 idem
1168 2008 1370 2062 auctor
1390 2004 1782 2078 prosequitur,

134 2100 452 2178 episcopis,
470 2092 755 2156 'Urbanus
785 2097 857 2152 de
885 2096 1151 2169 eligendo
1195 2111 1372 2151 sacris
1403 2094 1787 2166 expeditionis

135 2194 284 2251 duce
316 2190 613 2264 agendum
645 2203 772 2244 esse
796 2185 1121 2259 proposuit,
1146 2201 1212 2240 ac
1231 2185 1497 2241 unanimi
1518 2184 1785 2240 omnium

136 2296 432 2340 consensu
465 2278 684 2335 electus
712 2280 803 2332 est
829 2275 1197 2331 Adhemarus
1240 2274 1402 2330 Podii
1451 2274 1782 2347 episcopus,

134 2368 343 2445 utpote
402 2369 499 2440 qui
548 2367 802 2422 humanis
852 2365 1015 2420 rebus
1069 2379 1134 2418 ac
1189 2363 1393 2419 divinis
1449 2363 1605 2419 valde
1652 2369 1786 2419 esset

136 2462 388 2525 idoneus,
419 2461 471 2513 et
509 2461 741 2528 utraque
786 2455 1019 2510 scientia
1056 2454 1445 2524 peritissimus,
1476 2454 1695 2525 suisque
1724 2453 1785 2507 in

132 2548 447 2607 actionibus
472 2544 870 2602 multivividus.
905 2542 1012 2607 Qui
1044 2541 1243 2598 statim
1274 2543 1402 2598 licet
1428 2543 1637 2597 invitus
1663 2557 1783 2597 sus-

132 2641 276 2712 cepit
328 2636 494 2710 quasi
534 2635 673 2690 alter
719 2633 881 2689 Moses
929 2632 1186 2687 ducatum
1214 2647 1278 2686 ac
1329 2632 1570 2703 regimen
1600 2632 1782 2687 Domi-

132 2730 251 2785 nici
274 2726 471 2800 populi
498 2741 625 2780 cum
676 2721 1045 2779 benedictione
1088 2720 1301 2776 domini
1325 2735 1486 2791 papae
1511 2736 1573 2775 ac
1617 2722 1783 2775 totius

130 2817 375 2875 concilii.
407 2813 579 2869 Vices
611 2828 749 2868 suas
779 2810 893 2883 ipsi
921 2825 1086 2882 super
1125 2809 1498 2864 Christianum
1520 2810 1785 2881 populum

129 2919 452 2980 quocunque
488 2903 735 2958 venirent
765 2898 1102 2972 pontiﬁcem
1132 2898 1575 2954 commendasse
1606 2897 1785 2954 tradit

131 2996 471 3059 Guibertus,
518 2989 683 3058 unde,
733 2988 947 3060 inquit,
977 2991 1030 3044 et
1074 3004 1269 3043 manus
1322 2989 1375 3043 ei
1416 2988 1784 3059 apostolorum

130 3100 303 3152 more,
324 3082 457 3138 data
476 3081 693 3153 pariter
723 3077 1109 3146 benedictione,
1142 3078 1418 3148 imposuit.
1441 3077 1627 3140 Quam
1647 3092 1782 3130 vero

130 3172 364 3248 egregie
392 3170 575 3242 hujus
596 3166 906 3241 legationis
927 3170 1125 3239 partes
1145 3164 1474 3238 impleverit
1491 3164 1780 3221 Adhema-

132 3281 255 3328 rus,
285 3260 502 3334 probat,
529 3257 721 3330 inquit
739 3255 837 3311 ille
884 3258 1103 3321 auctor,
1128 3254 1406 3310 mirabilis
1434 3255 1611 3326 operis
1639 3255 1784 3309 tanti

370 3349 441 3405 Et
469 3325 707 3421 quidem
737 3343 970 3418 egregia
996 3342 1157 3399 illius
1188 3325 1475 3399 antistitis
1525 3343 1783 3398 facinora
1810 3325 1855 3391 C

134 3440 359 3515 passim
383 3438 540 3512 apud
565 3438 828 3491 auctores
849 3435 1268 3488 memorantur.
1283 3431 1425 3501 Ejus
1445 3448 1577 3488 vero
1598 3448 1786 3487 exem-

134 3530 301 3605 plum
332 3526 430 3584 alii
462 3524 721 3598 episcopi
752 3521 1073 3587 subsecuti,
1104 3520 1458 3593 expeditioni
1481 3537 1658 3577 sacrae
1689 3537 1785 3591 po-

135 3624 261 3677 stea
290 3631 507 3673 nomen
538 3613 852 3680 dederunt;
888 3611 1041 3683 quod
1074 3609 1135 3665 in
1179 3610 1308 3681 ipso
1359 3608 1537 3664 etiam
1584 3608 1780 3664 Claro-

136 3711 419 3765 montano
449 3701 695 3761 concilio
712 3700 919 3758 fecisse
948 3698 1165 3755 dicitur
1192 3697 1528 3754 Willelmus
1555 3697 1786 3754 Arausi-

137 3795 348 3854 censie;
370 3794 591 3851 Eodem
612 3791 787 3847 etiam
812 3806 875 3846 se
886 3792 1018 3845 voto
1038 3788 1429 3844 obstrinxerat
1453 3787 1785 3843 Bernardus

138 3884 322 3944 Toleti
344 3880 842 3953 archiepiscopus,
875 3878 976 3935 sed
1015 3878 1090 3933 ab
1119 3892 1186 3932 eo
1209 3879 1340 3933 voto
1373 3875 1620 3932 absolvit
1651 3892 1786 3931 eum

139 3973 417 4051 pontifex,
441 3970 597 4043 quod
617 3968 869 4025 turbatis
886 3967 945 4022 in
958 3965 1238 4038 Hispania
1248 3965 1424 4021 rebus
1438 3965 1623 4023 satius
1635 3968 1791 4022 esset

139 4063 305 4121 utibi
339 4061 752 4119 remoraretur.
793 4056 935 4128 Ejus
964 4053 1350 4112 absolutionis
1380 4054 1652 4110 meminit
1679 4055 1786 4109 Pa-

140 4150 359 4210 schalis
381 4149 431 4206 II
462 4147 522 4204 in
554 4147 724 4220 epist.
746 4146 814 4201 ad
842 4144 1062 4201 clerum
1092 4147 1150 4200 et
1180 4143 1464 4216 pepulum
1496 4144 1658 4216 regni
1690 4142 1787 4198 Al-

141 4241 314 4307 fonsi,
348 4238 505 4312 apud
526 4235 828 4293 Tamaiam
845 4234 939 4290 die
953 4235 988 4288 3
1002 4233 1237 4306 Aprilis,
1261 4232 1363 4287 ubi
1382 4232 1597 4287 dicitur
1614 4232 1791 4288 Urba-

141 4346 255 4387 nus
276 4326 559 4385 Bernardi
579 4329 776 4381 votum
800 4326 1194 4380 commutasse
1217 4321 1278 4377 in
1299 4321 1788 4377 restaurationem

142 4419 308 4476 urbis
337 4421 396 4474 et
422 4413 694 4471 Ecclesia;
716 4410 1172 4469 Tarraconensis
1205 4410 1681 4483 promovendam.
1728 4409 1789 4465 Si

143 4506 407 4566 Bonfinio
435 4508 495 4561 et
522 4502 658 4560 aliis
687 4500 985 4558 historicis
1017 4501 1344 4566 credamus,
1376 4499 1437 4555 in
1469 4501 1598 4570 ejus
1626 4516 1792 4571 expe-

144 4595 386 4654 ditionis
407 4594 616 4650 ducem
638 4591 858 4648 electus
871 4594 962 4647 est
982 4594 1222 4647 sanctus
1241 4588 1548 4644 Ladislaus
1561 4588 1792 4658 Hunga-

1898 687 1994 728 mo
2007 670 2068 727 in
2089 671 2337 729 dubium
2358 687 2624 730 revocare
2641 671 2811 730 debet
2823 673 2978 746 quod
2997 672 3155 730 varie
3175 674 3330 748 apud
3347 673 3541 733 varios

1897 765 2163 819 auctores
2191 763 2535 830 referantur,
2570 762 2834 835 plerique
2863 763 3020 819 enim
3059 780 3262 820 eorum
3292 763 3444 837 illas,
3477 769 3545 823 ut

1897 851 2134 923 quidem
2156 850 2458 908 Baldricus
2480 856 2534 908 et
2556 852 2873 908 Guibertus
2895 853 2965 908 de
2999 868 3062 908 se
3089 853 3235 925 ipsis
3262 853 3539 923 fatentur,

1897 956 2074 996 sensu
2095 940 2463 997 solummodo
2475 945 2532 996 et
2550 943 2870 1009 intentione,
2894 944 2961 997 ut
2982 941 3271 998 audiendo
3288 944 3542 1001 retinere

1894 1032 2225 1101 potuerant,
2249 1046 2365 1085 non
2389 1029 2535 1102 ipsis
2566 1030 2782 1087 Urbani
2812 1029 3005 1086 verbis
3025 1035 3538 1103 repraesentarunt.

1892 1118 2113 1175 Deinde
2132 1135 2266 1175 cum
2286 1135 2401 1175 non
2433 1118 2613 1175 semel
2644 1135 2712 1176 ea
2741 1120 2811 1175 de
2840 1135 2902 1175 re
2930 1108 3187 1192 pontifex
3210 1137 3539 1178 sermonem

1893 1206 2185 1279 habuerit,
2205 1208 2307 1263 uni
2328 1224 2530 1275 unam,
2556 1207 2655 1263 alii
2678 1207 2857 1265 aliam
2877 1209 3007 1281 ejus
3025 1208 3350 1265 orationem
3380 1213 3540 1267 retu-

1893 1296 2034 1353 lisse
2049 1296 2182 1368 quis
2207 1296 2605 1353 inﬁciabitur?
2625 1298 2780 1362 Quas
2806 1314 2940 1354 vero
2971 1314 3039 1354 ex
3066 1297 3141 1354 iis
3170 1299 3360 1372 magis
3409 1316 3538 1373 ger-

1894 1401 2102 1442 manas
2145 1386 2403 1443 invenire
2449 1386 2837 1458 potuerimus,
2883 1386 2943 1442 in
2974 1388 3291 1460 appendice
3320 1388 3537 1445 refere-
3584 1406 3590 1411 '

1893 1491 2047 1531 mus.

1893 1588 2165 1664 CCXXVI.
2231 1591 2434 1647 Urbani
2506 1594 2567 1646 in
2648 1590 3047 1664 promulganda
3132 1591 3233 1647 hac
3314 1594 3536 1664 expedi-

1961 1662 2110 1736 tione
2137 1664 2587 1736 magnanimitas.
2613 1664 2947 1736 Paenitentiae
2977 1663 3089 1718 loco
3106 1662 3395 1736 instituta
3404 1681 3535 1736 pro-

1962 1733 2121 1861 [ecttig
2164 1733 2247 1863 trgi
2300 1733 2718 1805 expeditionem.
2775 1735 2965 1789 Preces
3020 1733 3208 1789 eadem
3261 1733 3540 1793 occasione

1963 1821 2051 1860 ins
2077 1822 2096 1860 ι
2125 1822 2161 1861 u
2242 1847 2256 1860 .

1812 1950 1862 2016 B
1961 1921 2044 1976 Ex
2074 1921 2205 1977 istis
2226 1937 2398 1994 porro
2420 1919 2825 2016 scriptoribus,
2850 1919 3536 2016 quosquidemhistoriae

1894 2026 2070 2066 sacrae
2101 2010 2397 2066 studiosos
2425 2009 2683 2066 evolvere
2725 2026 2841 2066 non
2870 2009 3192 2083 paenitebit,
3224 2009 3419 2067 videre
3450 2014 3540 2068 est

1895 2103 2116 2172 quanta
2136 2099 2208 2155 ab
2230 2098 2462 2155 Urbano
2482 2098 2742 2171 praestita
2770 2099 2989 2156 fuerint
3007 2099 3082 2155 ad
3101 2098 3253 2155 hanc
3282 2100 3541 2172 promul-

1894 2189 2170 2262 gandam,
2214 2189 2789 2261 promovendamque
2835 2187 3281 2260 expeditionem.
3332 2193 3476 2246 Eum
3504 2206 3541 2246 a

1892 2278 1998 2335 Deo
2022 2278 2191 2334 Israel
2215 2279 2523 2333 maximum
2536 2278 2846 2349 principem
2862 2281 3055 2334 contra
3073 2277 3388 2351 Allophylos
3417 2294 3542 2335 con-

1892 2368 2145 2423 stitutum
2171 2365 2352 2423 fuisse
2382 2382 2449 2422 ea
2480 2366 2782 2423 occasione
2811 2365 3088 2439 praedicat
3116 2367 3427 2425 Ordericus
3445 2367 3542 2422 Vi-

1890 2455 2027 2511 talis
2048 2454 2195 2511 libro
2232 2473 2353 2522 vm,
2384 2456 2478 2511 cui
2507 2454 2609 2511 ille
2637 2463 2850 2511 turrem
2877 2455 3051 2513 David
3078 2472 3205 2511 cum
3224 2472 3541 2529 propugna-

1891 2546 2028 2600 culis
2047 2553 2236 2601 contra
2253 2546 2456 2616 faciem
2482 2546 2735 2600 Damasci
2761 2546 3124 2600 commiserat.
3156 2543 3333 2601 Plura
3361 2545 3541 2602 habet

1891 2632 2040 2690 libro
2070 2651 2147 2690 IX.
2200 2634 2484 2689 Eumdem
2524 2632 2859 2705 pontificem
2916 2632 3062 2705 apud
3090 2649 3275 2689 omnes
3320 2634 3541 2689 illustre

1889 2739 2002 2779 suae
2028 2724 2501 2794 magnanimitatis
2547 2728 2935 2791 argumentum
2963 2737 3032 2777 ea
3059 2722 3362 2778 occasione
3392 2740 3539 2795 prae-

1891 2810 2091 2868 buisse
2130 2810 2212 2867 ait
2240 2811 2574 2879 Guibertus,
2608 2828 2745 2867 cum
2783 2826 2853 2867 ea:
2882 2810 3046 2883 hujus
3069 2812 3419 2882 profectionis
3448 2814 3539 2867 in-

1890 2902 2116 2968 centivo,
2146 2900 2287 2972 quod
2305 2900 2436 2955 dum
2460 2902 2676 2971 primus
2696 2901 2814 2971 ipse
2836 2900 3098 2971 praebuit,
3129 2916 3369 2972 quonam
3383 2907 3541 2972 pacto

1889 2990 1947 3045 id
1975 2990 2123 3061 fieret
2152 2994 2290 3046 totus
2318 2988 2555 3045 mundus
2582 2989 2876 3061 obstupuit.
2914 2989 2986 3043 Et
3034 2987 3273 3060 quidem
3321 2987 3539 3045 mirum

1890 3082 1979 3135 est
2004 3078 2338 3152 pontiﬁcem
2354 3094 2688 3151 pauperem,
2713 3077 2799 3133 uti
2819 3080 2947 3132 tum
2968 3081 3094 3134 erat
3112 3077 3543 3145 Urbanus,abs-

1890 3184 2004 3240 que
2034 3184 2239 3240 regum
2288 3184 2416 3240 ope,
2469 3167 2595 3224 sine
2643 3166 2765 3223 ulla
2820 3166 3120 3223 exactione
3167 3169 3268 3222 aut
3292 3166 3535 3237 tributo,

1888 3260 2116 3312 tantam
2144 3256 2479 3328 principum
2510 3255 2888 3327 virorumque
2904 3254 3194 3311 nobilium
3226 3271 3293 3311 ac
3313 3260 3542 3312 caetero.

1892 3362 2023 3401 rum
2068 3361 2138 3401 ex
2168 3345 2327 3401 omni
2363 3345 2587 3412 ordine,
2614 3347 2771 3401 statu
2799 3347 2859 3401 et
2885 3360 3063 3417 regno
3094 3342 3538 3401 multitudinem

1891 3450 2298 3508 congregasse,
2331 3433 2433 3505 qui
2460 3434 2534 3490 ad
2565 3432 2865 3489 difficilem
2916 3434 3061 3490 adeo
3107 3432 3537 3506 expeditionem

1892 3527 2097 3596 sponte
2117 3526 2172 3578 et
2193 3522 2389 3578 animo
2411 3521 2585 3578 alacri
2609 3525 3015 3594 properarent;
3049 3522 3266 3593 quibus
3296 3539 3402 3595 pro
3433 3522 3540 3579 sti-

1891 3612 2103 3685 pendio
2116 3612 2242 3667 sola
2256 3612 2689 3684 proponebatur
2706 3613 3075 3683 peccatorum
3088 3609 3539 3685 indulgentia,et

1894 3718 1997 3775 pro
2027 3700 2264 3774 praemio
2290 3715 2425 3770 spes
2452 3700 2581 3754 vitae
2611 3702 2858 3755 aeternae.

1965 3789 2268 3847 Habebant
2297 3792 2512 3856 autem,
2564 3791 2630 3843 ut
2664 3789 2790 3862 jam
2829 3786 3108 3856 diximus,
3157 3803 3262 3860 pro
3316 3790 3543 3845 tessera

1894 3880 2002 3935 has
2030 3894 2200 3935 voces
2229 3880 2345 3934 Deu
2373 3879 2425 3934 lo
2452 3878 2597 3944 wolt,
2631 3894 2737 3949 pro
2783 3875 3023 3933 militari
3075 3876 3245 3950 signo
3285 3892 3539 3945 crucem,

1896 3971 2064 4041 cujus
2106 3968 2422 4041 imaginem
2471 3967 2583 4022 sibi
2625 3966 2684 4022 in
2716 3965 2977 4036 vestibus
3009 3982 3191 4039 super
3237 3965 3543 4040 scapulam

1897 4059 2194 4114 dexteram
2241 4056 2678 4128 imprimebant.
2713 4055 2861 4111 Hinc
2917 4057 3440 4125 crucesignatorum,
3494 4063 3547 4112 et

1896 4149 2267 4203 cruciatorum
2287 4145 2526 4202 nomina
2553 4144 2934 4202 inoleverunt.
2957 4144 3155 4200 Refert
3172 4145 3544 4201 Hermannus

1897 4236 1957 4291 in
1989 4236 2243 4292 Historia
2273 4234 2466 4290 Sancti
2518 4233 2750 4289 Martini
2800 4233 3212 4300 Tornacensis,
3244 4233 3544 4290 Urbanum

1896 4324 1959 4379 in
1989 4324 2232 4380 concilio
2278 4323 2723 4379 Glaromontano
2775 4322 3079 4395 episcopos
3127 4322 3449 4390 monuisse,
3480 4325 3548 4377 ut

1899 4430 2033 4470 cum
2065 4413 2137 4469 ad
2169 4429 2309 4468 suas
2347 4411 2626 4468 dimceses
2676 4412 2892 4468 reversi
2943 4411 3214 4479 fuissent,
3263 4412 3546 4484 subjectis

1899 4501 2012 4557 sibi
2038 4501 2271 4573 populis
2289 4517 2395 4571 pro
2416 4504 2785 4572 peccatorum
2807 4500 3151 4557 remissione
3170 4499 3548 4573 injungerent

1899 4590 1959 4644 in
2013 4588 2362 4661 poenitentiae
2422 4588 2614 4644 locum
2673 4604 2886 4645 nomen
2943 4588 3036 4644 his
3079 4587 3547 4660 expeditionibus

144 4687 238 4743 riis
269 4702 390 4752 rex,
423 4697 690 4755 eamque,
714 4681 797 4736 uti
829 4681 1012 4747 aiunt,
1064 4677 1419 4750 provinciam
1463 4679 1590 4750 jam
1634 4693 1788 4733 rece-
1819 4695 1868 4760 D
1898 4678 2055 4735 dare.
2086 4677 2234 4732 Hinc
2261 4675 2323 4732 in
2354 4682 2624 4734 canone2
2648 4677 2893 4751 vulgatae
2919 4675 3191 4732 editionis
3215 4676 3449 4749 legitur,
3482 4680 3549 4733 ut

144 4779 335 4849 perat;
359 4789 427 4830 ac
458 4769 793 4827 domesticis
812 4767 1265 4832 tumultibus,ac
1291 4767 1466 4823 etiam
1483 4766 1614 4839 ipsa
1629 4782 1790 4821 mor-

148 4869 220 4934 te,
262 4880 383 4936 qua
434 4861 547 4916 hoc
575 4876 729 4916 anno
775 4858 1015 4914 functus
1041 4861 1148 4925 est,
1185 4871 1257 4911 ne
1285 4855 1344 4911 id
1376 4859 1792 4928 exsequeretur

146 4952 466 5027 impeditus
496 4948 626 5005 fuit.

215 5040 547 5105 Orationes,
570 5054 718 5111 quas
748 5053 818 5094 ea
845 5035 1149 5093 occasione
1178 5034 1387 5090 habuit
1415 5034 1693 5106 pontifex,
1726 5049 1795 5090 ex

152 5130 410 5204 antiquis
439 5127 798 5196 auctoribus,
821 5130 879 5183 et
895 5123 1186 5182 veteribus
1208 5123 1442 5179 schedis
1463 5122 1629 5178 editas
1656 5125 1795 5178 sunt

151 5238 185 5277 a
210 5217 457 5276 Baronio
488 5220 545 5273 et
574 5216 633 5272 in
656 5216 832 5272 variis
854 5212 1236 5271 conciliorum
1266 5211 1640 5269 editionibus.
1684 5212 1794 5268 Eas

150 5308 395 5365 retulere
417 5305 755 5362 Willelmus
774 5301 1340 5368 Malmesburiensis,
1365 5301 1675 5357 Ordericus
1693 5300 1789 5355 Vi-

149 5397 303 5467 talis,
318 5397 610 5453 Robertus
620 5394 816 5451 Sancti
829 5391 1079 5465 Remigii
1092 5395 1149 5448 et
1160 5391 1477 5448 Guibertus
1487 5389 1792 5463 Novigenti

150 5487 413 5554 abbates,
435 5482 774 5540 Willelmus
802 5481 1099 5556 'l‘yriensis
1126 5484 1185 5536 et
1213 5479 1310 5536 alii
1334 5482 1599 5535 auctores
1643 5479 1803 5541 anti-,

150 5576 267 5650 qui,
291 5575 395 5649 qui
417 5575 554 5631 data
573 5589 747 5647 opera
766 5573 945 5644 hujus
966 5570 1455 5644 aequantiumque
1473 5569 1794 5641 expeditio~

148 5682 286 5723 num
320 5680 622 5722 sacrarum
651 5661 961 5719 historiam
997 5660 1380 5732 scripserunt,
1430 5657 1609 5714 simul
1655 5658 1794 5713 editi

149 5772 298 5814 anno
345 5754 510 5823 1611,
564 5751 836 5810 Hanovies
879 5750 1033 5824 typis
1060 5747 1456 5806 Wechelianis
1486 5747 1596 5805 sub
1625 5745 1795 5805 titulo

1898 4767 2000 4839 qui
2032 4768 2103 4823 ad
2136 4765 2498 4822 liberandam
2529 4766 2630 4821 Dei
2664 4765 2976 4824 Ecclesiam
3006 4764 3336 4821 Jerusalem
3366 4765 3551 4837 profe-

1898 4861 2030 4913 ctus
2063 4855 2258 4923 fuerit,
2284 4854 2393 4910 iter
2423 4853 2568 4910 illud
2610 4871 2715 4928 pro
2746 4855 2907 4913 omni
2939 4853 3283 4928 poenitentia
3310 4858 3549 4927 repute-

1896 4949 2015 5001 tur.
2070 4943 2373 5001 Consentit
2401 4942 2733 5012 Ordericus,
2768 4945 2938 5017 cujus
2968 4944 3147 5001 verba
3175 4942 3292 5000 huc
3336 4944 3551 5002 referre

1901 5051 2019 5090 non
2050 5033 2353 5106 gravabor.
2378 5055 2407 5083 «
2430 5032 2735 5100 Providus,
2770 5035 2971 5104 inquit,
3004 5050 3157 5107 papa
3185 5048 3412 5102 omnes,
3446 5033 3549 5107 qui

1902 5139 2157 5197 congrue
2210 5138 2376 5178 arma
2434 5122 2581 5178 ferre
2639 5124 2929 5194 poterant,
2962 5124 3033 5178 ad
3089 5121 3310 5179 bellum
3350 5126 3553 5180 contra

1901 5211 2173 5268 inimicos
2203 5211 2303 5267 Dei
2336 5210 2578 5279 excivit;
2610 5214 2667 5266 et
2695 5210 3044 5284 poenitentes
3073 5215 3315 5269 cunctos
3353 5227 3424 5269 ex
3452 5211 3555 5271 illa

1902 5302 2064 5367 hora,
2099 5316 2216 5372 qua
2246 5315 2475 5356 crucem
2498 5299 2731 5357 Domini
2763 5304 3084 5369 sumerent,
3107 5318 3178 5358 ex
3207 5302 3554 5359 auctoritate

1902 5390 2004 5447 Dei
2026 5390 2097 5447 ab
2118 5388 2395 5446 omnibus
2434 5389 2687 5462 peccatis
2718 5390 2843 5448 suis
2874 5390 3152 5460 absolvit;
3185 5394 3243 5448 et
3270 5392 3343 5449 ab
3393 5391 3554 5448 omni

1902 5478 2212 5554 gravedine
2234 5494 2362 5550 quae
2380 5479 2446 5535 ﬁt
2460 5478 2520 5534 in
2535 5479 2781 5553 jejuniis
2803 5480 3053 5554 aliisque
3064 5480 3555 5537 macerationibus

1904 5569 2097 5625 carnis
2126 5566 2218 5640 pie
2247 5565 2542 5636 relaxavit,
2569 5591 2596 5619 »
2626 5573 2736 5626 etc.
2769 5569 2935 5627 Alius
2951 5570 3195 5644 insuper
3217 5571 3274 5626 in
3297 5569 3551 5626 crucesi-

1904 5662 2214 5732 gnatorum
2246 5655 2496 5728 gratiam
2529 5674 2715 5715 canon
2763 5660 3033 5717 conditus
3065 5659 3285 5732 passim
3315 5658 3549 5733 legitur,

1903 5751 1971 5803 ut
2001 5746 2223 5804 scilicet
2253 5743 2452 5803 omnia
2498 5763 2700 5805 eorum
2754 5749 2909 5807 bona
2957 5765 3187 5821 semper
3224 5752 3283 5806 et
3336 5747 3555 5820 ubique
