3962 6364
409 417 532 494 m

417 655 724 714 ad'eorum
755 653 1030 712 reditum.
1061 655 1198 720 Quae
1223 655 1462 727 quidem
1485 655 1608 709 duo
1629 650 1932 724 privilegia
1962 649 2058 706 alii

415 743 723 819 pontiﬁces
749 742 1645 816 subsequentibns'temporibus-
1662 741 1734 796 iis
1755 741 1878 812 qui,
1901 739 2063 796 simi-

416 832 575 892 libus
589 831 1056 906 expeditidnibus
1073 849 1284 890 nomen
1302 833 1530 900 darent,
1549 831 2058 895 conﬁrmaverunt,

419 924 479 981 et
495 921 554 978 id
569 921 791 980 Urbani
813 921 1100 994 ekemplo,
1133 921 1433 978 ut'diserte
1463 919 1788 975 habeturin
1819 917 2060 974 concilio

419 1010 816 1078 Datcranensi,
868 1011 1020 1084 quod
1049 1019 1200 1067 anno
1233 1007 1376 1066 1122
1420 1009 1532 1066 sub
1560 1008 1798 1065 'Calixtc
1836 1009 1885 1064 Il
1913 1005 2061 1063 cele-

419 1098 657 1160 bratum
677 1103 786 1157 est.
1970 1108 1976 1114 '

429 1231 436 1236 .
493 1187 627 1246 Vidi
671 1188 735 1246 in
765 1190 892 1246 c'od.
927 1187 1250 1262 Bigctianc,
1285 1195 1444 1243 n‘u‘nc
1473 1184 2060 1259 regiae‘Biblicthecae,

423 1275 735 1352 epistolam
761 1277 1062 1336 Paschalis
1082 1277 1134 1333 II
1165 1277 1237 1333 ad
1254 1275 1746 1348 archiepisccpcs,‘
1761 1275 2062 1345 episcopos

423 1368 485 1424 et
509 1365 752 1424 abbates
767 1365 994 1434 Galliae,
1037 1382 1155 1438 qua
1181 1363 1439 1438 pontifex
1467 1368 1599 1436 post
1627 1366 1859 1435 captam
1898 1363 2064 1418 Jero-

425 1453 710 1528 solymam
757 1455 929 1526 jubet
982 1454 1268 1525 fratribus,
1341 1454 1438 1525 qui
1505 1455 1624 1524 post
1695 1453 2065 1523 perpetratam

423 1541 689 1618 divinitus
719 1543 1004 1598 victoriam
1049 1545 1416 1609 revertuntur,
1449 1557 1551 1596 sua
1597 1542 1783 1596 omnia
1812 1540 2062 1601 restitui;

406 1631 563 1688 sicut
614 1621 788 1688 tm
809 1650 814 1656 ·
838 1631 1124 1688 memoriae
1183 1629 1396 1688 Urbano
1449 1629 1704 1701 synodali
1753 1629 2066 1696 deﬁnitione

416 1721 698 1778 Sancitum
723 1720 935 1792 fuerat.
958 1719 1040 1778 Ne
1070 1723 1204 1776 vero
1236 1719 1423 1774 animi
1462 1717 1690 1774 levitate
1715 1721 1821 1773 'aut
1868 1717 2065 1786 cujus-

427 1823 662 1881 cunque
689 1823 878 1865 causa
897 1809 1156 1876 obtentu,
1188 1807 1406 1864 milites
1437 1807 1537 1880 qui
1569 1815 1800 1862 crucem
1835 1821 2068 1878 accepe—

1706 425 1778 489 Β.
1821 414 2120 490 URBANI
2163 415 2218 481 ΙΙ
2260 419 2518 482 ΡΑΡᾹΞ.

412 562 575 626 salva
599 563 816 634 essent,
839 561 1582 639 ‘rejecta-quavis'rationis‘
1605 560 1816 635 specie,
1843 571 2057 633 'usque
2085 551 2142 622 Α
2169 553 2470 614 CCXXVII.
2502 555 2736 617 'Urbani

3697 418 3824 484 181

2797 555 3049 630 apologis
3101 553 3166 630 in
3217 551 3304 612 his
3371 549 3825 628 expeditionibus

2779 628 3214 702 promulgandis.
3253 660 3258 667 ι
3621 663 3671 692 --,
3729 682 3734 686 .

2240 738 2346 794 Hic
2372 750 2505 794 vero
2536 737 2700 793 locus
2719 741 2872 792 esset
2902 737 3202 792 Urbanum
3225 733 3430 791 tuendi
3451 734 3829 791 anonnullc-

2171 839 2301 882 mm
2331 826 2624 894 conviciis,
2645 825 2752 898 qui
2771 825 2822 881 ei
2855 825 3148 882 immerito
3177 823 3624 896 exprobrarant,
3650 825 3825 896 quod

2169 917 2330 972 hanc
2349 913 2796 987 expeditionem,
2829 918 2932 970 aut
2957 915 3176 986 injuste
3191 913 3474 970 adversus
3501 916 3730 986 gentes,
3754 913 3823 970 in

2171 1017 2338 1076 quas,
2387 1003 2473 1060 uti
2529 1004 2713 1070 aiunt,
2759 1002 2991 1060 nullum
3041 1004 3144 1075 jus
3196 1002 3468 1071 habebat,
3519 1005 3622 1058 aut
3657 1006 3824 1060 certe

2169 1097 2387 1151 temere
2431 1093 2726 1160 edixisset,
2759 1109 2890 1164 quae
2939 1092 3238 1165 principes
3267 1096 3327 1148 et
3355 1090 3602 1164 populos
3642 1091 3825 1148 ειη-ι-

2171 1181 2394 1238 stianos
2422 1180 2482 1236 in
2503 1185 2624 1237 tam
2643 1182 2749 1238 ard
2757 1181 2848 1238 uis
2861 1185 2922 1236 et
2941 1180 3296 1254 periculosis
3308 1177 3480 1236 bellis
3501 1179 3822 1253 implicuit.

2171 1272 2240 1327 At
2287 1274 2596 1343 utramque
2643 1269 3113 1327 criminationem
3171 1270 3245 1326 ab
3296 1269 3531 1326 Urbano
3584 1267 3826 1326 amoliri

2171 1359 2340 1417 facile
2395 1363 2514 1416 est:
2560 1372 2707 1416 cum
2757 1359 2862 1415 illa
2904 1359 3072 1415 bella
3099 1362 3159 1415 et
3196 1359 3373 1430 iusta
3427 1361 3668 1430 etpene
3685 1359 3828 1416 orbi

2171 1449 2501 1506 Ghristiane
2531 1448 2860 1506 necessaria
2889 1449 3073 1505 fuisse
3103 1447 3265 1504 nullo
3296 1447 3528 1522 negotio
3566 1449 3828 1505 demon-

2173 1537 2349 1596 strari
2397 1537 2600 1610 possit.
2639 1537 2789 1604 Quid
2835 1537 2992 1595 enim
3041 1537 3269 1610 aequius
3308 1533 3557 1610 cogitari
3603 1540 3826 1610 potest,

2175 1640 2354 1700 quam
2402 1630 2466 1682 ut
2513 1631 2677 1698 pater
2716 1626 3050 1683 communis
3077 1626 3343 1682 omnium
3373 1623 3637 1683 ﬁdelium
3665 1625 3831 1683 vires

2175 1715 2640 1772 Christianorum
2669 1715 2730 1770 in
2777 1728 2964 1771 unum
2991 1714 3290 1787 recolliget
3315 1715 3388 1771 ad
3421 1715 3832 1772 retundendus

2176 1805 2508 1861 communis
2537 1805 2727 1862 hostis
2754 1803 3160 1862 inselescentis
3193 1805 3477 1876 impetus,
3505 1804 3628 1876 'qui
3674 1802 3832 1860 nihil

425 1900 585 1965 rant,
607 1896 890 1971 medicin
911 1895 1116 1954 itinere
1146 1900 1299 1952 retro
1322 1895 1686 1969 aspicientes,
1709 1896 1782 1952 ab
1815 1894 2067 1952 exercitu
2099 1918 2148 1984 Β
2178 1911 2295 1950 non
2325 1895 2604 1951 adversus
2625 1909 2733 1951 eos
2775 1893 3228 1950 muchinabatur
3251 1911 3264 1962 ;
3290 1893 3441 1967 quid
3468 1908 3602 1950 vero
3633 1893 3832 1966 magis

426 1986 784 2055 recederent,
852 1985 1122 2052 Urbanus,
1199 1983 1391 2056 inquit
1458 1985 1788 2053 0rdericus,
1847 1983 1950 2053 lib,
2009 2002 2066 2053 x,

421 2075 678 2150 generali
691 2079 955 2132 sanxerat
973 2075 1312 2141 auctoritate,
1335 2081 1386 2129 et
1403 2072 1698 2146 apostolico
1713 2074 1880 2145 'jussu
1899 2074 2072 2128 invio-

424 2165 676 2223 labiliter
923 2169 1170 2233 coegerat
1210 2163 1270 2219 in
1300 2164 1451 2218 omni
1505 2164 1816 2234 Latinitate,
1847 2169 1909 2218 ut
1949 2164 2074 2218 uni-

420 2254 577 2312 uersi
597 2253 694 2326 qui
709 2251 926 2309 'Chn’sti
941 2267 1154 2309 crucem
1173 2259 1513 2324 acceperant,
1532 2265 1631 2307 nec
1650 2253 1754 2308 iter
1772 2253 1835 2308 in
1857 2253 2072 2308 Jerusa-

423 2342 540 2405 lem
571 2353 683 2414 pro
708 2341 1004 2414 defectione
1025 2341 1322 2420 voluntatis
1360 2347 1701 2412 peregerunt,
1748 2343 1811 2396 in
1849 2341 2074 2397 nomine

429 2430 654 2488 Domini
689 2431 1026 2502 reciprocum
1059 2429 1266 2486 callem
1308 2429 1540 2497 inirent,
1595 2433 1692 2484 aut
1733 2428 2075 2484 anathemate

418 2505 678 2593 percussi
698 2525 856 2576 θιωοα
900 2517 1193 2574 Ecclesium
1215 2532 1407 2590 poenas
1457 2517 1687 2574 luerent.
1737 2517 1806 2573 Et
1834 2517 2074 2590 quidem

417 2606 764 2680 Stephanus
784 2605 1074 2668 Blesensis
1093 2621 1310 2672 comes,
1344 2607 1410 2661 ut
1433 2621 1636 2662 omnes
1669 2609 1907 2672 norunt,
1939 2621 2074 2662 cum

422 2694 626 2754 nescio
641 2707 990 2768 quo'pavore
1011 2695 1356 2768 perterritus
1369 2694 1620 2751 exercitu
1629 2711 1686 2750 m
1699 2694 2072 2763 deseruisset,

315 2818 332 2859 ς
419 2783 1184 2859 posteaadexpeditionem
1228 2783 1416 2840 redire
1472 2783 1814 2856 compulsus
1857 2787 1964 2852 est,
2015 2783 2076 2838 in

320 2887 326 2896 '
423 2889 554 2948 qua
575 2871 719 2930 obiit
745 2873 1080 2930 annoilOl.

506 2951 723 3022 Ferunt
761 2961 938 3018 etiam
974 2960 1084 3017 hac
1123 2961 1263 3034 ipsa
1289 2975 1466 3018 sacrae
1499 2961 1880 3033 expeditionis
1909 2976 2077 3017 occa-

435 3049 601 3109 sione
613 3064 813 3124 preces
827 3049 1109 3108 'horarias
1138 3050 1318 3106 beatae
1355 3049 1572 3116 Mariae,
1599 3066 1726 3122 qum
1749 3049 2078 3121 jamoantea

437 3138 1025 3208 aPetroDamianoin
1048 3137 1172 3196 suis
1194 3137 1568 3194 monasteriis
1590 3143 1757 3195 erant
1773 3137 2076 3208 instituta,

411 3219 474 3320 ’.ςι
495 3226 726 3320 clericis
751 3227 958 3320 imoet
985 3227 1059 3284 ab
1079 3226 1238 3320 ipsis
1267 3225 1432 3320 laicis
1459 3243 1527 3282 ex
1558 3227 1774 3320 Urbani
1799 3228 2076 3320 praescri-

422 3285 538 3390 ,(ἰιο
564 3285 924 3390 frequentari
969 3285 1254 3388 coepisse;
1289 3317 1354 3370 ut
1383 3331 1449 3370 eo
1475 3319 1666 3387 pacto,
1714 3285 2074 3390 qui‘expedi-
2105 3285 2150 3355 α

429 3403 584 3464 tioni
629 3404 1029 3478 suscipiendae
1084 3402 1376 3460 inhabiles
1431 3408 1646 3475 essent,
1719 3403 1814 3460 his
1879 3404 2086 3461 saltem

419 3493 711 3568 .preoibus
765 3492 988 3552 milites
1045 3491 1410 3564 adjuvarent,
1461 3493 1546 3548 eis
1599 3496 1774 3549 tantae
1827 3493 2086 3567 Virginis

428 3582 834 3657 patrocinium
853 3581 1262 3654 promerendo.
1283 3581 1458 3638 Addit
1492 3582 1765 3638 Gofridus
1786 3582 2086 3639 Vosiensis

440 3671 600 3744 prior
655 3657 922 3728 Chronici
971 3685 1099 3743 cap.
1145 3667 1222 3728 27
1277 3671 1542 3742 ejusdem
1599 3673 1779 3728 beatae
1828 3671 2086 3745 Virginis

421 3759 914 3832 “ofﬁcium,un
945 3757 1236 3831 hodieque
1269 3759 1536 3816 'Sabbato
1589 3759 1870 3817 celebrari
1915 3760 2082 3827 solet,

444 3848 650 3906 eadem
679 3847 980 3904 occasione
999 3847 1182 3904 fuisse
1200 3847 1555 3905 institutum.
1569 3849 1721 3916 Quin
1743 3853 1799 3906 et
1820 3848 2084 3906 nonnulli

421 3938 716 4016 rsanctum
734 3935 1090 3992 Antoninum
1101 3935 1743 4005 'laudant,'referentem
1764 3937 1875 3994 hoc
1898 3954 2084 4010 apon-

413 4022 958 4082 -tiﬂee-iu'concilio
988 4027 1276 4084 statutum
1329 4025 1531 4094 fuisse,
1592 4029 1658 4082 ut
1709 4026 1780 4084 ab
1829 4025 1958 4098 ipso
1989 4027 2082 4084 die

415 4129 562 4188 quo.
579 4113 866 4172 exercitus
887 4117 1066 4172 “esset
1093 4115 1480 4188 profecturus
1521 4113 1584 4170 in
1633 4113 2077 4187 expeditionem,

417 4205 742 4276 .vespere'st
769 4217 942 4260 mane
966 4203 1027 4260 in
1057 4203 1334 4260 omnibus
1361 4202 1624 4260 ecclesiis
1647 4203 2080 4262 cathedralibus

419 4295 486 4350 et
501 4289 874 4350 monasteriis
893 4291 1131 4366 signum
1145 4291 1298 4348 trino
1311 4307 1609 4364 campanae
1631 4291 1804 4364 pulsu
1822 4294 2076 4362 daretur,

412 4395 547 4452 .quo
564 4378 966 4436 excitarentur
987 4379 1205 4454 'pcpuli
1235 4381 1308 4436 ad
1339 4381 1634 4437 orationes
1666 4397 1771 4454 pro
1800 4380 1953 4438 felici
1982 4399 2078 4440 ex-

411 4466 746 4542 apeditienis
775 4483 1052 4526 successu
1072 4469 1424 4526 fundendus.
1444 4469 1610 4534 Quod
1648 4470 1885 4542 quidem
1906 4471 2078 4528 insti-

375 4573 380 4576 '
413 4559 630 4614 rtutum
659 4557 823 4614 imori
875 4557 1178 4631 pulsanda:
1220 4557 1590 4615 salutationis
1645 4559 1938 4632 angelicae,
1977 4561 2076 4633 qui

2179 1981 2576 2040 necessarium
2625 1984 2695 2040 ad
2754 1982 3094 2040 Christianae
3139 1981 3474 2056 reipublicae
3524 1986 3830 2050 tutamen,

2175 2081 2358 2146 quam
2379 2076 2444 2128 ut
2465 2073 2645 2129 armis
2665 2090 2830 2129 arma
2848 2085 3051 2128 eorum
3073 2070 3450 2145 repellantur,
3464 2071 3579 2144 'qui
3599 2070 3832 2143 pleras-

2179 2177 2294 2234 que
2349 2161 2814 2218 Ghrietlanorum
2867 2161 3200 2235 provincias
3248 2161 3376 2232 jam
3431 2160 3835 2229 devastarant,

2181 2250 2312 2308 aliis
2336 2249 2743 2317 imminebant,
2773 2251 3049 2308 omnibus
3065 2266 3201 2306 vero
3217 2247 3608 2306 infensissimi
3637 2252 3834 2306 erant.

2175 2339 2354 2412 'Atqui
2399 2339 2576 2396 talem
2631 2341 2771 2395 tunc
2802 2338 2961 2395 orbis
3015 2338 3336 2394 Christiani
3381 2340 3602 2394 statum
3645 2337 3840 2395 fuisse

2177 2440 2356 2485 nemo
2380 2430 2474 2484 est
2511 2427 2612 2500 qui
2643 2427 2800 2484 ausit
2829 2426 3098 2493 inﬁciari,
3143 2425 3193 2482 si
3217 2425 3306 2482 vel
3335 2425 3543 2483 leviter
3569 2425 3840 2482 delibare

2183 2515 2426 2573 voluerit
2451 2515 2733 2573 historias
2781 2515 3020 2572 illorum
3077 2521 3434 2588 temporum.
3469 2515 3732 2571 Nam-ut
3761 2516 3839 2572 de

2182 2605 2502 2678 Hispaniis,
2560 2604 2770 2662 Siciliae
2835 2609 2894 2662 et
2949 2603 3126 2662 Italia
3184 2603 3527 2678 regionibus
3578 2606 3832 2673 taceam,

2177 2698 2372 2752 totum
2398 2695 2580 2751 ferme
2609 2694 2925 2762 Orientem,
2957 2693 3018 2750 in
3057 2710 3232 2766 quem
3279 2692 3568 2766 praecipue
3607 2691 3840 2749 indicta

2179 2783 2285 2840 illa
2311 2783 2599 2856 expeditio
2629 2783 2760 2851 fuit,
2815 2781 3216 2840 Mahumetani
3261 2781 3650 2854 occupabant.
3699 2781 3837 2838 Non

2183 2872 2340 2930 enim
2367 2871 2494 2928 sola
2511 2871 3012 2945 Jerosolymorum
3034 2870 3236 2928 civitas
3251 2875 3475 2938 sancta,
3505 2874 3608 2928 aut
3629 2869 3836 2940 Nicea,

2181 2960 2510 3027 Antiochia,
2541 2959 2785 3034 aliaeque
2810 2959 3084 3018 civitates
3113 2958 3500 3016 celeberrimae
3529 2963 3590 3016 et
3613 2959 3838 3016 vastis-

2185 3050 2348 3106 simae
2394 3049 2658 3123 regiones
2699 3049 2774 3106 iis
2804 3049 3050 3106 urbibus
3101 3047 3410 3105 viciniores
3462 3049 3573 3105 sub
3627 3065 3840 3106 eorum

2186 3137 2486 3210 tyrannica
2510 3137 2654 3210 jugo
2671 3137 3032 3210 gemebant;
3067 3137 3167 3194 sed
3191 3139 3257 3192 et
3277 3135 3474 3192 multae
3503 3135 3683 3192 etiam
3703 3135 3837 3193 alia:

2173 3225 2416 3298 imperii
2428 3225 3068 3298 Constantinopolitani.
3077 3225 3386 3298 provinciae
3397 3225 3472 3282 ab
3481 3224 3562 3282 iis
3573 3225 3848 3282 barbaris

2191 3314 2570 3383 vexabantur,
2597 3331 2848 3388 quarum
2875 3313 3186 3387 plerasque
3218 3331 3324 3372 suo
3346 3315 3472 3386 jam
3495 3313 3850 3388 subjugave-

2195 3407 2326 3460 rant
2355 3403 2632 3476 imperio;
2657 3405 2800 3461 adeo
2817 3406 2885 3460 ut
2910 3403 2984 3460 ad
3013 3420 3214 3460 muros
3231 3403 3846 3476 usque-Constantino-

2194 3491 2465 3566 politanae
2496 3493 2664 3566 regiae
2695 3492 2860 3549 urbis
2887 3493 3086 3550 omnia
3114 3491 3626 3566 depopularentur.
3661 3493 3840 3551 Urba-

2192 3598 2318 3652 nus,
2349 3581 2544 3654 inquit
2571 3581 2745 3638 Fulco
2771 3597 2989 3652 comes,
3017 3581 3082 3638 in
3107 3597 3262 3654 saepe
3285 3579 3522 3638 laudato
3567 3581 3840 3638 Historiae

2192 3671 2540 3743 fragmento,
2572 3670 2858 3726 admonuit
2887 3677 3100 3740 gentem
3139 3674 3389 3728 nostram
3409 3671 3652 3727 .utirent
3678 3671 3840 3727 Jeru-

2175 3761 2380 3828 salem,
2411 3760 2789 3832 expugnaturi
2815 3760 3078 3830 gestitem
3116 3759 3406 3832 populum,
3437 3761 3536 3831 qui
3561 3760 3842 3816 ciuitatem

2175 3849 2352 3904 illam
2373 3852 2425 3905 et
2455 3856 2624 3905 totam
2648 3855 2853 3904 terram
2889 3847 3332 3906 Christianorum
3361 3865 3542 3920 usque
3573 3848 3837 3906 Constan-

2189 3939 2477 4010 tinOpoltm
2501 3941 2872 4010 occupaverat.

2261 4026 2410 4092 Quid
2438 4026 2620 4100 igitur
2645 4027 2866 4083 mirum
2895 4029 2981 4083 est
3013 4026 3062 4083 si
3093 4031 3257 4082 tanto
3311 4029 3553 4099 tamque
3600 4026 3838 4100 urgenti

2188 4115 2529 4172 Christianae
2572 4115 2905 4189 reipublicae
2954 4114 3210 4187 periculo
3251 4113 3559 4171 subvenire
3587 4119 3840 4172 conatus

2187 4204 2361 4260 fuerit
2405 4205 2736 4262 communis
2779 4204 3247 4261 Christianorum
3301 4207 3468 4277 pater
3509 4206 3570 4260 et
3596 4209 3838 4276 .pastor,

2175 4292 2438 4350 maxime
2483 4310 2618 4350 cum
2649 4295 2721 4350 ab
2764 4309 2838 4350 eo
2886 4293 3014 4364 ipse
3058 4292 3402 4365 imperator,
3427 4295 3492 4348 et
3519 4291 3838 4348 orientales

2174 4382 2452 4440 Ecclesiae
2481 4399 2548 4440 ac
2576 4382 2797 4456 populi,
2823 4380 3115 4438 auxilium
3165 4380 3430 4454 repetitis
3479 4381 3839 4454 frequentis-

2185 4471 2334 4528 sime
2364 4471 2634 4544 precibus
2668 4487 2772 4544 per
2801 4469 3030 4526 litteras
3051 4473 3110 4527 et
3136 4468 3361 4543 legatos
3383 4469 3836 4542 efﬂagitassent.

2185 4561 2243 4616 Id
2261 4577 2462 4618 verum
2480 4575 2609 4617 esse
2633 4575 2748 4614 non
2767 4557 2960 4616 solum
2982 4559 3232 4630 probant
3267 4559 3410 4614 Acta
3448 4557 3837 4616 conciliorum

411 4646 996 4721 apostmodumvapud
1023 4662 1230 4704 omnes
1251 4645 1516 4716 invaluit,
1543 4648 1909 4706 occasionem
1940 4667 2079 4722 prze-
2103 4652 2152 4720 Β
2181 4649 2498 4706 Placentini
2531 4651 2588 4705 et
2611 4647 3073 4714 Glaromontani,
3095 4647 3198 4704 sed
3220 4646 3336 4720 ipsi
3353 4647 3532 4704 etiam
3580 4647 3839 4720 aequales

433 4735 586 4796 bere.
599 4734 808 4809 potuit.

483 4824 722 4882 .Prater
742 4824 874 4882 haec
897 4823 1186 4882 Rcbertus
1229 4825 1301 4880 de
1331 4824 1524 4882 Monte
1551 4824 1610 4882 in
1641 4827 2075 4886 accessionibus

411 4912 511 4968 red
529 4911 920 4986 Sigebertum,
942 4928 1108 4985 quas
1122 4916 1322 4970 noster
1343 4912 1624 4971 Acherius
1644 4918 1779 4988 post
1815 4916 2074 4974 Guiberti

411 5015 611 5074 :opera
653 4999 856 5068 edidit,
915 5001 1214 5058 decretum
1271 5001 1456 5058 fuisse
1501 5003 1705 5060 scribit
1755 5007 1817 5060 in
1845 5007 2074 5062 concilio

411 5089 730 5149 «Avernenti
759 5089 1096 5147 authentico
1123 5093 1174 5147 et
1224 5091 1680 5160 nominatiasimo,
1714 5101 1774 5150 ut
1819 5109 2074 5166 quaecun-

410 5193 536 5253 que
577 5179 784 5236 civitas
855 5181 1006 5236 mari
1077 5195 1276 5250 magno
1339 5183 1594 5248 transito,
1655 5200 1689 5237 α
1735 5199 2075 5254 paganorum

405 5274 608 5341 ,pouet
621 5269 818 5340 sescnti
827 5269 985 5342 jugo,
1011 5271 1146 5325 sine
1163 5270 1284 5325 ulla
1302 5271 1726 5328 contradictione
1743 5272 1843 5328 sub
1869 5279 2076 5329 sanctae

410 5357 732 5414 Jerusalem
747 5356 990 5414 dontinio
1021 5358 1101 5414 vel
1125 5357 1334 5416 ditione
1358 5363 1678 5432 perenniter
1713 5361 2070 5418 obtineretur.

404 5444 596 5512 nQuod
624 5445 827 5503 'etiam
879 5445 1052 5520 paulo
1105 5451 1238 5519 post
1300 5447 1359 5503 in
1416 5448 1658 5506 concilio
1714 5447 2072 5505 Antiocheno

431 5533 840 5594 conﬁrmatum
871 5535 943 5593 ab
964 5535 1252 5593 omnibus
1271 5536 1452 5594 fuisse
1480 5541 1750 5595 testatur.

2167 5375 2477 5440 CCXXVII.
2521 5383 2602 5456 bis
2655 5381 3000 5456 Gtaromonti
3031 5382 3279 5441 Urbanus
3332 5385 3486 5456 privi

2181 4743 2448 4796 auctores
2477 4734 2808 4804 Bertcldus,
2827 4735 3149 4792 Guibertus
3167 4739 3228 4792 et
3255 4735 3355 4792 alii
3385 4735 3608 4808 passim
3629 4736 3842 4793 testiﬁ-
3960 4735 3962 4738 ’

2183 4830 2412 4882 cantur.
2465 4824 2533 4880 Et
2577 4823 2818 4896 quidem
2870 4823 3172 4880 Urbanum
3203 4824 3274 4880 de
3329 4822 3587 4880 Ecclesia
3613 4823 3842 4897 optime

2181 4914 2292 4970 hac
2335 4913 2638 4970 occasione
2683 4913 2958 4968 meritum
3007 4913 3210 4981 fuisse,
3255 4929 3376 4970 una
3433 4928 3668 4985 semper
3722 4913 3841 4970 fuit

2181 5001 2446 5058 omnium
2495 5001 2804 5070 sententia,
2855 5001 3012 5073 quod
3069 5001 3301 5074 publice
3354 5005 3637 5060 testatum
3695 4999 3841 5060 facit

2179 5095 2347 5148 vetus
2378 5089 2679 5162 inscriptio
2719 5091 2893 5162 juxta
2921 5093 3192 5148 sanctum
3223 5091 3460 5148 Petrum
3508 5088 3836 5162 in-palatio

2165 5180 2500 5252 apostolico
2521 5179 2816 5251 insculpta
2845 5179 2939 5236 his
2965 5179 3154 5236 verbis
3181 5197 3193 5236 :

2254 5268 2530 5325 Uanaaus
2563 5269 2631 5340 II,
2671 5284 2886 5324 sacros
2912 5283 3307 5326 expsnmoms
3338 5285 3398 5325 IN
3437 5282 3758 5329 Ius-Insue.

2249 5384 2477 5439 IXXVII.
2521 5384 2602 5438 bis
2655 5384 3000 5439 Ctammonti
3031 5384 3279 5441 Urbanus
3332 5384 3652 5456 privilegia,
3703 5387 3831 5454 sta,

2249 5456 2486 5512 ecclesiis
2541 5453 2760 5526 dath.
2818 5455 3076 5526 Dionysio
3130 5457 3510 5524 Novigentino.
3559 5455 3830 5514 Molismo.

2250 5527 2492 5598 Epistola
2535 5525 2605 5582 ad
2647 5523 3198 5598 Gratianopolitanos.
3229 5523 3360 5584 Acta
3409 5531 3602 5584 contra
3653 5528 3832 5585 Aniu-

2251 5613 2462 5656 ηϐηδϐδ.

2163 5762 2168 5770 .
2251 5713 2457 5772 Soluta
2483 5714 2570 5770 est
2599 5711 3052 5772 Clarcmontana
3073 5714 3333 5788 synodus
3351 5713 3450 5772 die
3473 5731 3526 5772 IV
3541 5713 3832 5794 Kalenda-

2182 5821 2314 5863 rum
2345 5803 2700 5871 Decembris,
2759 5818 2894 5875 quo,
2943 5803 3028 5862 uti
3056 5821 3236 5877 supra
3292 5803 3727 5865 observavimus
3758 5822 3828 5864 ex
