  <div class='ocr_page' id='page_1' title='image "/cluster/home/n/w/nwhite01/storage/ocr_20150623/151/umn.31951002477444s/141.png"; bbox 0 0 3962 6366; ppageno 0'>
   <div class='ocr_carea' id='block_1_1' title="bbox 391 398 507 478">
    <p class='ocr_par' dir='ltr' id='par_1_1' title="bbox 391 398 507 478">
     <span class='ocr_line' id='line_1_1' title="bbox 391 398 507 478; baseline 0 0"><span class='ocrx_word' id='word_1_1' title='bbox 391 398 507 478; x_wconf 73' lang='lat' dir='ltr'><strong>lar</strong></span> 
     </span>
    </p>
   </div>
   <div class='ocr_carea' id='block_1_2' title="bbox 1706 413 2506 482">
    <p class='ocr_par' dir='ltr' id='par_1_2' title="bbox 1706 413 2506 482">
     <span class='ocr_line' id='line_1_2' title="bbox 1706 413 2506 482; baseline 0 -2"><span class='ocrx_word' id='word_1_2' title='bbox 1706 413 1777 480; x_wconf 87' lang='grc' dir='ltr'><strong>Β.</strong></span> <span class='ocrx_word' id='word_1_3' title='bbox 1825 413 2116 481; x_wconf 84' lang='lat' dir='ltr'><strong>UBBANI</strong></span> <span class='ocrx_word' id='word_1_4' title='bbox 2159 413 2214 481; x_wconf 88' lang='lat' dir='ltr'><strong>Il</strong></span> <span class='ocrx_word' id='word_1_5' title='bbox 2255 415 2506 482; x_wconf 73' lang='grc' dir='ltr'><strong>ΡΑΡᾸΞ.</strong></span> 
     </span>
    </p>
   </div>
   <div class='ocr_carea' id='block_1_3' title="bbox 3672 409 3800 477">
    <p class='ocr_par' dir='ltr' id='par_1_3' title="bbox 3672 409 3800 477">
     <span class='ocr_line' id='line_1_3' title="bbox 3672 409 3800 477; baseline 0.016 -2"><span class='ocrx_word' id='word_1_6' title='bbox 3672 409 3800 477; x_wconf 77' lang='grc'><strong>188</strong></span> 
     </span>
    </p>
   </div>
   <div class='ocr_carea' id='block_1_4' title="bbox 391 537 3797 628">
    <p class='ocr_par' dir='ltr' id='par_1_4' title="bbox 391 537 3797 628">
     <span class='ocr_line' id='line_1_4' title="bbox 391 537 3797 628; baseline -0.001 -21"><span class='ocrx_word' id='word_1_7' title='bbox 391 547 588 626; x_wconf 82' lang='lat' dir='ltr'><strong>gimus</strong></span> <span class='ocrx_word' id='word_1_8' title='bbox 616 537 2028 622; x_wconf 35' lang='lat' dir='ltr'><strong>exanniversariaejusdedicationis‘solemnitate,</strong></span> <span class='ocrx_word' id='word_1_9' title='bbox 2059 552 2117 621; x_wconf 72' lang='grc' dir='ltr'>Α</span> <span class='ocrx_word' id='word_1_10' title='bbox 2145 569 2376 628; x_wconf 83' lang='lat' dir='ltr'><strong>soopus,</strong></span> <span class='ocrx_word' id='word_1_11' title='bbox 2411 551 2512 627; x_wconf 86' lang='lat' dir='ltr'><strong>qui</strong></span> <span class='ocrx_word' id='word_1_12' title='bbox 2543 553 2682 609; x_wconf 90' lang='lat' dir='ltr'><strong>tunc</strong></span> <span class='ocrx_word' id='word_1_13' title='bbox 2712 547 2860 608; x_wconf 81' lang='lat' dir='ltr'><strong>forte</strong></span> <span class='ocrx_word' id='word_1_14' title='bbox 2889 544 3081 608; x_wconf 89' lang='lat' dir='ltr'><strong>adhuc</strong></span> <span class='ocrx_word' id='word_1_15' title='bbox 3101 544 3163 607; x_wconf 89' lang='lat' dir='ltr'><strong>in</strong></span> <span class='ocrx_word' id='word_1_16' title='bbox 3190 546 3482 624; x_wconf 84' lang='lat' dir='ltr'><strong>pontificis</strong></span> <span class='ocrx_word' id='word_1_17' title='bbox 3505 548 3797 605; x_wconf 89' lang='lat' dir='ltr'><strong>comitatu</strong></span> 
     </span>
    </p>
   </div>
   <div class='ocr_carea' id='block_1_5' title="bbox 390 637 2033 714">
    <p class='ocr_par' dir='ltr' id='par_1_5' title="bbox 390 637 2033 714">
     <span class='ocr_line' id='line_1_5' title="bbox 390 637 2033 714; baseline 0.002 -17"><span class='ocrx_word' id='word_1_18' title='bbox 390 659 518 714; x_wconf 66' lang='lat' dir='ltr'><strong>quae</strong></span> <span class='ocrx_word' id='word_1_19' title='bbox 546 640 657 697; x_wconf 92' lang='lat' dir='ltr'><strong>hac</strong></span> <span class='ocrx_word' id='word_1_20' title='bbox 714 639 843 713; x_wconf 92' lang='lat' dir='ltr'><strong>ipsa</strong></span> <span class='ocrx_word' id='word_1_21' title='bbox 887 638 982 696; x_wconf 89' lang='lat' dir='ltr'><strong>die</strong></span> <span class='ocrx_word' id='word_1_22' title='bbox 1029 637 1206 696; x_wconf 91' lang='lat' dir='ltr'><strong>etiam</strong></span> <span class='ocrx_word' id='word_1_23' title='bbox 1253 655 1408 696; x_wconf 91' lang='lat' dir='ltr'><strong>nunc</strong></span> <span class='ocrx_word' id='word_1_24' title='bbox 1439 639 1500 696; x_wconf 92' lang='lat' dir='ltr'><strong>in</strong></span> <span class='ocrx_word' id='word_1_25' title='bbox 1548 639 1650 697; x_wconf 90' lang='lat' dir='ltr'><strong>illa</strong></span> <span class='ocrx_word' id='word_1_26' title='bbox 1705 641 1964 711; x_wconf 83' lang='lat' dir='ltr'><strong>ecclesia,</strong></span> <span class='ocrx_word' id='word_1_27' title='bbox 1998 661 2033 700; x_wconf 88' lang='lat' dir='ltr'><strong>a</strong></span> 
     </span>
    </p>
   </div>
   <div class='ocr_carea' id='block_1_6' title="bbox 384 728 2030 800">
    <p class='ocr_par' dir='ltr' id='par_1_6' title="bbox 384 728 2030 800">
     <span class='ocr_line' id='line_1_6' title="bbox 384 728 2030 800; baseline -0.001 -12"><span class='ocrx_word' id='word_1_28' title='bbox 384 731 610 788; x_wconf 85' lang='lat' dir='ltr'><strong>Joanne</strong></span> <span class='ocrx_word' id='word_1_29' title='bbox 620 729 764 785; x_wconf 87' lang='lat' dir='ltr'><strong>XXII</strong></span> <span class='ocrx_word' id='word_1_30' title='bbox 779 729 837 783; x_wconf 92' lang='lat' dir='ltr'><strong>in</strong></span> <span class='ocrx_word' id='word_1_31' title='bbox 851 728 1242 800; x_wconf 82' lang='lat' dir='ltr'><strong>episcopalem</strong></span> <span class='ocrx_word' id='word_1_32' title='bbox 1258 729 1454 785; x_wconf 84' lang='lat' dir='ltr'><strong>sedem</strong></span> <span class='ocrx_word' id='word_1_33' title='bbox 1469 730 2030 797; x_wconf 87' lang='lat' dir='ltr'><strong>erecta,celebratur.</strong></span> 
     </span>
    </p>
   </div>
   <div class='ocr_carea' id='block_1_7' title="bbox 384 817 2033 893">
    <p class='ocr_par' dir='ltr' id='par_1_7' title="bbox 384 817 2033 893">
     <span class='ocr_line' id='line_1_7' title="bbox 384 817 2033 893; baseline 0 -18"><span class='ocrx_word' id='word_1_34' title='bbox 384 820 602 893; x_wconf 89' lang='lat' dir='ltr'><strong>Eadem</strong></span> <span class='ocrx_word' id='word_1_35' title='bbox 633 819 727 874; x_wconf 89' lang='lat' dir='ltr'><strong>die</strong></span> <span class='ocrx_word' id='word_1_36' title='bbox 745 817 1125 891; x_wconf 83' lang='lat' dir='ltr'><strong>pontifexduo</strong></span> <span class='ocrx_word' id='word_1_37' title='bbox 1161 817 1458 891; x_wconf 89' lang='lat' dir='ltr'><strong>privilegia</strong></span> <span class='ocrx_word' id='word_1_38' title='bbox 1500 819 1716 875; x_wconf 87' lang='lat' dir='ltr'><strong>ibidem</strong></span> <span class='ocrx_word' id='word_1_39' title='bbox 1749 822 2033 877; x_wconf 85' lang='lat' dir='ltr'><strong>concessit</strong></span> 
     </span>
    </p>
   </div>
   <div class='ocr_carea' id='block_1_8' title="bbox 383 905 2028 981">
    <p class='ocr_par' dir='ltr' id='par_1_8' title="bbox 383 905 2028 981">
     <span class='ocr_line' id='line_1_8' title="bbox 383 905 2028 981; baseline 0.001 -18"><span class='ocrx_word' id='word_1_40' title='bbox 383 909 443 964; x_wconf 91' lang='lat' dir='ltr'><strong>in</strong></span> <span class='ocrx_word' id='word_1_41' title='bbox 475 909 723 981; x_wconf 84' lang='lat' dir='ltr'><strong>gratiam</strong></span> <span class='ocrx_word' id='word_1_42' title='bbox 753 905 1248 974; x_wconf 90' lang='lat' dir='ltr'><strong>Cluniacensium,</strong></span> <span class='ocrx_word' id='word_1_43' title='bbox 1286 924 1468 962; x_wconf 92' lang='lat' dir='ltr'><strong>unum</strong></span> <span class='ocrx_word' id='word_1_44' title='bbox 1490 925 1592 979; x_wconf 91' lang='lat' dir='ltr'><strong>pro</strong></span> <span class='ocrx_word' id='word_1_45' title='bbox 1616 908 2028 964; x_wconf 89' lang='lat' dir='ltr'><strong>sanctimonia-</strong></span> 
     </span>
    </p>
   </div>
   <div class='ocr_carea' id='block_1_9' title="bbox 382 995 2029 1071">
    <p class='ocr_par' dir='ltr' id='par_1_9' title="bbox 382 995 2029 1071">
     <span class='ocr_line' id='line_1_9' title="bbox 382 995 2029 1071; baseline 0.002 -20"><span class='ocrx_word' id='word_1_46' title='bbox 382 995 536 1052; x_wconf 93' lang='lat' dir='ltr'><strong>libus</strong></span> <span class='ocrx_word' id='word_1_47' title='bbox 566 995 1039 1051; x_wconf 90' lang='lat' dir='ltr'><strong>Marciniacensis</strong></span> <span class='ocrx_word' id='word_1_48' title='bbox 1070 995 1452 1052; x_wconf 88' lang='lat' dir='ltr'><strong>Parthenonis</strong></span> <span class='ocrx_word' id='word_1_49' title='bbox 1479 1015 1512 1052; x_wconf 93' lang='lat' dir='ltr'><strong>a</strong></span> <span class='ocrx_word' id='word_1_50' title='bbox 1541 1001 1741 1053; x_wconf 91' lang='lat' dir='ltr'><strong>sancto</strong></span> <span class='ocrx_word' id='word_1_51' title='bbox 1789 999 2029 1071; x_wconf 88' lang='lat' dir='ltr'><strong>Hugone</strong></span> 
     </span>
    </p>
   </div>
   <div class='ocr_carea' id='block_1_10' title="bbox 381 1077 2024 1156">
    <p class='ocr_par' dir='ltr' id='par_1_10' title="bbox 381 1077 2024 1156">
     <span class='ocr_line' id='line_1_10' title="bbox 381 1077 2024 1156; baseline 0.001 -14"><span class='ocrx_word' id='word_1_52' title='bbox 381 1084 622 1153; x_wconf 91' lang='lat' dir='ltr'><strong>conditi,</strong></span> <span class='ocrx_word' id='word_1_53' title='bbox 668 1083 917 1140; x_wconf 88' lang='lat' dir='ltr'><strong>alterum</strong></span> <span class='ocrx_word' id='word_1_54' title='bbox 974 1101 1077 1156; x_wconf 91' lang='lat' dir='ltr'><strong>pro</strong></span> <span class='ocrx_word' id='word_1_55' title='bbox 1128 1077 1430 1141; x_wconf 88' lang='lat' dir='ltr'><strong>monachis</strong></span> <span class='ocrx_word' id='word_1_56' title='bbox 1477 1085 2024 1155; x_wconf 88' lang='lat' dir='ltr'><strong>Celsiniacensibus,</strong></span> 
     </span>
    </p>
   </div>
   <div class='ocr_carea' id='block_1_11' title="bbox 373 1171 1422 1249">
    <p class='ocr_par' dir='ltr' id='par_1_11' title="bbox 373 1171 1422 1249">
     <span class='ocr_line' id='line_1_11' title="bbox 373 1171 1422 1249; baseline -0.003 -18"><span class='ocrx_word' id='word_1_57' title='bbox 373 1176 500 1249; x_wconf 88' lang='lat' dir='ltr'><strong>jam</strong></span> <span class='ocrx_word' id='word_1_58' title='bbox 534 1173 805 1248; x_wconf 89' lang='lat' dir='ltr'><strong>superius</strong></span> <span class='ocrx_word' id='word_1_59' title='bbox 836 1191 869 1229; x_wconf 94' lang='lat' dir='ltr'><strong>a</strong></span> <span class='ocrx_word' id='word_1_60' title='bbox 900 1173 1068 1230; x_wconf 89' lang='lat' dir='ltr'><strong>nobis</strong></span> <span class='ocrx_word' id='word_1_61' title='bbox 1099 1171 1422 1229; x_wconf 89' lang='lat' dir='ltr'><strong>laudatum.</strong></span> 
     </span>
    </p>
   </div>
   <div class='ocr_carea' id='block_1_12' title="bbox 453 1261 2024 1332">
    <p class='ocr_par' dir='ltr' id='par_1_12' title="bbox 453 1261 2024 1332">
     <span class='ocr_line' id='line_1_12' title="bbox 453 1261 2024 1332; baseline -0.001 -12"><span class='ocrx_word' id='word_1_62' title='bbox 453 1265 592 1329; x_wconf 91' lang='lat' dir='ltr'><strong>Hac,</strong></span> <span class='ocrx_word' id='word_1_63' title='bbox 637 1264 724 1317; x_wconf 88' lang='lat' dir='ltr'>uti</span> <span class='ocrx_word' id='word_1_64' title='bbox 769 1261 1055 1332; x_wconf 84' lang='lat' dir='ltr'><strong>conjicere</strong></span> <span class='ocrx_word' id='word_1_65' title='bbox 1112 1262 1265 1329; x_wconf 91' lang='lat' dir='ltr'><strong>licet,</strong></span> <span class='ocrx_word' id='word_1_66' title='bbox 1301 1261 1624 1329; x_wconf 83' lang='lat' dir='ltr'><strong>occasione,</strong></span> <span class='ocrx_word' id='word_1_67' title='bbox 1674 1262 2024 1329; x_wconf 90' lang='lat' dir='ltr'><strong>Bernardus,</strong></span> 
     </span>
    </p>
   </div>
   <div class='ocr_carea' id='block_1_13' title="bbox 381 1350 2027 1424">
    <p class='ocr_par' dir='ltr' id='par_1_13' title="bbox 381 1350 2027 1424">
     <span class='ocr_line' id='line_1_13' title="bbox 381 1350 2027 1424; baseline -0.002 -16"><span class='ocrx_word' id='word_1_68' title='bbox 381 1351 481 1424; x_wconf 91' lang='lat' dir='ltr'>qui</span> <span class='ocrx_word' id='word_1_69' title='bbox 512 1353 622 1408; x_wconf 90' lang='lat' dir='ltr'><strong>sub</strong></span> <span class='ocrx_word' id='word_1_70' title='bbox 654 1351 948 1424; x_wconf 73' lang='lat' dir='ltr'><strong>praepositi</strong></span> <span class='ocrx_word' id='word_1_71' title='bbox 980 1350 1216 1406; x_wconf 85' lang='lat' dir='ltr'><strong>nomine</strong></span> <span class='ocrx_word' id='word_1_72' title='bbox 1249 1350 1503 1422; x_wconf 88' lang='lat' dir='ltr'><strong>Piperaci</strong></span> <span class='ocrx_word' id='word_1_73' title='bbox 1537 1350 1831 1405; x_wconf 85' lang='lat' dir='ltr'><strong>canonicis</strong></span> <span class='ocrx_word' id='word_1_74' title='bbox 1862 1368 2027 1424; x_wconf 86' lang='lat' dir='ltr'><strong>regu—</strong></span> 
     </span>
    </p>
   </div>
   <div class='ocr_carea' id='block_1_14' title="bbox 376 1437 2023 1513">
    <p class='ocr_par' dir='ltr' id='par_1_14' title="bbox 376 1437 2023 1513">
     <span class='ocr_line' id='line_1_14' title="bbox 376 1437 2023 1513; baseline -0.001 -16"><span class='ocrx_word' id='word_1_75' title='bbox 376 1441 602 1497; x_wconf 84' lang='lat' dir='ltr'><strong>laribus</strong></span> <span class='ocrx_word' id='word_1_76' title='bbox 632 1443 1076 1513; x_wconf 66' lang='lat' dir='ltr'><strong>praeerat,suam</strong></span> <span class='ocrx_word' id='word_1_77' title='bbox 1092 1437 1407 1494; x_wconf 87' lang='lat' dir='ltr'><strong>Ecclesiam</strong></span> <span class='ocrx_word' id='word_1_78' title='bbox 1438 1439 1499 1492; x_wconf 92' lang='lat' dir='ltr'><strong>in</strong></span> <span class='ocrx_word' id='word_1_79' title='bbox 1525 1438 1770 1494; x_wconf 69' lang='lat' dir='ltr'><strong>abbatiaa</strong></span> <span class='ocrx_word' id='word_1_80' title='bbox 1783 1439 2023 1495; x_wconf 91' lang='lat' dir='ltr'><strong>titulum</strong></span> 
     </span>
    </p>
   </div>
   <div class='ocr_carea' id='block_1_15' title="bbox 377 1526 2024 1601">
    <p class='ocr_par' dir='ltr' id='par_1_15' title="bbox 377 1526 2024 1601">
     <span class='ocr_line' id='line_1_15' title="bbox 377 1526 2024 1601; baseline -0.001 -15"><span class='ocrx_word' id='word_1_81' title='bbox 377 1529 520 1601; x_wconf 84' lang='lat' dir='ltr'><strong>erigi</strong></span> <span class='ocrx_word' id='word_1_82' title='bbox 552 1529 825 1584; x_wconf 80' lang='lat' dir='ltr'><strong>obtinuit.</strong></span> <span class='ocrx_word' id='word_1_83' title='bbox 843 1529 904 1582; x_wconf 94' lang='lat' dir='ltr'>Id</span> <span class='ocrx_word' id='word_1_84' title='bbox 919 1527 1076 1582; x_wconf 90' lang='lat' dir='ltr'><strong>enim</strong></span> <span class='ocrx_word' id='word_1_85' title='bbox 1108 1527 1179 1581; x_wconf 93' lang='lat' dir='ltr'><strong>ab</strong></span> <span class='ocrx_word' id='word_1_86' title='bbox 1193 1527 1422 1582; x_wconf 90' lang='lat' dir='ltr'><strong>Urbano</strong></span> <span class='ocrx_word' id='word_1_87' title='bbox 1436 1527 1588 1582; x_wconf 91' lang='lat' dir='ltr'><strong>circa</strong></span> <span class='ocrx_word' id='word_1_88' title='bbox 1615 1526 1776 1582; x_wconf 87' lang='lat' dir='ltr'>istud</span> <span class='ocrx_word' id='word_1_89' title='bbox 1790 1531 2024 1600; x_wconf 88' lang='lat' dir='ltr'>tempus</span> 
     </span>
    </p>
   </div>
   <div class='ocr_carea' id='block_1_16' title="bbox 375 1615 2022 1688">
    <p class='ocr_par' dir='ltr' id='par_1_16' title="bbox 375 1615 2022 1688">
     <span class='ocr_line' id='line_1_16' title="bbox 375 1615 2022 1688; baseline -0.001 -14"><span class='ocrx_word' id='word_1_90' title='bbox 375 1619 593 1674; x_wconf 76' lang='lat' dir='ltr'><strong>factum</strong></span> <span class='ocrx_word' id='word_1_91' title='bbox 627 1616 808 1672; x_wconf 86' lang='lat' dir='ltr'><strong>fuisse</strong></span> <span class='ocrx_word' id='word_1_92' title='bbox 839 1617 1063 1682; x_wconf 85' lang='lat' dir='ltr'><strong>ferunt;</strong></span> <span class='ocrx_word' id='word_1_93' title='bbox 1098 1620 1154 1671; x_wconf 90' lang='lat' dir='ltr'><strong>et</strong></span> <span class='ocrx_word' id='word_1_94' title='bbox 1185 1615 1422 1688; x_wconf 88' lang='lat' dir='ltr'><strong>quidem</strong></span> <span class='ocrx_word' id='word_1_95' title='bbox 1473 1615 1816 1688; x_wconf 68' lang='lat' dir='ltr'><strong>Piperacu&#39;m</strong></span> <span class='ocrx_word' id='word_1_96' title='bbox 1864 1618 2022 1673; x_wconf 89' lang='lat' dir='ltr'>haud</span> 
     </span>
    </p>
   </div>
   <div class='ocr_carea' id='block_1_17' title="bbox 376 1703 2025 1780">
    <p class='ocr_par' dir='ltr' id='par_1_17' title="bbox 376 1703 2025 1780">
     <span class='ocr_line' id='line_1_17' title="bbox 376 1703 2025 1780; baseline -0.001 -18"><span class='ocrx_word' id='word_1_97' title='bbox 376 1706 547 1780; x_wconf 89' lang='lat' dir='ltr'><strong>longe</strong></span> <span class='ocrx_word' id='word_1_98' title='bbox 578 1723 612 1762; x_wconf 91' lang='lat' dir='ltr'><strong>a</strong></span> <span class='ocrx_word' id='word_1_99' title='bbox 641 1707 852 1762; x_wconf 86' lang='lat' dir='ltr'><strong>Sancto</strong></span> <span class='ocrx_word' id='word_1_100' title='bbox 883 1703 1049 1760; x_wconf 85' lang='lat' dir='ltr'><strong>Floro</strong></span> <span class='ocrx_word' id='word_1_101' title='bbox 1081 1704 1356 1760; x_wconf 90' lang='lat' dir='ltr'><strong>dissitum</strong></span> <span class='ocrx_word' id='word_1_102' title='bbox 1388 1707 1513 1772; x_wconf 80' lang='lat' dir='ltr'><strong>est;</strong></span> <span class='ocrx_word' id='word_1_103' title='bbox 1546 1709 1602 1760; x_wconf 89' lang='lat' dir='ltr'><strong>et</strong></span> <span class='ocrx_word' id='word_1_104' title='bbox 1633 1705 1926 1771; x_wconf 86' lang='lat' dir='ltr'><strong>Urbanus,</strong></span> <span class='ocrx_word' id='word_1_105' title='bbox 1960 1711 2025 1762; x_wconf 92' lang='lat' dir='ltr'><strong>ut</strong></span> 
     </span>
    </p>
   </div>
   <div class='ocr_carea' id='block_1_18' title="bbox 374 1793 2022 1867">
    <p class='ocr_par' dir='ltr' id='par_1_18' title="bbox 374 1793 2022 1867">
     <span class='ocr_line' id='line_1_18' title="bbox 374 1793 2022 1867; baseline 0 -15"><span class='ocrx_word' id='word_1_106' title='bbox 374 1813 445 1853; x_wconf 84' lang='lat' dir='ltr'><strong>ex</strong></span> <span class='ocrx_word' id='word_1_107' title='bbox 474 1794 746 1851; x_wconf 89' lang='lat' dir='ltr'><strong>Bertoldo</strong></span> <span class='ocrx_word' id='word_1_108' title='bbox 760 1793 1217 1858; x_wconf 89' lang='lat' dir='ltr'><strong>observavimus,</strong></span> <span class='ocrx_word' id='word_1_109' title='bbox 1231 1794 1648 1849; x_wconf 90' lang='lat' dir='ltr'><strong>canonicorum</strong></span> <span class='ocrx_word' id='word_1_110' title='bbox 1662 1794 1913 1867; x_wconf 87' lang='lat' dir='ltr'><strong>regulari</strong></span> <span class='ocrx_word' id='word_1_111' title='bbox 1923 1813 2022 1852; x_wconf 91' lang='lat' dir='ltr'><strong>um</strong></span> 
     </span>
    </p>
   </div>
   <div class='ocr_carea' id='block_1_19' title="bbox 375 1882 2018 1960">
    <p class='ocr_par' dir='ltr' id='par_1_19' title="bbox 375 1882 2018 1960">
     <span class='ocr_line' id='line_1_19' title="bbox 375 1882 2018 1960; baseline -0.001 -20"><span class='ocrx_word' id='word_1_112' title='bbox 375 1883 702 1960; x_wconf 76' lang='lat' dir='ltr'><strong>praepositis</strong></span> <span class='ocrx_word' id='word_1_113' title='bbox 719 1882 1070 1940; x_wconf 87' lang='lat' dir='ltr'><strong>abbatialem</strong></span> <span class='ocrx_word' id='word_1_114' title='bbox 1084 1882 1340 1951; x_wconf 87' lang='lat' dir='ltr'>titulum,</span> <span class='ocrx_word' id='word_1_115' title='bbox 1357 1882 1578 1954; x_wconf 86' lang='lat' dir='ltr'><strong>absque</strong></span> <span class='ocrx_word' id='word_1_116' title='bbox 1606 1887 1803 1939; x_wconf 91' lang='lat' dir='ltr'><strong>tamen</strong></span> <span class='ocrx_word' id='word_1_117' title='bbox 1824 1883 2018 1940; x_wconf 88' lang='lat' dir='ltr'><strong>baculi</strong></span> 
     </span>
    </p>
   </div>
   <div class='ocr_carea' id='block_1_20' title="bbox 375 1961 2023 2044">
    <p class='ocr_par' dir='ltr' id='par_1_20' title="bbox 375 1961 2023 2044">
     <span class='ocr_line' id='line_1_20' title="bbox 375 1961 2023 2044; baseline -0.001 -14"><span class='ocrx_word' id='word_1_118' title='bbox 375 1991 510 2041; x_wconf 88' lang='lat' dir='ltr'><strong>usu,</strong></span> <span class='ocrx_word' id='word_1_119' title='bbox 542 1961 809 2029; x_wconf 54' lang='lat' dir='ltr'><strong>indulsit:</strong></span> <span class='ocrx_word' id='word_1_120' title='bbox 839 1971 1142 2027; x_wconf 89' lang='lat' dir='ltr'><strong>Urbanum</strong></span> <span class='ocrx_word' id='word_1_121' title='bbox 1175 1988 1309 2027; x_wconf 87' lang='lat' dir='ltr'><strong>vero</strong></span> <span class='ocrx_word' id='word_1_122' title='bbox 1341 1971 1684 2044; x_wconf 89' lang='lat' dir='ltr'><strong>aliquandiu</strong></span> <span class='ocrx_word' id='word_1_123' title='bbox 1716 1973 1870 2043; x_wconf 91' lang='lat' dir='ltr'><strong>apud</strong></span> <span class='ocrx_word' id='word_1_124' title='bbox 1893 1990 2023 2028; x_wconf 91' lang='lat' dir='ltr'><strong>san-</strong></span> 
     </span>
    </p>
   </div>
   <div class='ocr_carea' id='block_1_21' title="bbox 375 2060 2020 2133">
    <p class='ocr_par' dir='ltr' id='par_1_21' title="bbox 375 2060 2020 2133">
     <span class='ocr_line' id='line_1_21' title="bbox 375 2060 2020 2133; baseline 0 -14"><span class='ocrx_word' id='word_1_125' title='bbox 375 2067 538 2119; x_wconf 91' lang='lat' dir='ltr'><strong>ctum</strong></span> <span class='ocrx_word' id='word_1_126' title='bbox 564 2062 798 2118; x_wconf 91' lang='lat' dir='ltr'><strong>Florum</strong></span> <span class='ocrx_word' id='word_1_127' title='bbox 839 2062 1209 2116; x_wconf 79' lang='lat' dir='ltr'><strong>demoratam</strong></span> <span class='ocrx_word' id='word_1_128' title='bbox 1265 2060 1447 2116; x_wconf 91' lang='lat' dir='ltr'><strong>fuisse</strong></span> <span class='ocrx_word' id='word_1_129' title='bbox 1497 2061 1570 2116; x_wconf 93' lang='lat' dir='ltr'><strong>ob</strong></span> <span class='ocrx_word' id='word_1_130' title='bbox 1616 2060 2020 2133; x_wconf 66' lang='lat' dir='ltr'><strong>aegritudinem</strong></span> 
     </span>
    </p>
   </div>
   <div class='ocr_carea' id='block_1_22' title="bbox 373 2149 2020 2222">
    <p class='ocr_par' dir='ltr' id='par_1_22' title="bbox 373 2149 2020 2222">
     <span class='ocr_line' id='line_1_22' title="bbox 373 2149 2020 2222; baseline -0.002 -12"><span class='ocrx_word' id='word_1_131' title='bbox 373 2151 616 2210; x_wconf 84' lang='lat' dir='ltr'><strong>Joannis</strong></span> <span class='ocrx_word' id='word_1_132' title='bbox 673 2149 1014 2206; x_wconf 89' lang='lat' dir='ltr'><strong>Portuensis</strong></span> <span class='ocrx_word' id='word_1_133' title='bbox 1045 2149 1322 2222; x_wconf 88' lang='lat' dir='ltr'><strong>episcopi,</strong></span> <span class='ocrx_word' id='word_1_134' title='bbox 1371 2149 1471 2221; x_wconf 90' lang='lat' dir='ltr'><strong>qui</strong></span> <span class='ocrx_word' id='word_1_135' title='bbox 1503 2149 1583 2205; x_wconf 92' lang='lat' dir='ltr'><strong>ibi</strong></span> <span class='ocrx_word' id='word_1_136' title='bbox 1613 2150 1926 2207; x_wconf 82' lang='lat' dir='ltr'><strong>defunctus</strong></span> <span class='ocrx_word' id='word_1_137' title='bbox 1956 2168 2020 2206; x_wconf 91' lang='lat' dir='ltr'><strong>ac</strong></span> 
     </span>
    </p>
   </div>
   <div class='ocr_carea' id='block_1_23' title="bbox 374 2236 2018 2315">
    <p class='ocr_par' dir='ltr' id='par_1_23' title="bbox 374 2236 2018 2315">
     <span class='ocr_line' id='line_1_23' title="bbox 374 2236 2018 2315; baseline -0.004 -17"><span class='ocrx_word' id='word_1_138' title='bbox 374 2239 642 2315; x_wconf 90' lang='lat' dir='ltr'><strong>sepultus</strong></span> <span class='ocrx_word' id='word_1_139' title='bbox 673 2238 803 2307; x_wconf 88' lang='lat' dir='ltr'><strong>fuit,</strong></span> <span class='ocrx_word' id='word_1_140' title='bbox 833 2236 1151 2293; x_wconf 86' lang='lat' dir='ltr'><strong>verisimile</strong></span> <span class='ocrx_word' id='word_1_141' title='bbox 1181 2241 1290 2293; x_wconf 90' lang='lat' dir='ltr'><strong>est.</strong></span> <span class='ocrx_word' id='word_1_142' title='bbox 1324 2236 1485 2293; x_wconf 87' lang='lat' dir='ltr'><strong>Certe</strong></span> <span class='ocrx_word' id='word_1_143' title='bbox 1527 2237 1702 2292; x_wconf 90' lang='lat' dir='ltr'><strong>etiam</strong></span> <span class='ocrx_word' id='word_1_144' title='bbox 1735 2256 1892 2294; x_wconf 90' lang='lat' dir='ltr'><strong>nunc</strong></span> <span class='ocrx_word' id='word_1_145' title='bbox 1935 2239 2018 2294; x_wconf 86' lang='lat' dir='ltr'><strong>vi-</strong></span> 
     </span>
    </p>
   </div>
   <div class='ocr_carea' id='block_1_24' title="bbox 374 2325 2020 2398">
    <p class='ocr_par' dir='ltr' id='par_1_24' title="bbox 374 2325 2020 2398">
     <span class='ocr_line' id='line_1_24' title="bbox 374 2325 2020 2398; baseline -0.002 -12"><span class='ocrx_word' id='word_1_146' title='bbox 374 2329 525 2388; x_wconf 88' lang='lat' dir='ltr'><strong>situr</strong></span> <span class='ocrx_word' id='word_1_147' title='bbox 551 2327 795 2384; x_wconf 87' lang='lat' dir='ltr'><strong>Joannis</strong></span> <span class='ocrx_word' id='word_1_148' title='bbox 827 2326 985 2382; x_wconf 89' lang='lat' dir='ltr'><strong>illius</strong></span> <span class='ocrx_word' id='word_1_149' title='bbox 999 2325 1335 2398; x_wconf 89' lang='lat' dir='ltr'><strong>sepulcrum</strong></span> <span class='ocrx_word' id='word_1_150' title='bbox 1348 2325 1406 2380; x_wconf 93' lang='lat' dir='ltr'><strong>in</strong></span> <span class='ocrx_word' id='word_1_151' title='bbox 1421 2327 1654 2382; x_wconf 79' lang='lat' dir='ltr'><strong>dextera</strong></span> <span class='ocrx_word' id='word_1_152' title='bbox 1668 2326 2020 2384; x_wconf 91' lang='lat' dir='ltr'><strong>cathedralis</strong></span> 
     </span>
    </p>
   </div>
   <div class='ocr_carea' id='block_1_25' title="bbox 373 2414 2020 2488">
    <p class='ocr_par' dir='ltr' id='par_1_25' title="bbox 373 2414 2020 2488">
     <span class='ocr_line' id='line_1_25' title="bbox 373 2414 2020 2488; baseline -0.002 -13"><span class='ocrx_word' id='word_1_153' title='bbox 373 2417 629 2475; x_wconf 75' lang='lat' dir='ltr'><strong>ecclesias</strong></span> <span class='ocrx_word' id='word_1_154' title='bbox 661 2416 753 2472; x_wconf 90' lang='lat' dir='ltr'><strong>ala</strong></span> <span class='ocrx_word' id='word_1_155' title='bbox 780 2416 930 2471; x_wconf 89' lang='lat' dir='ltr'><strong>inter</strong></span> <span class='ocrx_word' id='word_1_156' title='bbox 961 2415 1214 2488; x_wconf 89' lang='lat' dir='ltr'><strong>primam</strong></span> <span class='ocrx_word' id='word_1_157' title='bbox 1244 2417 1303 2470; x_wconf 88' lang='lat' dir='ltr'><strong>et</strong></span> <span class='ocrx_word' id='word_1_158' title='bbox 1331 2415 1651 2471; x_wconf 89' lang='lat' dir='ltr'><strong>secundam</strong></span> <span class='ocrx_word' id='word_1_159' title='bbox 1684 2414 2020 2473; x_wconf 87' lang='lat' dir='ltr'><strong>columnam</strong></span> 
     </span>
    </p>
   </div>
   <div class='ocr_carea' id='block_1_26' title="bbox 375 2503 2017 2580">
    <p class='ocr_par' dir='ltr' id='par_1_26' title="bbox 375 2503 2017 2580">
     <span class='ocr_line' id='line_1_26' title="bbox 375 2503 2017 2580; baseline 0 -18"><span class='ocrx_word' id='word_1_160' title='bbox 375 2507 657 2580; x_wconf 90' lang='lat' dir='ltr'><strong>positum,</strong></span> <span class='ocrx_word' id='word_1_161' title='bbox 691 2505 791 2560; x_wconf 90' lang='lat' dir='ltr'><strong>sed</strong></span> <span class='ocrx_word' id='word_1_162' title='bbox 824 2505 1046 2576; x_wconf 89' lang='lat' dir='ltr'><strong>absque</strong></span> <span class='ocrx_word' id='word_1_163' title='bbox 1076 2503 1216 2574; x_wconf 91' lang='lat' dir='ltr'><strong>ulla,</strong></span> <span class='ocrx_word' id='word_1_164' title='bbox 1249 2503 1334 2559; x_wconf 87' lang='lat' dir='ltr'>uti</span> <span class='ocrx_word' id='word_1_165' title='bbox 1377 2503 1523 2559; x_wconf 90' lang='lat' dir='ltr'><strong>mihi</strong></span> <span class='ocrx_word' id='word_1_166' title='bbox 1572 2508 1860 2561; x_wconf 85' lang='lat' dir='ltr'><strong>assertum</strong></span> <span class='ocrx_word' id='word_1_167' title='bbox 1911 2510 2017 2571; x_wconf 91' lang='lat' dir='ltr'><strong>est,</strong></span> 
     </span>
    </p>
   </div>
   <div class='ocr_carea' id='block_1_27' title="bbox 371 2593 2021 2668">
    <p class='ocr_par' dir='ltr' id='par_1_27' title="bbox 371 2593 2021 2668">
     <span class='ocr_line' id='line_1_27' title="bbox 371 2593 2021 2668; baseline 0.001 -18"><span class='ocrx_word' id='word_1_168' title='bbox 371 2595 772 2668; x_wconf 85' lang='lat' dir='ltr'><strong>inscriptione.</strong></span> <span class='ocrx_word' id='word_1_169' title='bbox 807 2593 1226 2649; x_wconf 90' lang='lat' dir='ltr'><strong>Monasterium</strong></span> <span class='ocrx_word' id='word_1_170' title='bbox 1243 2593 1438 2649; x_wconf 86' lang='lat' dir='ltr'><strong>Sancti</strong></span> <span class='ocrx_word' id='word_1_171' title='bbox 1467 2593 1617 2649; x_wconf 89' lang='lat' dir='ltr'><strong>Flori</strong></span> <span class='ocrx_word' id='word_1_172' title='bbox 1643 2597 2021 2651; x_wconf 87' lang='lat' dir='ltr'><strong>sanctissimus</strong></span> 
     </span>
    </p>
   </div>
   <div class='ocr_carea' id='block_1_28' title="bbox 377 2681 2020 2755">
    <p class='ocr_par' dir='ltr' id='par_1_28' title="bbox 377 2681 2020 2755">
     <span class='ocr_line' id='line_1_28' title="bbox 377 2681 2020 2755; baseline 0 -13"><span class='ocrx_word' id='word_1_173' title='bbox 377 2686 644 2751; x_wconf 76' lang='lat' dir='ltr'><strong>Urbanus,</strong></span> <span class='ocrx_word' id='word_1_174' title='bbox 677 2683 762 2739; x_wconf 89' lang='lat' dir='ltr'><strong>uti</strong></span> <span class='ocrx_word' id='word_1_175' title='bbox 792 2683 851 2738; x_wconf 90' lang='lat' dir='ltr'><strong>in</strong></span> <span class='ocrx_word' id='word_1_176' title='bbox 884 2700 1065 2755; x_wconf 87' lang='lat' dir='ltr'><strong>supra</strong></span> <span class='ocrx_word' id='word_1_177' title='bbox 1094 2681 1328 2738; x_wconf 88' lang='lat' dir='ltr'><strong>laudato</strong></span> <span class='ocrx_word' id='word_1_178' title='bbox 1356 2681 1554 2739; x_wconf 92' lang='lat' dir='ltr'><strong>libello</strong></span> <span class='ocrx_word' id='word_1_179' title='bbox 1584 2683 1854 2751; x_wconf 89' lang='lat' dir='ltr'><strong>habetur,</strong></span> <span class='ocrx_word' id='word_1_180' title='bbox 1906 2702 2020 2742; x_wconf 90' lang='lat' dir='ltr'><strong>non</strong></span> 
     </span>
    </p>
   </div>
   <div class='ocr_carea' id='block_1_29' title="bbox 374 2770 2023 2843">
    <p class='ocr_par' dir='ltr' id='par_1_29' title="bbox 374 2770 2023 2843">
     <span class='ocr_line' id='line_1_29' title="bbox 374 2770 2023 2843; baseline -0.001 -12"><span class='ocrx_word' id='word_1_181' title='bbox 374 2774 568 2832; x_wconf 89' lang='lat' dir='ltr'><strong>solum</strong></span> <span class='ocrx_word' id='word_1_182' title='bbox 599 2773 673 2828; x_wconf 93' lang='lat' dir='ltr'><strong>ob</strong></span> <span class='ocrx_word' id='word_1_183' title='bbox 704 2771 890 2827; x_wconf 88' lang='lat' dir='ltr'><strong>sancti</strong></span> <span class='ocrx_word' id='word_1_184' title='bbox 923 2770 1074 2828; x_wconf 90' lang='lat' dir='ltr'><strong>Flori</strong></span> <span class='ocrx_word' id='word_1_185' title='bbox 1112 2772 1468 2843; x_wconf 85' lang='lat' dir='ltr'><strong>devotionem,</strong></span> <span class='ocrx_word' id='word_1_186' title='bbox 1520 2776 1576 2828; x_wconf 91' lang='lat' dir='ltr'><strong>et</strong></span> <span class='ocrx_word' id='word_1_187' title='bbox 1603 2776 2023 2830; x_wconf 68' lang='lat' dir='ltr'><strong>consecrationis</strong></span> 
     </span>
    </p>
   </div>
   <div class='ocr_carea' id='block_1_30' title="bbox 371 2860 2018 2935">
    <p class='ocr_par' dir='ltr' id='par_1_30' title="bbox 371 2860 2018 2935">
     <span class='ocr_line' id='line_1_30' title="bbox 371 2860 2018 2935; baseline -0.001 -15"><span class='ocrx_word' id='word_1_188' title='bbox 371 2864 501 2935; x_wconf 90' lang='lat' dir='ltr'><strong>ejus</strong></span> <span class='ocrx_word' id='word_1_189' title='bbox 532 2860 641 2917; x_wconf 91' lang='lat' dir='ltr'><strong>loci</strong></span> <span class='ocrx_word' id='word_1_190' title='bbox 673 2879 706 2915; x_wconf 89' lang='lat' dir='ltr'><strong>a</strong></span> <span class='ocrx_word' id='word_1_191' title='bbox 735 2877 795 2916; x_wconf 92' lang='lat' dir='ltr'><strong>se</strong></span> <span class='ocrx_word' id='word_1_192' title='bbox 821 2860 979 2916; x_wconf 73' lang='lat' dir='ltr'><strong>factae</strong></span> <span class='ocrx_word' id='word_1_193' title='bbox 1010 2863 1376 2918; x_wconf 80' lang='lat' dir='ltr'><strong>reverentiam</strong></span> <span class='ocrx_word' id='word_1_194' title='bbox 1415 2860 1718 2934; x_wconf 88' lang='lat' dir='ltr'><strong>privilegio</strong></span> <span class='ocrx_word' id='word_1_195' title='bbox 1761 2863 2018 2931; x_wconf 91' lang='lat' dir='ltr'><strong>donavit,</strong></span> 
     </span>
    </p>
   </div>
   <div class='ocr_carea' id='block_1_31' title="bbox 371 2949 2019 3022">
    <p class='ocr_par' dir='ltr' id='par_1_31' title="bbox 371 2949 2019 3022">
     <span class='ocr_line' id='line_1_31' title="bbox 371 2949 2019 3022; baseline -0.002 -13"><span class='ocrx_word' id='word_1_196' title='bbox 371 2953 470 3009; x_wconf 89' lang='lat' dir='ltr'><strong>sed</strong></span> <span class='ocrx_word' id='word_1_197' title='bbox 506 2949 680 3007; x_wconf 92' lang='lat' dir='ltr'><strong>etiam</strong></span> <span class='ocrx_word' id='word_1_198' title='bbox 707 2967 808 3022; x_wconf 90' lang='lat' dir='ltr'><strong>pro</strong></span> <span class='ocrx_word' id='word_1_199' title='bbox 854 2950 1138 3007; x_wconf 80' lang='lat' dir='ltr'><strong>dilectione</strong></span> <span class='ocrx_word' id='word_1_200' title='bbox 1165 2951 1284 3005; x_wconf 88' lang='lat' dir='ltr'><strong>veri</strong></span> <span class='ocrx_word' id='word_1_201' title='bbox 1335 2951 1518 3006; x_wconf 79' lang='lat' dir='ltr'><strong>Patris</strong></span> <span class='ocrx_word' id='word_1_202' title='bbox 1567 2953 1792 3006; x_wconf 79' lang='lat' dir='ltr'><strong>Joannis</strong></span> <span class='ocrx_word' id='word_1_203' title='bbox 1837 2951 2019 3006; x_wconf 89' lang='lat' dir='ltr'><strong>cardi-</strong></span> 
     </span>
    </p>
   </div>
   <div class='ocr_carea' id='block_1_32' title="bbox 367 3037 2020 3112">
    <p class='ocr_par' dir='ltr' id='par_1_32' title="bbox 367 3037 2020 3112">
     <span class='ocr_line' id='line_1_32' title="bbox 367 3037 2020 3112; baseline 0 -18"><span class='ocrx_word' id='word_1_204' title='bbox 367 3041 518 3096; x_wconf 87' lang='lat' dir='ltr'><strong>nalis</strong></span> <span class='ocrx_word' id='word_1_205' title='bbox 544 3041 779 3112; x_wconf 80' lang='lat' dir='ltr'><strong>episcopi</strong></span> <span class='ocrx_word' id='word_1_206' title='bbox 807 3041 1120 3095; x_wconf 87' lang='lat' dir='ltr'><strong>Portuensis</strong></span> <span class='ocrx_word' id='word_1_207' title='bbox 1151 3037 1369 3094; x_wconf 89' lang='lat' dir='ltr'><strong>ibidem</strong></span> <span class='ocrx_word' id='word_1_208' title='bbox 1406 3039 1685 3106; x_wconf 80' lang='lat' dir='ltr'><strong>tumulati,</strong></span> <span class='ocrx_word' id='word_1_209' title='bbox 1736 3039 2020 3111; x_wconf 87' lang='lat' dir='ltr'><strong>singulari</strong></span> 
     </span>
    </p>
   </div>
   <div class='ocr_carea' id='block_1_33' title="bbox 368 3127 1105 3200">
    <p class='ocr_par' dir='ltr' id='par_1_33' title="bbox 368 3127 1105 3200">
     <span class='ocr_line' id='line_1_33' title="bbox 368 3127 1105 3200; baseline -0.004 -15"><span class='ocrx_word' id='word_1_210' title='bbox 368 3129 589 3185; x_wconf 77' lang='lat' dir='ltr'><strong>aﬂ‘ectu</strong></span> <span class='ocrx_word' id='word_1_211' title='bbox 620 3127 1105 3200; x_wconf 88' lang='lat' dir='ltr'><strong>prosequebatur.</strong></span> 
     </span>
    </p>
   </div>
   <div class='ocr_carea' id='block_1_34' title="bbox 367 3234 2017 3360">
    <p class='ocr_par' dir='ltr' id='par_1_34' title="bbox 367 3234 2017 3360">
     <span class='ocr_line' id='line_1_34' title="bbox 367 3234 2017 3360; baseline -0.001 -67"><span class='ocrx_word' id='word_1_212' title='bbox 367 3235 691 3293; x_wconf 84' lang='lat' dir='ltr'>CCXXXIII.</span> <span class='ocrx_word' id='word_1_213' title='bbox 729 3235 1250 3360; x_wconf 39' lang='lat' dir='ltr'><strong>Urbanuspontgjex&#39;</strong></span> <span class='ocrx_word' id='word_1_214' title='bbox 1279 3234 1559 3289; x_wconf 87' lang='lat' dir='ltr'><strong>Auriliaco</strong></span> <span class='ocrx_word' id='word_1_215' title='bbox 1603 3235 1822 3290; x_wconf 81' lang='lat' dir='ltr'><strong>transit.</strong></span> <span class='ocrx_word' id='word_1_216' title='bbox 1867 3235 2017 3291; x_wconf 81' lang='lat' dir='ltr'><strong>Mau-</strong></span> 
     </span>
     <span class='ocr_line' id='line_1_35' title="bbox 854 3307 1523 3360; baseline -0.003 0"><span class='ocrx_word' id='word_1_217' title='bbox 854 3323 981 3360; x_wconf 78' lang='lat' dir='ltr'><strong>rzczz</strong></span> <span class='ocrx_word' id='word_1_218' title='bbox 1012 3308 1125 3360; x_wconf 89' lang='lat' dir='ltr'><strong>Bur</strong></span> <span class='ocrx_word' id='word_1_219' title='bbox 1166 3322 1246 3360; x_wconf 80' lang='lat' dir='ltr'><strong>mi</strong></span> <span class='ocrx_word' id='word_1_220' title='bbox 1286 3307 1523 3360; x_wconf 83' lang='lat' dir='ltr'><strong>fortuna.</strong></span> 
     </span>
    </p>
   </div>
   <div class='ocr_carea' id='block_1_35' title="bbox 854 3307 1523 3375">
    <p class='ocr_par' dir='ltr' id='par_1_35' title="bbox 854 3307 1523 3375">
     <span class='ocr_line' id='line_1_36' title="bbox 854 3307 1523 3375; baseline -0.003 -15"><span class='ocrx_word' id='word_1_221' title='bbox 854 3307 984 3361; x_wconf 88' lang='lat' dir='ltr'><strong>ricii</strong></span> <span class='ocrx_word' id='word_1_222' title='bbox 1012 3307 1249 3360; x_wconf 89' lang='lat' dir='ltr'><strong>Burdini</strong></span> <span class='ocrx_word' id='word_1_223' title='bbox 1283 3307 1523 3375; x_wconf 83' lang='lat' dir='ltr'><strong>fortuna.</strong></span> 
     </span>
    </p>
   </div>
   <div class='ocr_carea' id='block_1_36' title="bbox 437 3390 2018 3465">
    <p class='ocr_par' dir='ltr' id='par_1_36' title="bbox 437 3390 2018 3465">
     <span class='ocr_line' id='line_1_37' title="bbox 437 3390 2018 3465; baseline 0 -15"><span class='ocrx_word' id='word_1_224' title='bbox 437 3394 740 3450; x_wconf 89' lang='lat' dir='ltr'><strong>Urbanum</strong></span> <span class='ocrx_word' id='word_1_225' title='bbox 800 3396 1005 3465; x_wconf 89' lang='lat' dir='ltr'><strong>postea</strong></span> <span class='ocrx_word' id='word_1_226' title='bbox 1050 3390 1409 3446; x_wconf 86' lang='lat' dir='ltr'><strong>Auriliacum</strong></span> <span class='ocrx_word' id='word_1_227' title='bbox 1471 3390 1683 3448; x_wconf 90' lang='lat' dir='ltr'><strong>adiisse</strong></span> <span class='ocrx_word' id='word_1_228' title='bbox 1727 3409 1796 3448; x_wconf 82' lang='lat' dir='ltr'><strong>ex</strong></span> <span class='ocrx_word' id='word_1_229' title='bbox 1840 3395 2018 3450; x_wconf 89' lang='lat' dir='ltr'><strong>veteri</strong></span> 
     </span>
    </p>
   </div>
   <div class='ocr_carea' id='block_1_37' title="bbox 366 3480 2014 3554">
    <p class='ocr_par' dir='ltr' id='par_1_37' title="bbox 366 3480 2014 3554">
     <span class='ocr_line' id='line_1_38' title="bbox 366 3480 2014 3554; baseline 0.001 -16"><span class='ocrx_word' id='word_1_230' title='bbox 366 3482 653 3538; x_wconf 92' lang='lat' dir='ltr'><strong>Chronico</strong></span> <span class='ocrx_word' id='word_1_231' title='bbox 676 3482 944 3554; x_wconf 81' lang='lat' dir='ltr'><strong>ejusdem</strong></span> <span class='ocrx_word' id='word_1_232' title='bbox 973 3480 1086 3536; x_wconf 92' lang='lat' dir='ltr'><strong>loci</strong></span> <span class='ocrx_word' id='word_1_233' title='bbox 1125 3483 1286 3536; x_wconf 91' lang='lat' dir='ltr'><strong>tomo</strong></span> <span class='ocrx_word' id='word_1_234' title='bbox 1313 3481 1358 3537; x_wconf 92' lang='lat' dir='ltr'><strong>Il</strong></span> <span class='ocrx_word' id='word_1_235' title='bbox 1407 3481 1665 3538; x_wconf 90' lang='lat' dir='ltr'><strong>Analect.</strong></span> <span class='ocrx_word' id='word_1_236' title='bbox 1716 3482 2014 3540; x_wconf 88' lang='lat' dir='ltr'><strong>Mabillon.</strong></span> 
     </span>
    </p>
   </div>
   <div class='ocr_carea' id='block_1_38' title="bbox 366 3569 2019 3644">
    <p class='ocr_par' dir='ltr' id='par_1_38' title="bbox 366 3569 2019 3644">
     <span class='ocr_line' id='line_1_39' title="bbox 366 3569 2019 3644; baseline 0.001 -16"><span class='ocrx_word' id='word_1_237' title='bbox 366 3571 522 3628; x_wconf 89' lang='lat' dir='ltr'><strong>edito</strong></span> <span class='ocrx_word' id='word_1_238' title='bbox 551 3570 858 3638; x_wconf 91' lang='lat' dir='ltr'><strong>discimus,</strong></span> <span class='ocrx_word' id='word_1_239' title='bbox 890 3569 948 3625; x_wconf 91' lang='lat' dir='ltr'><strong>in</strong></span> <span class='ocrx_word' id='word_1_240' title='bbox 981 3586 1096 3642; x_wconf 93' lang='lat' dir='ltr'><strong>quo</strong></span> <span class='ocrx_word' id='word_1_241' title='bbox 1125 3569 1247 3626; x_wconf 62' lang='lat' dir='ltr'><strong>hac</strong></span> <span class='ocrx_word' id='word_1_242' title='bbox 1271 3569 1523 3644; x_wconf 84' lang='lat' dir='ltr'><strong>legimus</strong></span> <span class='ocrx_word' id='word_1_243' title='bbox 1553 3571 1623 3626; x_wconf 92' lang='lat' dir='ltr'><strong>de</strong></span> <span class='ocrx_word' id='word_1_244' title='bbox 1648 3571 1814 3628; x_wconf 92' lang='lat' dir='ltr'><strong>Petro</strong></span> <span class='ocrx_word' id='word_1_245' title='bbox 1839 3571 2019 3629; x_wconf 89' lang='lat' dir='ltr'><strong>Solia-</strong></span> 
     </span>
    </p>
   </div>
   <div class='ocr_carea' id='block_1_39' title="bbox 363 3659 2016 3733">
    <p class='ocr_par' dir='ltr' id='par_1_39' title="bbox 363 3659 2016 3733">
     <span class='ocr_line' id='line_1_40' title="bbox 363 3659 2016 3733; baseline 0 -15"><span class='ocrx_word' id='word_1_246' title='bbox 363 3661 548 3728; x_wconf 87' lang='lat' dir='ltr'><strong>censi,</strong></span> <span class='ocrx_word' id='word_1_247' title='bbox 580 3661 847 3733; x_wconf 90' lang='lat' dir='ltr'><strong>ejusdem</strong></span> <span class='ocrx_word' id='word_1_248' title='bbox 871 3659 1407 3732; x_wconf 88' lang='lat' dir='ltr'><strong>monasterii,quod</strong></span> <span class='ocrx_word' id='word_1_249' title='bbox 1439 3677 1507 3717; x_wconf 83' lang='lat' dir='ltr'><strong>ex</strong></span> <span class='ocrx_word' id='word_1_250' title='bbox 1537 3660 1908 3718; x_wconf 90' lang='lat' dir='ltr'><strong>Benedictino</strong></span> <span class='ocrx_word' id='word_1_251' title='bbox 1925 3679 2016 3718; x_wconf 91' lang='lat' dir='ltr'><strong>or-</strong></span> 
     </span>
    </p>
   </div>
   <div class='ocr_carea' id='block_1_40' title="bbox 362 3748 2016 3819">
    <p class='ocr_par' dir='ltr' id='par_1_40' title="bbox 362 3748 2016 3819">
     <span class='ocr_line' id='line_1_41' title="bbox 362 3748 2016 3819; baseline 0.002 -14"><span class='ocrx_word' id='word_1_252' title='bbox 362 3749 501 3806; x_wconf 90' lang='lat' dir='ltr'><strong>dine</strong></span> <span class='ocrx_word' id='word_1_253' title='bbox 531 3752 772 3807; x_wconf 90' lang='lat' dir='ltr'><strong>tandem</strong></span> <span class='ocrx_word' id='word_1_254' title='bbox 803 3750 876 3805; x_wconf 87' lang='lat' dir='ltr'><strong>ad</strong></span> <span class='ocrx_word' id='word_1_255' title='bbox 904 3748 1211 3805; x_wconf 71' lang='lat' dir='ltr'><strong>saeculares</strong></span> <span class='ocrx_word' id='word_1_256' title='bbox 1257 3750 1568 3806; x_wconf 89' lang='lat' dir='ltr'><strong>canonicos</strong></span> <span class='ocrx_word' id='word_1_257' title='bbox 1600 3750 1827 3819; x_wconf 83' lang='lat' dir='ltr'><strong>defecit,</strong></span> <span class='ocrx_word' id='word_1_258' title='bbox 1876 3755 2016 3808; x_wconf 86' lang='lat' dir='ltr'><strong>tunc</strong></span> 
     </span>
    </p>
   </div>
   <div class='ocr_carea' id='block_1_41' title="bbox 363 3837 2018 3910">
    <p class='ocr_par' dir='ltr' id='par_1_41' title="bbox 363 3837 2018 3910">
     <span class='ocr_line' id='line_1_42' title="bbox 363 3837 2018 3910; baseline 0.001 -15"><span class='ocrx_word' id='word_1_259' title='bbox 363 3838 611 3895; x_wconf 88' lang='lat' dir='ltr'><strong>abbate:</strong></span> <span class='ocrx_word' id='word_1_260' title='bbox 658 3839 755 3894; x_wconf 86' lang='lat' dir='ltr'><strong>Hic</strong></span> <span class='ocrx_word' id='word_1_261' title='bbox 815 3837 1094 3894; x_wconf 85' lang='lat' dir='ltr'><strong>Urbanum</strong></span> <span class='ocrx_word' id='word_1_262' title='bbox 1143 3853 1346 3910; x_wconf 84' lang='lat' dir='ltr'><strong>papam</strong></span> <span class='ocrx_word' id='word_1_263' title='bbox 1399 3843 1520 3909; x_wconf 87' lang='lat' dir='ltr'><strong>post</strong></span> <span class='ocrx_word' id='word_1_264' title='bbox 1577 3840 2018 3896; x_wconf 85' lang='lat' dir='ltr'><strong>Claromontense</strong></span> 
     </span>
    </p>
   </div>
   <div class='ocr_carea' id='block_1_42' title="bbox 361 3925 2018 3996">
    <p class='ocr_par' dir='ltr' id='par_1_42' title="bbox 361 3925 2018 3996">
     <span class='ocr_line' id='line_1_43' title="bbox 361 3925 2018 3996; baseline 0.001 -14"><span class='ocrx_word' id='word_1_265' title='bbox 361 3926 678 3994; x_wconf 86' lang='lat' dir='ltr'><strong>concilium,</strong></span> <span class='ocrx_word' id='word_1_266' title='bbox 707 3927 800 3982; x_wconf 90' lang='lat' dir='ltr'><strong>cui</strong></span> <span class='ocrx_word' id='word_1_267' title='bbox 831 3926 985 3982; x_wconf 91' lang='lat' dir='ltr'><strong>idem</strong></span> <span class='ocrx_word' id='word_1_268' title='bbox 1034 3925 1218 3981; x_wconf 91' lang='lat' dir='ltr'><strong>abbas</strong></span> <span class='ocrx_word' id='word_1_269' title='bbox 1261 3927 1623 3996; x_wconf 83' lang='lat' dir='ltr'><strong>interfuerat,</strong></span> <span class='ocrx_word' id='word_1_270' title='bbox 1677 3928 2018 3984; x_wconf 84' lang='lat' dir='ltr'><strong>Auriliacum</strong></span> 
     </span>
    </p>
   </div>
   <div class='ocr_carea' id='block_1_43' title="bbox 362 4015 597 4071">
    <p class='ocr_par' dir='ltr' id='par_1_43' title="bbox 362 4015 597 4071">
     <span class='ocr_line' id='line_1_44' title="bbox 362 4015 597 4071; baseline -0.004 0"><span class='ocrx_word' id='word_1_271' title='bbox 362 4015 597 4071; x_wconf 79' lang='lat' dir='ltr'><strong>devexit.</strong></span> 
     </span>
    </p>
   </div>
   <div class='ocr_carea' id='block_1_44' title="bbox 435 4102 2012 4178">
    <p class='ocr_par' dir='ltr' id='par_1_44' title="bbox 435 4102 2012 4178">
     <span class='ocr_line' id='line_1_45' title="bbox 435 4102 2012 4178; baseline 0.001 -18"><span class='ocrx_word' id='word_1_272' title='bbox 435 4104 575 4161; x_wconf 91' lang='lat' dir='ltr'><strong>Inde</strong></span> <span class='ocrx_word' id='word_1_273' title='bbox 598 4102 971 4161; x_wconf 89' lang='lat' dir='ltr'><strong>Lemovicum</strong></span> <span class='ocrx_word' id='word_1_274' title='bbox 1006 4102 1368 4176; x_wconf 89' lang='lat' dir='ltr'><strong>provinciam</strong></span> <span class='ocrx_word' id='word_1_275' title='bbox 1400 4103 1704 4177; x_wconf 89' lang='lat' dir='ltr'><strong>ingressus</strong></span> <span class='ocrx_word' id='word_1_276' title='bbox 1735 4106 2012 4178; x_wconf 81' lang='lat' dir='ltr'><strong>pontifex,</strong></span> 
     </span>
    </p>
   </div>
   <div class='ocr_carea' id='block_1_45' title="bbox 362 4192 2016 4267">
    <p class='ocr_par' dir='ltr' id='par_1_45' title="bbox 362 4192 2016 4267">
     <span class='ocr_line' id='line_1_46' title="bbox 362 4192 2016 4267; baseline 0 -16"><span class='ocrx_word' id='word_1_277' title='bbox 362 4195 661 4261; x_wconf 87' lang='lat' dir='ltr'><strong>Uzeroam,</strong></span> <span class='ocrx_word' id='word_1_278' title='bbox 693 4193 977 4248; x_wconf 90' lang='lat' dir='ltr'><strong>invitante</strong></span> <span class='ocrx_word' id='word_1_279' title='bbox 995 4192 1249 4248; x_wconf 91' lang='lat' dir='ltr'><strong>Gerardo</strong></span> <span class='ocrx_word' id='word_1_280' title='bbox 1279 4193 1508 4258; x_wconf 90' lang='lat' dir='ltr'><strong>abbate,</strong></span> <span class='ocrx_word' id='word_1_281' title='bbox 1541 4192 1795 4264; x_wconf 89' lang='lat' dir='ltr'><strong>divertit,</strong></span> <span class='ocrx_word' id='word_1_282' title='bbox 1817 4193 2016 4267; x_wconf 90' lang='lat' dir='ltr'><strong>ibique</strong></span> 
     </span>
    </p>
   </div>
   <div class='ocr_carea' id='block_1_46' title="bbox 363 4280 2012 4354">
    <p class='ocr_par' dir='ltr' id='par_1_46' title="bbox 363 4280 2012 4354">
     <span class='ocr_line' id='line_1_47' title="bbox 363 4280 2012 4354; baseline 0.001 -14"><span class='ocrx_word' id='word_1_283' title='bbox 363 4282 706 4340; x_wconf 90' lang='lat' dir='ltr'><strong>monasterii</strong></span> <span class='ocrx_word' id='word_1_284' title='bbox 736 4280 1041 4337; x_wconf 87' lang='lat' dir='ltr'><strong>ecclesiam</strong></span> <span class='ocrx_word' id='word_1_285' title='bbox 1050 4282 1385 4352; x_wconf 88' lang='lat' dir='ltr'><strong>juxtaquod</strong></span> <span class='ocrx_word' id='word_1_286' title='bbox 1419 4281 1469 4336; x_wconf 91' lang='lat' dir='ltr'><strong>ei</strong></span> <span class='ocrx_word' id='word_1_287' title='bbox 1487 4281 1674 4338; x_wconf 87' lang='lat' dir='ltr'><strong>fuerat</strong></span> <span class='ocrx_word' id='word_1_288' title='bbox 1696 4281 2012 4354; x_wconf 89' lang='lat' dir='ltr'><strong>pollicitus,</strong></span> 
     </span>
    </p>
   </div>
   <div class='ocr_carea' id='block_1_47' title="bbox 360 4369 2013 4438">
    <p class='ocr_par' dir='ltr' id='par_1_47' title="bbox 360 4369 2013 4438">
     <span class='ocr_line' id='line_1_48' title="bbox 360 4369 2013 4438; baseline 0.001 -9"><span class='ocrx_word' id='word_1_289' title='bbox 360 4373 629 4429; x_wconf 90' lang='lat' dir='ltr'><strong>dedicare</strong></span> <span class='ocrx_word' id='word_1_290' title='bbox 659 4369 1061 4438; x_wconf 89' lang='lat' dir='ltr'><strong>constituerat;</strong></span> <span class='ocrx_word' id='word_1_291' title='bbox 1097 4371 1169 4427; x_wconf 89' lang='lat' dir='ltr'><strong>ad</strong></span> <span class='ocrx_word' id='word_1_292' title='bbox 1201 4370 1503 4426; x_wconf 90' lang='lat' dir='ltr'><strong>Urbanum</strong></span> <span class='ocrx_word' id='word_1_293' title='bbox 1553 4371 1624 4426; x_wconf 89' lang='lat' dir='ltr'><strong>ab</strong></span> <span class='ocrx_word' id='word_1_294' title='bbox 1673 4387 1738 4427; x_wconf 92' lang='lat' dir='ltr'><strong>eo</strong></span> <span class='ocrx_word' id='word_1_295' title='bbox 1769 4373 2013 4430; x_wconf 90' lang='lat' dir='ltr'><strong>consilio</strong></span> 
     </span>
    </p>
   </div>
   <div class='ocr_carea' id='block_1_48' title="bbox 359 4457 2014 4532">
    <p class='ocr_par' dir='ltr' id='par_1_48' title="bbox 359 4457 2014 4532">
     <span class='ocr_line' id='line_1_49' title="bbox 359 4457 2014 4532; baseline -0.002 -14"><span class='ocrx_word' id='word_1_296' title='bbox 359 4458 730 4518; x_wconf 87' lang='lat' dir='ltr'><strong>Humbaldus</strong></span> <span class='ocrx_word' id='word_1_297' title='bbox 786 4458 1096 4531; x_wconf 91' lang='lat' dir='ltr'><strong>episcopus</strong></span> <span class='ocrx_word' id='word_1_298' title='bbox 1153 4457 1600 4523; x_wconf 89' lang='lat' dir='ltr'><strong>Lemovicensis,</strong></span> <span class='ocrx_word' id='word_1_299' title='bbox 1643 4459 1840 4514; x_wconf 89' lang='lat' dir='ltr'><strong>nescio</strong></span> <span class='ocrx_word' id='word_1_300' title='bbox 1897 4477 2014 4532; x_wconf 91' lang='lat' dir='ltr'><strong>qua</strong></span> 
     </span>
    </p>
   </div>
   <div class='ocr_carea' id='block_1_49' title="bbox 358 4546 2012 4620">
    <p class='ocr_par' dir='ltr' id='par_1_49' title="bbox 358 4546 2012 4620">
     <span class='ocr_line' id='line_1_50' title="bbox 358 4546 2012 4620; baseline -0.002 -13"><span class='ocrx_word' id='word_1_301' title='bbox 358 4550 607 4619; x_wconf 85' lang='lat' dir='ltr'><strong>ratione,</strong></span> <span class='ocrx_word' id='word_1_302' title='bbox 667 4549 944 4605; x_wconf 85' lang='lat' dir='ltr'><strong>avocavit.</strong></span> <span class='ocrx_word' id='word_1_303' title='bbox 1007 4548 1176 4604; x_wconf 87' lang='lat' dir='ltr'><strong>Forte</strong></span> <span class='ocrx_word' id='word_1_304' title='bbox 1228 4548 1382 4620; x_wconf 88' lang='lat' dir='ltr'><strong>quod</strong></span> <span class='ocrx_word' id='word_1_305' title='bbox 1449 4546 1744 4603; x_wconf 90' lang='lat' dir='ltr'><strong>Natalium</strong></span> <span class='ocrx_word' id='word_1_306' title='bbox 1796 4547 2012 4606; x_wconf 91' lang='lat' dir='ltr'><strong>Christi</strong></span> 
     </span>
    </p>
   </div>
   <div class='ocr_carea' id='block_1_50' title="bbox 358 4635 2090 4727">
    <p class='ocr_par' dir='ltr' id='par_1_50' title="bbox 358 4635 2090 4727">
     <span class='ocr_line' id='line_1_51' title="bbox 358 4635 2090 4727; baseline -0.001 -30"><span class='ocrx_word' id='word_1_307' title='bbox 358 4638 647 4697; x_wconf 87' lang='lat' dir='ltr'><strong>solemnia</strong></span> <span class='ocrx_word' id='word_1_308' title='bbox 701 4638 859 4712; x_wconf 88' lang='lat' dir='ltr'><strong>apud</strong></span> <span class='ocrx_word' id='word_1_309' title='bbox 920 4637 1255 4694; x_wconf 78' lang='lat' dir='ltr'><strong>Lemovices</strong></span> <span class='ocrx_word' id='word_1_310' title='bbox 1311 4654 1346 4692; x_wconf 88' lang='lat' dir='ltr'><strong>a</strong></span> <span class='ocrx_word' id='word_1_311' title='bbox 1401 4635 1676 4727; x_wconf 85' lang='lat' dir='ltr'><strong>pontifice</strong></span> <span class='ocrx_word' id='word_1_312' title='bbox 1733 4637 2012 4696; x_wconf 88' lang='lat' dir='ltr'><strong>celebrari</strong></span> <span class='ocrx_word' id='word_1_313' title='bbox 2041 4661 2090 4727; x_wconf 83' lang='lat' dir='ltr'><strong>D</strong></span> 
     </span>
    </p>
   </div>
   <div class='ocr_carea' id='block_1_51' title="bbox 358 4725 2012 4802">
    <p class='ocr_par' dir='ltr' id='par_1_51' title="bbox 358 4725 2012 4802">
     <span class='ocr_line' id='line_1_52' title="bbox 358 4725 2012 4802; baseline -0.001 -16"><span class='ocrx_word' id='word_1_314' title='bbox 358 4732 616 4802; x_wconf 89' lang='lat' dir='ltr'><strong>cuperet.</strong></span> <span class='ocrx_word' id='word_1_315' title='bbox 651 4728 922 4785; x_wconf 90' lang='lat' dir='ltr'><strong>Urbanus</strong></span> <span class='ocrx_word' id='word_1_316' title='bbox 935 4728 1172 4801; x_wconf 89' lang='lat' dir='ltr'><strong>quippe,</strong></span> <span class='ocrx_word' id='word_1_317' title='bbox 1197 4729 1263 4782; x_wconf 90' lang='lat' dir='ltr'><strong>ut</strong></span> <span class='ocrx_word' id='word_1_318' title='bbox 1283 4743 1418 4782; x_wconf 86' lang='lat' dir='ltr'><strong>mox</strong></span> <span class='ocrx_word' id='word_1_319' title='bbox 1447 4725 1806 4796; x_wconf 88' lang='lat' dir='ltr'><strong>dicebamus,</strong></span> <span class='ocrx_word' id='word_1_320' title='bbox 1839 4728 2012 4800; x_wconf 90' lang='lat' dir='ltr'><strong>paulo</strong></span> 
     </span>
    </p>
   </div>
   <div class='ocr_carea' id='block_1_52' title="bbox 357 4815 2012 4891">
    <p class='ocr_par' dir='ltr' id='par_1_52' title="bbox 357 4815 2012 4891">
     <span class='ocr_line' id='line_1_53' title="bbox 357 4815 2012 4891; baseline 0 -15"><span class='ocrx_word' id='word_1_321' title='bbox 357 4817 615 4891; x_wconf 86' lang='lat' dir='ltr'><strong>amplius</strong></span> <span class='ocrx_word' id='word_1_322' title='bbox 644 4835 824 4890; x_wconf 87' lang='lat' dir='ltr'><strong>quam</strong></span> <span class='ocrx_word' id='word_1_323' title='bbox 882 4817 1209 4874; x_wconf 91' lang='lat' dir='ltr'><strong>crediderat</strong></span> <span class='ocrx_word' id='word_1_324' title='bbox 1247 4816 1320 4872; x_wconf 93' lang='lat' dir='ltr'><strong>ob</strong></span> <span class='ocrx_word' id='word_1_325' title='bbox 1375 4815 1621 4872; x_wconf 85' lang='lat' dir='ltr'><strong>Joannis</strong></span> <span class='ocrx_word' id='word_1_326' title='bbox 1675 4816 2012 4876; x_wconf 89' lang='lat' dir='ltr'><strong>Portuensis</strong></span> 
     </span>
    </p>
   </div>
   <div class='ocr_carea' id='block_1_53' title="bbox 357 4905 2006 4980">
    <p class='ocr_par' dir='ltr' id='par_1_53' title="bbox 357 4905 2006 4980">
     <span class='ocr_line' id='line_1_54' title="bbox 357 4905 2006 4980; baseline 0.001 -18"><span class='ocrx_word' id='word_1_327' title='bbox 357 4905 763 4980; x_wconf 69' lang='lat' dir='ltr'><strong>aegritudinem</strong></span> <span class='ocrx_word' id='word_1_328' title='bbox 795 4907 854 4961; x_wconf 91' lang='lat' dir='ltr'><strong>in</strong></span> <span class='ocrx_word' id='word_1_329' title='bbox 904 4907 1111 4962; x_wconf 88' lang='lat' dir='ltr'><strong>itinere</strong></span> <span class='ocrx_word' id='word_1_330' title='bbox 1168 4908 1431 4961; x_wconf 92' lang='lat' dir='ltr'><strong>moratus</strong></span> <span class='ocrx_word' id='word_1_331' title='bbox 1487 4909 1596 4960; x_wconf 91' lang='lat' dir='ltr'><strong>est.</strong></span> <span class='ocrx_word' id='word_1_332' title='bbox 1642 4905 1726 4961; x_wconf 90' lang='lat' dir='ltr'><strong>Ob</strong></span> <span class='ocrx_word' id='word_1_333' title='bbox 1783 4906 1890 4963; x_wconf 93' lang='lat' dir='ltr'><strong>hoc</strong></span> <span class='ocrx_word' id='word_1_334' title='bbox 1920 4912 2006 4965; x_wconf 92' lang='lat' dir='ltr'><strong>ta-</strong></span> 
     </span>
    </p>
   </div>
   <div class='ocr_carea' id='block_1_54' title="bbox 357 4993 2004 5066">
    <p class='ocr_par' dir='ltr' id='par_1_54' title="bbox 357 4993 2004 5066">
     <span class='ocr_line' id='line_1_55' title="bbox 357 4993 2004 5066; baseline 0.001 -14"><span class='ocrx_word' id='word_1_335' title='bbox 357 5011 514 5064; x_wconf 89' lang='lat' dir='ltr'><strong>men,</strong></span> <span class='ocrx_word' id='word_1_336' title='bbox 550 4995 601 5050; x_wconf 91' lang='lat' dir='ltr'><strong>si</strong></span> <span class='ocrx_word' id='word_1_337' title='bbox 631 4994 889 5051; x_wconf 91' lang='lat' dir='ltr'><strong>chronici</strong></span> <span class='ocrx_word' id='word_1_338' title='bbox 919 4996 1049 5066; x_wconf 91' lang='lat' dir='ltr'><strong>ejus</strong></span> <span class='ocrx_word' id='word_1_339' title='bbox 1077 4993 1186 5050; x_wconf 92' lang='lat' dir='ltr'><strong>loci</strong></span> <span class='ocrx_word' id='word_1_340' title='bbox 1235 4993 1556 5050; x_wconf 91' lang='lat' dir='ltr'><strong>domestico</strong></span> <span class='ocrx_word' id='word_1_341' title='bbox 1601 4995 1825 5050; x_wconf 89' lang='lat' dir='ltr'><strong>auctori</strong></span> <span class='ocrx_word' id='word_1_342' title='bbox 1883 5013 2004 5055; x_wconf 90' lang='lat' dir='ltr'><strong>cre-</strong></span> 
     </span>
    </p>
   </div>
   <div class='ocr_carea' id='block_1_55' title="bbox 357 5083 2007 5156">
    <p class='ocr_par' dir='ltr' id='par_1_55' title="bbox 357 5083 2007 5156">
     <span class='ocr_line' id='line_1_56' title="bbox 357 5083 2007 5156; baseline 0.001 -14"><span class='ocrx_word' id='word_1_343' title='bbox 357 5087 592 5156; x_wconf 88' lang='lat' dir='ltr'><strong>damus,</strong></span> <span class='ocrx_word' id='word_1_344' title='bbox 634 5084 926 5140; x_wconf 89' lang='lat' dir='ltr'><strong>Gerardus</strong></span> <span class='ocrx_word' id='word_1_345' title='bbox 964 5084 1025 5139; x_wconf 90' lang='lat' dir='ltr'><strong>in</strong></span> <span class='ocrx_word' id='word_1_346' title='bbox 1075 5083 1416 5156; x_wconf 89' lang='lat' dir='ltr'><strong>episcopum</strong></span> <span class='ocrx_word' id='word_1_347' title='bbox 1455 5088 1784 5140; x_wconf 91' lang='lat' dir='ltr'><strong>commotus</strong></span> <span class='ocrx_word' id='word_1_348' title='bbox 1813 5087 2007 5144; x_wconf 82' lang='lat' dir='ltr'><strong>Adhe-</strong></span> 
     </span>
    </p>
   </div>
   <div class='ocr_carea' id='block_1_56' title="bbox 357 5171 2006 5248">
    <p class='ocr_par' dir='ltr' id='par_1_56' title="bbox 357 5171 2006 5248">
     <span class='ocr_line' id='line_1_57' title="bbox 357 5171 2006 5248; baseline 0.001 -17"><span class='ocrx_word' id='word_1_349' title='bbox 357 5190 520 5231; x_wconf 83' lang='lat' dir='ltr'><strong>mare</strong></span> <span class='ocrx_word' id='word_1_350' title='bbox 550 5174 744 5229; x_wconf 81' lang='lat' dir='ltr'><strong>Sancti</strong></span> <span class='ocrx_word' id='word_1_351' title='bbox 765 5172 1048 5229; x_wconf 89' lang='lat' dir='ltr'><strong>Martialis</strong></span> <span class='ocrx_word' id='word_1_352' title='bbox 1069 5171 1264 5228; x_wconf 90' lang='lat' dir='ltr'><strong>abbati</strong></span> <span class='ocrx_word' id='word_1_353' title='bbox 1280 5189 1406 5228; x_wconf 89' lang='lat' dir='ltr'><strong>sese</strong></span> <span class='ocrx_word' id='word_1_354' title='bbox 1435 5172 1724 5244; x_wconf 86' lang='lat' dir='ltr'><strong>adjunxit,</strong></span> <span class='ocrx_word' id='word_1_355' title='bbox 1741 5191 1774 5229; x_wconf 92' lang='lat' dir='ltr'><strong>a</strong></span> <span class='ocrx_word' id='word_1_356' title='bbox 1791 5177 2006 5248; x_wconf 88' lang='lat' dir='ltr'><strong>quibus</strong></span> 
     </span>
    </p>
   </div>
   <div class='ocr_carea' id='block_1_57' title="bbox 357 5262 2002 5338">
    <p class='ocr_par' dir='ltr' id='par_1_57' title="bbox 357 5262 2002 5338">
     <span class='ocr_line' id='line_1_58' title="bbox 357 5262 2002 5338; baseline 0.001 -18"><span class='ocrx_word' id='word_1_357' title='bbox 357 5279 553 5321; x_wconf 89' lang='lat' dir='ltr'><strong>coram</strong></span> <span class='ocrx_word' id='word_1_358' title='bbox 580 5262 854 5335; x_wconf 80' lang='lat' dir='ltr'><strong>pontifice</strong></span> <span class='ocrx_word' id='word_1_359' title='bbox 884 5267 1194 5318; x_wconf 88' lang='lat' dir='ltr'><strong>accusatus</strong></span> <span class='ocrx_word' id='word_1_360' title='bbox 1253 5263 1585 5333; x_wconf 90' lang='lat' dir='ltr'><strong>episcopus,</strong></span> <span class='ocrx_word' id='word_1_361' title='bbox 1647 5263 1820 5335; x_wconf 89' lang='lat' dir='ltr'><strong>paulo</strong></span> <span class='ocrx_word' id='word_1_362' title='bbox 1853 5271 2002 5338; x_wconf 91' lang='lat' dir='ltr'><strong>post,</strong></span> 
     </span>
    </p>
   </div>
   <div class='ocr_carea' id='block_1_58' title="bbox 356 5350 2004 5421">
    <p class='ocr_par' dir='ltr' id='par_1_58' title="bbox 356 5350 2004 5421">
     <span class='ocr_line' id='line_1_59' title="bbox 356 5350 2004 5421; baseline 0.001 -11"><span class='ocrx_word' id='word_1_363' title='bbox 356 5352 441 5410; x_wconf 89' lang='lat' dir='ltr'>uti</span> <span class='ocrx_word' id='word_1_364' title='bbox 473 5351 686 5408; x_wconf 87' lang='lat' dir='ltr'><strong>dicturi</strong></span> <span class='ocrx_word' id='word_1_365' title='bbox 719 5369 947 5421; x_wconf 90' lang='lat' dir='ltr'><strong>sumus,</strong></span> <span class='ocrx_word' id='word_1_366' title='bbox 973 5369 1008 5408; x_wconf 90' lang='lat' dir='ltr'><strong>a</strong></span> <span class='ocrx_word' id='word_1_367' title='bbox 1035 5368 1145 5407; x_wconf 90' lang='lat' dir='ltr'><strong>sua</strong></span> <span class='ocrx_word' id='word_1_368' title='bbox 1174 5351 1309 5408; x_wconf 91' lang='lat' dir='ltr'><strong>sede</strong></span> <span class='ocrx_word' id='word_1_369' title='bbox 1341 5350 1600 5420; x_wconf 90' lang='lat' dir='ltr'><strong>dejectus</strong></span> <span class='ocrx_word' id='word_1_370' title='bbox 1631 5352 1761 5410; x_wconf 82' lang='lat' dir='ltr'><strong>fuit.</strong></span> <span class='ocrx_word' id='word_1_371' title='bbox 1795 5356 1868 5410; x_wconf 91' lang='lat' dir='ltr'><strong>At</strong></span> <span class='ocrx_word' id='word_1_372' title='bbox 1897 5356 2004 5412; x_wconf 90' lang='lat' dir='ltr'><strong>Ge-</strong></span> 
     </span>
    </p>
   </div>
   <div class='ocr_carea' id='block_1_59' title="bbox 357 5439 2004 5513">
    <p class='ocr_par' dir='ltr' id='par_1_59' title="bbox 357 5439 2004 5513">
     <span class='ocr_line' id='line_1_60' title="bbox 357 5439 2004 5513; baseline 0.001 -15"><span class='ocrx_word' id='word_1_373' title='bbox 357 5442 567 5498; x_wconf 90' lang='lat' dir='ltr'><strong>rardus</strong></span> <span class='ocrx_word' id='word_1_374' title='bbox 589 5457 790 5498; x_wconf 90' lang='lat' dir='ltr'><strong>mense</strong></span> <span class='ocrx_word' id='word_1_375' title='bbox 820 5440 1108 5513; x_wconf 90' lang='lat' dir='ltr'><strong>sequenti,</strong></span> <span class='ocrx_word' id='word_1_376' title='bbox 1140 5439 1267 5512; x_wconf 92' lang='lat' dir='ltr'><strong>ipso</strong></span> <span class='ocrx_word' id='word_1_377' title='bbox 1299 5440 1392 5496; x_wconf 93' lang='lat' dir='ltr'><strong>die</strong></span> <span class='ocrx_word' id='word_1_378' title='bbox 1419 5440 1563 5497; x_wconf 83' lang='lat' dir='ltr'><strong>festo</strong></span> <span class='ocrx_word' id='word_1_379' title='bbox 1597 5443 1782 5498; x_wconf 89' lang='lat' dir='ltr'><strong>sancti</strong></span> <span class='ocrx_word' id='word_1_380' title='bbox 1815 5443 2004 5500; x_wconf 90' lang='lat' dir='ltr'><strong>Mauri</strong></span> 
     </span>
    </p>
   </div>
   <div class='ocr_carea' id='block_1_60' title="bbox 356 5528 2005 5603">
    <p class='ocr_par' dir='ltr' id='par_1_60' title="bbox 356 5528 2005 5603">
     <span class='ocr_line' id='line_1_61' title="bbox 356 5528 2005 5603; baseline 0.001 -15"><span class='ocrx_word' id='word_1_381' title='bbox 356 5531 604 5589; x_wconf 80' lang='lat' dir='ltr'><strong>excessit</strong></span> <span class='ocrx_word' id='word_1_382' title='bbox 633 5548 664 5587; x_wconf 91' lang='lat' dir='ltr'><strong>e</strong></span> <span class='ocrx_word' id='word_1_383' title='bbox 691 5531 830 5587; x_wconf 90' lang='lat' dir='ltr'><strong>vita.</strong></span> <span class='ocrx_word' id='word_1_384' title='bbox 865 5530 1089 5586; x_wconf 75' lang='lat' dir='ltr'><strong>Userczn</strong></span> <span class='ocrx_word' id='word_1_385' title='bbox 1122 5530 1356 5603; x_wconf 90' lang='lat' dir='ltr'><strong>quando</strong></span> <span class='ocrx_word' id='word_1_386' title='bbox 1388 5528 1519 5585; x_wconf 91' lang='lat' dir='ltr'><strong>illac</strong></span> <span class='ocrx_word' id='word_1_387' title='bbox 1557 5531 1792 5588; x_wconf 87' lang='lat' dir='ltr'><strong>transiit</strong></span> <span class='ocrx_word' id='word_1_388' title='bbox 1822 5533 2005 5590; x_wconf 90' lang='lat' dir='ltr'><strong>Urba-</strong></span> 
     </span>
    </p>
   </div>
   <div class='ocr_carea' id='block_1_61' title="bbox 358 5617 2005 5693">
    <p class='ocr_par' dir='ltr' id='par_1_61' title="bbox 358 5617 2005 5693">
     <span class='ocr_line' id='line_1_62' title="bbox 358 5617 2005 5693; baseline 0.001 -17"><span class='ocrx_word' id='word_1_389' title='bbox 358 5637 470 5676; x_wconf 91' lang='lat' dir='ltr'><strong>nus</strong></span> <span class='ocrx_word' id='word_1_390' title='bbox 500 5624 640 5674; x_wconf 89' lang='lat' dir='ltr'><strong>tunc</strong></span> <span class='ocrx_word' id='word_1_391' title='bbox 691 5620 939 5693; x_wconf 89' lang='lat' dir='ltr'><strong>degebat</strong></span> <span class='ocrx_word' id='word_1_392' title='bbox 995 5617 1313 5675; x_wconf 90' lang='lat' dir='ltr'><strong>Mauricius</strong></span> <span class='ocrx_word' id='word_1_393' title='bbox 1370 5619 1683 5687; x_wconf 89' lang='lat' dir='ltr'><strong>Burdinus,</strong></span> <span class='ocrx_word' id='word_1_394' title='bbox 1737 5622 1864 5692; x_wconf 92' lang='lat' dir='ltr'><strong>ejus</strong></span> <span class='ocrx_word' id='word_1_395' title='bbox 1894 5621 2005 5678; x_wconf 92' lang='lat' dir='ltr'><strong>loci</strong></span> 
     </span>
    </p>
   </div>
   <div class='ocr_carea' id='block_1_62' title="bbox 358 5707 2005 5786">
    <p class='ocr_par' dir='ltr' id='par_1_62' title="bbox 358 5707 2005 5786">
     <span class='ocr_line' id='line_1_63' title="bbox 358 5707 2005 5786; baseline 0 -19"><span class='ocrx_word' id='word_1_396' title='bbox 358 5708 702 5779; x_wconf 87' lang='lat' dir='ltr'><strong>monachus,</strong></span> <span class='ocrx_word' id='word_1_397' title='bbox 739 5725 914 5784; x_wconf 89' lang='lat' dir='ltr'><strong>quem</strong></span> <span class='ocrx_word' id='word_1_398' title='bbox 943 5724 1077 5766; x_wconf 89' lang='lat' dir='ltr'><strong>cum</strong></span> <span class='ocrx_word' id='word_1_399' title='bbox 1108 5708 1438 5767; x_wconf 88' lang='lat' dir='ltr'><strong>Bernardus</strong></span> <span class='ocrx_word' id='word_1_400' title='bbox 1488 5707 1670 5766; x_wconf 89' lang='lat' dir='ltr'><strong>Toleti</strong></span> <span class='ocrx_word' id='word_1_401' title='bbox 1721 5709 2005 5786; x_wconf 89' lang='lat' dir='ltr'><strong>archiepi-</strong></span> 
     </span>
    </p>
   </div>
   <div class='ocr_carea' id='block_1_63' title="bbox 2141 638 3798 713">
    <p class='ocr_par' dir='ltr' id='par_1_63' title="bbox 2141 638 3798 713">
     <span class='ocr_line' id='line_1_64' title="bbox 2141 638 3798 713; baseline -0.002 -13"><span class='ocrx_word' id='word_1_402' title='bbox 2141 647 2284 713; x_wconf 90' lang='lat' dir='ltr'><strong>erat,</strong></span> <span class='ocrx_word' id='word_1_403' title='bbox 2316 644 2614 699; x_wconf 89' lang='lat' dir='ltr'><strong>hominem</strong></span> <span class='ocrx_word' id='word_1_404' title='bbox 2645 638 3002 697; x_wconf 89' lang='lat' dir='ltr'><strong>industrium</strong></span> <span class='ocrx_word' id='word_1_405' title='bbox 3032 643 3090 696; x_wconf 90' lang='lat' dir='ltr'><strong>et</strong></span> <span class='ocrx_word' id='word_1_406' title='bbox 3119 643 3323 712; x_wconf 90' lang='lat' dir='ltr'><strong>aptum</strong></span> <span class='ocrx_word' id='word_1_407' title='bbox 3354 639 3427 696; x_wconf 90' lang='lat' dir='ltr'><strong>ad</strong></span> <span class='ocrx_word' id='word_1_408' title='bbox 3455 653 3675 712; x_wconf 88' lang='lat' dir='ltr'><strong>magna</strong></span> <span class='ocrx_word' id='word_1_409' title='bbox 3694 655 3798 696; x_wconf 85' lang='lat' dir='ltr'><strong>ne-</strong></span> 
     </span>
    </p>
   </div>
   <div class='ocr_carea' id='block_1_64' title="bbox 2139 727 3793 805">
    <p class='ocr_par' dir='ltr' id='par_1_64' title="bbox 2139 727 3793 805">
     <span class='ocr_line' id='line_1_65' title="bbox 2139 727 3793 805; baseline -0.002 -17"><span class='ocrx_word' id='word_1_410' title='bbox 2139 733 2293 804; x_wconf 74' lang='lat' dir='ltr'><strong>gotia</strong></span> <span class='ocrx_word' id='word_1_411' title='bbox 2322 731 2928 805; x_wconf 90' lang='lat' dir='ltr'><strong>gerendainvenisset,</strong></span> <span class='ocrx_word' id='word_1_412' title='bbox 2961 729 3013 786; x_wconf 91' lang='lat' dir='ltr'><strong>ei</strong></span> <span class='ocrx_word' id='word_1_413' title='bbox 3044 733 3322 786; x_wconf 89' lang='lat' dir='ltr'><strong>utsecum</strong></span> <span class='ocrx_word' id='word_1_414' title='bbox 3351 729 3412 784; x_wconf 89' lang='lat' dir='ltr'><strong>in</strong></span> <span class='ocrx_word' id='word_1_415' title='bbox 3442 727 3793 801; x_wconf 85' lang='lat' dir='ltr'><strong>Hispaniam</strong></span> 
     </span>
    </p>
   </div>
   <div class='ocr_carea' id='block_1_65' title="bbox 2138 818 3797 893">
    <p class='ocr_par' dir='ltr' id='par_1_65' title="bbox 2138 818 3797 893">
     <span class='ocr_line' id='line_1_66' title="bbox 2138 818 3797 893; baseline -0.003 -16"><span class='ocrx_word' id='word_1_416' title='bbox 2138 822 2415 877; x_wconf 88' lang='lat' dir='ltr'><strong>transiret</strong></span> <span class='ocrx_word' id='word_1_417' title='bbox 2443 821 2750 893; x_wconf 88' lang='lat' dir='ltr'><strong>persuasit.</strong></span> <span class='ocrx_word' id='word_1_418' title='bbox 2786 819 2934 886; x_wconf 90' lang='lat' dir='ltr'><strong>Quid</strong></span> <span class='ocrx_word' id='word_1_419' title='bbox 2957 819 3027 875; x_wconf 93' lang='lat' dir='ltr'><strong>de</strong></span> <span class='ocrx_word' id='word_1_420' title='bbox 3039 835 3105 874; x_wconf 93' lang='lat' dir='ltr'><strong>eo</strong></span> <span class='ocrx_word' id='word_1_421' title='bbox 3136 822 3339 890; x_wconf 89' lang='lat' dir='ltr'><strong>postea</strong></span> <span class='ocrx_word' id='word_1_422' title='bbox 3367 818 3589 874; x_wconf 78' lang='lat' dir='ltr'><strong>factum</strong></span> <span class='ocrx_word' id='word_1_423' title='bbox 3613 818 3797 873; x_wconf 83' lang='lat' dir='ltr'><strong>fuerit</strong></span> 
     </span>
    </p>
   </div>
   <div class='ocr_carea' id='block_1_66' title="bbox 2139 907 3792 981">
    <p class='ocr_par' dir='ltr' id='par_1_66' title="bbox 2139 907 3792 981">
     <span class='ocr_line' id='line_1_67' title="bbox 2139 907 3792 981; baseline -0.002 -16"><span class='ocrx_word' id='word_1_424' title='bbox 2139 927 2340 966; x_wconf 89' lang='lat' dir='ltr'><strong>omnes</strong></span> <span class='ocrx_word' id='word_1_425' title='bbox 2370 913 2602 965; x_wconf 90' lang='lat' dir='ltr'><strong>norunt.</strong></span> <span class='ocrx_word' id='word_1_426' title='bbox 2618 909 2672 965; x_wconf 94' lang='lat' dir='ltr'>Is</span> <span class='ocrx_word' id='word_1_427' title='bbox 2702 925 2911 981; x_wconf 89' lang='lat' dir='ltr'><strong>nempe</strong></span> <span class='ocrx_word' id='word_1_428' title='bbox 2925 911 3056 980; x_wconf 91' lang='lat' dir='ltr'><strong>post</strong></span> <span class='ocrx_word' id='word_1_429' title='bbox 3066 907 3368 962; x_wconf 88' lang='lat' dir='ltr'><strong>obtentum</strong></span> <span class='ocrx_word' id='word_1_430' title='bbox 3381 907 3792 979; x_wconf 88' lang='lat' dir='ltr'><strong>episcopatum</strong></span> 
     </span>
    </p>
   </div>
   <div class='ocr_carea' id='block_1_67' title="bbox 2138 994 3792 1068">
    <p class='ocr_par' dir='ltr' id='par_1_67' title="bbox 2138 994 3792 1068">
     <span class='ocr_line' id='line_1_68' title="bbox 2138 994 3792 1068; baseline -0.002 -14"><span class='ocrx_word' id='word_1_431' title='bbox 2138 998 2706 1063; x_wconf 90' lang='lat' dir='ltr'><strong>Conembricensem,</strong></span> <span class='ocrx_word' id='word_1_432' title='bbox 2757 996 3160 1053; x_wconf 89' lang='lat' dir='ltr'><strong>Braccarensis</strong></span> <span class='ocrx_word' id='word_1_433' title='bbox 3204 994 3543 1068; x_wconf 90' lang='lat' dir='ltr'><strong>metropolis</strong></span> <span class='ocrx_word' id='word_1_434' title='bbox 3584 996 3792 1051; x_wconf 91' lang='lat' dir='ltr'><strong>sedem</strong></span> 
     </span>
    </p>
   </div>
   <div class='ocr_carea' id='block_1_68' title="bbox 2136 1085 3792 1160">
    <p class='ocr_par' dir='ltr' id='par_1_68' title="bbox 2136 1085 3792 1160">
     <span class='ocr_line' id='line_1_69' title="bbox 2136 1085 3792 1160; baseline -0.002 -17"><span class='ocrx_word' id='word_1_435' title='bbox 2136 1089 2402 1160; x_wconf 91' lang='lat' dir='ltr'><strong>adeptus,</strong></span> <span class='ocrx_word' id='word_1_436' title='bbox 2435 1104 2500 1142; x_wconf 90' lang='lat' dir='ltr'><strong>ac</strong></span> <span class='ocrx_word' id='word_1_437' title='bbox 2530 1085 2815 1160; x_wconf 90' lang='lat' dir='ltr'><strong>legatione</strong></span> <span class='ocrx_word' id='word_1_438' title='bbox 2832 1085 3150 1158; x_wconf 87' lang='lat' dir='ltr'><strong>apostolica</strong></span> <span class='ocrx_word' id='word_1_439' title='bbox 3178 1085 3519 1149; x_wconf 91' lang='lat' dir='ltr'><strong>honoratus,</strong></span> <span class='ocrx_word' id='word_1_440' title='bbox 3544 1085 3792 1140; x_wconf 88' lang='lat' dir='ltr'><strong>demum</strong></span> 
     </span>
    </p>
   </div>
   <div class='ocr_carea' id='block_1_69' title="bbox 2137 1172 3790 1248">
    <p class='ocr_par' dir='ltr' id='par_1_69' title="bbox 2137 1172 3790 1248">
     <span class='ocr_line' id='line_1_70' title="bbox 2137 1172 3790 1248; baseline -0.001 -18"><span class='ocrx_word' id='word_1_441' title='bbox 2137 1177 2208 1231; x_wconf 90' lang='lat' dir='ltr'><strong>ab</strong></span> <span class='ocrx_word' id='word_1_442' title='bbox 2252 1177 2496 1232; x_wconf 86' lang='lat' dir='ltr'><strong>Henrico</strong></span> <span class='ocrx_word' id='word_1_443' title='bbox 2556 1177 2908 1248; x_wconf 88' lang='lat' dir='ltr'><strong>imperatore</strong></span> <span class='ocrx_word' id='word_1_444' title='bbox 2965 1177 3168 1230; x_wconf 87' lang='lat' dir='ltr'><strong>contra</strong></span> <span class='ocrx_word' id='word_1_445' title='bbox 3223 1172 3521 1229; x_wconf 88' lang='lat' dir='ltr'><strong>Gelasium</strong></span> <span class='ocrx_word' id='word_1_446' title='bbox 3569 1189 3790 1245; x_wconf 89' lang='lat' dir='ltr'><strong>papam</strong></span> 
     </span>
    </p>
   </div>
   <div class='ocr_carea' id='block_1_70' title="bbox 2137 1262 3791 1338">
    <p class='ocr_par' dir='ltr' id='par_1_70' title="bbox 2137 1262 3791 1338">
     <span class='ocr_line' id='line_1_71' title="bbox 2137 1262 3791 1338; baseline -0.002 -18"><span class='ocrx_word' id='word_1_447' title='bbox 2137 1266 2436 1321; x_wconf 87' lang='lat' dir='ltr'><strong>Romanus</strong></span> <span class='ocrx_word' id='word_1_448' title='bbox 2488 1265 2745 1338; x_wconf 88' lang='lat' dir='ltr'><strong>pontifex</strong></span> <span class='ocrx_word' id='word_1_449' title='bbox 2802 1265 2995 1319; x_wconf 89' lang='lat' dir='ltr'><strong>dictus</strong></span> <span class='ocrx_word' id='word_1_450' title='bbox 3039 1267 3147 1330; x_wconf 91' lang='lat' dir='ltr'><strong>est,</strong></span> <span class='ocrx_word' id='word_1_451' title='bbox 3180 1265 3238 1318; x_wconf 91' lang='lat' dir='ltr'><strong>et</strong></span> <span class='ocrx_word' id='word_1_452' title='bbox 3283 1263 3570 1318; x_wconf 84' lang='lat' dir='ltr'><strong>famosam</strong></span> <span class='ocrx_word' id='word_1_453' title='bbox 3601 1262 3791 1317; x_wconf 87' lang='lat' dir='ltr'><strong>vitam</strong></span> 
     </span>
    </p>
   </div>
   <div class='ocr_carea' id='block_1_71' title="bbox 2134 1350 3790 1426">
    <p class='ocr_par' dir='ltr' id='par_1_71' title="bbox 2134 1350 3790 1426">
     <span class='ocr_line' id='line_1_72' title="bbox 2134 1350 3790 1426; baseline -0.003 -16"><span class='ocrx_word' id='word_1_454' title='bbox 2134 1358 2266 1426; x_wconf 91' lang='lat' dir='ltr'><strong>post</strong></span> <span class='ocrx_word' id='word_1_455' title='bbox 2293 1355 2483 1410; x_wconf 86' lang='lat' dir='ltr'><strong>varias</strong></span> <span class='ocrx_word' id='word_1_456' title='bbox 2513 1355 2800 1422; x_wconf 85' lang='lat' dir='ltr'><strong>fortunas,</strong></span> <span class='ocrx_word' id='word_1_457' title='bbox 2833 1353 3048 1408; x_wconf 91' lang='lat' dir='ltr'><strong>misero</strong></span> <span class='ocrx_word' id='word_1_458' title='bbox 3075 1352 3314 1407; x_wconf 82' lang='lat' dir='ltr'><strong>tandem</strong></span> <span class='ocrx_word' id='word_1_459' title='bbox 3344 1351 3523 1419; x_wconf 82' lang='lat' dir='ltr'><strong>exitu,</strong></span> <span class='ocrx_word' id='word_1_460' title='bbox 3565 1350 3626 1406; x_wconf 91' lang='lat' dir='ltr'><strong>in</strong></span> <span class='ocrx_word' id='word_1_461' title='bbox 3657 1366 3790 1406; x_wconf 89' lang='lat' dir='ltr'><strong>car-</strong></span> 
     </span>
    </p>
   </div>
   <div class='ocr_carea' id='block_1_72' title="bbox 2135 1439 3787 1512">
    <p class='ocr_par' dir='ltr' id='par_1_72' title="bbox 2135 1439 3787 1512">
     <span class='ocr_line' id='line_1_73' title="bbox 2135 1439 3787 1512; baseline -0.001 -14"><span class='ocrx_word' id='word_1_462' title='bbox 2135 1459 2261 1499; x_wconf 91' lang='lat' dir='ltr'><strong>cere</strong></span> <span class='ocrx_word' id='word_1_463' title='bbox 2295 1442 2598 1498; x_wconf 89' lang='lat' dir='ltr'><strong>conclusit.</strong></span> <span class='ocrx_word' id='word_1_464' title='bbox 2661 1443 2771 1498; x_wconf 89' lang='lat' dir='ltr'><strong>Sed</strong></span> <span class='ocrx_word' id='word_1_465' title='bbox 2822 1443 2892 1497; x_wconf 92' lang='lat' dir='ltr'><strong>ad</strong></span> <span class='ocrx_word' id='word_1_466' title='bbox 2951 1441 3250 1497; x_wconf 92' lang='lat' dir='ltr'><strong>Urbanum</strong></span> <span class='ocrx_word' id='word_1_467' title='bbox 3313 1439 3500 1496; x_wconf 89' lang='lat' dir='ltr'><strong>redire</strong></span> <span class='ocrx_word' id='word_1_468' title='bbox 3529 1443 3787 1512; x_wconf 85' lang='lat' dir='ltr'><strong>oportet,</strong></span> 
     </span>
    </p>
   </div>
   <div class='ocr_carea' id='block_1_73' title="bbox 2134 1529 3793 1603">
    <p class='ocr_par' dir='ltr' id='par_1_73' title="bbox 2134 1529 3793 1603">
     <span class='ocr_line' id='line_1_74' title="bbox 2134 1529 3793 1603; baseline -0.002 -15"><span class='ocrx_word' id='word_1_469' title='bbox 2134 1533 2235 1603; x_wconf 92' lang='lat' dir='ltr'><strong>qui</strong></span> <span class='ocrx_word' id='word_1_470' title='bbox 2265 1536 2413 1588; x_wconf 91' lang='lat' dir='ltr'><strong>teste</strong></span> <span class='ocrx_word' id='word_1_471' title='bbox 2441 1531 2718 1587; x_wconf 87' lang='lat' dir='ltr'><strong>Gaufrido</strong></span> <span class='ocrx_word' id='word_1_472' title='bbox 2763 1531 2955 1602; x_wconf 86' lang='lat' dir='ltr'><strong>priore</strong></span> <span class='ocrx_word' id='word_1_473' title='bbox 3000 1529 3267 1586; x_wconf 90' lang='lat' dir='ltr'><strong>Vosiensi</strong></span> <span class='ocrx_word' id='word_1_474' title='bbox 3323 1532 3384 1584; x_wconf 85' lang='lat' dir='ltr'><strong>in</strong></span> <span class='ocrx_word' id='word_1_475' title='bbox 3440 1531 3574 1601; x_wconf 85' lang='lat' dir='ltr'><strong>festo</strong></span> <span class='ocrx_word' id='word_1_476' title='bbox 3603 1531 3793 1585; x_wconf 80' lang='lat' dir='ltr'><strong>sancti</strong></span> 
     </span>
    </p>
   </div>
   <div class='ocr_carea' id='block_1_74' title="bbox 2139 1618 3790 1690">
    <p class='ocr_par' dir='ltr' id='par_1_74' title="bbox 2139 1618 3790 1690">
     <span class='ocr_line' id='line_1_75' title="bbox 2139 1618 3790 1690; baseline -0.001 -14"><span class='ocrx_word' id='word_1_477' title='bbox 2139 1622 2371 1688; x_wconf 76' lang='lat' dir='ltr'><strong>Thomae,</strong></span> <span class='ocrx_word' id='word_1_478' title='bbox 2432 1621 2652 1676; x_wconf 90' lang='lat' dir='ltr'><strong>scilicet</strong></span> <span class='ocrx_word' id='word_1_479' title='bbox 2709 1620 2801 1676; x_wconf 92' lang='lat' dir='ltr'><strong>die</strong></span> <span class='ocrx_word' id='word_1_480' title='bbox 2828 1621 2892 1676; x_wconf 84' lang='grc'><strong>21</strong></span> <span class='ocrx_word' id='word_1_481' title='bbox 2951 1620 3131 1690; x_wconf 91' lang='lat' dir='ltr'><strong>hujus</strong></span> <span class='ocrx_word' id='word_1_482' title='bbox 3189 1618 3433 1686; x_wconf 88' lang='lat' dir='ltr'><strong>mensis,</strong></span> <span class='ocrx_word' id='word_1_483' title='bbox 3496 1619 3790 1676; x_wconf 66' lang='lat' dir='ltr'><strong>Uzerchiae</strong></span> 
     </span>
    </p>
   </div>
   <div class='ocr_carea' id='block_1_75' title="bbox 2132 1707 3791 1782">
    <p class='ocr_par' dir='ltr' id='par_1_75' title="bbox 2132 1707 3791 1782">
     <span class='ocr_line' id='line_1_76' title="bbox 2132 1707 3791 1782; baseline -0.002 -16"><span class='ocrx_word' id='word_1_484' title='bbox 2132 1713 2432 1782; x_wconf 85' lang='lat' dir='ltr'><strong>hospitatus</strong></span> <span class='ocrx_word' id='word_1_485' title='bbox 2488 1718 2584 1766; x_wconf 87' lang='lat' dir='ltr'><strong>est.</strong></span> <span class='ocrx_word' id='word_1_486' title='bbox 2635 1710 2823 1780; x_wconf 89' lang='lat' dir='ltr'><strong>Atque</strong></span> <span class='ocrx_word' id='word_1_487' title='bbox 2881 1709 3016 1763; x_wconf 89' lang='lat' dir='ltr'><strong>inde</strong></span> <span class='ocrx_word' id='word_1_488' title='bbox 3074 1709 3390 1779; x_wconf 84' lang='lat' dir='ltr'><strong>profectus,</strong></span> <span class='ocrx_word' id='word_1_489' title='bbox 3450 1707 3791 1762; x_wconf 76' lang='lat' dir='ltr'><strong>Lemovices</strong></span> 
     </span>
    </p>
   </div>
   <div class='ocr_carea' id='block_1_76' title="bbox 2131 1794 3790 1870">
    <p class='ocr_par' dir='ltr' id='par_1_76' title="bbox 2131 1794 3790 1870">
     <span class='ocr_line' id='line_1_77' title="bbox 2131 1794 3790 1870; baseline -0.002 -16"><span class='ocrx_word' id='word_1_490' title='bbox 2131 1801 2264 1870; x_wconf 90' lang='lat' dir='ltr'><strong>post</strong></span> <span class='ocrx_word' id='word_1_491' title='bbox 2293 1799 2540 1854; x_wconf 91' lang='lat' dir='ltr'><strong>biduum</strong></span> <span class='ocrx_word' id='word_1_492' title='bbox 2594 1796 2862 1853; x_wconf 91' lang='lat' dir='ltr'><strong>advenit:</strong></span> <span class='ocrx_word' id='word_1_493' title='bbox 2896 1795 3037 1868; x_wconf 91' lang='lat' dir='ltr'><strong>quid</strong></span> <span class='ocrx_word' id='word_1_494' title='bbox 3088 1812 3222 1851; x_wconf 91' lang='lat' dir='ltr'><strong>vero</strong></span> <span class='ocrx_word' id='word_1_495' title='bbox 3254 1795 3312 1848; x_wconf 94' lang='lat' dir='ltr'><strong>in</strong></span> <span class='ocrx_word' id='word_1_496' title='bbox 3342 1811 3411 1851; x_wconf 90' lang='lat' dir='ltr'><strong>ea</strong></span> <span class='ocrx_word' id='word_1_497' title='bbox 3460 1794 3604 1850; x_wconf 89' lang='lat' dir='ltr'><strong>urbe</strong></span> <span class='ocrx_word' id='word_1_498' title='bbox 3634 1811 3790 1866; x_wconf 67' lang='lat' dir='ltr'><strong>prse-</strong></span> 
     </span>
    </p>
   </div>
   <div class='ocr_carea' id='block_1_77' title="bbox 2133 1883 3786 1955">
    <p class='ocr_par' dir='ltr' id='par_1_77' title="bbox 2133 1883 3786 1955">
     <span class='ocr_line' id='line_1_78' title="bbox 2133 1883 3786 1955; baseline -0.004 -11"><span class='ocrx_word' id='word_1_499' title='bbox 2133 1887 2344 1944; x_wconf 90' lang='lat' dir='ltr'><strong>stiterit</strong></span> <span class='ocrx_word' id='word_1_500' title='bbox 2373 1904 2442 1944; x_wconf 83' lang='lat' dir='ltr'><strong>ex</strong></span> <span class='ocrx_word' id='word_1_501' title='bbox 2472 1885 3060 1942; x_wconf 84' lang='lat' dir='ltr'><strong>GaufrediVosiensis</strong></span> <span class='ocrx_word' id='word_1_502' title='bbox 3077 1883 3360 1941; x_wconf 91' lang='lat' dir='ltr'><strong>Chronico</strong></span> <span class='ocrx_word' id='word_1_503' title='bbox 3382 1886 3547 1955; x_wconf 89' lang='lat' dir='ltr'><strong>parte</strong></span> <span class='ocrx_word' id='word_1_504' title='bbox 3576 1899 3616 1950; x_wconf 82' lang='grc' dir='ltr'><strong>ι,</strong></span> <span class='ocrx_word' id='word_1_505' title='bbox 3651 1899 3786 1955; x_wconf 90' lang='lat' dir='ltr'><strong>cap.</strong></span> 
     </span>
    </p>
   </div>
   <div class='ocr_carea' id='block_1_78' title="bbox 2128 1970 3790 2043">
    <p class='ocr_par' dir='ltr' id='par_1_78' title="bbox 2128 1970 3790 2043">
     <span class='ocr_line' id='line_1_79' title="bbox 2128 1970 3790 2043; baseline -0.002 -13"><span class='ocrx_word' id='word_1_506' title='bbox 2128 1979 2219 2043; x_wconf 89' lang='lat'><strong>27,</strong></span> <span class='ocrx_word' id='word_1_507' title='bbox 2249 1981 2407 2032; x_wconf 92' lang='lat' dir='ltr'><strong>tomo</strong></span> <span class='ocrx_word' id='word_1_508' title='bbox 2439 1976 2487 2032; x_wconf 92' lang='lat' dir='ltr'><strong>Il</strong></span> <span class='ocrx_word' id='word_1_509' title='bbox 2531 1975 2762 2030; x_wconf 90' lang='lat' dir='ltr'><strong>Bibliot.</strong></span> <span class='ocrx_word' id='word_1_510' title='bbox 2816 1973 3139 2030; x_wconf 71' lang='lat' dir='ltr'><strong>Labbeante</strong></span> <span class='ocrx_word' id='word_1_511' title='bbox 3188 1972 3402 2028; x_wconf 82' lang='lat' dir='ltr'><strong>referre</strong></span> <span class='ocrx_word' id='word_1_512' title='bbox 3441 1972 3631 2042; x_wconf 88' lang='lat' dir='ltr'><strong>juvat,</strong></span> <span class='ocrx_word' id='word_1_513' title='bbox 3680 1970 3790 2027; x_wconf 91' lang='lat' dir='ltr'><strong>ubi</strong></span> 
     </span>
    </p>
   </div>
   <div class='ocr_carea' id='block_1_79' title="bbox 2130 2062 2447 2118">
    <p class='ocr_par' dir='ltr' id='par_1_79' title="bbox 2130 2062 2447 2118">
     <span class='ocr_line' id='line_1_80' title="bbox 2130 2062 2447 2118; baseline 0.003 -1"><span class='ocrx_word' id='word_1_514' title='bbox 2130 2063 2214 2118; x_wconf 90' lang='lat' dir='ltr'><strong>sic</strong></span> <span class='ocrx_word' id='word_1_515' title='bbox 2243 2062 2447 2118; x_wconf 90' lang='lat' dir='ltr'><strong>habet:</strong></span> 
     </span>
    </p>
   </div>
   <div class='ocr_carea' id='block_1_80' title="bbox 2129 2164 3789 2239">
    <p class='ocr_par' dir='ltr' id='par_1_80' title="bbox 2129 2164 3789 2239">
     <span class='ocr_line' id='line_1_81' title="bbox 2129 2164 3789 2239; baseline -0.003 -15"><span class='ocrx_word' id='word_1_516' title='bbox 2129 2168 2450 2224; x_wconf 84' lang='lat' dir='ltr'><strong>CCXXXIV.</strong></span> <span class='ocrx_word' id='word_1_517' title='bbox 2511 2167 2716 2225; x_wconf 86' lang='lat' dir='ltr'><strong>Urbani</strong></span> <span class='ocrx_word' id='word_1_518' title='bbox 2769 2173 2918 2238; x_wconf 86' lang='lat' dir='ltr'><strong>gesta</strong></span> <span class='ocrx_word' id='word_1_519' title='bbox 2971 2166 3120 2239; x_wconf 85' lang='lat' dir='ltr'><strong>apud</strong></span> <span class='ocrx_word' id='word_1_520' title='bbox 3164 2167 3490 2222; x_wconf 87' lang='lat' dir='ltr'><strong>Lemovicas.</strong></span> <span class='ocrx_word' id='word_1_521' title='bbox 3549 2165 3605 2220; x_wconf 85' lang='lat' dir='ltr'><strong>S.</strong></span> <span class='ocrx_word' id='word_1_522' title='bbox 3639 2164 3789 2219; x_wconf 80' lang='lat' dir='ltr'><strong>Mar-</strong></span> 
     </span>
    </p>
   </div>
   <div class='ocr_carea' id='block_1_81' title="bbox 2717 2239 3185 2294">
    <p class='ocr_par' dir='ltr' id='par_1_81' title="bbox 2717 2239 3185 2294">
     <span class='ocr_line' id='line_1_82' title="bbox 2717 2239 3185 2294; baseline -0.004 0"><span class='ocrx_word' id='word_1_523' title='bbox 2717 2240 2868 2294; x_wconf 82' lang='lat' dir='ltr'><strong>tialis</strong></span> <span class='ocrx_word' id='word_1_524' title='bbox 2898 2239 3185 2294; x_wconf 79' lang='lat' dir='ltr'><strong>dedicatio.</strong></span> 
     </span>
    </p>
   </div>
   <div class='ocr_carea' id='block_1_82' title="bbox 2204 2327 3791 2384">
    <p class='ocr_par' dir='ltr' id='par_1_82' title="bbox 2204 2327 3791 2384">
     <span class='ocr_line' id='line_1_83' title="bbox 2204 2327 3791 2384; baseline -0.002 -1"><span class='ocrx_word' id='word_1_525' title='bbox 2204 2330 2421 2384; x_wconf 87' lang='lat' dir='ltr'><strong>Decimo</strong></span> <span class='ocrx_word' id='word_1_526' title='bbox 2472 2328 2739 2384; x_wconf 87' lang='lat' dir='ltr'><strong>Kalendas</strong></span> <span class='ocrx_word' id='word_1_527' title='bbox 2794 2329 3056 2384; x_wconf 83' lang='lat' dir='ltr'><strong>Januarii</strong></span> <span class='ocrx_word' id='word_1_528' title='bbox 3121 2327 3394 2383; x_wconf 90' lang='lat' dir='ltr'><strong>Urbanus</strong></span> <span class='ocrx_word' id='word_1_529' title='bbox 3469 2327 3791 2382; x_wconf 87' lang='lat' dir='ltr'><strong>Lemovieas</strong></span> 
     </span>
    </p>
   </div>
   <div class='ocr_carea' id='block_1_83' title="bbox 2128 2415 3790 2482">
    <p class='ocr_par' dir='ltr' id='par_1_83' title="bbox 2128 2415 3790 2482">
     <span class='ocr_line' id='line_1_84' title="bbox 2128 2415 3790 2482; baseline -0.002 -8"><span class='ocrx_word' id='word_1_530' title='bbox 2128 2418 2360 2474; x_wconf 78' lang='lat' dir='ltr'><strong>devenit.</strong></span> <span class='ocrx_word' id='word_1_531' title='bbox 2407 2417 2469 2473; x_wconf 93' lang='lat' dir='ltr'><strong>In</strong></span> <span class='ocrx_word' id='word_1_532' title='bbox 2518 2417 2830 2474; x_wconf 87' lang='lat' dir='ltr'><strong>festivitate</strong></span> <span class='ocrx_word' id='word_1_533' title='bbox 2883 2415 3107 2472; x_wconf 90' lang='lat' dir='ltr'><strong>Natalis</strong></span> <span class='ocrx_word' id='word_1_534' title='bbox 3167 2415 3406 2482; x_wconf 90' lang='lat' dir='ltr'><strong>Christi,</strong></span> <span class='ocrx_word' id='word_1_535' title='bbox 3457 2416 3687 2471; x_wconf 87' lang='lat' dir='ltr'><strong>missam</strong></span> <span class='ocrx_word' id='word_1_536' title='bbox 3719 2415 3790 2470; x_wconf 88' lang='lat' dir='ltr'><strong>de</strong></span> 
     </span>
    </p>
   </div>
   <div class='ocr_carea' id='block_1_84' title="bbox 2131 2503 3786 2574">
    <p class='ocr_par' dir='ltr' id='par_1_84' title="bbox 2131 2503 3786 2574">
     <span class='ocr_line' id='line_1_85' title="bbox 2131 2503 3786 2574; baseline -0.001 -13"><span class='ocrx_word' id='word_1_537' title='bbox 2131 2505 2276 2562; x_wconf 86' lang='lat' dir='ltr'><strong>Galli</strong></span> <span class='ocrx_word' id='word_1_538' title='bbox 2297 2513 2463 2562; x_wconf 89' lang='lat' dir='ltr'><strong>cantu</strong></span> <span class='ocrx_word' id='word_1_539' title='bbox 2490 2507 2790 2562; x_wconf 78' lang='lat' dir='ltr'><strong>Dominij</strong></span> <span class='ocrx_word' id='word_1_540' title='bbox 2827 2506 3144 2562; x_wconf 83' lang='lat' dir='ltr'><strong>Nativitatis</strong></span> <span class='ocrx_word' id='word_1_541' title='bbox 3191 2507 3253 2560; x_wconf 89' lang='lat' dir='ltr'><strong>in</strong></span> <span class='ocrx_word' id='word_1_542' title='bbox 3294 2504 3523 2560; x_wconf 84' lang='lat' dir='ltr'><strong>ecclesia</strong></span> <span class='ocrx_word' id='word_1_543' title='bbox 3559 2503 3786 2574; x_wconf 86' lang='lat' dir='ltr'><strong>puella-</strong></span> 
     </span>
    </p>
   </div>
   <div class='ocr_carea' id='block_1_85' title="bbox 2129 2591 3790 2665">
    <p class='ocr_par' dir='ltr' id='par_1_85' title="bbox 2129 2591 3790 2665">
     <span class='ocr_line' id='line_1_86' title="bbox 2129 2591 3790 2665; baseline 0.001 -18"><span class='ocrx_word' id='word_1_544' title='bbox 2129 2610 2256 2648; x_wconf 85' lang='lat' dir='ltr'><strong>rum</strong></span> <span class='ocrx_word' id='word_1_545' title='bbox 2284 2598 2492 2651; x_wconf 71' lang='lat' dir='ltr'><strong>sanctae</strong></span> <span class='ocrx_word' id='word_1_546' title='bbox 2520 2594 2726 2660; x_wconf 69' lang='lat' dir='ltr'><strong>Mariae,</strong></span> <span class='ocrx_word' id='word_1_547' title='bbox 2758 2608 2884 2665; x_wconf 74' lang='lat' dir='ltr'><strong>quae</strong></span> <span class='ocrx_word' id='word_1_548' title='bbox 2904 2593 3109 2649; x_wconf 86' lang='lat' dir='ltr'><strong>dicitur</strong></span> <span class='ocrx_word' id='word_1_549' title='bbox 3138 2594 3210 2648; x_wconf 88' lang='lat' dir='ltr'><strong>ad</strong></span> <span class='ocrx_word' id='word_1_550' title='bbox 3247 2593 3532 2663; x_wconf 83' lang='lat' dir='ltr'><strong>Regulam,</strong></span> <span class='ocrx_word' id='word_1_551' title='bbox 3584 2591 3790 2648; x_wconf 88' lang='lat' dir='ltr'><strong>nobile</strong></span> 
     </span>
    </p>
   </div>
   <div class='ocr_carea' id='block_1_86' title="bbox 2130 2680 3790 2738">
    <p class='ocr_par' dir='ltr' id='par_1_86' title="bbox 2130 2680 3790 2738">
     <span class='ocr_line' id='line_1_87' title="bbox 2130 2680 3790 2738; baseline -0.002 -1"><span class='ocrx_word' id='word_1_552' title='bbox 2130 2687 2218 2737; x_wconf 90' lang='lat' dir='ltr'><strong>est</strong></span> <span class='ocrx_word' id='word_1_553' title='bbox 2247 2682 2670 2738; x_wconf 89' lang='lat' dir='ltr'><strong>monasterium</strong></span> <span class='ocrx_word' id='word_1_554' title='bbox 2702 2682 2924 2738; x_wconf 89' lang='lat' dir='ltr'><strong>ordinis</strong></span> <span class='ocrx_word' id='word_1_555' title='bbox 2952 2681 3312 2738; x_wconf 86' lang='lat' dir='ltr'><strong>Benedictini</strong></span> <span class='ocrx_word' id='word_1_556' title='bbox 3341 2681 3626 2737; x_wconf 87' lang='lat' dir='ltr'><strong>hactenus</strong></span> <span class='ocrx_word' id='word_1_557' title='bbox 3647 2680 3790 2736; x_wconf 89' lang='lat' dir='ltr'><strong>sub-</strong></span> 
     </span>
    </p>
   </div>
   <div class='ocr_carea' id='block_1_87' title="bbox 2131 2769 3792 2838">
    <p class='ocr_par' dir='ltr' id='par_1_87' title="bbox 2131 2769 3792 2838">
     <span class='ocr_line' id='line_1_88' title="bbox 2131 2769 3792 2838; baseline -0.001 -11"><span class='ocrx_word' id='word_1_558' title='bbox 2131 2771 2368 2838; x_wconf 89' lang='lat' dir='ltr'><strong>sistens,</strong></span> <span class='ocrx_word' id='word_1_559' title='bbox 2399 2771 2722 2827; x_wconf 87' lang='lat' dir='ltr'><strong>decantavit.</strong></span> <span class='ocrx_word' id='word_1_560' title='bbox 2756 2771 2975 2827; x_wconf 87' lang='lat' dir='ltr'><strong>Missam</strong></span> <span class='ocrx_word' id='word_1_561' title='bbox 3003 2771 3067 2827; x_wconf 87' lang='lat' dir='ltr'><strong>de</strong></span> <span class='ocrx_word' id='word_1_562' title='bbox 3095 2772 3213 2826; x_wconf 75' lang='lat' dir='ltr'><strong>luce</strong></span> <span class='ocrx_word' id='word_1_563' title='bbox 3240 2772 3301 2825; x_wconf 89' lang='lat' dir='ltr'><strong>in</strong></span> <span class='ocrx_word' id='word_1_564' title='bbox 3331 2770 3560 2827; x_wconf 86' lang='lat' dir='ltr'><strong>basilica</strong></span> <span class='ocrx_word' id='word_1_565' title='bbox 3597 2769 3792 2838; x_wconf 84' lang='lat' dir='ltr'><strong>regali</strong></span> 
     </span>
    </p>
   </div>
   <div class='ocr_carea' id='block_1_88' title="bbox 2129 2858 3786 2933">
    <p class='ocr_par' dir='ltr' id='par_1_88' title="bbox 2129 2858 3786 2933">
     <span class='ocr_line' id='line_1_89' title="bbox 2129 2858 3786 2933; baseline -0.001 -17"><span class='ocrx_word' id='word_1_566' title='bbox 2129 2860 2275 2933; x_wconf 86' lang='lat' dir='ltr'><strong>apud</strong></span> <span class='ocrx_word' id='word_1_567' title='bbox 2327 2865 2589 2917; x_wconf 87' lang='lat' dir='ltr'><strong>Sanctum</strong></span> <span class='ocrx_word' id='word_1_568' title='bbox 2650 2860 2966 2916; x_wconf 82' lang='lat' dir='ltr'><strong>Martialem</strong></span> <span class='ocrx_word' id='word_1_569' title='bbox 3020 2860 3342 2916; x_wconf 85' lang='lat' dir='ltr'><strong>celebravit:</strong></span> <span class='ocrx_word' id='word_1_570' title='bbox 3401 2858 3530 2914; x_wconf 84' lang='lat' dir='ltr'><strong>inde</strong></span> <span class='ocrx_word' id='word_1_571' title='bbox 3585 2860 3786 2914; x_wconf 85' lang='lat' dir='ltr'><strong>trium-</strong></span> 
     </span>
    </p>
   </div>
   <div class='ocr_carea' id='block_1_89' title="bbox 2124 2947 3781 3021">
    <p class='ocr_par' dir='ltr' id='par_1_89' title="bbox 2124 2947 3781 3021">
     <span class='ocr_line' id='line_1_90' title="bbox 2124 2947 3781 3021; baseline -0.001 -16"><span class='ocrx_word' id='word_1_572' title='bbox 2124 2949 2365 3021; x_wconf 84' lang='lat' dir='ltr'><strong>phaliter</strong></span> <span class='ocrx_word' id='word_1_573' title='bbox 2391 2953 2678 3006; x_wconf 84' lang='lat' dir='ltr'><strong>coronatus</strong></span> <span class='ocrx_word' id='word_1_574' title='bbox 2708 2950 2779 3004; x_wconf 89' lang='lat' dir='ltr'><strong>ad</strong></span> <span class='ocrx_word' id='word_1_575' title='bbox 2807 2949 2984 3006; x_wconf 86' lang='lat' dir='ltr'><strong>sedem</strong></span> <span class='ocrx_word' id='word_1_576' title='bbox 3015 2950 3372 3021; x_wconf 84' lang='lat' dir='ltr'><strong>apostolicam</strong></span> <span class='ocrx_word' id='word_1_577' title='bbox 3393 2947 3781 3019; x_wconf 85' lang='lat' dir='ltr'><strong>episcopalem,</strong></span> 
     </span>
    </p>
   </div>
   <div class='ocr_carea' id='block_1_90' title="bbox 2129 3036 3786 3110">
    <p class='ocr_par' dir='ltr' id='par_1_90' title="bbox 2129 3036 3786 3110">
     <span class='ocr_line' id='line_1_91' title="bbox 2129 3036 3786 3110; baseline -0.001 -16"><span class='ocrx_word' id='word_1_578' title='bbox 2129 3038 2213 3094; x_wconf 92' lang='lat' dir='ltr'><strong>sic</strong></span> <span class='ocrx_word' id='word_1_579' title='bbox 2239 3037 2630 3095; x_wconf 91' lang='lat' dir='ltr'><strong>cathedralem</strong></span> <span class='ocrx_word' id='word_1_580' title='bbox 2661 3037 2967 3095; x_wconf 88' lang='lat' dir='ltr'><strong>ecclesiam</strong></span> <span class='ocrx_word' id='word_1_581' title='bbox 2999 3036 3272 3110; x_wconf 88' lang='lat' dir='ltr'><strong>appellat,</strong></span> <span class='ocrx_word' id='word_1_582' title='bbox 3305 3037 3462 3105; x_wconf 91' lang='lat' dir='ltr'><strong>quod</strong></span> <span class='ocrx_word' id='word_1_583' title='bbox 3505 3039 3786 3092; x_wconf 89' lang='lat' dir='ltr'><strong>sanctum</strong></span> 
     </span>
    </p>
   </div>
   <div class='ocr_carea' id='block_1_91' title="bbox 2130 3124 3786 3198">
    <p class='ocr_par' dir='ltr' id='par_1_91' title="bbox 2130 3124 3786 3198">
     <span class='ocr_line' id='line_1_92' title="bbox 2130 3124 3786 3198; baseline -0.001 -16"><span class='ocrx_word' id='word_1_584' title='bbox 2130 3126 2454 3183; x_wconf 89' lang='lat' dir='ltr'><strong>Martialem</strong></span> <span class='ocrx_word' id='word_1_585' title='bbox 2483 3127 2742 3198; x_wconf 92' lang='lat' dir='ltr'><strong>primum</strong></span> <span class='ocrx_word' id='word_1_586' title='bbox 2765 3127 2894 3198; x_wconf 89' lang='lat' dir='ltr'><strong>ejus</strong></span> <span class='ocrx_word' id='word_1_587' title='bbox 2925 3126 3079 3182; x_wconf 92' lang='lat' dir='ltr'><strong>sedis</strong></span> <span class='ocrx_word' id='word_1_588' title='bbox 3099 3126 3439 3198; x_wconf 90' lang='lat' dir='ltr'><strong>episcopum</strong></span> <span class='ocrx_word' id='word_1_589' title='bbox 3469 3124 3626 3179; x_wconf 87' lang='lat' dir='ltr'><strong>inter</strong></span> <span class='ocrx_word' id='word_1_590' title='bbox 3641 3140 3786 3196; x_wconf 85' lang='lat' dir='ltr'><strong>apo-</strong></span> 
     </span>
    </p>
   </div>
   <div class='ocr_carea' id='block_1_92' title="bbox 2129 3212 3781 3289">
    <p class='ocr_par' dir='ltr' id='par_1_92' title="bbox 2129 3212 3781 3289">
     <span class='ocr_line' id='line_1_93' title="bbox 2129 3212 3781 3289; baseline -0.002 -17"><span class='ocrx_word' id='word_1_591' title='bbox 2129 3215 2309 3272; x_wconf 91' lang='lat' dir='ltr'><strong>stolos</strong></span> <span class='ocrx_word' id='word_1_592' title='bbox 2340 3232 2724 3272; x_wconf 89' lang='lat' dir='ltr'><strong>annumerare</strong></span> <span class='ocrx_word' id='word_1_593' title='bbox 2755 3216 3049 3289; x_wconf 91' lang='lat' dir='ltr'><strong>gaudeant</strong></span> <span class='ocrx_word' id='word_1_594' title='bbox 3079 3215 3541 3282; x_wconf 90' lang='lat' dir='ltr'><strong>Lemovicenses,</strong></span> <span class='ocrx_word' id='word_1_595' title='bbox 3589 3212 3781 3282; x_wconf 84' lang='lat' dir='ltr'><strong>rediit,</strong></span> 
     </span>
    </p>
   </div>
   <div class='ocr_carea' id='block_1_93' title="bbox 2127 3303 3779 3379">
    <p class='ocr_par' dir='ltr' id='par_1_93' title="bbox 2127 3303 3779 3379">
     <span class='ocr_line' id='line_1_94' title="bbox 2127 3303 3779 3379; baseline -0.001 -17"><span class='ocrx_word' id='word_1_596' title='bbox 2127 3307 2222 3362; x_wconf 87' lang='lat' dir='ltr'><strong>ubi</strong></span> <span class='ocrx_word' id='word_1_597' title='bbox 2269 3308 2484 3379; x_wconf 90' lang='lat' dir='ltr'><strong>reliqua</strong></span> <span class='ocrx_word' id='word_1_598' title='bbox 2524 3307 2884 3363; x_wconf 87' lang='lat' dir='ltr'><strong>solemnitatis</strong></span> <span class='ocrx_word' id='word_1_599' title='bbox 2931 3306 3117 3378; x_wconf 81' lang='lat' dir='ltr'><strong>ofﬁcia</strong></span> <span class='ocrx_word' id='word_1_600' title='bbox 3167 3306 3398 3378; x_wconf 85' lang='lat' dir='ltr'><strong>peregit.</strong></span> <span class='ocrx_word' id='word_1_601' title='bbox 3444 3305 3629 3359; x_wconf 79' lang='lat' dir='ltr'><strong>Altera</strong></span> <span class='ocrx_word' id='word_1_602' title='bbox 3666 3303 3779 3372; x_wconf 85' lang='lat' dir='ltr'><strong>die,</strong></span> 
     </span>
    </p>
   </div>
   <div class='ocr_carea' id='block_1_94' title="bbox 2125 3393 3766 3468">
    <p class='ocr_par' dir='ltr' id='par_1_94' title="bbox 2125 3393 3766 3468">
     <span class='ocr_line' id='line_1_95' title="bbox 2125 3393 3766 3468; baseline -0.002 -17"><span class='ocrx_word' id='word_1_603' title='bbox 2125 3413 2242 3468; x_wconf 68' lang='lat' dir='ltr'><strong>qua:</strong></span> <span class='ocrx_word' id='word_1_604' title='bbox 2265 3401 2343 3453; x_wconf 86' lang='lat' dir='ltr'><strong>est</strong></span> <span class='ocrx_word' id='word_1_605' title='bbox 2369 3400 2488 3468; x_wconf 85' lang='lat' dir='ltr'><strong>post</strong></span> <span class='ocrx_word' id='word_1_606' title='bbox 2515 3398 2712 3466; x_wconf 83' lang='lat' dir='ltr'><strong>festum</strong></span> <span class='ocrx_word' id='word_1_607' title='bbox 2741 3396 3137 3462; x_wconf 85' lang='lat' dir='ltr'><strong>Innocentium,</strong></span> <span class='ocrx_word' id='word_1_608' title='bbox 3185 3393 3554 3450; x_wconf 86' lang='lat' dir='ltr'><strong>cathedralem</strong></span> <span class='ocrx_word' id='word_1_609' title='bbox 3595 3393 3766 3448; x_wconf 87' lang='lat' dir='ltr'><strong>eccle-</strong></span> 
     </span>
    </p>
   </div>
   <div class='ocr_carea' id='block_1_95' title="bbox 2125 3481 3774 3556">
    <p class='ocr_par' dir='ltr' id='par_1_95' title="bbox 2125 3481 3774 3556">
     <span class='ocr_line' id='line_1_96' title="bbox 2125 3481 3774 3556; baseline -0.001 -16"><span class='ocrx_word' id='word_1_610' title='bbox 2125 3487 2268 3541; x_wconf 89' lang='lat' dir='ltr'><strong>siam</strong></span> <span class='ocrx_word' id='word_1_611' title='bbox 2325 3488 2386 3541; x_wconf 88' lang='lat' dir='ltr'><strong>in</strong></span> <span class='ocrx_word' id='word_1_612' title='bbox 2438 3487 2637 3542; x_wconf 88' lang='lat' dir='ltr'><strong>honore</strong></span> <span class='ocrx_word' id='word_1_613' title='bbox 2689 3486 3109 3556; x_wconf 85' lang='lat' dir='ltr'><strong>protomartyris</strong></span> <span class='ocrx_word' id='word_1_614' title='bbox 3163 3483 3425 3554; x_wconf 87' lang='lat' dir='ltr'><strong>Stephani</strong></span> <span class='ocrx_word' id='word_1_615' title='bbox 3479 3481 3774 3548; x_wconf 86' lang='lat' dir='ltr'><strong>dedicavit,</strong></span> 
     </span>
    </p>
   </div>
   <div class='ocr_carea' id='block_1_96' title="bbox 2123 3570 3777 3648">
    <p class='ocr_par' dir='ltr' id='par_1_96' title="bbox 2123 3570 3777 3648">
     <span class='ocr_line' id='line_1_97' title="bbox 2123 3570 3777 3648; baseline -0.003 -18"><span class='ocrx_word' id='word_1_616' title='bbox 2123 3577 2365 3648; x_wconf 87' lang='lat' dir='ltr'><strong>sequenti</strong></span> <span class='ocrx_word' id='word_1_617' title='bbox 2378 3575 2466 3631; x_wconf 88' lang='lat' dir='ltr'><strong>die</strong></span> <span class='ocrx_word' id='word_1_618' title='bbox 2493 3576 2716 3648; x_wconf 88' lang='lat' dir='ltr'><strong>quievit.</strong></span> <span class='ocrx_word' id='word_1_619' title='bbox 2780 3571 2968 3629; x_wconf 88' lang='lat' dir='ltr'><strong>Pridie</strong></span> <span class='ocrx_word' id='word_1_620' title='bbox 3023 3572 3292 3628; x_wconf 83' lang='lat' dir='ltr'><strong>Kalendas</strong></span> <span class='ocrx_word' id='word_1_621' title='bbox 3335 3572 3594 3628; x_wconf 81' lang='lat' dir='ltr'><strong>Januarii</strong></span> <span class='ocrx_word' id='word_1_622' title='bbox 3625 3570 3777 3626; x_wconf 86' lang='lat' dir='ltr'><strong>basi-</strong></span> 
     </span>
    </p>
   </div>
   <div class='ocr_carea' id='block_1_97' title="bbox 2126 3658 3782 3734">
    <p class='ocr_par' dir='ltr' id='par_1_97' title="bbox 2126 3658 3782 3734">
     <span class='ocr_line' id='line_1_98' title="bbox 2126 3658 3782 3734; baseline -0.003 -14"><span class='ocrx_word' id='word_1_623' title='bbox 2126 3665 2292 3720; x_wconf 87' lang='lat' dir='ltr'><strong>licam</strong></span> <span class='ocrx_word' id='word_1_624' title='bbox 2317 3665 2579 3734; x_wconf 88' lang='lat' dir='ltr'><strong>regalem,</strong></span> <span class='ocrx_word' id='word_1_625' title='bbox 2605 3662 2828 3718; x_wconf 91' lang='lat' dir='ltr'><strong>scilicet</strong></span> <span class='ocrx_word' id='word_1_626' title='bbox 2856 3661 3194 3718; x_wconf 88' lang='lat' dir='ltr'><strong>monasterii</strong></span> <span class='ocrx_word' id='word_1_627' title='bbox 3240 3660 3441 3716; x_wconf 86' lang='lat' dir='ltr'><strong>Sancti</strong></span> <span class='ocrx_word' id='word_1_628' title='bbox 3490 3658 3782 3715; x_wconf 88' lang='lat' dir='ltr'><strong>Martialis</strong></span> 
     </span>
    </p>
   </div>
   <div class='ocr_carea' id='block_1_98' title="bbox 2125 3747 3783 3825">
    <p class='ocr_par' dir='ltr' id='par_1_98' title="bbox 2125 3747 3783 3825">
     <span class='ocr_line' id='line_1_99' title="bbox 2125 3747 3783 3825; baseline -0.002 -16"><span class='ocrx_word' id='word_1_629' title='bbox 2125 3756 2192 3809; x_wconf 93' lang='lat' dir='ltr'><strong>ut</strong></span> <span class='ocrx_word' id='word_1_630' title='bbox 2212 3755 2339 3825; x_wconf 87' lang='lat' dir='ltr'><strong>jam</strong></span> <span class='ocrx_word' id='word_1_631' title='bbox 2371 3769 2551 3824; x_wconf 89' lang='lat' dir='ltr'><strong>supra</strong></span> <span class='ocrx_word' id='word_1_632' title='bbox 2561 3767 2689 3807; x_wconf 87' lang='lat' dir='ltr'><strong>eam</strong></span> <span class='ocrx_word' id='word_1_633' title='bbox 2705 3749 3184 3824; x_wconf 88' lang='lat' dir='ltr'><strong>appellaverat,in</strong></span> <span class='ocrx_word' id='word_1_634' title='bbox 3195 3751 3454 3806; x_wconf 85' lang='lat' dir='ltr'><strong>honorem</strong></span> <span class='ocrx_word' id='word_1_635' title='bbox 3475 3747 3783 3805; x_wconf 76' lang='lat' dir='ltr'><strong>Saluatoris</strong></span> 
     </span>
    </p>
   </div>
   <div class='ocr_carea' id='block_1_99' title="bbox 2123 3838 3774 3912">
    <p class='ocr_par' dir='ltr' id='par_1_99' title="bbox 2123 3838 3774 3912">
     <span class='ocr_line' id='line_1_100' title="bbox 2123 3838 3774 3912; baseline -0.002 -15"><span class='ocrx_word' id='word_1_636' title='bbox 2123 3842 2320 3897; x_wconf 88' lang='lat' dir='ltr'><strong>mundi</strong></span> <span class='ocrx_word' id='word_1_637' title='bbox 2369 3842 2720 3908; x_wconf 85' lang='lat' dir='ltr'><strong>consecravit,</strong></span> <span class='ocrx_word' id='word_1_638' title='bbox 2781 3840 3005 3912; x_wconf 85' lang='lat' dir='ltr'><strong>ejusque</strong></span> <span class='ocrx_word' id='word_1_639' title='bbox 3076 3841 3368 3911; x_wconf 88' lang='lat' dir='ltr'><strong>antiquam</strong></span> <span class='ocrx_word' id='word_1_640' title='bbox 3441 3838 3774 3907; x_wconf 85' lang='lat' dir='ltr'><strong>libertatem,</strong></span> 
     </span>
    </p>
   </div>
   <div class='ocr_carea' id='block_1_100' title="bbox 2123 3927 3779 4002">
    <p class='ocr_par' dir='ltr' id='par_1_100' title="bbox 2123 3927 3779 4002">
     <span class='ocr_line' id='line_1_101' title="bbox 2123 3927 3779 4002; baseline -0.003 -16"><span class='ocrx_word' id='word_1_641' title='bbox 2123 3931 2467 4002; x_wconf 87' lang='lat' dir='ltr'><strong>nobilemque</strong></span> <span class='ocrx_word' id='word_1_642' title='bbox 2491 3930 2917 4001; x_wconf 71' lang='lat' dir='ltr'><strong>praerogativam</strong></span> <span class='ocrx_word' id='word_1_643' title='bbox 2971 3930 3129 3985; x_wconf 89' lang='lat' dir='ltr'><strong>novis</strong></span> <span class='ocrx_word' id='word_1_644' title='bbox 3177 3928 3492 4000; x_wconf 86' lang='lat' dir='ltr'><strong>privilegiis</strong></span> <span class='ocrx_word' id='word_1_645' title='bbox 3547 3927 3779 3982; x_wconf 88' lang='lat' dir='ltr'><strong>robora-</strong></span> 
     </span>
    </p>
   </div>
   <div class='ocr_carea' id='block_1_101' title="bbox 2124 4013 3784 4090">
    <p class='ocr_par' dir='ltr' id='par_1_101' title="bbox 2124 4013 3784 4090">
     <span class='ocr_line' id='line_1_102' title="bbox 2124 4013 3784 4090; baseline -0.001 -16"><span class='ocrx_word' id='word_1_646' title='bbox 2124 4020 2221 4074; x_wconf 85' lang='lat' dir='ltr'><strong>vit.</strong></span> <span class='ocrx_word' id='word_1_647' title='bbox 2245 4016 2463 4074; x_wconf 90' lang='lat' dir='ltr'><strong>Urbani</strong></span> <span class='ocrx_word' id='word_1_648' title='bbox 2492 4017 2654 4072; x_wconf 90' lang='lat' dir='ltr'><strong>bulla</strong></span> <span class='ocrx_word' id='word_1_649' title='bbox 2679 4018 2749 4074; x_wconf 91' lang='lat' dir='ltr'><strong>de</strong></span> <span class='ocrx_word' id='word_1_650' title='bbox 2770 4017 3088 4090; x_wconf 89' lang='lat' dir='ltr'><strong>privilegiis</strong></span> <span class='ocrx_word' id='word_1_651' title='bbox 3120 4017 3317 4073; x_wconf 86' lang='lat' dir='ltr'><strong>Sancti</strong></span> <span class='ocrx_word' id='word_1_652' title='bbox 3332 4013 3614 4071; x_wconf 91' lang='lat' dir='ltr'><strong>Martialis</strong></span> <span class='ocrx_word' id='word_1_653' title='bbox 3645 4019 3784 4087; x_wconf 85' lang='lat' dir='ltr'><strong>post</strong></span> 
     </span>
    </p>
   </div>
   <div class='ocr_carea' id='block_1_102' title="bbox 2123 4104 3781 4180">
    <p class='ocr_par' dir='ltr' id='par_1_102' title="bbox 2123 4104 3781 4180">
     <span class='ocr_line' id='line_1_103' title="bbox 2123 4104 3781 4180; baseline -0.002 -18"><span class='ocrx_word' id='word_1_654' title='bbox 2123 4105 2347 4179; x_wconf 90' lang='lat' dir='ltr'><strong>aliquot</strong></span> <span class='ocrx_word' id='word_1_655' title='bbox 2376 4122 2610 4163; x_wconf 89' lang='lat' dir='ltr'><strong>menses</strong></span> <span class='ocrx_word' id='word_1_656' title='bbox 2624 4107 2779 4180; x_wconf 90' lang='lat' dir='ltr'><strong>apud</strong></span> <span class='ocrx_word' id='word_1_657' title='bbox 2795 4107 3083 4164; x_wconf 88' lang='lat' dir='ltr'><strong>Santonas</strong></span> <span class='ocrx_word' id='word_1_658' title='bbox 3097 4107 3235 4162; x_wconf 88' lang='lat' dir='ltr'><strong>data</strong></span> <span class='ocrx_word' id='word_1_659' title='bbox 3249 4105 3379 4161; x_wconf 89' lang='lat' dir='ltr'><strong>fuit.</strong></span> <span class='ocrx_word' id='word_1_660' title='bbox 3396 4104 3560 4160; x_wconf 91' lang='lat' dir='ltr'><strong>Istud</strong></span> <span class='ocrx_word' id='word_1_661' title='bbox 3581 4111 3781 4160; x_wconf 86' lang='lat' dir='ltr'><strong>autem</strong></span> 
     </span>
    </p>
   </div>
   <div class='ocr_carea' id='block_1_103' title="bbox 2123 4192 3782 4253">
    <p class='ocr_par' dir='ltr' id='par_1_103' title="bbox 2123 4192 3782 4253">
     <span class='ocr_line' id='line_1_104' title="bbox 2123 4192 3782 4253; baseline -0.001 -2"><span class='ocrx_word' id='word_1_662' title='bbox 2123 4196 2544 4252; x_wconf 85' lang='lat' dir='ltr'><strong>monasterium</strong></span> <span class='ocrx_word' id='word_1_663' title='bbox 2578 4213 2608 4252; x_wconf 91' lang='lat' dir='ltr'><strong>e</strong></span> <span class='ocrx_word' id='word_1_664' title='bbox 2653 4195 3024 4253; x_wconf 90' lang='lat' dir='ltr'><strong>Cluniacensi</strong></span> <span class='ocrx_word' id='word_1_665' title='bbox 3080 4195 3285 4252; x_wconf 91' lang='lat' dir='ltr'><strong>ordine</strong></span> <span class='ocrx_word' id='word_1_666' title='bbox 3342 4195 3414 4250; x_wconf 90' lang='lat' dir='ltr'><strong>ad</strong></span> <span class='ocrx_word' id='word_1_667' title='bbox 3465 4192 3782 4250; x_wconf 87' lang='lat' dir='ltr'><strong>canonicos</strong></span> 
     </span>
    </p>
   </div>
   <div class='ocr_carea' id='block_1_104' title="bbox 2123 4280 3781 4343">
    <p class='ocr_par' dir='ltr' id='par_1_104' title="bbox 2123 4280 3781 4343">
     <span class='ocr_line' id='line_1_105' title="bbox 2123 4280 3781 4343; baseline -0.002 -1"><span class='ocrx_word' id='word_1_668' title='bbox 2123 4285 2429 4343; x_wconf 63' lang='lat' dir='ltr'><strong>seculares</strong></span> <span class='ocrx_word' id='word_1_669' title='bbox 2443 4284 2777 4341; x_wconf 90' lang='lat' dir='ltr'><strong>devolutum</strong></span> <span class='ocrx_word' id='word_1_670' title='bbox 2791 4288 2900 4341; x_wconf 89' lang='lat' dir='ltr'><strong>est.</strong></span> <span class='ocrx_word' id='word_1_671' title='bbox 2933 4285 3044 4341; x_wconf 86' lang='lat' dir='ltr'><strong>Sed</strong></span> <span class='ocrx_word' id='word_1_672' title='bbox 3074 4282 3348 4342; x_wconf 86' lang='lat' dir='ltr'><strong>Gaufredi</strong></span> <span class='ocrx_word' id='word_1_673' title='bbox 3379 4280 3781 4338; x_wconf 89' lang='lat' dir='ltr'><strong>narrationem</strong></span> 
     </span>
    </p>
   </div>
   <div class='ocr_carea' id='block_1_105' title="bbox 2121 4369 3782 4448">
    <p class='ocr_par' dir='ltr' id='par_1_105' title="bbox 2121 4369 3782 4448">
     <span class='ocr_line' id='line_1_106' title="bbox 2121 4369 3782 4448; baseline -0.002 -18"><span class='ocrx_word' id='word_1_674' title='bbox 2121 4391 2567 4448; x_wconf 90' lang='lat' dir='ltr'><strong>prosequamur.</strong></span> <span class='ocrx_word' id='word_1_675' title='bbox 2599 4396 2626 4424; x_wconf 84' lang='lat'><strong>«</strong></span> <span class='ocrx_word' id='word_1_676' title='bbox 2657 4374 2823 4442; x_wconf 89' lang='lat' dir='ltr'><strong>Huic,</strong></span> <span class='ocrx_word' id='word_1_677' title='bbox 2857 4373 3073 4446; x_wconf 86' lang='lat' dir='ltr'><strong>inquit,</strong></span> <span class='ocrx_word' id='word_1_678' title='bbox 3106 4371 3303 4430; x_wconf 92' lang='lat' dir='ltr'><strong>Sancti</strong></span> <span class='ocrx_word' id='word_1_679' title='bbox 3335 4369 3620 4428; x_wconf 87' lang='lat' dir='ltr'><strong>Martialis</strong></span> <span class='ocrx_word' id='word_1_680' title='bbox 3669 4372 3782 4428; x_wconf 92' lang='lat' dir='ltr'><strong>de-</strong></span> 
     </span>
    </p>
   </div>
   <div class='ocr_carea' id='block_1_106' title="bbox 2121 4459 3785 4536">
    <p class='ocr_par' dir='ltr' id='par_1_106' title="bbox 2121 4459 3785 4536">
     <span class='ocr_line' id='line_1_107' title="bbox 2121 4459 3785 4536; baseline -0.002 -16"><span class='ocrx_word' id='word_1_681' title='bbox 2121 4463 2419 4531; x_wconf 89' lang='lat' dir='ltr'><strong>dicationi,</strong></span> <span class='ocrx_word' id='word_1_682' title='bbox 2452 4481 2579 4536; x_wconf 69' lang='lat' dir='ltr'><strong>quae</strong></span> <span class='ocrx_word' id='word_1_683' title='bbox 2611 4466 2844 4536; x_wconf 90' lang='lat' dir='ltr'><strong>peracta</strong></span> <span class='ocrx_word' id='word_1_684' title='bbox 2884 4467 2974 4520; x_wconf 90' lang='lat' dir='ltr'><strong>est</strong></span> <span class='ocrx_word' id='word_1_685' title='bbox 3021 4479 3174 4518; x_wconf 90' lang='lat' dir='ltr'><strong>anno</strong></span> <span class='ocrx_word' id='word_1_686' title='bbox 3224 4459 3536 4517; x_wconf 65' lang='lat' dir='ltr'><strong>Dominicis</strong></span> <span class='ocrx_word' id='word_1_687' title='bbox 3586 4461 3785 4516; x_wconf 84' lang='lat' dir='ltr'><strong>[near-</strong></span> 
     </span>
    </p>
   </div>
   <div class='ocr_carea' id='block_1_107' title="bbox 2119 4548 3780 4623">
    <p class='ocr_par' dir='ltr' id='par_1_107' title="bbox 2119 4548 3780 4623">
     <span class='ocr_line' id='line_1_108' title="bbox 2119 4548 3780 4623; baseline -0.002 -15"><span class='ocrx_word' id='word_1_688' title='bbox 2119 4552 2294 4609; x_wconf 92' lang='lat' dir='ltr'><strong>tionis</strong></span> <span class='ocrx_word' id='word_1_689' title='bbox 2326 4552 2484 4620; x_wconf 84' lang='lat'><strong>1095,</strong></span> <span class='ocrx_word' id='word_1_690' title='bbox 2518 4552 2908 4609; x_wconf 88' lang='lat' dir='ltr'><strong>interfuerunt</strong></span> <span class='ocrx_word' id='word_1_691' title='bbox 2948 4550 3146 4623; x_wconf 90' lang='lat' dir='ltr'><strong>plures</strong></span> <span class='ocrx_word' id='word_1_692' title='bbox 3192 4548 3470 4622; x_wconf 90' lang='lat' dir='ltr'><strong>episcopi,</strong></span> <span class='ocrx_word' id='word_1_693' title='bbox 3521 4565 3780 4620; x_wconf 87' lang='lat' dir='ltr'><strong>quorum</strong></span> 
     </span>
    </p>
   </div>
   <div class='ocr_carea' id='block_1_108' title="bbox 2121 4638 3782 4712">
    <p class='ocr_par' dir='ltr' id='par_1_108' title="bbox 2121 4638 3782 4712">
     <span class='ocr_line' id='line_1_109' title="bbox 2121 4638 3782 4712; baseline -0.002 -14"><span class='ocrx_word' id='word_1_694' title='bbox 2121 4641 2360 4698; x_wconf 89' lang='lat' dir='ltr'><strong>nomina</strong></span> <span class='ocrx_word' id='word_1_695' title='bbox 2390 4640 2622 4698; x_wconf 89' lang='lat' dir='ltr'><strong>silentio</strong></span> <span class='ocrx_word' id='word_1_696' title='bbox 2654 4658 2769 4696; x_wconf 90' lang='lat' dir='ltr'><strong>non</strong></span> <span class='ocrx_word' id='word_1_697' title='bbox 2805 4644 2945 4696; x_wconf 92' lang='lat' dir='ltr'><strong>sunt</strong></span> <span class='ocrx_word' id='word_1_698' title='bbox 3001 4639 3270 4712; x_wconf 88' lang='lat' dir='ltr'><strong>tegenda.</strong></span> <span class='ocrx_word' id='word_1_699' title='bbox 3327 4638 3492 4710; x_wconf 87' lang='lat' dir='ltr'><strong>Hugo</strong></span> <span class='ocrx_word' id='word_1_700' title='bbox 3539 4638 3782 4710; x_wconf 89' lang='lat' dir='ltr'><strong>Lugdu-</strong></span> 
     </span>
    </p>
   </div>
   <div class='ocr_carea' id='block_1_109' title="bbox 2124 4726 3780 4800">
    <p class='ocr_par' dir='ltr' id='par_1_109' title="bbox 2124 4726 3780 4800">
     <span class='ocr_line' id='line_1_110' title="bbox 2124 4726 3780 4800; baseline -0.003 -14"><span class='ocrx_word' id='word_1_701' title='bbox 2124 4732 2344 4800; x_wconf 88' lang='lat' dir='ltr'><strong>nensis,</strong></span> <span class='ocrx_word' id='word_1_702' title='bbox 2375 4730 2744 4786; x_wconf 87' lang='lat' dir='ltr'><strong>Audebertus</strong></span> <span class='ocrx_word' id='word_1_703' title='bbox 2777 4729 3180 4795; x_wconf 89' lang='lat' dir='ltr'><strong>Bituricensis,</strong></span> <span class='ocrx_word' id='word_1_704' title='bbox 3206 4729 3454 4784; x_wconf 88' lang='lat' dir='ltr'><strong>Amatus</strong></span> <span class='ocrx_word' id='word_1_705' title='bbox 3479 4726 3780 4799; x_wconf 89' lang='lat' dir='ltr'><strong>Burdega-</strong></span> 
     </span>
    </p>
   </div>
   <div class='ocr_carea' id='block_1_110' title="bbox 2121 4807 3776 4890">
    <p class='ocr_par' dir='ltr' id='par_1_110' title="bbox 2121 4807 3776 4890">
     <span class='ocr_line' id='line_1_111' title="bbox 2121 4807 3776 4890; baseline -0.004 -13"><span class='ocrx_word' id='word_1_706' title='bbox 2121 4819 2326 4888; x_wconf 91' lang='lat' dir='ltr'><strong>lensis,</strong></span> <span class='ocrx_word' id='word_1_707' title='bbox 2360 4819 2675 4884; x_wconf 88' lang='lat' dir='ltr'><strong>Robertus,</strong></span> <span class='ocrx_word' id='word_1_708' title='bbox 2735 4835 2838 4874; x_wconf 90' lang='lat' dir='ltr'><strong>seu</strong></span> <span class='ocrx_word' id='word_1_709' title='bbox 2870 4807 3065 4890; x_wconf 87' lang='lat' dir='ltr'><strong>potius</strong></span> <span class='ocrx_word' id='word_1_710' title='bbox 3123 4817 3434 4873; x_wconf 90' lang='lat' dir='ltr'><strong>Daibertus</strong></span> <span class='ocrx_word' id='word_1_711' title='bbox 3492 4814 3776 4884; x_wconf 90' lang='lat' dir='ltr'><strong>Pisensis,</strong></span> 
     </span>
    </p>
   </div>
   <div class='ocr_carea' id='block_1_111' title="bbox 2120 4903 3776 4982">
    <p class='ocr_par' dir='ltr' id='par_1_111' title="bbox 2120 4903 3776 4982">
     <span class='ocr_line' id='line_1_112' title="bbox 2120 4903 3776 4982; baseline -0.003 -16"><span class='ocrx_word' id='word_1_712' title='bbox 2120 4907 2446 4982; x_wconf 84' lang='lat' dir='ltr'><strong>Rangerius</strong></span> <span class='ocrx_word' id='word_1_713' title='bbox 2496 4907 2864 4980; x_wconf 86' lang='lat' dir='ltr'><strong>Rhegiensis,</strong></span> <span class='ocrx_word' id='word_1_714' title='bbox 2923 4906 2985 4962; x_wconf 94' lang='lat' dir='ltr'><strong>hi</strong></span> <span class='ocrx_word' id='word_1_715' title='bbox 3043 4923 3246 4962; x_wconf 89' lang='lat' dir='ltr'><strong>omnes</strong></span> <span class='ocrx_word' id='word_1_716' title='bbox 3324 4903 3776 4978; x_wconf 87' lang='lat' dir='ltr'><strong>archiepiscopi,</strong></span> 
     </span>
    </p>
   </div>
   <div class='ocr_carea' id='block_1_112' title="bbox 2116 4993 3778 5070">
    <p class='ocr_par' dir='ltr' id='par_1_112' title="bbox 2116 4993 3778 5070">
     <span class='ocr_line' id='line_1_113' title="bbox 2116 4993 3778 5070; baseline -0.002 -17"><span class='ocrx_word' id='word_1_717' title='bbox 2116 4998 2342 5070; x_wconf 90' lang='lat' dir='ltr'><strong>primus</strong></span> <span class='ocrx_word' id='word_1_718' title='bbox 2371 4997 2566 5052; x_wconf 90' lang='lat' dir='ltr'><strong>Bruno</strong></span> <span class='ocrx_word' id='word_1_719' title='bbox 2598 4996 2945 5070; x_wconf 89' lang='lat' dir='ltr'><strong>Signiensis,</strong></span> <span class='ocrx_word' id='word_1_720' title='bbox 2978 4996 3184 5051; x_wconf 89' lang='lat' dir='ltr'><strong>Petrus</strong></span> <span class='ocrx_word' id='word_1_721' title='bbox 3231 4993 3632 5063; x_wconf 88' lang='lat' dir='ltr'><strong>Pictaviensis,</strong></span> <span class='ocrx_word' id='word_1_722' title='bbox 3671 4995 3778 5050; x_wconf 83' lang='lat' dir='ltr'><strong>Ar-</strong></span> 
     </span>
    </p>
   </div>
   <div class='ocr_carea' id='block_1_113' title="bbox 2116 5081 3773 5158">
    <p class='ocr_par' dir='ltr' id='par_1_113' title="bbox 2116 5081 3773 5158">
     <span class='ocr_line' id='line_1_114' title="bbox 2116 5081 3773 5158; baseline -0.001 -16"><span class='ocrx_word' id='word_1_723' title='bbox 2116 5085 2337 5156; x_wconf 89' lang='lat' dir='ltr'><strong>nulfus,</strong></span> <span class='ocrx_word' id='word_1_724' title='bbox 2371 5083 2490 5141; x_wconf 92' lang='lat' dir='ltr'><strong>imo</strong></span> <span class='ocrx_word' id='word_1_725' title='bbox 2522 5084 2893 5153; x_wconf 82' lang='lat' dir='ltr'><strong>Ramnulfus,</strong></span> <span class='ocrx_word' id='word_1_726' title='bbox 2937 5083 3283 5158; x_wconf 90' lang='lat' dir='ltr'><strong>cognomine</strong></span> <span class='ocrx_word' id='word_1_727' title='bbox 3313 5084 3383 5140; x_wconf 93' lang='lat' dir='ltr'><strong>de</strong></span> <span class='ocrx_word' id='word_1_728' title='bbox 3425 5081 3773 5150; x_wconf 88' lang='lat' dir='ltr'><strong>Barbesillo,</strong></span> 
     </span>
    </p>
   </div>
   <div class='ocr_carea' id='block_1_114' title="bbox 2114 5171 3776 5248">
    <p class='ocr_par' dir='ltr' id='par_1_114' title="bbox 2114 5171 3776 5248">
     <span class='ocr_line' id='line_1_115' title="bbox 2114 5171 3776 5248; baseline -0.001 -18"><span class='ocrx_word' id='word_1_729' title='bbox 2114 5173 2549 5242; x_wconf 88' lang='lat' dir='ltr'><strong>Sanctonensis,</strong></span> <span class='ocrx_word' id='word_1_730' title='bbox 2626 5174 2963 5248; x_wconf 81' lang='lat' dir='ltr'><strong>Raynaldus</strong></span> <span class='ocrx_word' id='word_1_731' title='bbox 3042 5171 3555 5247; x_wconf 77' lang='lat' dir='ltr'><strong>Petragoricensis,</strong></span> <span class='ocrx_word' id='word_1_732' title='bbox 3617 5172 3776 5246; x_wconf 79' lang='lat' dir='ltr'><strong>Bay-</strong></span> 
     </span>
    </p>
   </div>
   <div class='ocr_carea' id='block_1_115' title="bbox 2116 5260 3772 5334">
    <p class='ocr_par' dir='ltr' id='par_1_115' title="bbox 2116 5260 3772 5334">
     <span class='ocr_line' id='line_1_116' title="bbox 2116 5260 3772 5334; baseline -0.002 -14"><span class='ocrx_word' id='word_1_733' title='bbox 2116 5264 2374 5320; x_wconf 91' lang='lat' dir='ltr'><strong>mundus</strong></span> <span class='ocrx_word' id='word_1_734' title='bbox 2426 5263 2844 5334; x_wconf 82' lang='lat' dir='ltr'><strong>Ruthenensis,</strong></span> <span class='ocrx_word' id='word_1_735' title='bbox 2896 5263 3261 5321; x_wconf 83' lang='lat' dir='ltr'><strong>Humbaldus</strong></span> <span class='ocrx_word' id='word_1_736' title='bbox 3312 5260 3772 5327; x_wconf 88' lang='lat' dir='ltr'><strong>Lemovicensis,</strong></span> 
     </span>
    </p>
   </div>
   <div class='ocr_carea' id='block_1_116' title="bbox 2113 5351 3777 5428">
    <p class='ocr_par' dir='ltr' id='par_1_116' title="bbox 2113 5351 3777 5428">
     <span class='ocr_line' id='line_1_117' title="bbox 2113 5351 3777 5428; baseline -0.001 -18"><span class='ocrx_word' id='word_1_737' title='bbox 2113 5353 2174 5410; x_wconf 92' lang='lat' dir='ltr'><strong>hi</strong></span> <span class='ocrx_word' id='word_1_738' title='bbox 2205 5369 2409 5411; x_wconf 91' lang='lat' dir='ltr'><strong>omnes</strong></span> <span class='ocrx_word' id='word_1_739' title='bbox 2425 5353 2703 5427; x_wconf 89' lang='lat' dir='ltr'><strong>episcopi.</strong></span> <span class='ocrx_word' id='word_1_740' title='bbox 2737 5355 2827 5426; x_wconf 87' lang='lat' dir='ltr'><strong>Hi,</strong></span> <span class='ocrx_word' id='word_1_741' title='bbox 2844 5357 3160 5428; x_wconf 89' lang='lat' dir='ltr'><strong>postquam</strong></span> <span class='ocrx_word' id='word_1_742' title='bbox 3183 5353 3484 5410; x_wconf 83' lang='lat' dir='ltr'><strong>Romanus</strong></span> <span class='ocrx_word' id='word_1_743' title='bbox 3515 5351 3777 5423; x_wconf 80' lang='lat' dir='ltr'><strong>pontifex</strong></span> 
     </span>
    </p>
   </div>
   <div class='ocr_carea' id='block_1_117' title="bbox 2113 5439 3774 5516">
    <p class='ocr_par' dir='ltr' id='par_1_117' title="bbox 2113 5439 3774 5516">
     <span class='ocr_line' id='line_1_118' title="bbox 2113 5439 3774 5516; baseline -0.001 -16"><span class='ocrx_word' id='word_1_744' title='bbox 2113 5459 2324 5516; x_wconf 88' lang='lat' dir='ltr'><strong>aquam</strong></span> <span class='ocrx_word' id='word_1_745' title='bbox 2359 5443 2751 5514; x_wconf 88' lang='lat' dir='ltr'><strong>benedixerat,</strong></span> <span class='ocrx_word' id='word_1_746' title='bbox 2783 5445 2939 5501; x_wconf 87' lang='lat' dir='ltr'><strong>circa</strong></span> <span class='ocrx_word' id='word_1_747' title='bbox 2968 5443 3281 5500; x_wconf 91' lang='lat' dir='ltr'><strong>basilicam</strong></span> <span class='ocrx_word' id='word_1_748' title='bbox 3311 5457 3474 5497; x_wconf 89' lang='lat' dir='ltr'><strong>more</strong></span> <span class='ocrx_word' id='word_1_749' title='bbox 3497 5439 3774 5498; x_wconf 90' lang='lat' dir='ltr'><strong>ecclesia-</strong></span> 
     </span>
    </p>
   </div>
   <div class='ocr_carea' id='block_1_118' title="bbox 2114 5529 3777 5607">
    <p class='ocr_par' dir='ltr' id='par_1_118' title="bbox 2114 5529 3777 5607">
     <span class='ocr_line' id='line_1_119' title="bbox 2114 5529 3777 5607; baseline -0.001 -18"><span class='ocrx_word' id='word_1_750' title='bbox 2114 5533 2258 5590; x_wconf 92' lang='lat' dir='ltr'><strong>stico</strong></span> <span class='ocrx_word' id='word_1_751' title='bbox 2271 5533 2958 5606; x_wconf 89' lang='lat' dir='ltr'><strong>aspergebant;dominus</strong></span> <span class='ocrx_word' id='word_1_752' title='bbox 2970 5551 3121 5607; x_wconf 89' lang='lat' dir='ltr'><strong>papa</strong></span> <span class='ocrx_word' id='word_1_753' title='bbox 3129 5530 3382 5606; x_wconf 89' lang='lat' dir='ltr'><strong>propriis</strong></span> <span class='ocrx_word' id='word_1_754' title='bbox 3398 5529 3673 5588; x_wconf 89' lang='lat' dir='ltr'><strong>manibus</strong></span> <span class='ocrx_word' id='word_1_755' title='bbox 3683 5546 3777 5588; x_wconf 85' lang='lat' dir='ltr'><strong>ve-</strong></span> 
     </span>
    </p>
   </div>
   <div class='ocr_carea' id='block_1_119' title="bbox 2114 5618 3773 5693">
    <p class='ocr_par' dir='ltr' id='par_1_119' title="bbox 2114 5618 3773 5693">
     <span class='ocr_line' id='line_1_120' title="bbox 2114 5618 3773 5693; baseline -0.002 -14"><span class='ocrx_word' id='word_1_756' title='bbox 2114 5623 2437 5680; x_wconf 89' lang='lat' dir='ltr'><strong>nerandum</strong></span> <span class='ocrx_word' id='word_1_757' title='bbox 2467 5620 2649 5677; x_wconf 88' lang='lat' dir='ltr'><strong>altare</strong></span> <span class='ocrx_word' id='word_1_758' title='bbox 2663 5623 3040 5691; x_wconf 88' lang='lat' dir='ltr'><strong>consecravit,</strong></span> <span class='ocrx_word' id='word_1_759' title='bbox 3059 5623 3422 5693; x_wconf 89' lang='lat' dir='ltr'><strong>missamque</strong></span> <span class='ocrx_word' id='word_1_760' title='bbox 3435 5635 3613 5692; x_wconf 90' lang='lat' dir='ltr'><strong>super</strong></span> <span class='ocrx_word' id='word_1_761' title='bbox 3625 5618 3773 5676; x_wconf 91' lang='lat' dir='ltr'><strong>illud</strong></span> 
     </span>
    </p>
   </div>
   <div class='ocr_carea' id='block_1_120' title="bbox 2115 5708 3772 5785">
    <p class='ocr_par' dir='ltr' id='par_1_120' title="bbox 2115 5708 3772 5785">
     <span class='ocr_line' id='line_1_121' title="bbox 2115 5708 3772 5785; baseline -0.003 -13"><span class='ocrx_word' id='word_1_762' title='bbox 2115 5712 2454 5772; x_wconf 88' lang='lat' dir='ltr'><strong>solemniter</strong></span> <span class='ocrx_word' id='word_1_763' title='bbox 2483 5710 2814 5769; x_wconf 89' lang='lat' dir='ltr'><strong>celebravit.</strong></span> <span class='ocrx_word' id='word_1_764' title='bbox 2835 5712 2974 5770; x_wconf 90' lang='lat' dir='ltr'><strong>Inde</strong></span> <span class='ocrx_word' id='word_1_765' title='bbox 2991 5713 3062 5769; x_wconf 88' lang='lat' dir='ltr'><strong>ad</strong></span> <span class='ocrx_word' id='word_1_766' title='bbox 3075 5711 3501 5769; x_wconf 90' lang='lat' dir='ltr'><strong>benedicendos</strong></span> <span class='ocrx_word' id='word_1_767' title='bbox 3519 5708 3772 5785; x_wconf 88' lang='lat' dir='ltr'><strong>populos</strong></span> 
     </span>
    </p>
   </div>
  </div>
