3962 6356
158 426 296 493 ’189

1785 419 1994 487 νΙΤΑ.

3470 419 3590 488 Ιθθ

165 558 230 620 in
292 557 602 635 publicum
657 556 973 635 processit,
993 564 1248 635 quorum
1304 558 1471 618 tanta
1524 554 1645 619 illic
1692 560 1826 620 erat
1853 554 1912 628 Α,
2293 550 2539 640 Urbanus
2579 550 2741 610 varia
2789 547 2883 611 dat
2909 549 3589 683 ἀέριωπαια.μοηαεζθνςίο

169 649 513 683 ...ηιιςιωιη-
549 652 615 683 ..ι
645 651 702 683 ς..
736 650 978 683 ,ιε-ηιμ,
1008 648 1263 683 nan-nan.
1308 652 1446 683 ,ειη
1472 652 1662 683 ’.ηηηη
1698 651 1798 683 ...ει
2008 628 2308 683 Anaeriaco
2336 625 2559 683 subiicit
2584 626 2898 683 Bassacum.
2973 670 2986 683 .
3020 625 3374 683 Euarchium.
3409 630 3589 683 Fiam-

169 649 517 719 multitudo,‘
549 652 617 706 ut
645 651 704 707 in
736 650 982 708 circuitu
1008 648 1284 722 civitatis,
1307 652 1453 709 citra
1472 652 1666 708 unum
1698 651 1828 708 mil-

171 738 418 797 liarium
446 740 686 797 nonnisi
717 739 1024 797 hominum
1053 741 1245 815 capita
1271 741 1636 810 viderentur;
1670 741 1828 798 obla-

170 829 407 886 tiouum
446 844 584 885 vero
630 832 795 886 tanta
842 828 1008 903 copia
1053 830 1240 899 ﬂuxit,
1283 834 1349 887 ut
1396 848 1532 888 arca
1577 830 1831 904 sepulcri

176 918 507 992 apostolici,
537 918 600 974 id
630 922 720 975 est
752 918 950 974 Sancti
988 918 1290 989 Martialis,
1323 936 1451 992 quae
1479 919 1656 992 vulgo
1690 919 1830 974 Gau-

177 1012 309 1064 teau
339 1005 769 1081 appellabatur,
800 1012 1009 1080 preter
1037 1007 1182 1064 alias
1213 1007 1387 1080 plena
1414 1008 1784 1064 redundaret.
1803 1029 1831 1058 »

177 1096 312 1154 Haec
353 1096 707 1163 Gaufredus,
738 1096 839 1169 qui
887 1097 1060 1170 paulo
1108 1102 1301 1164 antea,
1332 1097 1381 1153 si
1428 1102 1627 1154 tamen
1670 1097 1834 1153 locus

174 1186 283 1243 ille
308 1202 378 1242 ex
408 1185 522 1243 alio
551 1202 665 1242 ms.
701 1189 906 1243 erutus
949 1186 1000 1243 ei
1036 1185 1215 1241 tribui
1262 1186 1489 1253 debeat,
1522 1187 1838 1259 scripserat

179 1274 485 1331 Urbanum
516 1275 707 1332 Sancti
748 1274 1009 1347 Stephani
1037 1276 1336 1343 ecclesiam,
1367 1283 1419 1331 et
1444 1276 1585 1331 beati
1614 1275 1837 1331 Martini

176 1366 579 1420 monasterimn
613 1363 935 1432 dedicasse,
968 1364 1068 1419 ubi
1101 1380 1206 1437 pro
1250 1364 1440 1420 Sancti
1478 1364 1720 1430 Martini,
1752 1364 1833 1421 le-

179 1454 444 1528 gendum
487 1453 646 1510 haud
706 1452 880 1509 dubie
935 1453 1123 1510 Sancti
1175 1454 1460 1522 Martialis,
1495 1469 1835 1528 quanquam

174 1543 341 1617 apud
394 1543 731 1599 Lemovices
784 1543 1070 1598 habeatur
1127 1560 1357 1616 quoque
1412 1544 1837 1600 monasterium

180 1633 401 1689 Sancto
440 1632 694 1688 Martino
739 1648 991 1687 sacrum.
1023 1633 1096 1687 At
1126 1630 1272 1687 nihil
1306 1633 1617 1706 utrobique
1662 1633 1839 1689 habet

182 1721 258 1777 de
289 1720 658 1777 dedicatione
687 1720 908 1776 Sancte
939 1720 1132 1776 Mariae
1165 1721 1237 1777 de
1266 1721 1507 1795 Regula,
1542 1737 1719 1795 quam
1752 1727 1836 1777 ta-

185 1826 325 1866 men
356 1809 430 1866 ab
460 1808 715 1878 Urbano,
750 1808 848 1881 qui
874 1809 1113 1882 quidem
1156 1810 1235 1866 ibi
1282 1826 1350 1866 ex
1392 1810 1518 1883 ipso
1548 1810 1837 1867 Gaufredo

183 1898 430 1957 missam
465 1898 672 1955 mediae
716 1897 900 1955 noctis
938 1899 1209 1967 cantavit,
1236 1899 1455 1955 factum
1486 1900 1667 1957 fuisse
1697 1900 1836 1973 legi-
1868 1932 1917 1998 Β

183 2005 324 2046 mus
380 1988 443 2044 in
501 1987 733 2044 duobus
768 1987 1064 2044 veteribus
1120 1987 1410 2044 chronicis
1467 2006 1610 2046 mss.
1645 1988 1839 2046 Sancti

185 2076 498 2135 Martialis.

257 2158 544 2223 Gestorum
572 2165 695 2222 haec
716 2165 916 2222 omnia
944 2166 1126 2223 ferme
1147 2166 1363 2222 iisdem
1383 2167 1576 2223 verbis
1606 2184 1844 2224 narran-

188 2262 288 2314 tur
315 2256 379 2312 in
408 2255 587 2311 veteri
610 2254 817 2311 notitia
837 2254 1265 2313 Lemovicensis
1285 2255 1552 2312 Ecclesiae
1584 2274 1651 2313 ea
1680 2258 1752 2313 de
1781 2274 1845 2314 re

186 2346 365 2413 facta,
387 2356 568 2417 quam
599 2347 735 2417 post
758 2342 1016 2400 Beslium
1045 2344 1190 2400 varii
1216 2349 1482 2402 auctores
1512 2345 1840 2402 ediderunt.

189 2436 255 2491 lu
286 2450 358 2491 ea
388 2432 607 2507 quippe
654 2431 869 2506 legitur
916 2431 1220 2505 pontiﬁces
1272 2450 1477 2490 omnes
1523 2452 1702 2508 supra
1749 2452 1843 2492 re-

190 2520 773 2580 censitos‘Natalium
803 2520 1015 2577 Christi
1048 2520 1479 2578 solemnitatem
1512 2523 1689 2580 simul
1711 2541 1844 2580 cum

190 2612 429 2670 Urbano
488 2611 645 2683 apud
708 2609 1036 2667 Lemovices
1094 2609 1442 2679 celebrasse,
1472 2628 1725 2686 eumque
1774 2614 1846 2669 ad

192 2702 478 2759 Sanctum
508 2698 832 2756 Martialem
857 2702 1114 2767 euntem,
1138 2703 1195 2755 et
1223 2701 1431 2757 exinde
1455 2701 1655 2758 habito
1684 2702 1848 2775 prius

194 2792 267 2847 ad
326 2787 613 2863 pepulum
670 2803 975 2857 sermone,
1035 2793 1377 2845 coronatum
1436 2791 1509 2847 ad
1567 2792 1849 2863 majorem

195 2878 507 2938 ecclesiam
549 2878 891 2934 redeuntem
934 2877 1243 2933 comitatus
1289 2877 1488 2935 fuisse.
1522 2879 1593 2935 Hi
1623 2895 1848 2946 omnes,

198 2974 266 3026 ut
322 2967 545 3025 ibidem
581 2967 817 3033 dicitur,
851 2965 944 3022 die
1000 2970 1163 3023 sexta
1218 2967 1549 3025 Nativitatis
1586 2968 1850 3038 Domini,

199 3076 329 3132 qua
356 3057 420 3114 in
449 3056 814 3114 Dominicam
852 3054 1166 3125 incidebat,
1199 3056 1411 3112 iterum
1455 3074 1590 3113 cum
1624 3058 1855 3114 Urbano

202 3149 272 3204 ad
306 3148 589 3204 Sanctum
633 3142 979 3214 Martialem,
1012 3145 1113 3201 ubi
1157 3144 1284 3201 dies
1322 3149 1451 3202 octo
1488 3146 1696 3220 exegit,
1720 3162 1856 3203 con-

196 3238 503 3303 venerunt,
536 3249 791 3305 cumque
840 3232 933 3289 die
990 3234 1257 3306 sequenti
1316 3233 1619 3293 basilicam
1678 3253 1855 3309 aqua,

2008 627 2308 697 Angeriaco
2336 625 2559 700 subjicit
2929 625 2992 700 S.
3014 625 3374 700 Eparchium.
3409 630 3591 700 Figia-

2008 716 2133 755 cum
2161 703 2362 756 tuetur.
2393 697 2659 755 Ecclesias
2689 697 2744 754 S.
2776 697 3023 754 Martiali
3049 697 3245 755 restiui
3269 710 3446 756 curat.

2010 807 2107 863 Hie
2137 822 2309 878 porro
2358 805 2757 862 solemnitates
2795 804 3094 863 Urbanum
3145 823 3262 863 non
3310 806 3595 881 impedie-

1940 896 2104 963 bant,
2135 894 2452 968 quominus
2485 893 2616 950 aliis
2646 893 2823 950 etiam
2862 894 3112 966 negotiis
3151 900 3404 965 vacaret,
3436 898 3594 969 quod

1941 985 2193 1057 probant
2219 983 2379 1040 varia
2408 983 2537 1055 ejus
2559 982 2882 1055 diplomata
2911 983 3004 1039 his
3033 984 3180 1057 ipsis
3199 984 3406 1041 diebus
3437 986 3594 1042 data.

1941 1073 2023 1129 Ex
2051 1073 2145 1129 his
2174 1090 2361 1129 unum
2393 1076 2483 1129 est
2506 1071 2855 1145 inscriptum
2880 1072 3157 1129 Ausculfo
3181 1074 3596 1147 Angeriaceusi

1940 1162 2160 1229 abbati,
2194 1162 2286 1218 cui
2336 1160 2577 1232 subjicit
2623 1160 3045 1217 monasterium
3089 1162 3452 1234 Bssiacense.
3484 1165 3596 1221 Da-

1943 1256 2070 1307 tum
2119 1256 2208 1308 est
2255 1251 2411 1324 apud
2456 1249 2789 1307 Lemovices
2820 1250 2913 1306 die
2957 1268 3055 1307 x1v
3081 1251 3209 1308 Kal.
3244 1253 3595 1321 Decembris.

1942 1339 2159 1396 Eodem
2194 1340 2285 1395 die
2316 1343 2373 1395 et
2401 1339 2605 1395 eodem
2637 1338 2763 1394 loco
2794 1339 3034 1412 scripsit
3081 1341 3341 1414 pontifex
3369 1341 3598 1400 litteras

1944 1429 2017 1484 ad
2047 1428 2445 1485 Adhemarum
2486 1426 2944 1483 Ecolismensem
2991 1428 3349 1500 episcopum,
3381 1430 3599 1503 quibus

1943 1517 1996 1574 ei
2026 1517 2304 1591 iujungit,
2336 1520 2403 1572 ut
2448 1516 2866 1572 monachorum
2908 1516 3105 1572 Sancti
3137 1518 3407 1590 Eparchii
3455 1534 3599 1590 prae-

1942 1608 2307 1679 sumptionem
2338 1605 2640 1678 reprimat,
2672 1604 2772 1677 qui
2818 1604 3017 1661 abbati
3045 1606 3478 1679 Angeriacensi,
3504 1608 3599 1664 cui

1947 1695 2370 1752 monasterium
2402 1710 2603 1750 eorum
2637 1694 2968 1765 subjectum
3000 1710 3128 1750 esse
3160 1694 3429 1772 debebat,
3458 1698 3600 1753 obe-

1946 1784 2071 1841 dire
2102 1783 2521 1849 detrectabant,
2556 1782 2732 1839 etiam
2764 1785 2897 1854 post
2926 1781 3107 1838 latam
3150 1782 3210 1838 in
3242 1800 3340 1840 eos
3370 1800 3599 1842 excom-

1946 1872 2363 1929 municationis
2431 1871 2801 1927 sententiam.
2872 1870 3045 1926 Porro
3109 1871 3480 1930 Adhemarus
3537 1877 3605 1933 ut

1941 1962 2132 2034 jussis
2160 1959 2477 2035 pontificiis
2506 1960 2722 2016 faceret
2746 1958 2891 2015 satis
2922 1958 3268 2016 Ausculfum
3295 1963 3604 2035 Augeriaci

1950 2052 2222 2108 abbatem
2247 2052 2308 2105 in
2331 2051 2494 2122 pleno
2521 2050 2787 2121 capitulo,
2822 2049 3128 2106 videntibus
3156 2052 3437 2108 canonicis
3464 2054 3603 2125 suis,

1949 2140 2241 2197 iuvestivit
2268 2139 2339 2196 de
2369 2138 2604 2195 abbatis
2632 2139 2820 2196 sancti
2860 2138 3154 2212 Eparchii,
3180 2140 3398 2197 tradito
3428 2141 3480 2199 ei
3511 2159 3607 2216 pa-

1951 2228 2156 2286 storali
2184 2228 2421 2296 baculo;
2468 2231 2526 2283 et
2572 2226 2673 2284 ille
2714 2227 2999 2284 domuum
3047 2228 3352 2303 Hugonem
3403 2248 3606 2288 mona-

1953 2319 2129 2376 chum
2158 2316 2642 2391 Angeriacensem
2688 2317 2750 2371 iu
2801 2317 2988 2372 sancti
3019 2317 3288 2390 Eparcbii
3335 2319 3604 2376 abbatem

1953 2407 2262 2479 ordinavit,
2286 2410 2350 2462 ut
2378 2407 2437 2461 in
2469 2404 2863 2462 instrumento
2897 2422 2965 2461 ea
2996 2405 3067 2462 de
3098 2422 3159 2463 re
3186 2407 3448 2465 confecto
3479 2425 3609 2465 uar-

1955 2501 2137 2553 ratur.
2178 2546 2183 2551 .

2026 2588 2145 2642 Hac
2173 2586 2303 2658 ipsa
2323 2584 2439 2652 die,
2457 2601 2497 2640 ιι
2520 2583 2646 2640 Kal.
2669 2582 2958 2652 Januarii,
2976 2599 3093 2655 qua
3116 2585 3301 2661 sancti
3325 2584 3608 2663 Martialis

1956 2674 2259 2733 basilicam
2292 2671 2650 2730 consecravit
2693 2672 2973 2744 pontifex,
3007 2673 3608 2749 praeceptumibidem

1957 2764 2119 2820 dedit
2138 2763 2197 2819 in
2220 2762 2469 2837 gratiam
2492 2761 2849 2835 Figiacensis
2870 2761 3607 2834 monasterii,Caturcensi,

1960 2838 2207 2926 aliisque
2232 2850 2441 2907 vicinis
2478 2850 2770 2924 episcopis
2807 2849 3178 2923 inscriptum,
3203 2850 3490 2930 adversus.
3510 2870 3611 2910 eos

1961 2942 2063 3016 qui
2094 2941 2206 2999 loci
2234 2940 2415 3013 hujus
2446 2938 2849 3013 possessiones
2899 2938 3053 2996 male
3098 2938 3454 2997 invaserant.
3487 2944 3611 3008 Quo

1962 3031 2141 3089 etiam
2171 3034 2449 3103 tempore,
2470 3029 2555 3084 uti
2584 3044 2654 3084 ex
2680 3028 2952 3103 Gaufredi
2983 3027 3267 3085 Chronico
3299 3028 3606 3103 discimus,

1962 3138 2107 3195 papa
2140 3120 2385 3177 Urbanus
2414 3119 2692 3175 investivit
2730 3118 3044 3174 solemniter
3069 3118 3350 3175 ecclesiam
3379 3118 3434 3176 S.
3466 3118 3608 3175 Mar-

1966 3211 2120 3267 tialis
2144 3217 2196 3266 et
2222 3208 2473 3264 abbatem
2503 3209 2677 3280 ipsius
2705 3206 3045 3262 Ademarum
3072 3206 3137 3261 de
3164 3209 3390 3264 ecclesia
3428 3208 3615 3266 Sancti

198 3324 271 3380 ab
298 3324 430 3398 ipso
458 3294 731 3396 pontifice
772 3321 936 3394 prius
966 3294 1295 3390 beu‘edicta,
1327 3323 1574 3382 interius
1603 3294 1853 3382 exteriu;

2031 3301 2114 3356 atri
2150 3296 2600 3362 Montandrensis,
2632 3294 2779 3351 etde
2798 3295 3043 3351 ecclesiis
3090 3295 3157 3351 de
3203 3296 3442 3353 Saliomo
3487 3314 3613 3354 cum

203 3430 351 3487 sque
396 3412 878 3486 perlustrassent,
909 3410 1036 3483 ipse
1072 3412 1274 3467 eadem
1308 3420 1462 3485 aqua
1506 3413 1690 3471 altare
1739 3415 1849 3471 Do-

202 3502 347 3559 mini
400 3500 722 3558 Salvatoris
778 3499 940 3569 lavit,
983 3500 1300 3557 chrismate
1356 3506 1413 3557 et
1470 3502 1595 3559 oleo
1652 3510 1851 3561 sancto

201 3590 493 3665 perunxit,
524 3588 772 3663 pignora
814 3593 1150 3645 sanctorum
1191 3590 1273 3646 ibi
1321 3592 1598 3664 reposuit,
1634 3609 1700 3648 ac
1751 3595 1852 3650 de-

203 3695 388 3748 mum,
421 3682 651 3735 astante
695 3678 1007 3734 innumera
1050 3678 1850 3751 populorum'multitudine,

206 3770 386 3826 missa
416 3768 495 3823 ibi
518 3770 771 3834 cantata,
796 3765 1043 3823 sancivit
1072 3770 1138 3822 ut
1165 3767 1288 3823 haec
1317 3767 1698 3826 dedicationis
1730 3769 1853 3826 dies

203 3875 243 3914 n
271 3857 561 3915 Kalendas
599 3856 864 3912 Januarii
905 3855 1185 3912 solemnis
1227 3856 1287 3913 in
1327 3861 1626 3929 posterum
1659 3860 1856 3932 singu-
1968 3894 1973 3897 Α

204 3947 276 4003 lis
317 3946 491 4003 annis
538 3945 870 4002 haberetur.
919 3944 1078 4001 Hanc
1134 3944 1439 4002 basilicam
1490 3963 1524 4002 a
1569 3948 1855 4005 Ludovico

206 4035 302 4092 Pio
331 4034 475 4091 olim
518 4036 896 4100 exstructam,
930 4033 1033 4089 sed
1059 4032 1238 4089 variis
1279 4033 1544 4091 cladibus
1574 4036 1853 4107 attritam,

210 4124 271 4180 in
311 4122 631 4197 pristinum
682 4121 1053 4195 splendorem
1112 4122 1449 4180 restituerat
1491 4126 1857 4185 Adhemarus

212 4214 338 4285 ejus
365 4212 480 4268 loci
509 4212 711 4280 abbas,
744 4212 919 4285 paulo
956 4215 1270 4285 antequam
1303 4214 1564 4285 pontifex
1596 4214 1860 4273 Lemovi-

213 4319 311 4359 cas
334 4301 653 4359 adveniret.

280 4407 576 4465 CCXXXV.
610 4408 855 4466 Urbanus
880 4407 979 4464 hoc
1006 4425 1153 4465 anno
1180 4408 1463 4466 Arelatum
1485 4426 1597 4467 non
1625 4412 1785 4468 adiit.

447 4481 698 4559 Episcopi
743 4481 1197 4552 Wirceburgensis
1224 4482 1616 4539 reconciliatio.

280 4571 360 4626 Ex
388 4568 485 4627 his
511 4584 668 4638 vero,
702 4568 917 4642 quibus
959 4568 1059 4624 alii
1108 4570 1285 4626 etiam
1334 4574 1603 4628 auctores
1652 4574 1859 4629 suffra-

215 4662 445 4733 gantur,
476 4660 640 4730 patet
675 4661 961 4730 quantum
1012 4658 1362 4715 aberraverit
1399 4676 1435 4715 a
1472 4676 1603 4716 vero
1640 4661 1861 4719 Bertol-
1891 4677 1939 4743 ι)

217 4749 343 4816 dus,
370 4751 574 4804 auctor
601 4746 749 4803 alias
777 4746 937 4803 omni
982 4748 1318 4820 exceptione
1346 4750 1634 4822 superior,
1669 4752 1770 4824 qui
1802 4753 1860 4809 in

216 4837 496 4894 Chronico
544 4836 782 4909 scripsit
829 4836 1130 4893 Urbanum
1181 4836 1292 4894 hoc
1343 4856 1498 4896 anno
1548 4841 1865 4899 Nativitatis

220 4928 515 4985 Dominica:
550 4926 698 4983 diem
744 4926 954 4982 Arelati
997 4942 1124 4981 cum
1164 4926 1507 4984 diversarum
1546 4931 1863 5002 provincia-

220 5033 341 5072 rum
378 5017 649 5089 episcopis
700 5016 1089 5087 gloriosissime
1141 5016 1455 5073 celebrasse.
1489 5022 1565 5074 At
1619 5018 1755 5077 licet
1800 5020 1860 5077 in

223 5105 322 5162 hoc
360 5103 658 5173 erraverit,
690 5120 807 5161 non
859 5107 1056 5160 tamen
1084 5107 1194 5161 est
1241 5105 1291 5161 ei
1323 5106 1666 5180 deneganda
1717 5109 1861 5168 fides

225 5196 474 5252 narranti
502 5192 1044 5267 Wirciburgensem
1075 5193 1436 5267 episcopum,
1472 5196 1572 5268 qui
1604 5196 1655 5253 ei
1687 5200 1864 5271 probe

226 5289 391 5340 notus
421 5287 568 5352 erat,
601 5283 757 5340 circa
788 5282 909 5339 haec
953 5286 1220 5354 tempora
1261 5282 1478 5340 relictis
1524 5285 1865 5343 schismati-

225 5388 417 5430 eorum
467 5372 760 5447 partibus,
792 5372 864 5428 ad
918 5372 1217 5428 Urbanum
1266 5373 1865 5435 accessisse‘absolu-

225 5463 434 5520 tionem
492 5463 567 5518 ab
624 5478 692 5519 eo
749 5460 1095 5535 petiturum.
1138 5462 1332 5529 Quam,
1382 5461 1575 5536 inquit
1630 5463 1746 5535 ille,
1798 5471 1866 5524 ab

225 5568 278 5609 eo
302 5556 613 5610 consecutus
659 5558 767 5614 est;
809 5552 891 5607 ita
927 5555 1112 5607 tamen
1151 5557 1214 5606 ut
1256 5550 1445 5608 eadem
1489 5554 1870 5613 misericordia

227 5657 258 5698 a
284 5643 474 5712 legatis
498 5654 661 5715 papae
690 5643 749 5697 in
782 5642 1081 5698 Teutonicis
1120 5640 1371 5711 partibus
1405 5643 1758 5714 perﬁceretur
1786 5648 1866 5702 ei-

1954 3388 2307 3462 pertinentiis
2331 3387 2467 3454 suis,
2498 3385 2597 3440 ubi
2622 3386 2914 3458 requiescit
2955 3400 3147 3457 corpus
3175 3384 3233 3441 S.
3266 3384 3495 3461 Martini
3518 3387 3615 3444 ab-

1961 3478 2122 3545 batis,
2152 3476 2306 3530 illius
2355 3472 2627 3545 quondam
2674 3479 2841 3528 terrae
2877 3473 3171 3543 principis,
3205 3473 3375 3544 cujus
3426 3474 3614 3530 sancti

1957 3566 2152 3620 Vitam
2185 3568 2446 3634 tempore
2476 3559 3069 3616 Northmannicarum
3094 3560 3500 3637 incursiouum
3521 3562 3616 3619 de-

1960 3652 2247 3726 perditam
2279 3649 2461 3706 fuisse
2490 3647 2756 3722 deplorat
2796 3647 2952 3703 idem
2986 3651 3206 3717 auctor,
3234 3648 3296 3703 in
3327 3665 3611 3724 magnum

1960 3741 2225 3815 ejusdem
2257 3736 2596 3795 monasterii
2626 3735 3064 3793 detrimentum.

2209 3844 2522 3903 CCXXXVI
2553 3845 2654 3901 bis.
2685 3844 3370 3913 Privilegium'Tutelense.

2034 3940 2201 3993 Anno
2244 3933 2534 4009 sequenti,
2583 3933 2678 3990 die
2722 3933 2980 3991 secunda
3023 3933 3310 4001 Januarii,
3344 3933 3614 3995 Urbanus

1965 4027 2159 4083 adhuc
2203 4023 2604 4081 Lemovicibus
2656 4023 2911 4079 existens
2953 4022 3330 4095 privilegium
3367 4022 3617 4080 indulsit

1964 4114 2261 4172 Willelmo
2292 4111 2590 4169 Tutelensi
2621 4111 2840 4176 abbati,
2867 4127 2982 4184 quo
3011 4110 3165 4168 bona
3192 4112 3459 4183 ejusdem
3490 4127 3614 4169 mo-

1966 4205 2205 4263 nasterii
2237 4204 2347 4260 sub
2367 4200 2698 4275 apostolicae
2721 4200 2878 4257 sedis
2899 4200 3083 4257 tutela
3100 4200 3379 4274 suscipit;
3412 4201 3616 4258 memi-

1966 4295 2053 4351 nit
2080 4295 2140 4350 iu
2171 4310 2237 4350 eo
2267 4292 2524 4366 pontifex
2554 4288 2972 4347 nonnullorum
3000 4288 3256 4346 militum
3286 4289 3344 4346 iu
3376 4305 3446 4348 ea
3471 4291 3617 4348 urbe

1967 4380 2478 4449 commorantium,
2498 4380 2570 4436 ob
2602 4377 2758 4435 mala
2788 4395 2897 4435 sua
2925 4377 3186 4435 facinora
3213 4379 3617 4436 excommuni-
3646 4392 3651 4399 ‘

1968 4478 2255 4540 catorum,
2280 4486 2532 4543 quorum
2564 4467 2868 4525 occasione
2889 4472 3062 4535 vetat,
3088 4485 3162 4525 ne
3193 4467 3616 4526 monasterium

1969 4562 2166 4634 ipsum
2195 4560 2709 4625 excommunicetur,
2742 4557 2857 4613 nisi
2890 4557 3036 4613 forte
3065 4556 3146 4612 ibi
3194 4557 3266 4613 ad
3316 4556 3509 4614 officia
3530 4557 3622 4615 ‘di-

1966 4650 2100 4709 vina
2130 4645 2616 4706 excommunicati
2639 4644 2725 4700 illi
2756 4645 3224 4702 admitterentur.

2068 4751 2426 4814 CCXXXVII.
2460 4751 2795 4832 Humbaldus
2822 4752 3101 4832 episcopus
3128 4752 3553 4832 Lemovicensis.

2637 4822 2944 4895 deponitur.

2041 4916 2309 4975 Ecclesiae
2349 4912 2848 4971 Lemovicensium
2877 4916 3019 4968 tunc
3045 4916 3292 4984 praeerat
3334 4911 3618 4970 Humbal-

1971 5010 2105 5076 dus,
2136 5006 2238 5080 qui
2276 5005 2337 5060 in
2379 5004 2490 5060 hac
2538 5003 2676 5058 sede
2723 5006 2857 5075 post
2895 5001 3088 5057 varias
3136 5002 3622 5072 concertationes,

1970 5099 2213 5156 obtentu
2252 5095 2581 5151 litterarum
2613 5091 3092 5164 apostolicarum,
3120 5092 3219 5148 sed
3254 5092 3326 5149 ab
3375 5108 3445 5149 eo
3486 5091 3622 5165 «ipso

1969 5185 2450 5251 adulteratarum,
2482 5182 2752 5237 ﬁrmatus
2792 5181 2999 5238 fuerat.
3031 5180 3270 5249 Verum,
3302 5196 3437 5238 cum
3477 5197 3622 5254 pou-

1972 5278 2111 5333 tit‘ex
2149 5274 2306 5346 apud
2359 5273 2639 5328 Sanctum
2697 5269 3022 5327 Martialem
3078 5273 3429 5337 versaretur,
3477 5270 3624 5327 forte

1973 5366 2329 5424 Ademarum
2361 5361 2632 5418 abbatem
2683 5358 2998 5432 aliquando
3042 5359 3434 5433 reprehendit,
3466 5360 3622 5432 quod

1973 5457 2133 5513 hunc
2152 5450 2493 5525 episcopum
2517 5449 2739 5522 absque
2758 5465 2864 5505 suo
2886 5452 3029 5504 nutu
3055 5447 3409 5516 admisisset,
3425 5450 3626 5505 contra

1973 5546 2035 5602 id
2067 5542 2222 5617 quod
2272 5540 2469 5597 Romae
2512 5539 2583 5595 de
2629 5553 2695 5594 eo
2743 5541 3031 5594 statutum
3062 5537 3267 5594 fuerat.
3301 5537 3426 5602 Qua
3461 5536 3533 5593 de
3562 5552 3625 5593 re

1978 5632 2263 5692 attonitus
2292 5629 2477 5685 abbas
2526 5627 2753 5684 litteras
2784 5625 3134 5700 apostolicas
3166 5625 3276 5682 sibi
3326 5625 3399 5682 ab
3443 5624 3624 5681 Hum-

1977 5723 2151 5785 baldo
2182 5718 2440 5779 redditas
2479 5717 2741 5790 pontifici
2780 5716 3061 5783 ostendit;
3094 5715 3249 5772 unde
3274 5712 3390 5783 ille,
3425 5713 3628 5778 fraude
