3962 6354
1633 403 1705 467 Β.
1749 401 2046 468 UBBANI
2081 401 2142 467 ‘11
2183 403 2436 467 ΡΑΡᾸΞ.

3619 403 3745 466 192

327 551 560 636 agnita,
606 545 806 630 statim
845 541 1254 636 'Iiumbaldur'n
1307 540 1536 616 publice
1556 539 1868 636 deposuit,
2005 537 2063 609 Α
2090 541 2265 636 titlcis
2285 539 2593 636 Urbani},
2611 560 2640 590 »
2658 538 2860 636 etc._ip_
2868 535 3054 636 altero
3075 536 3273 636 ccdice
3292 535 3744 636 hac-leguntur:

330 627 502 716 cujus
531 627 726 698 locum
760 641 892 713 post
934 635 1170 710 aliquod
1199 637 1434 706 tempus
1483 630 1846 690 substitutus
1895 633 1986 686 est

329 731 679 790 Guillelmus
707 727 902 784 Sancti
931 725 1217 784 Martialis
1248 723 1424 801 prior.
1448 723 1578 778 Hac
1612 724 1813 776 narrat
1842 722 1990 774 Gau-

329 823 530 878 fredus
572 817 877 876 Vosiensis
928 815 987 871 in
1040 815 1344 880 Chronico,
1385 830 1510 885 cap.
1543 812 1618 866 26
1665 815 1724 865 et
1766 811 1858 878 28,
1891 809 1983 863 cui

329 908 622 967 consentit
671 905 993 963 Chronicon
1049 903 1454 959 Malleacense.
1504 902 1576 955 At
1633 898 1856 954 litteras
1914 897 1984 951 ab

328 997 658 1055 Humbaldo
685 997 918 1068 falsatas
948 993 1210 1049 nondum
1243 990 1528 1046 hactenus
1562 989 1878 1060 quisquam
1900 986 1989 1039 vi-

326 1072 705 1159 deratiquas
735 1083 914 1140 simul
945 1099 1079 1139 cum
1110 1081 1354 1153 antiqua
1383 1080 1511 1150 ejus
1557 1077 1638 1134 rei
1685 1075 1891 1133 notitia
1920 1092 1988 1130 ex

325 1193 441 1234 ms.
475 1177 602 1233 cod.
629 1173 896 1230 Ecclesia
924 1170 1356 1228 Lemovicensis
1380 1168 1478 1241 qui
1505 1168 1696 1223 fuerat
1718 1181 1895 1238 penes
1916 1163 1984 1217 V.

325 1265 411 1322 Cl.
445 1268 657 1322 Anton.
691 1265 874 1319 Faure
911 1259 1179 1316 Ecclesia
1224 1257 1531 1314 Remensis
1581 1254 1984 1328 praepositum,

323 1356 638 1412 nobiscum
683 1370 718 1409 a
759 1351 826 1407 V.
861 1350 942 1407 Cl.
975 1349 1212 1405 Baluzio
1263 1346 1726 1403 communicatae
1773 1343 1987 1399 retere"

323 1461 460 1503 mus
487 1445 546 1500 in
576 1441 937 1515 'Appendice.

569 1529 947 1588 CCXXXVIII.
978 1526 1185 1597 Canuﬁ
1215 1526 1395 1582 altare
1431 1527 1733 1580 consecrat.

393 1627 538 1678 Cum
589 1623 784 1677 autem
828 1617 1098 1674 Urbanus
1145 1615 1331 1691 pridie
1380 1614 1672 1670 Kalendas
1720 1611 1984 1670 Januarii

324 1711 630 1776 accesserit
658 1710 730 1766 ad
762 1707 961 1764 Sancti
983 1704 1271 1762 Martialis
1292 1703 1738 1769 monasterium,
1762 1702 1982 1776 ibique,

322 1807 390 1860 ut
411 1805 538 1874 jam
587 1797 1044 1862 observavimus,
1089 1798 1218 1851 octo
1267 1795 1393 1850 dies
1437 1793 1809 1865 transegerit,
1844 1792 1983 1847 hinc

2093 656 2124 684 α
2144 633 2249 688 Die
2271 649 2328 689 x1
2350 631 2473 690 Kal.
2496 630 2794 689 Februarii
2813 629 3084 688 Urbanus
3107 629 3153 687 Il
3175 646 3310 686 cum
3332 628 3527 686 tribus
3557 627 3753 685 archi-

2091 721 2401 794 episcopis,
2426 721 2784 793 totidemque
2803 719 3114 794 episcopis,
3133 718 3354 792 templo
3379 719 3439 775 in
3462 719 3751 777 honorem

2093 815 2307 868 sancta
2355 811 2457 867 Dei
2513 810 2814 884 genitricis
2870 814 2936 876 et
2983 811 3288 866 beatorum
3347 808 3749 882 apostolorum

2091 900 2338 956 Joannis
2385 905 2442 955 et
2487 900 2725 957 Andrea
2757 900 3040 969 dedicato,
3074 899 3183 955 hoc
3211 897 3398 954 altare
3445 899 3637 970 majus
3687 899 3750 954 in

2090 989 2314 1046 honore
2344 994 2684 1045 sanctorum
2736 993 3060 1060 martyrum
3089 987 3371 1059 Stephani
3417 990 3752 1058 protomar-

2091 1079 2256 1152 tyris,
2284 1078 2598 1147 Laurentii,
2625 1079 2938 1146 Vincentii,
2962 1072 3266 1150 Chrjsanti
3290 1081 3346 1132 et
3366 1076 3549 1132 Daria
3577 1091 3752 1132 vene-

2092 1168 2358 1225 rabiliter
2395 1169 2773 1236 consecravit,
2797 1172 2854 1224 et
2903 1167 3179 1239 reliquias
3222 1183 3424 1222 eorum
3472 1165 3692 1237 posuit.
3718 1185 3749 1215 ι›

2093 1258 2269 1314 Porro
2300 1258 2426 1330 ipse
2449 1257 2720 1314 Urbanus
2751 1257 2811 1312 in
2845 1273 2951 1313 suo
2983 1255 3301 1328 diplomate
3325 1258 3575 1311 testatur
3594 1254 3752 1310 hanc

2087 1346 2398 1403 ecclesiam
2448 1363 2482 1403 a
2529 1363 2592 1402 se
2639 1345 2823 1402 fuisse
2871 1348 3287 1411 consecratam,
3329 1344 3589 1416 adeoque
3635 1343 3752 1400 sub

2091 1435 2331 1509 speciali
2361 1435 2691 1509 apostolica
2723 1435 2878 1492 sedis
2906 1433 3151 1490 tuitione
3175 1450 3303 1489 esse
3333 1433 3564 1489 debere.

2162 1542 2358 1598 CCXL.
2389 1543 2698 1614 Andegavos
2725 1559 2759 1598 α
2785 1541 2982 1668 Milolne
3000 1541 3234 1668 (iacitur.
3263 1540 3348 1596 Ibi
3374 1541 3678 1596 cruciatam

2775 1630 2886 1668 ora
2926 1629 3009 1668 ica
3039 1654 3052 1666 .

2769 1621 3052 1686 praedicat.

2161 1706 2289 1761 Post
2318 1703 2448 1772 hac,
2481 1703 2567 1760 uti
2613 1702 2986 1776 prosequitur
3031 1704 3236 1758 auctor
3275 1699 3547 1756 Chronici
3596 1700 3748 1756 Mal-

2088 1792 2393 1860 leacensis,
2418 1793 2674 1865 pontifex
2715 1795 2962 1864 perrexit
3016 1791 3319 1861 Andegcvis
3367 1799 3420 1847 et
3469 1791 3751 1847 benedixit

324 1880 493 1964 facile
523 1888 819 1962 colligitur
847 1902 982 1942 cum
1007 1885 1088 1942 ibi
1109 1883 1448 1978 Epiphania
1483 1881 1854 1978 festivitatem
1887 1899 1974 1978 ce-
2006 1911 2055 1978 Β
2087 1886 2482 1940 mmmsterium
2502 1884 2690 1939 Sancti
2717 1883 2947 1949 Nicolai,
2973 1882 3127 1954 quod
3160 1897 3337 1978 prope
3363 1880 3514 1978 hanc
3532 1880 3747 1969 urbem

323 1981 698 2046 lebrasse,an
727 1992 860 2031 vero
890 1975 983 2030 die
1034 1972 1300 2045 sequenti
1349 1972 1410 2026 in
1459 1972 1664 2027 urbem
1713 1971 1970 2040 redierit,

323 2070 640 2127 nescimus.
673 2068 744 2122 At
772 2067 994 2120 certum
1024 2066 1115 2119 est
1142 2077 1282 2119 eum
1316 2061 1458 2116 feria
1487 2061 1693 2134 quinta
1723 2065 1854 2116 ante
1888 2061 1972 2116 fe-

275 2219 279 2222 ,
323 2163 482 2218 stum
513 2156 699 2215 sancti
731 2153 953 2221 Hilarii,
989 2169 1116 2225 qua
1158 2150 1377 2208 mensis
1417 2148 1680 2206 Januarii
1729 2149 1853 2205 dies
1884 2154 1975 2206 est

321 2249 548 2306 decima
574 2243 767 2310 tertia,
783 2241 1140 2300 Carrofensis
1164 2241 1317 2312 apud
1341 2239 1608 2295 Pictones
1634 2238 1970 2294 monasterii

321 2336 577 2397 basilica
604 2335 784 2406 hujus
815 2331 996 2388 altare
1017 2329 1267 2404 propriis
1295 2328 1570 2384 manibus
1603 2345 1637 2384 a
1656 2327 1823 2383 Petro
1844 2328 1974 2400 ejus

320 2428 430 2485 loci
461 2426 673 2484 abbate
701 2423 1014 2479 invitatum
1056 2434 1427 2476 consecrasse
1460 2417 1879 2474 assistentibus
1917 2417 1970 2473 ei

321 2515 592 2591 plurimis
617 2511 926 2589 episcopis.
960 2510 1024 2565 Id
1065 2507 1350 2566 discimus
1395 2525 1464 2564 ex
1507 2507 1687 2563 veteri
1739 2507 1967 2574 notitia,

320 2622 499 2680 quam
529 2621 599 2661 ex
630 2600 881 2658 archivis
910 2599 1091 2669 hujus
1129 2595 1470 2652 monasterii
1507 2601 1734 2652 erutam
1766 2595 1824 2651 in
1854 2598 1968 2669 Ap-

319 2694 562 2770 pendice
591 2691 886 2748 dabimus.
909 2689 1069 2744 Idem
1090 2685 1340 2742 habetur
1370 2702 1439 2742 ex
1467 2685 1767 2741 Sirmundi
1803 2685 1969 2742 sche-

319 2785 412 2840 dis
439 2783 500 2838 in
538 2786 699 2836 torno
745 2778 795 2834 II
841 2774 1212 2832 Bibliotheca
1260 2791 1420 2830 nova
1467 2774 1783 2830 Labbeana
1831 2791 1966 2848 pag.

317 2871 451 2939 755;
486 2871 588 2926 sed
617 2868 700 2924 ibi
725 2866 946 2922 omissa
971 2862 1176 2920 vocula
1205 2866 1354 2930 ante,
1384 2861 1536 2918 hanc
1579 2864 1967 2919 consecratio-

319 2976 456 3018 nem
481 2957 578 3015 die
609 2957 754 3012 festo
785 2952 973 3010 sancti
1003 2951 1208 3007 Hilarii
1233 2951 1447 3007 factam
1479 2949 1661 3008 fuisse
1691 2953 1969 3008 mendose

319 3049 554 3123 legitur.
569 3049 850 3102 Caterum
871 3042 995 3114 ipse
1006 3041 1278 3097 Urbanus
1299 3040 1358 3096 in
1383 3039 1683 3114 privilegio
1705 3041 1968 3112 ejusdem

321 3134 683 3207 monasterii,
711 3151 825 3206 quo
856 3133 984 3204 ejus
1013 3131 1168 3186 bona
1197 3134 1254 3186 et
1290 3128 1592 3203 privilegia
1620 3147 1654 3187 a
1683 3131 1869 3187 Leone
1901 3129 1972 3187 IX

320 3232 378 3286 et
415 3224 739 3284 Alexandro
793 3223 839 3278 II
888 3237 1167 3277 concessa
1214 3220 1541 3288 confirmat,
1593 3220 1871 3287 decernit,
1903 3223 1971 3278 ut

2086 1973 2266 2030 situm
2297 1977 2404 2028 est.
2431 1973 2732 2029 Urbanum
2759 1989 2794 2028 a
2817 1971 3032 2027 Milone
3062 1986 3169 2026 suo
3193 1967 3381 2042 ipsius
3411 1964 3622 2043 legato,
3641 1983 3750 2026 an-

2082 2067 2175 2118 tea
2205 2061 2489 2118 monacho
2527 2061 2723 2117 Sancti
2772 2059 2986 2128 Albini,
3011 2059 3126 2116 huc
3176 2060 3527 2132 perductum
3558 2057 3748 2115 fuisse

2080 2150 2295 2224 legitur
2344 2151 2403 2206 in
2443 2150 2725 2206 Chronico
2780 2148 3181 2222 Andegavensi
3233 2149 3387 2222 apud
3440 2149 3745 2205 Labbeum

2080 2243 2240 2296 tome
2272 2241 2294 2296 Ι
2324 2239 2692 2296 Bibliotheca
2729 2255 2909 2306 nova,
2945 2241 3002 2293 et
3033 2237 3273 2310 quidem
3318 2241 3384 2293 ut
3431 2233 3742 2294 ecclesiam

2082 2330 2275 2385 Sancti
2323 2328 2514 2385 Albini
2575 2331 2958 2384 consecraret.
2992 2327 3104 2384 Sed
3163 2326 3222 2383 id
3286 2327 3557 2384 monachi
3604 2329 3744 2400 ejus

2079 2418 2212 2486 loci,
2234 2418 2430 2475 nescio
2451 2435 2568 2490 qua
2601 2434 2801 2484 causa,
2824 2415 3162 2482 uoluerunt,
3182 2421 3246 2473 ut
3274 2417 3452 2473 habet
3481 2415 3738 2475 alterum

2079 2507 2434 2566 Chronicum
2462 2507 2524 2563 in
2548 2512 2776 2563 vetusto
2802 2503 2997 2563 codice
3027 2504 3333 2562 Christina
3353 2506 3566 2578 regina
3589 2507 3737 2564 Sue-

2079 2598 2200 2665 cia,
2235 2597 2334 2671 qui
2366 2613 2522 2652 nunc
2570 2595 2632 2652 in
2680 2595 3052 2652 Bibliotheca
3101 2595 3490 2652 Ottoboniana
3536 2596 3736 2653 Roma

2077 2691 2433 2754 asservatur;
2467 2685 2550 2742 sic
2591 2685 2806 2758 quippe
2854 2685 2935 2741 ibi
2984 2700 3077 2742 res
3124 2684 3433 2757 exponitur
3469 2701 3536 2741 :«
3567 2687 3739 2742 Anno

2081 2777 2238 2843 1096,
2282 2775 2550 2832 Urbanus
2609 2791 2762 2847 papa
2816 2774 2970 2845 apud
3029 2774 3392 2830 Andecavam
3441 2773 3738 2832 civitatem

2084 2865 2402 2932 descendit,
2422 2868 2480 2920 et
2516 2862 2822 2920 ecclesiam
2851 2863 3046 2919 Sancti
3092 2862 3313 2919 Nicolai
3357 2865 3738 2920 consecravit.

2083 2953 2352 3010 Monachi
2369 2951 2524 3010 enim
2536 2951 2733 3008 Sancti
2745 2951 2937 3007 Albini
2949 2957 3032 3017 ,ut
3049 2969 3157 3008 sua
3173 2951 3419 3008 ecclesia
3440 2967 3744 3010 consecra-

2078 3047 2242 3099 retur
2270 3042 2601 3108 noluerunt,
2635 3057 2738 3114 pro
2771 3058 2890 3113 qua
2919 3057 2981 3097 re
3020 3041 3276 3096 maxime
3305 3057 3459 3114 papa
3480 3045 3740 3110 venerat,

2080 3133 2368 3189 adductus
2387 3149 2424 3187 a
2443 3131 2656 3187 Milone
2678 3134 2850 3186 antea
2869 3128 3024 3186 beati
3041 3129 3238 3186 Albini
3261 3130 3570 3199 monacho,
3594 3134 3742 3188 tunc

2078 3221 2360 3294 temporis
2389 3221 2578 3292 legato
2609 3237 2776 3276 suo.»
2799 3219 2987 3291 Hujus
3015 3219 3248 3276 Milonis
3271 3219 3541 3276 meminit
3569 3224 3741 3293 Hugo

320 3332 494 3392 nemo
521 3315 730 3388 prater
759 3310 1088 3384 pontificem
1124 3309 1455 3365 Romanum
1487 3308 1546 3364 in
1588 3308 1732 3364 illud
1765 3308 1965 3379 altare,
1999 3283 2042 3351 θ
2082 3283 2534 3368 Flaviniacensis
2563 3308 2746 3364 abbas
2787 3307 2849 3362 in
2881 3306 3191 3377 Chronico,
3215 3309 3314 3365 ubi
3344 3325 3481 3366 eum
3512 3283 3742 3382 episco-

323 3404 479 3479 quod
517 3402 646 3475 ipse
695 3401 820 3457 suis
871 3399 1127 3473 propriis
1182 3397 1460 3454 manibus
1513 3402 1968 3468 consecraverat,

323 3495 535 3564 audeat
563 3487 1178 3548 excommunicationis
1225 3489 1326 3544 aut
1373 3487 1667 3544 interdicti
1717 3489 1972 3561 proferre

321 3581 697 3641 sententiam.

391 3687 670 3747 CCXXIX.
697 3687 937 3742 Pictavis
967 3686 1200 3743 celebrat
1225 3686 1428 3756 festum
1449 3684 1506 3740 S.
1539 3685 1766 3754 Hilarii,
1797 3694 1896 3742 etc.

669 3757 946 3816 Benedicit
974 3757 1369 3814 monasterium
1395 3772 1612 3812 novum.

392 3847 592 3906 Sancti
621 3847 824 3902 Hilarii
847 3847 1085 3910 festum,
1108 3846 1265 3917 quod
1285 3843 1379 3900 die
1401 3846 1468 3900 13
1491 3844 1755 3901 Januarii
1778 3861 1974 3900 occur-

323 3939 419 4006 rit,
440 3937 742 3994 Urbanum
771 3935 832 3989 in
862 3935 990 4006 ipsa
1022 3934 1387 3989 Pictavorum
1434 3933 1580 3988 urbe
1625 3933 1971 4002 celebrasse,

324 4027 493 4085 testis
536 4027 628 4081 est
673 4027 879 4080 auctor
905 4021 1174 4078 Chronici
1208 4019 1626 4077 Malleacensis.
1658 4022 1780 4086 Quo
1823 4025 1974 4076 tem-

327 4131 466 4190 pore
486 4114 689 4170 Petrus
717 4111 982 4183 ejusdem
1011 4109 1175 4167 urbis
1194 4109 1502 4182 episcopus
1523 4108 1975 4166 controversiam

325 4201 828 4262 interimonachos
864 4198 1354 4257 Trenorchienses
1385 4203 1442 4255 et
1467 4199 1781 4255 canonicos
1831 4199 1976 4254 San-

325 4297 430 4351 cta
469 4290 667 4347 Crucis
715 4287 1154 4345 Lausdunensis
1186 4287 1456 4359 (Loudun)
1489 4291 1685 4342 natam
1715 4287 1974 4356 diremit,

328 4383 570 4453 ejusque
612 4377 913 4434 sententia
961 4376 1087 4448 ipse
1131 4375 1396 4447 pontifex
1443 4375 1796 4447 subscripsit
1843 4393 1978 4432 cum

330 4471 536 4526 Amato
567 4464 972 4539 Burdigalensi
1011 4468 1070 4520 et
1108 4463 1350 4537 Hugone
1380 4463 1978 4538 Lugdunensi-archi-

325 4550 897 4631 episcopis,Girardo
934 4552 1364 4627 Engolismensi
1407 4552 1680 4625 episcopo
1723 4556 1780 4609 et
1825 4552 1978 4621 aliis,

2080 3416 2221 3472 pum
2249 3399 2469 3455 factum
2519 3397 2703 3455 fuisse
2733 3396 2953 3453 scribit.
2987 3397 3099 3456 Sed
3135 3398 3264 3467 ejus
3313 3399 3470 3454 sedis
3520 3415 3740 3456 nomen

2078 3489 2138 3544 in
2170 3488 2384 3544 Labbei
2415 3485 2667 3542 editione
2697 3503 2815 3543 non
2847 3487 3217 3559 exprimitur,
3252 3487 3324 3542 ob
3357 3486 3639 3544 detritum
3673 3506 3740 3546 eo

2079 3579 2205 3634 loco
2254 3576 2513 3633 codicem
2566 3591 2702 3644 ms.;
2734 3579 2794 3631 at
2821 3575 2944 3631 hac
3001 3575 3212 3632 lacuna
3268 3592 3338 3632 ex
3397 3577 3743 3636 domesticis

2080 3666 2276 3725 Sancti
2307 3664 2515 3722 Albani
2562 3665 2972 3722 instrumentis
3023 3663 3191 3721 facile
3228 3665 3488 3738 suppleri
3521 3670 3742 3739 potest,

2079 3756 2139 3812 in
2173 3755 2388 3828 quibus
2409 3769 2618 3826 nempe
2644 3753 2783 3810 Milo
2803 3755 3184 3811 Praenestinus
3214 3753 3524 3828 episcopus
3555 3755 3745 3814 fuisse

2080 3845 2237 3902 haud
2268 3842 2449 3900 semel
2479 3842 2708 3898 dicitur.
2742 3843 2813 3900 Et
2844 3843 3081 3916 quidem
3120 3843 3172 3899 is
3201 3847 3293 3900 est
3319 3843 3447 3917 ipse
3477 3843 3577 3917 qui
3610 3853 3748 3918 post

2081 3930 2362 3989 Bernardi
2392 3931 2617 3987 obitum
2659 3932 2731 3988 ad
2786 3931 2939 3988 hanc
2969 3933 3169 3989 sedem
3203 3937 3404 3990 contra
3435 3932 3745 4007 Hugouem

2081 4021 2434 4088 Candidum,
2470 4020 2759 4077 famosum
2789 4021 3255 4092 schi-smaticum,
3289 4011 3597 4094 provectus
3629 4027 3742 4093 est,

2084 4127 2150 4167 ac
2179 4127 2245 4166 eo
2278 4109 2514 4166 nomine
2539 4109 2804 4168 interfuit
2849 4111 3114 4167 electioni
3160 4111 3459 4168 Paschalis
3485 4111 3533 4168 II
3565 4129 3598 4167 a
3624 4129 3745 4185 quo

2084 4201 2143 4255 in
2174 4200 2422 4257 Galliam
2452 4197 2680 4273 legatus
2711 4200 2932 4258 missus
2959 4205 3070 4268 est,
3095 4217 3162 4258 ac
3193 4201 3431 4257 demum
3459 4189 3613 4258 anno
3637 4201 3748 4258 cir-

2085 4288 2228 4346 citer
2257 4290 2414 4357 1101,
2449 4293 2513 4345 ut
2541 4290 2745 4346 scribit
2774 4289 3079 4363 Ughellus,
3113 4307 3143 4346 e
3173 4290 3318 4347 vivis
3349 4291 3614 4347 excessit.

2154 4378 2341 4435 Aliam
2370 4379 2804 4451 Andegavensis
2860 4378 3039 4449 hujus
3096 4379 3325 4436 itineris
3369 4379 3458 4436 .ab
3505 4379 3744 4436 Urbano

2087 4464 2341 4537 suscepti
2370 4480 2610 4522 causam
2641 4465 2810 4521 affert
2853 4465 3030 4520 Fulco
3064 4482 3259 4522 comes
3293 4467 3745 4540 Andegavorum

2085 4553 2145 4610 in
2177 4554 2500 4627 fragmento
2541 4553 2806 4610 Historia
2846 4557 3005 4611 tomo
3035 4555 3081 4610 X
3110 4553 3404 4628 Spicilegii
3433 4555 3747 4613 Acheriani

332 4646 417 4703 uti
471 4645 531 4701 in
578 4643 754 4700 veteri
803 4643 1137 4718 apograpbo
1192 4640 1423 4715 legitur.
1473 4641 1643 4698 Aliud
1701 4641 1981 4715 placitum
2007 4657 2058 4724 θ
2085 4644 2264 4712 edito,
2284 4647 2350 4699 ut
2375 4659 2585 4716 nempe
2605 4643 2736 4714 ejus
2756 4642 3064 4715 provincia
3087 4643 3307 4702 incolas
3329 4645 3400 4700 ad
3423 4645 3751 4719 suscipien-

331 4733 536 4792 habuit
567 4734 692 4808 ipse
719 4731 976 4808 pontifex
1002 4733 1062 4789 in
1095 4731 1351 4789 ecclesia
1386 4731 1582 4788 sancti
1631 4731 1982 4800 Hilarii,.sed

332 4824 487 4897 quod
517 4823 589 4880 ad
613 4839 874 4880 mensem
901 4822 1201 4890 Martium,
1218 4820 1454 4892 quando
1476 4819 1744 4877 Urbanus
1767 4820 1980 4878 iterum

329 4913 600 4969 Pictavos
629 4911 790 4977 adiit,
815 4912 1186 4967 referendum
1215 4913 1324 4966 est.
1342 4909 1558 4966 Verum
1588 4909 1704 4966 huc
1729 4911 1981 4968 revocari

328 5002 504 5059 debet
542 5000 840 5056 benedictio
893 4999 1233 5056 monasterii
1273 4997 1413 5055 novi
1460 4999 1520 5055 in
1553 5000 1771 5056 eadem
1814 5001 1981 5069 urbe,

330 5107 462 5164 qua
495 5104 609 5145 non
633 5105 708 5155 v1,
728 5092 792 5143 ut
813 5088 990 5144 habet
1010 5086 1333 5142 Chronicon
1365 5085 1766 5156 Malleacense,
1789 5091 1889 5146 sed
1924 5107 1982 5145 x1

330 5177 625 5237 Kalendas
654 5177 974 5244 Februarii,
998 5180 1065 5231 ut
1102 5192 1170 5230 ex
1203 5176 1497 5232 veteribus
1526 5177 1862 5233 domesticis
1891 5177 1982 5232 in-

327 5265 678 5324 strumentis
709 5270 956 5333 constat,
991 5265 1063 5320 ab
1113 5265 1239 5336 ipso
1280 5265 1551 5337 pontifice
1599 5267 1751 5323 facta
1775 5273 1886 5323 est.
1919 5267 1984 5322 Id

333 5355 620 5414 evincitur
653 5371 724 5410 ex
767 5355 947 5411 veteri
997 5353 1406 5428 Martyrologio
1437 5371 1549 5410 ms.
1581 5357 1710 5428 ejus
1757 5355 1889 5424 loci,
1923 5356 1982 5411 in

331 5462 451 5518 quo
481 5443 604 5500 hac
632 5442 878 5500 ecclesia
907 5443 1000 5498 die
1049 5444 1193 5500 festo
1224 5443 1409 5500 sancti
1441 5443 1728 5500 Vincentii
1778 5459 1984 5500 conse-

327 5537 494 5592 crata
525 5533 758 5601 dicitur,
784 5531 877 5587 his
905 5532 1096 5589 verbis
1121 5549 1173 5587 :«
1192 5532 1387 5589 Abbas
1417 5534 1670 5590 domnus
1693 5533 1985 5589 Gerardus

329 5625 385 5680 ll
406 5623 516 5680 sub
539 5623 708 5693 cujus
739 5626 1000 5695 tempore
1024 5621 1269 5679 ecclesia
1298 5625 1500 5678 nostra
1529 5621 1639 5678 fuit
1668 5615 1901 5678 dediata
1928 5625 1987 5678 et

327 5711 568 5772 sacrata
597 5713 692 5770 die
709 5713 900 5772 sancti
921 5711 1209 5771 Vincentii
1240 5729 1343 5786 per
1363 5729 1576 5770 manus
1599 5712 1816 5771 summi
1848 5729 1988 5786 pcn-

2085 4734 2229 4789 dam
2288 4749 2515 4789 sacram
2565 4731 2990 4804 expeditionem
3037 4733 3336 4792 excitaret.
3358 4734 3521 4801 Quod
3569 4734 3750 4793 etiam

2083 4823 2266 4881 habet
2290 4824 2457 4878 vetus
2488 4819 2816 4877 Chronicon
2846 4821 3044 4878 Sancti
3083 4822 3296 4880 Albini.
3329 4823 3446 4880 Nec
3490 4823 3746 4894 mirum;
3807 4868 3819 4876 .

2085 4927 2230 4968 nam
2260 4910 2569 4981 ubicunque
2592 4912 2844 4983 pontifex
2870 4913 3005 4983 fuit,
3033 4912 3226 4985 inquit
3255 4915 3460 4970 auctor
3475 4905 3749 4970 chronici

2087 4998 2512 5066 Malleacensis,
2549 5002 2814 5072 praecepit
2865 5016 3050 5057 cruces
3099 5004 3281 5074 facere
3332 5001 3664 5072 hominibus,
3696 5008 3752 5060 et

2085 5104 2313 5162 pergere
2347 5090 2666 5156 Jerusalem,
2697 5093 2753 5146 et
2799 5090 3033 5147 liberare
3073 5108 3197 5148 eam
3225 5109 3259 5148 α
3289 5093 3470 5148 Turcis
3516 5096 3570 5149 et
3615 5093 3750 5150 aliis

2090 5177 2360 5250 gentibus.
2392 5176 2691 5236 Consentit
2731 5183 2898 5237 vetus
2956 5185 3158 5237 auctor
3216 5183 3372 5254 apud
3427 5181 3748 5239 Chesnium

2093 5271 2249 5323 tomo
2281 5267 2375 5336 IV,
2407 5283 2540 5340 pag.
2587 5269 2676 5337 90,
2723 5268 2827 5341 qui
2876 5270 3052 5326 refert
3110 5270 3411 5328 Urbanum
3471 5270 3749 5328 omnibus

2085 5355 2380 5429 episcopis
2410 5355 2752 5430 imperasse,
2784 5361 2850 5414 ut
2885 5359 3102 5434 singuli
3131 5360 3192 5417 in
3237 5361 3363 5418 suis
3394 5360 3749 5418 dioecesibus

2093 5445 2244 5502 hanc
2274 5445 2700 5519 expeditionem
2731 5449 3132 5521 praedicarent,
3157 5451 3334 5524 idque
3353 5449 3547 5524 reipsa
3568 5451 3640 5506 ab
3660 5450 3749 5507 eis

2092 5533 2275 5592 fuisse
2329 5536 2678 5610 prastitum.
2729 5539 2801 5595 Et
2848 5539 3108 5612 quidem,
3143 5544 3207 5596 ut
3253 5555 3458 5596 omnes
3507 5542 3746 5607 norunt,

2086 5623 2386 5698 praecipua
2441 5624 2562 5680 hac
2600 5629 2734 5682 erat
2791 5625 3074 5698 pontiﬁcii
3131 5627 3192 5682 in
3247 5626 3464 5685 Gallias
3521 5625 3750 5683 itineris

2095 5731 2296 5784 causa;
2331 5713 2501 5788 cujus
2524 5713 2605 5772 rei
2633 5713 2783 5773 alius
2803 5719 3011 5787 praeter
3032 5715 3332 5774 Urbanum
3354 5717 3550 5789 ipsum
3582 5714 3750 5774 testis
