3962 6356
249 385 367 448 193

1826 469 1830 478 ί
1862 380 2066 447 mu.

3497 451 3500 456 .
3535 395 3657 480 _t94

254 517 618 593 quaerendus
650 533 768 576 non
799 519 912 592 est,
943 519 1046 594 qui
1073 533 1139 577 eo
1166 519 1362 576 animo
1392 521 1464 576 ad
1511 517 1806 592 principes
1829 578 1831 581 ,
1858 522 1915 574 et
1939 517 1996 586 Α
2026 531 2242 587 comes,
2261 517 2363 590 qui
2385 532 2648 592 prasens
2667 520 2887 591 aderat,
2913 521 3148 580 disertis
3177 524 3369 583 verbis
3398 526 3573 583 refert
3599 528 3661 584 in

254 612 502 666 cateros
535 608 821 687 Flandria
849 608 1050 666 ﬁdeles
1079 609 1308 666 litteras
1340 608 1578 681 scripsit
1609 612 1906 664 tunctemL

258 698 444 772 poris,
472 702 542 754 ut
562 714 660 755 eos
677 699 746 755 de
769 715 830 755 re
853 699 1081 756 decreta
1101 700 1161 754 in
1190 698 1432 755 concilio
1464 695 1912 755 Claromontano

269 801 441 844 sacra
497 787 884 859 expeditione,
918 787 1422 861 indulgentiisque
1468 787 1543 844 iis
1599 787 1699 860 qui
1747 786 1912 842 illam

256 875 630 950 susciperent
660 878 979 950 concessis,
1000 878 1214 935 faceret
1253 877 1548 934 certiores.
1585 877 1748 932 Unde
1781 875 1912 932 uni-

254 983 455 1022 versos
490 971 709 1033 monet,
733 970 799 1022 ut
845 967 894 1022 si
929 968 1028 1040 qui
1059 967 1130 1024 ad
1161 967 1307 1022 illud
1349 967 1592 1024 verbum
1620 965 1911 1039 proficisci

259 1054 569 1120 voluerint,
591 1056 777 1129 parati
801 1055 920 1112 sint
941 1055 1180 1112 omnino
1201 1049 1274 1112 ad
1294 1055 1620 1129 proximam
1652 1053 1911 1126 Deipara

260 1143 686 1217 assumptionis
705 1145 1078 1202 festivitatem
1097 1163 1109 1214 ;
1131 1161 1245 1218 quo
1262 1149 1524 1217 tempore
1543 1143 1914 1200 Adhemarus

262 1232 577 1306 episcopus
606 1233 954 1304 Aniciensis,
977 1233 1231 1290 vicarius
1263 1233 1557 1307 pontificis
1587 1233 1645 1288 in
1686 1231 1787 1289 illa
1816 1248 1911 1289 ex-

258 1322 557 1396 peditione
615 1322 948 1394 institutus,
979 1322 1090 1380 iter
1119 1339 1253 1379 cum
1303 1322 1434 1380 aliis
1465 1339 1635 1379 cruce
1665 1322 1914 1396 signatis

256 1427 647 1486 aggressurus
677 1417 852 1469 esset.

327 1517 554 1575 CCXLI.
585 1519 891 1582 Manassem
943 1519 1255 1592 Remenscm
1284 1521 1511 1576 electum
1534 1521 1838 1592 conﬁrmat.

759 1592 847 1646 Lis
883 1591 1204 1668 Trenorchii
1230 1592 1426 1647 dilata.

329 1677 650 1752 Andegavi,
687 1694 804 1752 quo
836 1680 1312 1752 appropinquante
1362 1679 1814 1753 Quadragcsima,
1851 1685 1916 1736 ut

263 1769 516 1824 testatur
543 1767 718 1824 Fulco
749 1784 966 1838 comes,
1001 1770 1152 1824 venit
1209 1768 1498 1836 Urbanus,
1529 1774 1777 1826 mortem
1827 1786 1918 1825 ac-

263 1857 416 1930 cepit
466 1856 777 1930 Reginaldi
834 1858 1148 1914 Remorum
1207 1857 1521 1930 pontificis,
1554 1859 1676 1930 qui,
1727 1863 1792 1914 ut
1849 1875 1917 1915 ex

263 1944 518 2017 epistola
545 1944 687 2002 cleri
723 1946 1031 2003 Remensis
1060 1946 1134 2003 ad
1166 1947 1544 2004 Lambertum
1570 1949 1915 2004 Atrebatem-

264 2039 411 2102 se‘m,
435 2038 498 2092 et
517 2051 589 2092 ex
609 2035 895 2092 Balderici
921 2034 1325 2108 Burguliensis
1353 2037 1644 2104 versibus,
1665 2038 1766 2093 ubi
1783 2054 1918 2094 eum

257 2124 647 2194 patriarchae:
695 2124 973 2197 appellat,
1007 2125 1312 2192 discimus,
1345 2142 1424 2180 xu
1471 2125 1761 2183 Kalendas
1821 2128 1920 2183 Fe-

267 2212 490 2270 bruarii
511 2214 823 2270 defunctus
844 2217 950 2270 est.
977 2214 1138 2270 Unde
1159 2213 1359 2269 mirari
1379 2215 1679 2285 subitejus
1693 2215 1917 2272 obitum

259 2302 335 2358 ad
357 2317 588 2359 annum
613 2305 1032 2376 praecedentem
1056 2321 1090 2359 a
1106 2303 1335 2360 Labbeo
1359 2305 1633 2371 revocari,
1649 2321 1784 2360 cum
1805 2321 1920 2360 cer-

263 2395 389 2448 tum
416 2393 521 2464 sit,
540 2395 606 2449 ut
626 2393 697 2449 de
713 2391 917 2449 multis
933 2393 1228 2450 veteribus
1243 2392 1652 2449 instrumentis
1669 2398 1916 2464 taceam,

264 2478 420 2537 hunc
449 2480 780 2538 antistitem
812 2481 1260 2538 Claromontano
1297 2480 1541 2536 concilio
1571 2499 1774 2539 mense
1804 2482 1920 2539 No-

261 2569 490 2626 vembri
512 2569 870 2628 interfuisse.
895 2570 1186 2627 Manassis
1198 2571 1464 2643 ejusdem
1490 2570 1760 2628 Ecclesia
1782 2589 1922 2644 pra-

266 2659 471 2732 positi,
493 2658 597 2733 qui
616 2660 678 2714 in
695 2660 827 2732 ejus
849 2659 1043 2716 locum
1064 2659 1423 2717 substitutus
1452 2663 1559 2727 et,
1581 2659 1921 2718 electionem

279 2763 414 2804 cum
439 2747 633 2822 elogio
655 2748 859 2805 statim
882 2749 1151 2804 Urbanus
1181 2749 1543 2822 approbavit,
1569 2750 1654 2805 uti
1675 2755 1834 2822 patet
1857 2768 1928 2808 ex

269 2835 457 2893 tribus
492 2838 623 2909 ejus
653 2836 938 2910 epistolis,
963 2854 1031 2894 ea
1088 2839 1160 2894 de
1190 2855 1251 2893 re
1296 2838 1592 2911 Andegavi
1639 2855 1740 2895 VIII
1787 2839 1923 2897 Idus

273 2925 579 2983 Februarii
609 2926 785 2994 datis,
823 2926 883 2982 in
931 2927 1148 2998 quibus
1181 2943 1354 2982 suum
1387 2943 1525 3000 erga
1580 2928 1920 3000 Ecclesiam,

281 3013 534 3082 clerum,
564 3015 782 3072 milites
831 3032 896 3072 ac
949 3014 1178 3088 plebem
1238 3016 1606 3088 Remensem,
1653 3018 1925 3077 allectum

270 3108 542 3161 amanter
570 3103 861 3178 exprimit.
895 3105 976 3160 De
1006 3105 1209 3161 eadem
1243 3122 1304 3160 re
1335 3106 1395 3161 in
1442 3106 1735 3162 Manassis
1793 3124 1925 3182 gra-

272 3192 414 3250 tiam
437 3193 679 3250 Urbano
725 3193 1038 3267 scripserat
1066 3193 1160 3250 Ivo
1215 3195 1600 3264 Carnotenus,
1631 3195 1802 3268 epist.
1833 3200 1924 3267 48,

269 3293 328 3349 in
344 3299 465 3356 qua
495 3283 736 3340 maximi
759 3300 886 3339 esse
910 3284 1193 3340 momenti
1215 3284 1379 3353 dicit,
1399 3288 1462 3340 ut
1485 3301 1600 3340 non
1627 3285 1928 3343 differatur

275 3373 401 3444 ejus
431 3371 746 3430 electionis
789 3371 1178 3440 confirmatio,
1201 3372 1274 3428 ob
1304 3373 1568 3445 insignes
1625 3375 1930 3434 Remensis

277 3461 570 3529 Ecclesia,
610 3478 738 3534 qua
786 3459 926 3517 olim
977 3461 1163 3533 ipsius
1220 3461 1437 3517 Urbani
1491 3471 1685 3534 mater,
1715 3465 1927 3538 inquit,

271 3555 408 3608 tunc
437 3567 579 3608 vero
599 3550 721 3607 ﬁlia
749 3555 892 3619 erat,
913 3551 1346 3624 prarogativas.
1371 3552 1533 3615 Quod
1567 3569 1774 3626 nempe
1803 3553 1925 3611 hac

274 3641 419 3697 sedes
485 3640 729 3698 haberet
785 3642 942 3712 regni
998 3640 1271 3708 diadema,
1307 3643 1363 3695 et
1395 3639 1615 3696 cateris
1656 3641 1927 3701 Ecclesiis

275 3729 593 3787 Gallicanis
621 3731 688 3786 in
712 3731 898 3786 ruinae
928 3738 1021 3785 aut
1045 3731 1461 3785 resurrectionis
1489 3732 1798 3802 exemplum
1819 3749 1922 3804 pro

273 3835 377 3877 sua
405 3819 694 3894 dignitate
726 3835 856 3876 esse
886 3818 1122 3876 soleret.

339 3909 561 3966 Eodem
591 3913 858 3982 tempore
889 3908 1164 3965 monachi
1197 3908 1690 3966 Trenorchienses
1728 3911 1922 3984 ponti-

275 3997 442 4055 ﬁcem
475 3997 670 4055 adiere
726 3997 1102 4070 conquesturi
1138 3998 1418 4054 adversus
1474 3998 1817 4072 episcopum
1865 4007 1924 4059 et

276 4087 584 4144 canonicos
598 4087 1068 4159 Andegavenses,
1111 4086 1266 4159 quod
1297 4085 1584 4144 Ecclesias
1613 4088 1795 4146 Doadi
1826 4107 1920 4148 ca-

278 4176 426 4233 stelli
449 4193 578 4250 qua
601 4177 673 4233 ad
695 4175 1120 4232 monasterium
1143 4193 1319 4232 suum
1340 4175 1921 4249 pertinebat,injuste

278 4264 384 4321 ibi
443 4273 804 4340 arrogarent.
839 4269 1056 4322 Verum
1114 4281 1249 4321 cum
1299 4265 1623 4322 econtrario
1655 4269 1920 4324 canonici

278 4367 373 4410 eas
395 4355 490 4411 sui
505 4355 660 4426 juris
682 4370 810 4410 esse
838 4355 1275 4421 contenderent,
1293 4353 1630 4428 videretque
1659 4357 1920 4428 pontifex

279 4439 434 4500 litem
459 4443 621 4500 illam
643 4443 892 4515 alicujus
914 4459 1041 4501 esse
1063 4444 1366 4513 momenti,
1392 4460 1522 4501 eam
1549 4445 1621 4500 ad
1652 4444 1918 4502 futurum

279 4533 589 4590 concilium
637 4534 977 4589 Turonense
1025 4532 1289 4589 remisit:
1318 4533 1417 4589 ubi
1450 4533 1662 4606 roipsa,
1695 4538 1760 4590 ut
1812 4549 1918 4592 suo

278 4619 398 4678 loco
421 4622 706 4692 dicemus,
731 4623 951 4695 agitata
982 4622 1112 4678 fuit.

282 4727 531 4786 CCXLII.
601 4727 824 4785 Dedicat
904 4728 1153 4786 Urbanus
1229 4729 1516 4786 basilicam
1572 4729 1626 4785 S.
1685 4730 1918 4787 Nicolai.

346 4800 620 4930 gregari
639 4816 832 4873 corpus
887 4800 1118 4873 Go/fridi
1143 4803 1375 4857 comitis.
1410 4800 1610 4856 Scribit
1639 4802 1922 4858 monachis

389 4914 402 4928 .
469 4889 490 4928 τ
592 4891 630 4928 ι.

389 4914 402 4928 .
435 4889 630 4928 νησηι.

269 4973 276 4978 ’
347 4976 449 5035 Die
479 4993 537 5035 iv
559 4978 720 5048 Idus,
753 4977 811 5034 id
828 4982 917 5036 est
936 4978 1163 5036 decima
1192 4977 1511 5049 Februarii,
1545 4979 1812 5036 dedicata
1834 4985 1924 5037 est

285 5065 352 5121 ab
371 5064 603 5124 Urbano
634 5066 880 5124 basilica
911 5069 1109 5124 Sancti
1139 5067 1359 5124 Nicolai
1381 5068 1440 5124 in
1475 5069 1919 5143 Andegavorum

285 5155 562 5214 suburbio
588 5157 898 5214 sita.Hanc
944 5155 1134 5230 ipam
1165 5157 1342 5224 diem,
1384 5175 1510 5230 qua
1539 5158 1830 5231 hodieque
1861 5159 1919 5215 in

283 5240 386 5300 hoc
415 5247 771 5303 monasterio
799 5245 1044 5303 celebris
1075 5250 1182 5316 est,
1215 5251 1424 5320 prater
1456 5251 1624 5303 vetus
1679 5248 1919 5304 Chroni-

286 5345 384 5389 con
415 5353 525 5394 ms.
554 5335 751 5392 Sancti
769 5335 982 5404 Albini,
1015 5335 1279 5410 assignat
1321 5336 1528 5392 charta
1558 5337 1920 5395 fundationis

283 5419 455 5482 beata
495 5424 695 5483 Maria
755 5427 827 5483 de
873 5425 1020 5483 Rota
1075 5441 1255 5500 prope
1306 5426 1659 5483 Credonium
1693 5443 1706 5482 :
1741 5443 1921 5501 quare

284 5514 572 5571 emendari
631 5514 806 5572 debet
864 5514 1176 5572 Ordericus
1229 5514 1456 5586 Vitalis,
1518 5515 1618 5588 qui
1673 5514 1823 5573 libro
1861 5533 1918 5574 1x

283 5602 508 5677 scripsit
525 5602 724 5662 Sancti
755 5603 975 5662 Nicolai
1007 5604 1433 5679 dedicationem
1477 5605 1540 5662 in
1567 5604 1744 5663 medio
1777 5605 1920 5676 Qua-

285 5686 602 5768 dragesima
631 5693 844 5754 iactam
867 5693 1244 5755 tuisse.Certe
1271 5693 1448 5754 Falco
1470 5694 1917 5771 Andegavowm

2020 607 2348 680 fragmento
2381 607 2642 665 Historia
2673 606 3124 684 Andegavensis,
3157 613 3310 670 hanc
3357 613 3660 674 basilicam

2019 697 2078 750 iu
2107 695 2518 768 Septuagesima
2560 699 2888 757 dedicatam
2921 701 3139 772 fuisse;
3173 708 3230 759 et
3259 705 3478 762 Urbani
3502 706 3664 764 bulla

2019 784 2078 839 in
2111 802 2229 857 qua
2247 787 2634 843 dedicationis
2654 790 2874 845 mentio
2903 791 3323 861 babetur,data
3351 799 3440 850 est
3463 812 3664 853 mense

2021 874 2354 942 Februario,
2379 876 2740 948 proindeqne
2757 882 2893 933 ante
2915 879 3146 935 initium
3169 883 3659 956 Quadragesima,

2019 967 2086 1017 ut
2103 963 2248 1018 nihil
2287 962 2477 1020 dicam
2510 965 2582 1021 de
2611 965 2855 1022 concilio
2885 969 3234 1038 Turonensi,
3271 973 3428 1044 quod
3459 973 3661 1046 prasi-

2019 1052 2191 1108 den-te
2223 1051 2454 1108 Urbano
2507 1053 2568 1108 in
2627 1055 2822 1111 media
2877 1056 3356 1130 Quadragesima,
3386 1062 3489 1133 qui
3519 1063 3663 1120 adeo

2018 1141 2348 1214 Andegavis
2374 1146 2504 1198 tum
2552 1160 2668 1199 non
2725 1150 2871 1210 erat,
2923 1146 3276 1204 celebratum
3318 1149 3444 1206 fuit.
3478 1151 3662 1216 Quam

2018 1245 2152 1286 vero
2209 1230 2490 1287 solemnis
2539 1231 2666 1287 hac.
2716 1233 3005 1291 dedicatio
3054 1237 3230 1293 fuerit
3276 1255 3345 1295 ex
3373 1255 3441 1295 eo
3470 1239 3665 1314 colligi

2022 1322 2230 1392 potest,
2281 1320 2436 1391 quod
2474 1320 2646 1376 varia
2700 1321 2914 1378 charta
2973 1326 3195 1396 passim
3255 1332 3566 1386 occurrant
3604 1329 3665 1386 in

2020 1408 2542 1481 Andegavensibus
2572 1412 2993 1479 monumentis,
3029 1415 3101 1470 ab
3135 1417 3386 1474 annovel
3415 1419 3509 1475 die
3537 1420 3667 1492 ejus

2021 1497 2405 1554 dedicationis
2427 1499 2594 1554 data.
2610 1497 2678 1555 Et
2693 1501 2930 1572 quidem
2949 1502 3092 1558 obid
3119 1504 3374 1561 maxime
3391 1504 3669 1564 laudatur

2021 1586 2244 1642 Natalis
2270 1586 2451 1643 abbas
2466 1587 2526 1643 in
2546 1587 2812 1644 versibus
2833 1589 3021 1645 Baldri
3030 1591 3077 1646 ci
3092 1592 3498 1666 Burguliensis
3510 1597 3666 1668 apud

2024 1673 2364 1743 Chesnium,
2395 1680 2554 1732 torno
2613 1676 2706 1745 IV,
2755 1679 2910 1750 quod
2970 1695 3098 1735 eam
3147 1699 3182 1737 a
3208 1682 3488 1754 pontiﬁce
3541 1684 3666 1741 ﬁeri

2025 1764 2362 1821 obtinuerit.
2380 1765 2453 1820 Ut
2471 1780 2604 1821 vero
2615 1764 2791 1821 etiam
2815 1767 2886 1822 ad
2901 1771 3163 1839 posteros
3174 1770 3302 1842 ejus
3314 1771 3669 1832 celebritatis

2027 1853 2313 1910 memoria
2343 1859 2785 1928 propagaretur,
2816 1854 2970 1911 idem
3011 1857 3272 1929 pontifex
3323 1859 3384 1916 in
3433 1859 3670 1919 laudata

2024 1942 2188 1998 bulla
2207 1958 2326 2013 eos,
2343 1942 2444 2016 qui
2475 1943 2547 1999 ad
2580 1944 3037 2001 anniversariam
3061 1945 3221 2003 illius
3238 1947 3668 2007 solemnitatem

2027 2032 2335 2088 convenire
2354 2032 2661 2101 voluerint,
2686 2034 2757 2088 ab
2779 2035 2939 2089 omni
2971 2033 3227 2092 hostium
3256 2036 3495 2095 incursu
3526 2039 3670 2098 libe-

2027 2138 2124 2176 ros
2153 2137 2281 2177 esse
2313 2122 2605 2194 praecepit,
2640 2121 2959 2194 multisque
2983 2125 3189 2196 gratiis
3237 2126 3494 2184 donavit.
3529 2129 3672 2186 Con-

2026 2213 2207 2265 stituit
2235 2213 2421 2280 ctiam,
2455 2214 2521 2265 ut
2541 2214 2792 2266 testatur
2822 2211 2994 2268 Fulco
3027 2215 3313 2287 comesfin
3344 2216 3671 2291 fragmento

2029 2297 2293 2354 Historia
2342 2315 2476 2354 mox
2529 2299 2787 2366 laudato,
2821 2300 2966 2355 idem
3021 2305 3375 2374 apostolicus,
3405 2315 3460 2362 et
3501 2308 3672 2366 edicto

2019 2389 2189 2460 jussit
2203 2392 2264 2444 ut
2291 2390 2350 2443 in
2369 2388 2552 2444 eodem
2577 2391 2829 2454 termino,
2852 2406 2956 2460 quo
3001 2391 3398 2451 dedicationem
3448 2391 3672 2468 fecerat,

2030 2477 2298 2533 indictum
2347 2477 2631 2549 publicum
2694 2479 3063 2536 celebraretur
3109 2499 3217 2540 uno
3275 2500 3482 2558 quoque
3527 2503 3674 2545 anno

2028 2566 2174 2638 apud
2205 2567 2466 2622 Sanctum
2514 2567 2817 2635 Nicolaum,
2846 2575 2900 2623 et
2951 2571 3192 2640 septima.
3229 2588 3364 2643 pars
3404 2577 3674 2645 planitas»-

2031 2658 2242 2711 tiaram
2260 2655 2461 2727 popqu
2491 2657 2834 2712 convcnienti
2863 2655 2934 2711 ad
2985 2659 3145 2714 illam
3169 2659 3538 2721 celebritatem
3583 2667 3675 2723 di-

2028 2746 2414 2800 mittereretur.

2103 2834 2319 2889 Eadem
2352 2833 2653 2890 occasione
2683 2834 2942 2906 pontifex
2963 2853 2998 2892 a
3027 2835 3276 2894 Fulcone
3309 2843 3544 2912 comite,
3573 2827 3676 2918 qui

2034 2939 2293 2996 prasens
2317 2923 2538 2992 aderat,
2571 2928 2830 2996 rogatus,
2857 2925 3098 2982 Goﬂ'ridi
3155 2927 3427 3001 Martelli,
3459 2934 3562 3006 qui
3615 2934 3675 2990 in

2036 3013 2359 3070 monastico
2377 3012 2582 3069 habitu
2600 3014 2913 3072 defunctus
2929 3020 2986 3072 et
3005 3016 3064 3072 in
3086 3019 3352 3090 ejusdem
3385 3029 3675 3081 monaste-

2035 3102 2106 3158 rii
2168 3101 2425 3176 capitulo
2484 3102 2750 3176 sepultus
2803 3105 3011 3175 fuerat,
3045 3123 3256 3180 corpus
3287 3113 3589 3170 transtulit
3618 3115 3679 3172 in

2036 3192 2342 3248 ecclesiam
2375 3210 2409 3248 a
2435 3208 2498 3249 se
2527 3193 2875 3263 dedicatam,
2910 3199 2975 3250 ut
3004 3195 3129 3268 ipse
3153 3198 3333 3257 Fulco
3370 3185 3570 3259 narrat
3617 3204 3675 3260 in

2041 3282 2365 3355 fragmento
2387 3281 2764 3354 laudato,qui
2785 3301 2820 3339 a
2857 3285 3132 3356 pontifice
3163 3280 3424 3346 monitus
3453 3297 3677 3365 partem

2035 3374 2254 3444 foresta
2305 3371 2471 3427 Catia
2498 3371 2711 3427 Sancto
2742 3372 2980 3429 Nicolao
3008 3391 3112 3447 pro
3143 3377 3406 3447 ejusdem
3435 3382 3676 3440 Goit‘ridi

2038 3460 2246 3516 anima
2277 3459 2478 3532 requie
2505 3460 2683 3516 dedit.
2719 3462 2831 3517 Sed
2861 3462 2984 3518 hac
3022 3464 3261 3522 donatio
3291 3485 3516 3542 magna
3556 3471 3678 3530 litis

2035 3552 2290 3621 segetem
2316 3553 2518 3620 postea
2541 3549 2789 3620 prabuit
2818 3550 2973 3606 inter
2999 3554 3126 3623 ejus
3166 3553 3278 3610 loci
3333 3560 3676 3634 monachos,

2035 3643 2093 3692 et
2123 3636 2482 3705 Albinianos,
2507 3638 2663 3708 quod
2695 3637 2791 3693 isti
2819 3638 3024 3695 silvam
3052 3640 3214 3699 illam
3256 3643 3546 3719 integram
3603 3653 3675 3708 ad

2033 3740 2096 3782 se
2125 3725 2414 3798 pertinere
2451 3727 2885 3782 contenderent.
2920 3728 3120 3800 Sopita
3144 3735 3233 3788 est
3262 3735 3502 3792 tandem
3571 3755 3679 3813 ope

2034 3813 2299 3871 Gauf'ridi
2329 3815 2748 3872 Meduanensis
2804 3817 3246 3893 Andegavorum
3303 3823 3562 3900 episcopi
3619 3833 3678 3886 et

2033 3904 2318 3961 Willelmi
2351 3905 2579 3962 abbatis
2626 3905 2819 3961 Sancti
2877 3906 3171 3980 Florentii,
3217 3914 3285 3967 ut
3337 3913 3534 3972 videre
3587 3922 3679 3974 est

2033 3995 2185 4069 apud
2221 3994 2591 4052 Pelleterium
2646 3995 2707 4050 in
2755 3994 3012 4055 Historia
3061 4001 3258 4056 Sancti
3287 4001 3534 4076 Nicolai,
3575 4007 3676 4063 ubi

2031 4086 2183 4141 inter
2203 4083 2319 4141 alia
2334 4083 2522 4140 multa
2542 4091 3276 4154 monumenta,concordia
3311 4091 3490 4164 hujus
3520 4092 3676 4152 inita

2028 4175 2490 4231 instrumentum
2513 4174 2751 4247 profert.
2771 4179 2845 4232 At
2874 4194 2990 4233 non
3010 4177 3154 4234 satis
3185 4179 3298 4236 sibi
3333 4186 3564 4240 constat
3614 4183 3675 4240 in

2030 4264 2387 4337 assignando
2406 4263 2554 4331 loco,
2574 4265 2728 4336 quod
2749 4264 3014 4323 tumulus
3035 4267 3275 4326 Goil‘ridi
3297 4287 3404 4326 suo
3416 4274 3678 4348 tempore

2031 4354 2182 4409 situs
2204 4357 2348 4409 erat.
2365 4353 2546 4409 Hodie
2567 4353 2779 4410 visitur
2790 4355 2946 4412 haud
2961 4356 3161 4428 procul
3177 4357 3248 4414 ab
3268 4359 3435 4416 altari
3466 4361 3676 4434 majori

2027 4443 2254 4509 tumba,
2289 4443 2388 4499 sed
2425 4443 2646 4515 absque
2695 4442 2816 4498 ulla
2861 4444 3266 4518 inscriptione,
3298 4465 3476 4522 quam
3529 4450 3675 4525 ipsis

2029 4531 2269 4587 Goii‘ridi
2301 4547 2430 4588 esse
2488 4536 2715 4605 putant.
2747 4532 2970 4590 Dicitur
3026 4539 3224 4593 tamen
3263 4537 3324 4595 in
3351 4540 3530 4597 veteri
3585 4541 3674 4597 in-

1949 4628 1997 4695 D
2029 4624 2355 4677 stramento
2383 4636 2514 4693 pag.
2536 4622 2631 4690 29,
2655 4621 2714 4676 in
2738 4623 2931 4679 navim
2961 4624 3228 4681 Ecclesia
3252 4630 3394 4684 tunc
3423 4629 3676 4688 transla-

2031 4715 2128 4766 tus
2175 4709 2358 4765 fuisse
2400 4713 2458 4765 et
2514 4709 2813 4782 sepultus;
2865 4716 2924 4766 et
2969 4713 3143 4784 paulo
3202 4718 3335 4771 ante
3387 4733 3520 4791 pag.
3579 4721 3674 4792 25,

2033 4799 2347 4872 scripserat
2375 4798 2501 4872 ipse
2544 4798 2882 4856 Pelleterius
2918 4818 2931 4856 :
2965 4802 3138 4874 Hujus
3185 4805 3486 4876 sepulturae
3512 4807 3675 4879 ﬁdem

2029 4891 2166 4961 facit
2183 4890 2403 4961 pictura
2431 4891 2482 4944 et
2513 4888 2655 4960 lapis
2683 4905 2717 4943 a
2765 4896 2911 4946 terra
2961 4891 3184 4948 circiter
3226 4893 3298 4948 ad
3354 4896 3462 4952 tres
3513 4897 3675 4969 pedes

2030 4980 2268 5035 elevatus
2289 4979 2534 5034 anterior
2549 4977 2746 5034 altaris
2764 4982 2940 5036 sancti
2951 4981 3205 5049 Andreae,
3225 4985 3365 5056 quod
3392 4990 3474 5042 est
3497 4987 3568 5044 ad
3595 4990 3672 5044 si-

2029 5069 2268 5123 nistrum
2287 5067 2466 5139 majus
2482 5066 2659 5122 altare
2677 5083 2802 5122 cum
2831 5067 2929 5122 hoc
2947 5069 3118 5141 elogio
3130 5088 3149 5125 :
3172 5063 3311 5128 Dum
3325 5074 3522 5146 viguit,
3536 5080 3674 5146 etc.,

2031 5174 2157 5228 qua
2187 5157 2386 5212 omnia
2415 5155 2587 5212 hodie
2616 5173 2733 5212 non
2764 5164 3123 5230 comparent.

2101 5246 2216 5302 Hac
2275 5247 2402 5319 ipsa
2461 5245 2850 5302 dedicationis
2906 5248 3101 5304 Sancti
3162 5248 3386 5307 Nicolai
3447 5253 3560 5324 die,
3613 5255 3671 5311 id

2027 5340 2181 5391 estiv
2194 5336 2334 5391 ldus
2351 5335 2665 5401 Februarii,
2687 5335 2954 5395 Urbanus
2984 5337 3208 5397 litteras
3231 5341 3302 5397 ad
3334 5341 3670 5418 Philippum

2021 5423 2512 5482 Catalaunensem
2531 5425 2870 5498 episcopum
2889 5429 3144 5500 scripsit,
3169 5431 3388 5502 quibus
3410 5449 3545 5488 eum
3574 5434 3672 5488 ad-

2026 5513 2313 5582 hortatur,
2337 5519 2405 5571 ut
2449 5515 2768 5572 monachos
2815 5518 3009 5573 Sancti
3039 5518 3233 5576 Vitoni
3281 5521 3670 5578 Virdunensis

2026 5605 2127 5677 qui
2143 5603 2201 5661 in
2221 5605 2350 5678 ejus
2361 5605 2417 5660 di
2425 5605 2627 5664 ceccsis
2639 5607 2898 5680 prioratu
2916 5607 3114 5666 Sancti
3125 5608 3344 5666 Nicolai
3358 5609 3669 5669 moraban-

2027 5700 2145 5766 tur,
2171 5712 2206 5754 a
2235 5694 2654 5756 nonnullorum
2705 5696 3168 5776 parochianorum
3222 5715 3466 5762 suorum
3496 5717 3669 5767 vexa-
