3962 6352
292 363 406 424 195

1583 361 1656 427 Β.
1701 361 1992 428 URBANI
2035 365 2087 426 Il
2133 361 2387 426 ΡΛΡΕ.

3573 357 3698 419 196

286 501 572 558 tionibus-
601 498 912 568 liberaret;
944 501 1003 554 et
1039 496 1098 553 in
1145 495 1466 570 posterium
1497 497 1608 554 sub
1637 499 1765 570 ejus
1795 515 1934 570 pro-
1959 499 2016 567 Α
2041 496 2328 554 liberandi
2350 495 2600 552 Goll'redi
2630 493 2862 552 Barbati
2877 493 3016 552 olim
3038 492 3294 551 Andium
3317 490 3570 562 comitis,
3587 491 3691 563 qui

288 590 540 648 tertioue
570 605 808 646 securos
851 603 981 644 esse
993 587 1246 660 juberet.

286 697 562 755 CCXLIII.
597 697 844 768 Eclipsis.
867 694 1182 768 Monasterii
1223 695 1391 768 Ralm
1410 693 1773 768 conﬁrmatio.
1805 693 1934 766 Ejus

587 769 692 824 loci
711 764 884 824 abbas
903 766 1173 824 Robertus
1201 765 1267 821 de
1291 764 1610 820 Arbrisello.

358 856 663 926 Postridie,
680 860 744 912 ut
763 855 822 911 in
850 853 1136 911 Chronico
1171 851 1573 927 Andegavensi
1603 853 1758 926 apud
1789 853 1934 908 Lab-

287 947 464 1004 beum
521 945 675 1002 edito
724 943 998 1018 legimus,
1035 942 1258 998 scilicet
1285 959 1350 998 ιιι
1395 941 1522 998 Idus
1581 941 1929 1008 Februarias,

285 1053 412 1094 cum
441 1033 740 1108 praedictus
763 1050 912 1106 papa
932 1035 993 1089 in
1023 1031 1307 1089 Andecava
1325 1031 1458 1088 urbe
1485 1030 1764 1100 resideret,
1797 1031 1932 1086 tuna

286 1142 410 1182 cum
433 1126 568 1182 esset
596 1139 698 1179 xm
731 1122 1034 1178 terribilem
1060 1121 1306 1194 eclipsim
1331 1136 1495 1193 passa
1522 1123 1618 1176 est.
1638 1141 1664 1170 ‹‹
1686 1119 1809 1184 Qua
1837 1119 1931 1174 die

287 1213 445 1270 idem
475 1211 732 1286 pontifex
762 1211 822 1268 in
853 1226 1084 1268 camera
1102 1207 1366 1266 Gaufridi
1385 1207 1641 1282 episcopi
1662 1207 1929 1280 ejusdem

285 1303 455 1360 urbis
473 1318 674 1360 manus
703 1315 823 1358 suae
850 1299 1194 1372 impositione
1221 1297 1588 1356 conﬁrmavit
1642 1297 1930 1361 fundatio-

289 1408 427 1449 nem
486 1389 827 1451 monasterii
885 1386 1299 1446 cananicorum
1355 1385 1714 1459 regularium
1746 1385 1929 1443 beate

287 1480 484 1538 Maria
515 1481 588 1537 de
619 1479 786 1544 Rota,
819 1493 1000 1552 prope
1052 1475 1401 1534 Credonium
1441 1474 1562 1541 siti,
1594 1474 1686 1531 die
1713 1491 1924 1548 prisce-

284 1569 464 1640 denti,
497 1586 532 1624 a
578 1567 836 1624 Renaldo
884 1564 1121 1623 Roberti
1151 1563 1472 1637 .Burgundi
1525 1561 1644 1619 ﬁlio
1688 1563 1921 1620 factam.

283 1655 666 1717 Fundationis
714 1655 928 1712 litteris
977 1653 1425 1726 subcripserunt
1465 1653 1632 1726 Hugo
1689 1653 1924 1726 Lugdu-

280 1747 502 1816 nensis,
523 1749 582 1804 et
607 1749 853 1803 Amatus
879 1742 1316 1818 Burdigalensis
1337 1742 1755 1816 archiepiscopi
1779 1742 1938 1814 ;epi-‘

279 1837 441 1910 scopi
470 1852 623 1904 vero,
656 1835 751 1892 Ivo
779 1831 1175 1898 Carnotensis,
1205 1830 1444 1888 Hoellus
1481 1830 1921 1888 Cenomannen-
1949 1873 1998 1940 Β

314 1926 326 1938 ο
421 1925 510 1940 ,η
596 1923 632 1940 ι.
822 1921 941 1940 ..μ
1202 1921 1337 1940 μη,
1368 1919 1591 1940 τμη-
1628 1936 1753 1940 ---η
1799 1937 1913 1940 ____

280 1926 362 1984 sis
383 1931 442 1982 et
469 1923 779 1982 Gualterus
807 1920 1178 1978 Albanensis.
1200 1921 1346 1977 Cum
1368 1919 1599 1978 Urbano
1627 1936 1762 1976 vero
1791 1937 1922 1976 eam

279 2015 662 2074 ﬁrmaverunt
725 2009 1042 2069 Gaufridus
1097 2007 1560 2082 Andegavensis,
1615 2013 1672 2065 et
1728 2009 1922 2066 Bruno

277 2101 605 2178 Signiensis
624 2099 912 2174 episcopi;
938 2097 1206 2166 Teuthio,
1229 2097 1500 2155 Albertus
1515 2101 1570 2154 et
1598 2098 1922 2171 Rangerius

277 2191 640 2259 cardinales;
664 2189 1067 2247 Emorrandus
1089 2188 1160 2244 de
1177 2187 1454 2244 Seissuns
1475 2190 1530 2244 et
1559 2187 1694 2243 Milo
1725 2203 1924 2244 mona-

278 2281 428 2340 chus
449 2280 646 2340 Sancti
668 2278 886 2345 Albini,
904 2276 1098 2334 clerici
1128 2293 1312 2350 papae,
1339 2299 1369 2328 ››
1391 2275 1494 2348 qui
1525 2293 1730 2333 omnes
1759 2276 1922 2333 dedi-

277 2369 492 2448 cationi
508 2367 762 2426 ecclesia:
783 2367 982 2424 Sancti
1011 2365 1233 2422 Nicolai
1275 2365 1350 2422 ad
1372 2381 1553 2438 quam
1579 2383 1784 2436 magna
1834 2381 1920 2422 se-

273 2459 702 2518 natus-Romani
724 2473 856 2530 pars
884 2455 1208 2512 occurrisse
1239 2454 1472 2522 dicitur,
1512 2453 1915 2524 interfuerant,

273 2548 446 2605 Edita
493 2550 634 2610 sunt
689 2547 819 2619 ejus
863 2544 946 2602 rei
988 2544 1382 2600 instrumenta
1409 2548 1568 2601 tomo
1618 2543 1690 2599 IV
1720 2543 1917 2600 Gallias

275 2637 619 2702 Christiana
649 2653 684 2692 a
711 2633 1204 2702 Sammarthanis,
1239 2637 1297 2690 et
1349 2637 1508 2690 tomo
1552 2632 1602 2688 II
1630 2632 1914 2690 Miscella-

273 2743 517 2784 neorum
547 2724 1018 2782 Baluzianorum.
1516 2778 1522 2784 ,

343 2813 614 2873 Rotensis
657 2811 903 2870 cmnobii
954 2811 1159 2882 abbas,
1191 2815 1250 2867 et
1278 2810 1517 2884 quidem
1549 2811 1773 2884 primus
1803 2811 1916 2866 fuit

273 2905 562 2966 Robertus
595 2903 667 2959 de
693 2900 1034 2968 Arbrisello,
1074 2897 1547 2957 Fontis-Ebraldi
1575 2898 1915 2956 monasterii

271 2999 331 3052 et
347 2993 532 3052 totius
553 2991 774 3049 ordinis
793 2989 969 3064 paulo
994 2993 1199 3062 postea
1218 2987 1453 3045 futurus
1475 2987 1775 3043 institutor
1803 2988 1912 3044 sub

272 3081 546 3141 extremis
569 3079 784 3138 Urbani
807 3078 999 3136 annis.
1023 3077 1214 3150 Hujus
1242 3093 1378 3134 vero
1403 3093 1537 3132 cum
1570 3075 1784 3132 famam
1809 3093 1911 3132 au-

2043 587 2122 643 ibi
2170 604 2204 643 a
2246 585 2452 642 multis
2483 583 2654 642 annis
2677 583 2948 642 Fulconis
2988 582 3228 641 Rechini
3260 580 3488 640 comitis
3507 579 3691 653 jussu

2042 674 2305 748 captivus
2335 673 2722 730 detinebatur.
2754 673 2920 730 Hunc
2948 673 3185 747 quippe,
3220 671 3303 729 ait
3349 669 3446 726 ille
3485 671 3692 726 auctor

2041 763 2190 820 libro
2220 781 2274 833 x,
2315 763 2559 822 Urbanus
2589 762 2812 819 hortatu
2838 771 2890 818 et
2929 764 3190 835 potestate
3217 777 3252 818 a
3277 760 3518 819 vinculis
3547 759 3686 814 libe-

2038 854 2202 909 ravit.
2225 851 2452 908 Etlibro
2483 869 2539 908 IX
2570 851 2772 908 scribit
2795 852 3069 908 eumdem
3101 849 3436 908 Goﬁ‘redum
3466 847 3690 906 Urbano

2037 957 2180 1014 papa
2210 949 2480 1014 prasente
2507 945 2560 998 et
2594 945 2901 1014 imperante
2956 939 3292 996 absolutum
3347 939 3549 1004 fuisse,
3583 935 3689 1010 qui

2038 1031 2193 1104 apud
2226 1030 2523 1088 Chinonem
2551 1034 2780 1087 castum
2838 1046 2944 1102 per
3000 1045 3188 1086 annos
3219 1029 3400 1084 ferme
3445 1026 3697 1100 triginta

2036 1121 2096 1175 in
2128 1137 2356 1178 carcere
2410 1119 2675 1178 reclusus
2730 1119 2940 1176 fuerat.
2975 1120 3104 1176 Haec
3133 1118 3446 1175 Ordericus
3480 1134 3494 1173 :
3545 1119 3606 1173 at
3637 1113 3692 1172 si

2036 1209 2182 1266 alios
2210 1209 2432 1284 passim
2457 1209 2726 1284 vulgatos
2759 1213 3022 1265 auctores
3050 1207 3505 1280 audiamus,aut
3528 1221 3686 1261 nun-

2037 1315 2276 1372 quam'e
2299 1314 2528 1355 carcere
2583 1298 2865 1356 liberatus
2923 1299 3034 1353 fuit
3090 1296 3460 1368 Gauﬁ‘redus,
3519 1295 3684 1368 quod

2034 1387 2249 1445 diserte
2285 1388 2460 1444 habet
2480 1387 2870 1457 Hildebertus,
2894 1387 2993 1460 qui
3025 1387 3106 1442 ibi
3138 1390 3280 1442 tunc
3335 1384 3583 1451 vivebat,
3615 1383 3682 1438 in
3767 1397 3784 1404 ·

2033 1477 2167 1534 Vita
2196 1476 2382 1534 sancti
2401 1476 2696 1552 Hugonis;
2723 1480 2822 1533 aut
2837 1478 2990 1533 certe
3011 1474 3071 1532 id
3101 1474 3291 1531 multo
3313 1477 3446 1548 post
3461 1469 3684 1529 Urbani

2035 1567 2346 1622 adventum
2376 1565 2436 1621 in
2493 1564 2739 1621 Galliam
2790 1563 3052 1638 contigit,
3087 1567 3152 1618 ut
3178 1556 3385 1619 videre
3403 1565 3493 1619 est
3521 1560 3681 1634 apud

2033 1655 2367 1728 Menagium
2397 1653 2546 1714 libro
2579 1671 2637 1710 ιιι
2667 1653 2932 1710 Historiae
2961 1651 3362 1721 Sabloliensis,
3395 1667 3522 1724 cap.
3568 1650 3677 1718 16;

2031 1743 2132 1800 sed
2155 1743 2263 1800 bas
2278 1741 2654 1800 difﬁcultates
2687 1742 2876 1800 fusius
2907 1741 3178 1816 persequi
3227 1740 3376 1797 nihil
3403 1744 3679 1798 nostrum

2031 1832 2292 1890 interest.

2138 1937 2414 1995 CCXLVI.
2451 1938 2688 1995 Sublolii
2717 1938 2926 1994 bullam
2954 1938 3046 1994 dat
3069 1954 3171 2012 pro
3201 1938 3256 1994 S.
3290 1936 3530 1996 Nicolao.
3577 1958 3582 1962 ·

2104 2029 2205 2086 Die
2252 2045 2346 2084 xv:
2400 2027 2687 2085 Kalendas
2719 2027 2934 2094 Martii,
2967 2027 3024 2083 id
3081 2031 3172 2084 est
3225 2023 3524 2084 Februarii
3583 2026 3674 2094 14,

2032 2119 2301 2175 Urbanus
2331 2115 2594 2188 Sablolii,
2614 2118 2770 2190 quod
2800 2116 3082 2190 oppidum
3098 2119 3187 2174 est
3216 2116 3276 2171 in
3303 2116 3678 2189 Andegaven-

2030 2209 2186 2264 sium
2199 2212 2256 2264 et
2267 2210 2774 2264 Cenomannorum
2786 2206 3004 2263 ﬁnibus
3017 2207 3199 2264 situm
3211 2205 3344 2262 dato
3357 2204 3678 2278 diplomate

2027 2295 2392 2354 confirmavit
2417 2293 2720 2370 privilegia
2769 2299 2828 2352 et
2887 2294 3288 2369 possessiones
3329 2291 3671 2350 monasterii

2029 2385 2226 2443 Sancti
2253 2383 2472 2441 Nicolai
2501 2385 2960 2458 Andegavensis,
2991 2385 3161 2457 cujus
3191 2382 3498 2441 basilicam
3531 2385 3667 2439 ante

2027 2492 2245 2549 paucos
2271 2474 2396 2530 dies
2425 2473 2703 2530 manibus
2745 2473 2872 2530 suis
2929 2476 3381 2531 consecraverat.
3441 2471 3507 2528 In
3561 2471 3674 2529 hac

2025 2563 2208 2633 bulla,
2249 2561 2436 2619 multa
2473 2561 2758 2619 beneﬁcia
2813 2561 3094 2631 decernit,
3127 2563 3213 2618 uti
3270 2561 3548 2630 diximus,
3609 2561 3672 2618 in

2026 2670 2225 2710 eorum
2247 2652 2518 2726 gratiam,
2551 2651 2652 2723 qui
2674 2651 2940 2708 eamdem
2961 2650 3264 2708 basilicam
3284 2648 3378 2708 die
3401 2650 3669 2708 anniver-

2025 2743 2180 2800 sario
2200 2743 2328 2814 ejus
2362 2740 2746 2797 dedicationis
2772 2739 3094 2797 inviserint.

2024 2848 2324 2906 CCXLVII.
2349 2847 2710 2905 Cenomannis
2753 2847 2929 2902 tribus
2964 2847 3153 2903 diebus
3191 2853 3444 2904 moratur
3497 2847 3670 2905 Urba-

2640 2934 2746 2974 nus
2768 2919 3038 2990 pontifex.

2093 3009 2599 3066 Cenomannorum
2623 3023 2856 3080 quoque
2877 3007 3085 3064 urbem
3110 3007 3328 3064 adiisse
3357 3006 3666 3064 Urbanum

2019 3098 2188 3154 testis
2208 3100 2298 3153 est
2318 3096 2492 3152 Fulco
2511 3112 2636 3152 com
2645 3111 2706 3152 es
2730 3095 2788 3151 in
2810 3095 3138 3169 fragmento
3151 3095 3276 3167 jam
3290 3095 3546 3166 laudato,
3562 3095 3666 3152 ubi

271 3171 478 3230 diisset
505 3171 775 3238 Urbanus
797 3168 992 3242 ipsum
1014 3167 1357 3240 Andegavos
1397 3164 1720 3233 accersivit,
1755 3181 1820 3221 ac
1849 3165 1910 3222 in

2056 3187 2282 3243 riduum
2301 3184 2520 3242 Hoellis
2541 3185 2798 3258 episcopi
2815 3164 3431 3258 sumptibus—exegisse
3451 3164 3669 3241 dicitur

269 3259 651 3319 dedicationis
681 3257 877 3315 Sancti
927 3255 1147 3348 Nicolai
1190 3253 1584 3348 sclemnlfafﬁ,‘
1605 3253 1676 3308 ad
1707 3270 1908 3326 quam:
1941 3241 1984 3310 α
2295 3275 2558 3348 ejusdem
2574 3241 2760 3331 ‘urbis‘
2778 3241 3184 3348 episcoporum
3212 3241 3370 3332 tonio
3405 3274 3484 3330 III
3511 3275 3666 3331 Ana-

269 3351 462 3424 inquit
515 3347 856 3406 Baldericus
899 3343 1164 3416 ejusdem
1221 3341 1460 3398 Roberti
1498 3341 1640 3398 Vitae
1689 3347 1908 3424 auctor,

265 3441 592 3511 conﬂuxisse
615 3439 838 3508 putares
870 3441 1036 3490 totam
1063 3431 1209 3486 orbis
1237 3430 1678 3502 amplitudinem,
1699 3448 1914 3488 sermo-

269 3545 406 3586 nem
425 3524 627 3584 haberi
644 3523 850 3596 jussit,
871 3523 1028 3594 cujus
1055 3521 1240 3587 verba,
1264 3523 1330 3576 ut
1361 3519 1516 3576 idem
1545 3525 1748 3577 auctor
1771 3537 1910 3594 pro-

265 3617 553 3691 sequitur,
574 3613 733 3672 valde
795 3613 1031 3668 Domino
1055 3625 1222 3682 papae
1245 3610 1724 3682 complacuerunt;
1756 3612 1910 3667 unde

263 3705 529 3779 injuncto
559 3703 612 3760 ei
643 3698 1075 3776 praedicationis
1095 3698 1287 3756 ofﬁcio
1315 3698 1613 3756 secundum
1641 3717 1676 3756 a
1703 3716 1758 3758 se
1787 3717 1912 3756 eum

261 3795 458 3861 statuit
488 3795 587 3849 Dei
611 3789 1064 3864 seminiverbium
1089 3806 1108 3844 :
1142 3805 1260 3861 qua
1286 3787 1555 3860 legatione
1583 3789 1820 3846 functus
1849 3789 1910 3846 in

261 3883 443 3941 variis
475 3880 842 3948 dioecesibus,
857 3877 950 3938 sui
961 3876 1299 3934 monasterii
1315 3877 1574 3950 regimen
1588 3879 1832 3942 dimisit,
1847 3882 1912 3934 ut

263 3969 509 4028 liberius
540 3967 870 4024 ministerio
895 3965 1056 4024 verbi
1085 3965 1409 4022 insudaret.

353 4056 632 4116 CCXLIV.
675 4056 920 4114 Urbanus
952 4057 1205 4129 pontifex
1234 4055 1288 4110 S.
1320 4055 1572 4111 Maurum
1593 4055 1801 4111 invisit.

335 4145 557 4204 Relicta
581 4149 778 4203 autem
801 4145 1246 4218 Andegavorum
1269 4143 1432 4211 urbe,
1455 4141 1714 4216 pontifex
1739 4142 1910 4199 Glan-

263 4235 586 4294 nafoliense
617 4234 814 4292 Sancti
840 4233 1027 4290 Mauri
1053 4231 1194 4289 olim
1229 4231 1456 4288 celebre
1485 4231 1907 4288 monasterium

261 4325 482 4392 invisit,
496 4325 653 4397 quod
675 4328 814 4380 tunc
834 4321 1118 4396 temporis
1140 4320 1586 4378 Fossatensibus
1605 4320 1908 4378 monachis

263 4415 337 4472 ab
368 4413 540 4472 annis
577 4413 760 4470 ferme
803 4411 1072 4468 ducentis
1103 4410 1436 4482 subjectum
1467 4413 1610 4466 erat.
1645 4410 1723 4465 Ea
1751 4409 1821 4466 de
1845 4425 1908 4467 re

262 4503 376 4562 loci
404 4502 677 4561 monachi
717 4518 850 4558 cum
881 4498 1090 4556 vicinis
1119 4497 1330 4569 incolis
1361 4502 1418 4554 et
1446 4497 1755 4570 provincia:
1787 4514 1906 4555 ma-

2019 3365 2304 3422 lectorum
2335 3363 2628 3422 Mabillon.
2683 3363 2877 3433 editis,
2911 3380 3029 3436 qua
3057 3364 3361 3420 occasione
3390 3361 3670 3420 laudatur

2018 3454 2117 3511 ille
2145 3454 2409 3522 antistes,
2438 3453 2592 3526 quod
2621 3454 2770 3509 inter
2808 3469 2990 3510 omnes
3017 3456 3411 3510 antecessorum
3437 3456 3668 3510 suarum

2018 3545 2206 3600 titulos
2231 3544 2378 3600 solus
2407 3543 2737 3599 universalis
2758 3557 2924 3614 papa
2949 3547 3003 3598 et
3029 3541 3370 3598 sacerdotum
3415 3544 3667 3599 omnium

2012 3633 2287 3707 principis
2338 3631 2681 3690 sacrosancto
2732 3631 2962 3704 hospitio
3019 3631 3316 3688 honoratus
3369 3631 3564 3687 fuerit.
3597 3630 3668 3686 Et

2019 3723 2258 3797 quidem
2293 3722 2434 3778 adeo
2461 3720 2705 3778 celebris
2732 3720 2886 3792 apud
2917 3719 3078 3776 illius
3129 3719 3386 3793 regionis
3415 3719 3664 3793 populos

2018 3811 2234 3869 Urbani
2253 3815 2657 3868 Cenomannos
2679 3810 2962 3866 adventus
2983 3809 3186 3878 evasit,
3212 3813 3278 3866 ut
3297 3808 3432 3865 inde
3461 3809 3520 3866 in
3550 3825 3667 3882 pu-

2017 3901 2186 3958 blicis
2227 3899 2634 3957 instrumentis
2677 3899 3028 3972 quandoque
3070 3916 3174 3972 pro
3221 3897 3444 3972 epocha
3486 3898 3666 3956 fuerit

2017 3989 2340 4046 adhibitus.
2373 3989 2508 4058 Hac,
2541 3987 2629 4044 uti
2669 3987 2920 4057 videtur,
2969 3988 3290 4056 occasione,
3347 3991 3448 4045 aut
3505 3993 3663 4045 certe

2017 4094 2152 4134 cum
2181 4075 2476 4150 Andegavi
2535 4079 2708 4143 esset,
2740 4075 2894 4132 idem
2923 4076 3183 4150 pontifex
3230 4076 3428 4133 Hoello
3460 4092 3662 4133 curam

2015 4165 2390 4223 demandavit
2420 4164 2812 4222 restitutionis
2840 4167 3106 4222 Loconaci
3135 4163 3442 4222 monachis
3465 4165 3667 4222 Sancti

2013 4255 2208 4312 Albini
2267 4253 2562 4324 facienda,
2595 4270 2770 4328 quem
2824 4252 3040 4323 locum,
3069 4253 3208 4310 olim
3237 4271 3272 4310 a
3296 4253 3666 4312 Childeb'erto

2014 4362 2149 4420 rege
2179 4345 2298 4402 illis
2327 4345 2634 4433 donatum,
2656 4343 2765 4400 viri
2790 4343 3034 4417 quidam
3056 4343 3281 4401 nobiles
3307 4343 3664 4401 invaserant.

2013 4452 2346 4510 CCXLVIII.
2367 4451 2649 4511 Vindocini
2675 4452 2791 4508 dies
2816 4449 3072 4506 undecim
3105 4459 3494 4508 commoratur.
3531 4457 3664 4508 Pro-

2081 4526 2374 4609 fessionem
2401 4525 2650 4609 episcopo
2669 4525 2878 4596 factam
2907 4524 3127 4580 irritam
3171 4525 3326 4595 facit.
3377 4523 3668 4580 Consecrat

262 4593 543 4680 gnatibus
562 4589 865 4680 conquesti
883 4589 1200 4680 suntapud
1222 4587 1540 4680 Urbanum,
1561 4587 1634 4643 ab
1658 4603 1725 4643 eo
1753 4587 1907 4680 effla-
1934 4613 1982 4680 Β
2081 4587 2262 4653 ξιιιανο
2291 4587 2573 4666 cruciﬁxi.

263 4674 518 4757 gitantes
537 4686 603 4738 ut
623 4686 740 4738 tam
760 4679 1048 4736 illustrem
1073 4677 1268 4734 locum
1297 4675 1370 4732 ab
1408 4678 1736 4732 exterarum
1757 4676 1905 4750 jugo

264 4771 558 4830 liberaret.
584 4771 696 4828 Sed
718 4769 816 4826 ille
844 4783 1086 4825 causam
1114 4765 1420 4838 banc,quaa
1448 4763 1753 4821 videbatur
1780 4781 1908 4822 esse

263 4861 512 4932 alicujus
542 4859 844 4929 momenti,
860 4858 932 4914 ad
955 4853 1270 4912 concilium
1285 4854 1620 4911 Turonense
1636 4855 1904 4927 sequenti

266 4965 468 5006 mense
497 4947 934 5015 celebrandum,
969 4944 1342 5001 deferendam
1394 4959 1524 5000 esse
1562 4943 1810 5014 censuit,
1841 4948 1906 5000 ut

267 5039 405 5096 dato
461 5037 910 5094 Fossatensibus
943 5050 1071 5091 sese
1119 5032 1320 5088 tuendi
1353 5031 1498 5100 loco,
1531 5049 1644 5102 res,
1678 5037 1905 5089 mature

261 5117 566 5202 perpensis
594 5142 663 5182 ex
692 5128 942 5196 utraque
969 5125 1136 5194 parte
1165 5120 1902 5192 momentis,judicaretur.

261 5215 427 5282 Quod
458 5213 652 5286 reipsa
680 5213 900 5270 factum
945 5214 1056 5280 est,
1091 5213 1149 5266 et
1183 5209 1558 5266 Fossatenses
1587 5225 1766 5266 causa
1819 5207 1906 5265 uti

259 5305 416 5360 infra
442 5303 726 5371 dicemus,
761 5301 1116 5358 ceciderunt.

259 5393 513 5451 CCXLV.
547 5401 632 5450 An
665 5391 902 5448 Cainone
932 5387 1247 5462 Goﬂ‘redum
1281 5387 1582 5444 Barbatum
1628 5387 1904 5443 liberavit.

333 5480 795 5540 HincCainonem
816 5480 876 5535 in
893 5478 1418 5534 ﬁnibusTuronum
1435 5476 1908 5534 versusPictavos

261 5587 611 5650 progressus
631 5574 720 5628 est
737 5567 1020 5645 pontifex,
1042 5567 1092 5624 si
1117 5583 1318 5624 verum
1349 5565 1427 5624 sit
1455 5581 1592 5622 eum
1624 5564 1773 5622 illud
1803 5581 1909 5640 op-

261 5661 466 5748 pidum
494 5661 730 5735 adiisse,
765 5663 831 5720 ut
877 5658 1071 5719 innuit
1116 5655 1426 5718 Ordericus
1454 5653 1691 5727 Vitalis,

2085 4684 2478 4741 Vindocinum
2495 4683 2631 4738 inde
2647 4682 2942 4754 profectus
2963 4683 3239 4756 pontifex,
3254 4682 3334 4739 ibi
3347 4683 3471 4740 dies
3484 4683 3668 4739 unde-

2017 4774 2130 4830 cim
2187 4775 2586 4830 commoratus
2624 4775 2733 4841 est,
2765 4775 2913 4827 teste
2941 4770 3198 4828 Golfrido
3223 4773 3354 4844 ejus
3381 4770 3493 4828 loci
3522 4775 3665 4828 tunc

2015 4862 2245 4929 abbate,
2278 4859 2378 4934 qui
2431 4859 2579 4915 libro
2608 4877 2646 4928 ι,
2705 4860 2879 4932 epist.
2931 4861 3020 4928 18,
3051 4859 3172 4915 haec
3231 4861 3302 4916 ad
3362 4861 3662 4917 Cononem

2012 4951 2354 5024 episcopum
2371 4948 2528 5004 sedis
2551 4947 2877 5020 apostolicae
2899 4947 3156 5022 legatum
3175 4949 3377 5006 scribit
3399 4949 3665 5022 :Optimz

2011 5041 2292 5095 memoria";
2339 5053 2488 5109 papa
2527 5037 2796 5106 Urbanus,
2827 5043 2879 5094 et
2929 5039 3026 5110 qui
3079 5055 3227 5094 nunc
3282 5046 3362 5095 est
3405 5039 3662 5095 dominus

2010 5127 2290 5184 Paschalis
2319 5143 2482 5199 papa,
2516 5127 2578 5182 in
2605 5128 2844 5183 Ecclesia
2872 5135 3080 5195 nostra,
3113 5127 3210 5183 ubi
3254 5143 3376 5186 suae
3425 5129 3668 5185 charita-

2013 5219 2082 5272 tis
2102 5217 2285 5287 gratia
2308 5232 2409 5288 per
2435 5215 2690 5272 undecim
2719 5215 2834 5272 dies
2861 5221 3210 5286 manserunt,
3237 5218 3530 5290 privilegia
3559 5234 3662 5275 no-

2011 5314 2126 5362 stra
2156 5305 2413 5360 viderunt
2438 5312 2490 5360 et
2515 5320 2607 5360 ore
2631 5305 2856 5377 proprio
2903 5305 3173 5374 legerunt,
3200 5309 3251 5362 et
3277 5323 3387 5363 suae
3427 5309 3665 5364 auctori-

2015 5395 2145 5450 tatis
2172 5393 2380 5450 decreto
2407 5394 2787 5465 ﬁrmaverunt.
2809 5393 2890 5449 Ea
2919 5393 3123 5466 procul
3153 5394 3330 5451 dubio
3360 5393 3664 5452 occasione

2016 5483 2284 5540 Urbanus
2330 5481 2534 5539 didicit
2562 5481 2636 5536 ab
2689 5482 2818 5554 ejus
2860 5481 2970 5538 loci
3003 5484 3306 5540 monachis
3337 5483 3663 5541 Goﬂ‘ridum

2017 5571 2308 5642 abbatem,
2341 5587 2477 5628 cum
2509 5571 2583 5626 ab
2611 5569 2780 5627 ivone
2823 5571 3149 5630 Carnoteno
3196 5573 3660 5644 benediceretur,

2018 5660 2442 5748 professionem
2472 5658 2524 5726 ei
2552 5661 2836 5740 tanquam
2865 5658 3190 5722 dioecesano
3241 5662 3517 5740 episcopo
3575 5662 3655 5724 fe-
