3962 6362
143 358 273 417 197

1754 345 1966 422 νιτΑε

3443 360 3560 422 198

140 488 328 555 cisse;
362 487 520 562 quod
552 503 703 563 aegre
732 485 870 546 tulit
919 488 1196 563 pontifex,
1247 487 1599 564 abbatemque
1643 486 1804 544 vehe-
1832 483 1890 555 Α
1919 485 2355 544 Northmanniae
2386 485 2614 557 ducem,
2669 487 2769 562 qui
2817 487 2989 563 paulo
3045 495 3179 564 post
3208 493 3280 549 ad
3327 509 3558 551 sacrum

139 581 366 635 menter
394 581 720 652 increpavit,
769 580 1074 636 columbam
1123 579 1402 636 seductum
1428 595 1520 658 cor
1562 595 1674 634 non
1704 578 1800 633 ha-

143 667 365 724 bentem
398 670 567 724 illum
595 669 899 742 appellans,
925 685 1106 741 quare
1126 669 1282 742 quod
1312 669 1507 724 illicita
1532 667 1804 725 commis-

143 774 292 813 sum
324 757 534 826 fuerat,
567 759 794 814 irritum
820 759 969 830 fecit,
999 776 1064 815 ac
1086 763 1288 832 postea
1334 758 1581 814 Romam
1613 774 1806 814 rever-

144 863 266 904 sus
293 847 409 904 lato
427 848 661 903 decreto
691 847 1034 915 sancivit,ne
1050 848 1184 920 quis
1199 849 1576 921 postmodum
1589 847 1807 903 Vindo-

148 935 275 992 cini
309 936 492 992 abbas
521 939 783 1008 cuiquam
824 939 1066 1010 episcopo
1108 938 1451 1010 proﬁteatur,
1496 937 1652 1009 quod
1702 936 1806 991 Pa-

148 1024 380 1082 schalis
412 1028 717 1082 sucCessor
739 1025 954 1081 Urbani
983 1028 1290 1082 iterumsua
1319 1026 1615 1099 apostolica
1629 1033 1808 1081 aucto-

149 1117 327 1170 ritate
376 1116 643 1186 firmavit.
697 1114 827 1170 Haec
879 1114 1077 1170 omnia
1106 1119 1303 1170 narrat
1346 1115 1472 1188 ipse
1516 1114 1810 1171 Gotfridus

150 1203 306 1277 epis.
330 1206 367 1259 7
396 1208 454 1260 et
482 1203 573 1274 lt,
598 1203 700 1259 lib.
734 1220 793 1271 ιι,
825 1205 896 1260 ad
925 1206 1158 1260 lvonem
1191 1203 1445 1277 scriptis.
1501 1203 1810 1260 Decretum

151 1309 295 1348 vero
320 1293 517 1366 ipsum
548 1293 767 1365 profert
795 1293 966 1366 epist.
998 1295 1068 1348 27
1098 1293 1170 1349 ad
1226 1293 1581 1349 Gaufredum
1621 1291 1813 1349 Ivonis

152 1399 588 1452 successorem,
621 1382 776 1455 quod
809 1398 916 1438 suo
941 1380 1069 1438 loco
1099 1381 1482 1454 proferemus.

233 1473 360 1528 Huc
390 1489 627 1545 quoque
659 1471 1048 1527 revocandum
1079 1474 1168 1527 est
1197 1471 1353 1543 quod
1383 1472 1456 1527 de
1485 1471 1584 1528 illo
1616 1487 1815 1526 mona-

153 1563 341 1619 sterio
373 1560 590 1635 legitur
615 1562 676 1616 in
708 1559 989 1617 Chronico
1018 1560 1442 1633 Andegavensi,
1475 1561 1629 1634 apud
1669 1559 1813 1616 Lah-

154 1651 547 1707 beumtomol
576 1647 941 1707 Bibliotheca
957 1649 1235 1716 novaz,ubi
1252 1649 1325 1704 ad
1339 1665 1558 1704 annum
1572 1648 1712 1704 l095
1721 1665 1816 1703 ve-

154 1741 271 1796 teri
306 1737 486 1812 stylo,
517 1755 634 1811 quo
647 1737 869 1794 scilicet
882 1736 1011 1793 novi
1027 1753 1096 1792 an
1106 1736 1165 1792 ni
1177 1737 1480 1792 exordium
1493 1754 1527 1792 a
1538 1737 1817 1793 Paschate

156 1828 516 1923 desumitur,
577 1827 700 1882 haec
727 1826 970 1923 habet:
1028 1826 1224 1883 Eodem
1251 1842 1437 1923 Aann-o-
1456 1843 1513 1880 1v
1550 1825 1817 1923 Kalendas
1844 1857 1894 1923 B

158 1918 392 1974 Martias
421 1918 754 1974 consecravit
787 1917 1036 1973 Urbanus
1061 1931 1208 1988 papa
1239 1915 1572 1983 Cruci/imum
1601 1915 1819 1972 Sanctae

160 2008 450 2063 Trinitatis
514 2005 918 2063 Vindocinensis
969 2005 1221 2075 coenobii,
1280 2009 1442 2076 atque
1495 2004 1820 2078 perdonavit

159 2099 458 2169 septimam
481 2099 699 2168 partem
739 2102 1086 2166 peccatorum
1141 2110 1367 2150 suorum
1421 2096 1690 2163 omnibus,
1723 2095 1821 2166 qui

163 2201 492 2258 unoquoque
546 2201 692 2240 anno
744 2184 1187 2240 anniversarium
1245 2183 1483 2255 ejusdem
1536 2200 1819 2239 consecra-

162 2277 334 2331 tionis
363 2275 511 2331 diem
539 2273 745 2329 ibidem
771 2273 1121 2329 celebrarent.
1153 2273 1308 2328 Idem
1343 2272 1581 2328 omnino
1611 2271 1824 2345 legitur

163 2364 228 2420 in
257 2363 439 2421 veteri
465 2363 594 2420 cod.
629 2379 740 2418 ms.
773 2362 1218 2418 Vindocinensis
1236 2361 1596 2431 monasterii;
1623 2362 1820 2418 Cruci-

165 2454 266 2510 ﬁxi
299 2457 500 2510 autem
532 2452 767 2509 nomine
799 2451 1243 2525 intelligendum
1270 2455 1357 2507 est
1387 2451 1568 2508 altare
1599 2452 1820 2508 Sanctae

164 2543 392 2610 Crucis,
415 2542 572 2614 quod
605 2541 892 2614 hodieque
923 2545 1076 2596 retro
1109 2541 1303 2612 majus
1335 2539 1514 2597 altare
1527 2540 1819 2609 subsistit,

165 2633 346 2707 vulgo
375 2632 704 2689 Matutinale
753 2629 1134 2704 appellatum,
1163 2636 1230 2686 ut
1274 2635 1506 2686 constat
1547 2648 1614 2687 ex
1642 2631 1823 2686 veteri

169 2722 400 2780 Missali
432 2739 544 2778 ms.
567 2721 830 2793 ejusdem
844 2719 1205 2786 monasterii,
1223 2720 1282 2774 in
1306 2737 1420 2792 quo
1443 2715 1824 2776 dedicationis

169 2813 356 2884 hujus
385 2810 674 2868 festivitas
705 2811 813 2866 sub
845 2809 952 2865 hoc
980 2808 1147 2864 titulo
1162 2813 1538 2865 memoratur.
1563 2810 1637 2864 De
1658 2810 1826 2865 altari

170 2902 524 2970 Matitunali,
581 2904 689 2956 etc.
746 2898 1022 2956 Notitiam
1081 2898 1369 2972 integram
1416 2898 1736 2956 referemus
1765 2900 1825 2955 in

178 2991 535 3065 Appendice.

469 3095 740 3154 CCXLIX.
773 3095 1076 3151 Concilium
1105 3096 1541 3166 Rothomagcnse.

1911 574 2130 630 bellum
2151 575 2446 648 profectus
2476 582 2585 645 est,
2611 578 3087 652 composuit.Sed
3111 580 3182 634 ad
3214 580 3433 638 Urbani
3453 582 3564 638 iter

1912 664 2258 721 reﬂectenda
2285 669 2374 722 est
2402 667 2607 723 oratio.

1913 772 2088 850 CC‘lfl.
2127 777 2372 850 Turonos
2395 775 2644 850 Urbanus
2661 777 2914 850 pontifex
2949 775 3186 850 advenit.
3237 776 3439 850 Scribit
3463 794 3565 850 pro

1985 844 2228 921 blanasse
2255 844 2673 921 archiepiscopo
2705 844 2974 921 Bemcnsi.
3017 849 3243 921 Publice
3278 844 3562 921 praedicat.
3665 860 3670 876 '

1986 917 2222 1044 gazam;
2239 919 2561 1000 monasterii
2586 917 2888 974 basilicam
2942 919 3170 976 dedicat.
3215 917 3430 977 Statuta
3464 937 3566 993 pro

2031 1027 2044 1040 .
2138 1004 2171 1042 a
2230 1003 2339 1044 mo.

2031 1027 2044 1040 .
2077 1003 2339 1044 Μανιιηο.

1990 1074 2162 1130 Initio
2193 1076 2414 1132 mensis
2430 1077 2621 1133 Martii
2646 1079 2912 1134 Turonos
2938 1079 3294 1143 advenit,ubi
3311 1079 3567 1152 primum

1919 1163 2252 1236 hospitatus
2283 1165 2464 1222 fuisse
2485 1167 2715 1222 videtur
2738 1169 2893 1240 apud
2909 1169 3568 1240 Majus-Monasterium.

1921 1252 2043 1308 Huc
2071 1252 2228 1308 enim
2261 1254 2609 1311 accessitdie
2633 1256 2807 1311 tertia
2827 1257 2954 1326 ejus
2968 1256 3208 1328 mensis,
3243 1257 3329 1313 uti
3347 1257 3572 1331 colligi-

1920 1345 2018 1396 tur
2046 1357 2114 1397 ex
2134 1341 2470 1398 narratione
2483 1343 2867 1399 dedicationis
2884 1345 3150 1414 ejusdem
3171 1343 3281 1400 loci
3295 1344 3568 1406 basilice.

1923 1447 2050 1502 quae
2080 1447 2136 1486 v1
2170 1431 2531 1499 ldusMartii,
2566 1431 2660 1487 die
2690 1435 2886 1488 octavo
2916 1433 3182 1502 ejusdem
3214 1433 3572 1490 adventusin

1923 1520 2367 1588 monasterium,
2401 1521 2555 1575 facta
2577 1525 2683 1576 est.
2718 1521 2863 1576 Hinc
2891 1521 3179 1576 habemus
3223 1526 3406 1577 totam
3445 1523 3574 1578 die-

1925 1625 2055 1664 rum
2089 1609 2296 1664 seriem
2327 1625 2474 1681 quos
2505 1609 2761 1681 pontifex
2792 1626 2857 1665 eo
2888 1609 2945 1663 in
2971 1610 3175 1665 itinere
3201 1610 3410 1683 exegit.
3438 1611 3576 1666 Erat

1925 1697 2162 1770 quippe,
2194 1702 2259 1752 ut
2277 1697 2554 1763 vidimus,
2591 1697 2682 1752 die
2705 1698 2768 1752 Μ
2805 1697 3099 1753 Februarii
3130 1697 3389 1767 Sablolii,
3418 1699 3575 1754 unde

1926 1786 2206 1859 postridie
2239 1787 2533 1858 profectus
2554 1784 2959 1841 Cenomannos
2978 1786 3228 1854 advenit,
3243 1786 3345 1842 ubi
3366 1787 3575 1843 diebus

1926 1874 2139 1941 tribus,
2173 1873 2232 1930 id
2264 1878 2352 1929 est
2382 1873 2605 1930 decimo
2638 1879 2797 1930 sexto
2837 1878 2895 1930 et
2923 1875 3154 1930 duobus
3193 1876 3576 1945 sequentibus

1926 1967 2323 2019 commoratus
2335 1967 2444 2018 est.
2476 1962 2710 2018 Decimo
2728 1979 2882 2018 nono
2895 1964 3146 2035 perrexit
3160 1963 3574 2033 Vindocinum,

1925 2053 2027 2109 ubi
2058 2069 2192 2108 cum
2225 2069 2292 2107 ex
2324 2051 2564 2107 Goﬂ‘ridi
2596 2053 2882 2124 epistolis,
2919 2051 3040 2108 dies
3083 2051 3356 2108 undecim
3384 2056 3577 2110 trans-

1927 2142 2130 2215 egerit,
2162 2141 2368 2197 exinde
2399 2146 2533 2196 ante
2547 2141 2700 2196 diem
2728 2141 3047 2196 secundam
3069 2141 3416 2198 auttertiam
3434 2141 3581 2198 Mar-

1926 2232 1994 2287 tii
2028 2229 2319 2304 proﬁcisci
2351 2246 2466 2284 non
2517 2230 2726 2301 potuit,
2763 2247 2877 2301 quo
2937 2229 3130 2302 reipsa
3175 2230 3454 2288 alterutro
3485 2229 3580 2287 die

1926 2321 2193 2376 Turonos
2217 2319 2523 2374 advenisse
2552 2318 2836 2374 dicendus
2865 2323 2971 2374 est.

2001 2410 2104 2465 Die
2135 2411 2345 2481 quarta
2401 2407 2528 2478 ejus
2577 2407 2797 2463 mensis
2828 2409 2899 2462 ad
2958 2408 3264 2465 Remensis
3312 2408 3580 2465 Ecclesiae

1930 2501 2330 2571 suffraganeos
2362 2495 2666 2568 episcopos
2695 2496 2948 2568 scripsit,
2993 2502 3056 2551 ut
3087 2514 3159 2552 ne
3210 2497 3433 2554 diutius
3460 2498 3582 2575 Ma:

1931 2589 2124 2645 nassis
2156 2585 2320 2642 electi
2334 2602 2535 2641 eorum
2552 2583 2988 2657 metrOpolitani
3019 2585 3447 2643 ordinationem
3469 2587 3580 2642 dif-

1933 2680 2166 2735 ferrent.
2202 2674 2424 2739 Quibus
2455 2673 2666 2730 litteris
2721 2673 2806 2728 illi
2853 2691 3075 2730 morem
3131 2690 3398 2748 gessere:
3443 2693 3582 2732 nam

1933 2769 2234 2822 Manasses
2282 2763 2343 2818 in
2391 2762 2636 2818 basilica
2693 2762 3200 2819 archimonasterii
3256 2764 3582 2838 Remigiani

1933 2856 2028 2912 die
2065 2872 2101 2911 ι
2128 2851 2256 2909 Kal.
2287 2851 2503 2925 Aprilis
2533 2852 2605 2907 ab
2637 2851 2880 2924 Hugone
2905 2852 3334 2922 Suessionensi,
3358 2841 3586 2910 astanti-

1937 2949 2034 3002 bus
2063 2949 2115 3001 et
2132 2957 2332 2998 manus
2360 2942 2412 2998 ei
2435 2941 2835 3013 imponentibus
2863 2940 3122 3014 quinque
3153 2941 3286 2998 aliis
3316 2959 3580 3016 compro-

1933 3032 2282 3090 vincialibus
2334 3029 2625 3103 episcopis
2681 3035 3054 3086 consecratus
3123 3036 3232 3087 est.
3305 3033 3406 3087 Hic
3451 3049 3624 3110 vero.

1937 3123 2319 3181 constituerat
2348 3120 2549 3176 statim
2571 3123 2885 3192 postsuam
2917 3120 3424 3193 inaugurationem
3442 3139 3585 3194 pon-

252 3183 1480 3294 QEOtemPOrePfﬁif‘f’fff’fjf’ﬁi???
1517 3186 1821 3294 ίῗχίεθρθοξο
1857 3225 1901 3294 C
1940 3214 2153 3270 tiﬁcem
2187 3210 2367 3277 adire,
2402 3213 2468 3264 ut
2523 3183 2591 3265 ex
2618 3209 2746 3280 ejus
2803 3183 3148 3281 epistolaad
3208 3183 3585 3268 Lambertum

178 3275 618 3334 Northmannize
647 3273 1070 3348 pressulescum
1088 3275 1400 3330 abbatibus
1430 3279 1486 3331 et
1514 3274 1644 3332 aliis
1667 3275 1830 3332 cleri-

180 3368 286 3437 cis,
315 3383 382 3423 ac
411 3365 718 3439 provinciae
750 3362 1132 3436 optimatibus
1162 3380 1197 3418 a
1224 3362 1520 3420 Willelmo
1538 3368 1828 3438 metropo-

181 3457 364 3514 litano
395 3455 758 3527 Rothomago
791 3453 1087 3510 convocati
1117 3454 1188 3508 ad
1232 3453 1545 3509 concilium
1596 3455 1826 3527 provin-

183 3548 352 3619 ciale,
382 3562 584 3603 meuse
617 3543 950 3611 Februario,
983 3543 1200 3598 ibidem
1231 3544 1474 3614 capitula
1515 3544 1730 3614 synodi,
1765 3548 1831 3600 ut

183 3641 385 3694 narrat
413 3633 724 3692 Ordericus
755 3632 902 3688 libro
934 3649 1010 3701 1x,
1044 3648 1169 3704 quae
1196 3632 1339 3702 apud
1367 3633 1831 3690 Clarummontem

183 3730 335 3798 facta
354 3728 452 3796 est,
478 3725 823 3781 unanimiter
849 3723 1200 3794 contemplati
1227 3725 1387 3783 sunt;
1435 3723 1575 3776 scita
1621 3737 1831 3794 quoque

184 3817 480 3889 apostolica
499 3815 978 3886 conﬁrmaverunt,
1037 3810 1249 3867 additis
1308 3815 1435 3866 octo
1483 3811 1826 3882 canonibus,

187 3923 339 3979 quos
370 3904 528 3960 idem
559 3907 763 3959 auctor
793 3903 986 3972 refert,
1027 3904 1084 3956 et
1131 3899 1423 3956 habentur
1473 3901 1627 3973 apud
1677 3901 1830 3957 Lab-

185 3998 384 4052 beum.

329 4102 481 4158 CCL.
513 4100 824 4157 Jarentonis
853 4097 1065 4153 abbatis
1096 4098 1155 4151 in
1183 4097 1438 4167 Angliam
1471 4098 1685 4167 legatio.

257 4192 344 4248 Ad
375 4191 532 4247 idem
543 4193 779 4262 tempus
797 4187 1119 4243 revocanda
1130 4189 1218 4242 est
1245 4186 1581 4242 Jarentonis
1602 4186 1832 4243 abbatis

188 4278 556 4337 Divionensis
583 4279 644 4333 in
685 4275 955 4349 Angliam
1004 4274 1214 4348 legatio
1262 4275 1600 4348 apostolica,
1653 4293 1830 4348 quam

187 4368 466 4428 describit
497 4369 660 4440 Hugo
715 4365 1167 4421 Flaviniacensis
1198 4365 1256 4420 in
1288 4365 1573 4421 Chronico
1619 4365 1830 4421 Vir-du-

187 4458 807 4530 nensi.lmpetraverat
835 4454 1072 4526 quidem
1085 4452 1420 4510 Willelmus
1449 4453 1666 4526 Anglice
1689 4471 1833 4511 rexa

186 4548 446 4604 Waltero
472 4545 744 4618 episcopo
757 4542 1094 4609 Albanensi,
1111 4543 1208 4614 qui
1235 4541 1478 4614 pallium
1511 4559 1615 4614 pro
1632 4547 1832 4598 sancto

187 4636 460 4694 Anselmo
491 4634 730 4691 nomine
759 4632 976 4687 Urbani
1005 4630 1297 4699 attulerat,
1330 4635 1396 4687 ut
1425 4630 1624 4687 nullus
1645 4649 1678 4687 a
1706 4648 1834 4688 sese

189 4725 508 4800 apostolica
537 4724 598 4779 in
627 4721 895 4796 Angliam
917 4720 1146 4793 legatus
1163 4720 1493 4776 mitteretur
1513 4720 1735 4792 absque
1752 4737 1835 4776 re-

189 4816 275 4889 gis
299 4818 608 4889 precepto;
641 4817 700 4868 at
727 4810 1062 4867 Jarentonis
1083 4809 1238 4865 fama
1253 4811 1396 4865 adeo
1423 4809 1666 4866 celebris
1686 4814 1830 4879 erat,

188 4909 468 4977 tantaque
499 4902 614 4958 fuit
633 4903 761 4974 ejus
789 4900 848 4955 in
889 4899 1240 4971 alloquendo
1289 4915 1484 4970 regem
1544 4899 1834 4956 inadulata

189 4997 385 5051 mentis
441 4993 767 5058 constantia,
828 4994 893 5044 ut
943 5005 1041 5044 rex
1097 4988 1147 5042 ei
1188 4987 1378 5060 palam
1439 4988 1832 5045 contradicere

191 5084 430 5151 veritus,
450 5082 698 5138 consiliis
726 5081 843 5151 ejus
888 5097 952 5134 ac
979 5080 1116 5134 votis
1145 5079 1523 5148 acquieturum
1546 5081 1831 5150 promitte-

192 5177 288 5229 ret.
320 5173 433 5229 Sed
465 5169 666 5228 iallere
695 5168 924 5225 volebat
940 5166 1187 5224 callidus
1209 5183 1387 5222 rexea
1417 5167 1606 5239 specie
1631 5167 1736 5221 viri
1751 5167 1830 5240 pii

193 5262 485 5318 incautam
518 5257 954 5332 simplicitatem
981 5275 995 5326 ;
1021 5258 1149 5328 jam
1182 5256 1396 5328 quippe
1429 5256 1500 5312 ad
1532 5255 1831 5311 Urbanum

194 5349 426 5407 nuntios
437 5349 589 5405 clam
612 5347 1057 5415 miserat,novas
1071 5346 1141 5401 ab
1153 5362 1221 5402 eo
1234 5345 1524 5417 petiturus
1543 5343 1829 5414 inducias,

194 5459 335 5514 quas
363 5456 497 5495 cum
531 5438 725 5510 reipsa
753 5437 1142 5508 impetrasset,
1176 5434 1354 5506 idque
1400 5433 1696 5490 Jarentoni
1734 5434 1832 5493 de-

193 5531 488 5597 clarasset,
522 5527 640 5596 ille,
675 5526 906 5583 infectis
934 5526 1130 5594 rebus,
1158 5539 1227 5582 ex
1253 5523 1462 5596 Anglia
1491 5523 1690 5580 statim
1711 5525 1830 5582 dis-

195 5621 380 5678 cessit.
398 5619 462 5676 ln
486 5617 734 5675 Galliam
749 5612 1290 5673 reversus‘substitit
1309 5613 1368 5669 in
1385 5611 1829 5686 Northmannia,

194 5710 289 5807 tibi
319 5724 525 5786 pacem
547 5707 700 5768 inter
727 5707 1000 5766 eumdem
1057 5719 1253 5786 regem
1285 5719 1348 5762 ac
1407 5702 1644 5766 fratrem
1702 5705 1831 5780 ejus

1937 3302 2376 3360 Atrebatensem
2433 3299 2588 3371 apud
2648 3297 2947 3354 Baluzium
2995 3303 3153 3354 torno
3182 3300 3232 3353 V
3261 3299 3583 3356 Miscellan.

1935 3394 2093 3450 edita
2123 3393 2301 3463 patet;
2327 3388 2428 3444 sed
2459 3392 2658 3444 utrum
2688 3387 2747 3443 id
2775 3387 3124 3460 praestiterit,
3159 3388 3446 3445 incertum
3477 3395 3584 3447 est.

1938 3481 2209 3537 Urbanus
2266 3493 2400 3533 vero
2447 3477 2670 3531 interea
2732 3477 2928 3532 Sancti
2992 3476 3224 3532 Martini
3281 3478 3587 3534 ecclesiam

1938 3571 2272 3640 frequenter
2301 3565 2610 3630 invisebat,
2646 3565 2816 3620 modo
2846 3565 2905 3619 in
2937 3566 3066 3636 ejus
3105 3564 3363 3634 castello,
3415 3567 3588 3622 modo

1939 3659 2114 3715 etiam
2147 3656 2207 3711 in
2239 3655 2368 3727 ipsa
2388 3654 2553 3722 urbe,
2589 3657 2689 3708 aut
2713 3653 2771 3707 in
2790 3652 2978 3708 vicino
3007 3654 3588 3724 Majori-Monasterio

1937 3761 2330 3810 commorans,
2362 3741 2622 3815 quandiu
2650 3745 2915 3797 versatus
2946 3745 3034 3797 est
3056 3743 3209 3814 apud
3243 3743 3532 3800 Turonos.

2009 3836 2113 3891 Die
2134 3837 2330 3890 autem
2387 3847 2467 3889 vu
2518 3831 2675 3900 Idus,
2735 3831 2793 3886 id
2823 3834 2915 3887 est
2964 3831 3127 3886 Nona
3185 3831 3401 3902 Martii,
3461 3848 3589 3904 quae

1940 3923 2247 3982 Dominica
2304 3925 2446 3990 erat,
2507 3919 2814 3976 celebratis
2870 3920 2928 3974 in
2999 3919 3589 3992 Majori-Monasterio

1943 4014 2166 4082 missis,
2200 4012 2273 4068 ad
2305 4008 2962 4084 gradumligneum,qui
2980 4025 3157 4083 supra
3189 4009 3348 4065 ﬂuvii
3371 4009 3590 4083 Ligeris

1949 4103 2138 4176 ripam
2197 4105 2438 4175 paratus
2497 4100 2709 4167 fuerat,
2768 4099 3016 4154 accessit
3063 4099 3341 4172 pontifex,
3391 4099 3592 4172 ibique

1941 4193 2265 4249 orationem
2296 4189 2520 4257 habuit,
2537 4188 2630 4244 cui
2649 4204 2781 4244 cum
2797 4187 3047 4244 Fulcone
3070 4187 3325 4244 Audium
3352 4187 3588 4257 comite,

1941 4287 2082 4336 tunc
2111 4280 2393 4352 temporis
2420 4279 2721 4333 Turonum
2735 4277 2993 4344 domino,
3014 4281 3072 4332 et
3101 4276 3231 4333 aliis
3251 4277 3592 4349 proceribus

1940 4368 2207 4424 interfuit
2237 4368 2550 4423 innumera
2581 4366 2775 4422 omnis
2801 4365 3151 4422 conditionis
3180 4370 3237 4422 et
3259 4366 3447 4422 aetatis
3495 4365 3593 4422 ho-

1939 4459 2171 4514 minum
2203 4456 2538 4512 multitudo.
2559 4454 2907 4510 Pontiﬁcem
2919 4471 2987 4510 ea
3003 4455 3308 4511 occasione
3337 4455 3406 4510 de
3427 4471 3595 4512 sacra

1940 4547 2305 4621 expeditione
2335 4544 2596 4601 locutum
2623 4544 2802 4600 fuisse
2815 4543 3129 4616 plusquam
3155 4539 3455 4616 probabile
3480 4548 3590 4600 est.

1943 4639 2011 4694 Et
2040 4635 2274 4708 quidem
2308 4633 2444 4699 huc,
2479 4632 2591 4688 nisi
2624 4632 2814 4699 fallor,
2839 4633 3093 4688 revocari
3124 4632 3296 4689 debet
3324 4633 3479 4704 quod
3521 4632 3592 4688 de

1940 4732 2183 4799 Hugone
2214 4724 2285 4779 de
2337 4721 2730 4788 Calvomonte,
2763 4725 2820 4776 et
2875 4719 3176 4776 Hamerico
3206 4721 3278 4776 de
3333 4721 3592 4777 Currone

1943 4816 2156 4889 legitur
2184 4814 2242 4868 in
2277 4811 2532 4868 Historia
2561 4809 2850 4865 Ambasia:
2881 4814 3039 4864 tomo
3070 4809 3115 4864 Χ
3142 4808 3458 4882 Spicilegii,
3489 4810 3592 4882 qui

1942 4906 2021 4960 ibi
2075 4905 2353 4960 dicuntur
2408 4902 2469 4956 in
2523 4899 2751 4956 ecclesia
2830 4899 2978 4954 beati
3054 4899 3282 4954 Martini
3349 4898 3596 4972 Majoris-

1941 4994 2259 5050 Monasterii
2291 4994 2348 5047 in
2379 4990 2681 5062 praesentia
2707 5003 2888 5060 papae,
2916 4989 3106 5044 multis
3150 4988 3258 5044 sibi
3298 4988 3589 5054 adiunctis,

1941 5084 2176 5138 vestibus
2195 5079 2575 5154 superamictis
2596 5095 2654 5133 sa
2663 5081 2799 5135 notae
2819 5079 2995 5133 crucis
3015 5078 3282 5133 vexillum
3295 5080 3588 5135 censuisse.

2013 5169 2321 5239 Postridie,
2355 5186 2458 5225 seu
2482 5185 2539 5224 vI
2565 5167 2700 5222 ldus
2737 5167 2946 5235 Martii,
2979 5167 3237 5239 pontifex
3277 5184 3412 5224 cum
3459 5166 3593 5224 aliis

1941 5259 2230 5333 episcopis
2259 5263 2316 5315 et
2346 5255 2744 5314 cardinalibus
2804 5257 3094 5328 majorem
3152 5257 3418 5329 ejusdem
3467 5273 3592 5314 mo-

1941 5349 2179 5406 nasterii
2212 5346 2516 5404 basilicam
2547 5345 2888 5402 solemniter
2927 5346 3234 5416 dedicavit,
3258 5351 3314 5404 et
3387 5347 3480 5404 die
3511 5364 3592 5404 se-

1942 5437 2144 5511 quenti
2175 5435 2471 5493 benedixit
2517 5436 2937 5492 cmmeterium.
2985 5435 3140 5500 Quas
3189 5436 3589 5504 caeremonias,

1941 5528 2140 5586 relatis
2183 5541 2385 5582 eorum
2444 5525 2788 5598 pontiﬁcum
2845 5524 2946 5598 qui
2995 5531 3298 5598 presentes
3350 5526 3587 5581 aderant

1948 5615 2310 5683 nominibus,
2343 5614 2573 5687 egregie
2620 5613 2931 5687 descripsit
2984 5619 3148 5672 vetus
3191 5619 3394 5671 auctor
3435 5612 3589 5684 apud

1939 5706 2298 5779 Boobellum,
2330 5703 2497 5778 cujus
2524 5720 2593 5764 ea
2623 5703 2694 5765 de
2721 5719 2782 5773 re
2799 5704 3148 5782 opusculum
3169 5703 3230 5764 in
3256 5701 3591 5789 Appendioq
