3962 6394
337 368 469 432 199-

1631 362 1704 426 B.
1749 365 2053 430 URBANI
2095 366 2151 429 II
2194 367 2449 432 ΡΑΡΑΞ.

333 501 632 583 integrum
664 497 878 593 referre
905 496 1220 568 visumest,
1256 496 1456 593 addita
1467 495 1670 593 reteri
1699 496 1992 593 notitiade
2019 500 2076 568 Α
2106 501 2376 582 monachi
2401 503 2598 560 Sancti
2627 503 2842 589 Albini,
2868 505 2926 562 in
2956 505 3203 589 epistola
3219 507 3600 593 encyclicade
3621 507 3756 593 ejus

337 589 564 663 aliquot
585 587 845 661 juribue,
875 600 1006 659 quas
1036 601 1106 643 ea
1129 585 1440 644 occasione
1467 584 1634 658 Hugo
1681 585 1755 640 de
1784 585 1991 642 Calvo-

336 680 536 735 monte
569 693 750 749 supra
779 673 1058 732 laudatus
1079 673 1435 730 monasterio
1459 669 1652 740 cessit,
1685 663 1994 730 celebrita-
2025 718 2027 721 .

332 771 463 824 tem.
482 778 620 823 vero
639 765 769 837 ejus
799 762 1186 822 dedicationis
1213 765 1506 821 testantur
1532 762 1698 820 varia
1724 761 1991 834 ejusdem

336 855 452 913 loci
474 855 888 922 instrumenta,
923 868 1053 924 quae
1079 851 1152 908 ab
1187 867 1337 908 anno
1369 867 1484 924 quo
1515 850 1668 906 facta
1703 849 1832 920 fuit,
1857 850 1993 906 data

335 943 632 1001 dicuntur.
661 943 878 999 Farunt
908 945 1048 996 tunc
1073 939 1406 1013 pontificem
1423 939 1484 996 in
1515 939 1772 1012 capitulo
1793 954 1993 997 mona-

334 1033 581 1092 chorum
611 1031 948 1106 ingressum
975 1046 1111 1086 cum
1141 1029 1214 1086 iis
1235 1028 1484 1098 sedisse,
1513 1045 1584 1085 ac
1609 1028 1764 1084 facta
1791 1027 1993 1084 exhor-

331 1120 572 1190 tatione,
591 1119 806 1180 iisdem
823 1117 1252 1176 absolutionem
1267 1134 1370 1196 pro
1401 1133 1565 1174 more
1593 1116 1829 1174 illorum
1850 1120 1993 1174 tem-

332 1207 546 1285 perum
576 1207 948 1284 impertiisse.

403 1299 548 1360 Cum
577 1299 782 1374 itaque
807 1313 910 1378 per
932 1295 1060 1353 dies
1077 1299 1301 1370 septem
1321 1299 1380 1352 et
1407 1293 1690 1370 amplius,
1719 1291 1990 1352 Urbanus

337 1387 678 1464 frequenter
705 1385 858 1443 beati
889 1383 1124 1441 Martini
1149 1383 1456 1449 ecclesiam
1487 1383 1804 1452 invisisset,
1826 1383 1922 1440 die
1944 1401 1985 1440 ιι

328 1475 467 1534 Idus
498 1474 690 1536 Martii
750 1475 810 1530 in
853 1475 980 1546 ejus
1031 1473 1252 1529 castello
1309 1471 1566 1532 existens
1625 1477 1982 1546 praeceptum

215 1569 222 1574 ’
329 1563 508 1634 dedit,
540 1563 880 1640 quomodus
901 1561 962 1618 in
993 1560 1441 1618 eambasilicam
1472 1559 1984 1634 suscipiendorum

329 1649 660 1728 apostolica
691 1651 849 1712 sedis
895 1649 1224 1727 legatorum
1273 1649 1616 1719 ordinatur;
1671 1653 1729 1706 et
1758 1649 1898 1722 quia
1925 1649 1986 1705 in

330 1738 688 1815 quibusdam
721 1739 988 1812 ejusdem
1002 1737 1268 1796 Ecclesia
1285 1737 1608 1813 privilegiis
1637 1754 1987 1794 concessum

2101 594 2308 660 morte,
2340 607 2520 664 quam
2551 582 2800 652 dimisso
2825 582 3190 680 episcopatu.
3219 585 3548 680 monachus
3589 583 3760 654 inter
3785 671 3796 678 .

2101 694 2202 736 eos
2231 680 2422 737 factus
2453 681 2639 739 subiit
2665 700 2817 740 anno
2849 685 3008 742 1123.
3321 735 3326 740 .
3397 691 3403 694 ’

2173 769 2335 824 Inter
2358 769 2504 827 alias
2531 787 2666 828 vero
2687 789 2895 830 causas
2928 790 3056 847 quae
3084 773 3168 831 ibi
3215 774 3444 848 agitatae
3491 774 3758 844 ﬁlerunt,

2100 855 2346 940 celebris
2393 859 2685 917 restitutio
2732 851 2823 918 est
2869 856 3358 920 Glannafoliensis
3405 851 3758 920 monasterii

2099 945 2159 1002 s.
2192 945 2378 1003 Mauri
2410 947 2469 1004 in
2487 942 2795 1022 pristinam
2815 941 3164 1019 libertatem,
3182 942 3362 1029 quam
3391 951 3444 1029 ei
3474 953 3548 1010 ab
3575 939 3759 1010 annis

2097 1035 2414 1109 plusquam
2443 1030 2716 1096 ducentis
2732 1039 3106 1098 Fossatenses
3123 1027 3362 1098 abbates
3383 1027 3752 1099 ademerant.

2097 1123 2239 1196 Ejus
2269 1123 2351 1182 rei
2393 1121 2669 1185 meminit
2721 1117 2929 1186 auctor
2977 1130 3248 1188 Chro'nioi
3303 1119 3752 1201 Malleacensisi

2098 1211 2303 1270 Petrus
2333 1213 2624 1273 Diaconus
2651 1215 2802 1274 libro
2824 1234 2884 1275 I-v
2908 1218 3178 1276 Chronici
3207 1211 3540 1278 Casine'nsis
3582 1207 3756 1278 addit
3791 1234 3797 1242 '

2096 1299 2528 1360 Giannafolium
2585 1322 2655 1362 ea
2703 1299 3021 1364 occasione
3067 1296 3317 1381 principi
3388 1298 3754 1367 monasterio

2097 1389 2266 1446 Casin
2273 1392 2420 1460 ensi,
2451 1397 2518 1450 ut
2530 1411 2762 1469 semper
2781 1400 2914 1453 ante
2926 1397 3202 1454 Fossaten
3209 1397 3364 1455 sium
3381 1397 3750 1456 invasionem

2096 1479 2303 1550 fuerat,
2336 1481 2520 1539 fuisse
2548 1485 2926 1553 restitutum;
2979 1474 3080 1542 sed
3131 1502 3302 1542 nemo
3346 1485 3560 1544 melius
3589 1486 3758 1544 hanc

2095 1583 2221 1626 rem
2251 1571 2518 1644 exposuit
2531 1589 2710 1645 quam
2739 1573 2866 1646 ipse
2881 1573 3154 1639 Urbanus
3165 1563 3226 1631 in
3245 1565 3474 1632 duabus
3485 1564 3755 1635 bullisea

2095 1658 2167 1715 de
2198 1675 2261 1716 re
2289 1659 2479 1717 datis:
2502 1661 2694 1733 prima
2720 1662 2975 1720 Gerardo
2995 1652 3159 1721 novo.
3177 1662 3374 1722 abbati
3416 1660 3707 1740 inscripta
3732 1683 3748 1734 ;
3781 1656 3790 1661 ’

2095 1745 2281 1804 altera
2331 1748 2622 1807 Orderisio
2681 1751 2877 1808 abbati
2935 1745 3259 1822 Casinensi,
3299 1753 3394 1810 cui
3449 1754 3750 1812 restitutio

325 1831 486 1932 ejus.
516 1829 814 1938 cangpicis
871 1832 996 1892 erat
1030 1829 1336 1938 proprium
1391 1827 1589 1938 hjab-ere
1641 1829 1981 1938 episcopum,
2011 1871 2070 1938 Β
2093 1837 2251 1938 facta
2278 1837 2408 1938 fuit.
2436 1839 2614 1938 Inihis
2629 1840 2810 1938 bullis
2825 1831 3216 1916 quadraginta
3244 1846 3497 1916 quatuor
3514 1843 3745 1914 Patres,

326 1917 578 2008 sancivit
631 1917 930 2008 Urbanus,
989 1920 1053 1977 ut
1081 1919 1200 1990 ejus
1230 1918 1364 2008 pice
1410 1917 1685 1990 deinceps
1742 1917 1982 1972 Romano
2011 1917 2060 1938 ”
2091 1917 2520 2000 archiepiscopi
2544 1919 2766 1986 scilicet
2794 1929 3072 2002 episcopi,
3107 1935 3165 1987 et
3205 1931 3448 2008 abbates
3491 1931 3746 1988 concilio

325 2005 641 2083 specialiter
689 2005 1028 2064 adhesrcrent
1079 2007 1329 2080 pontiﬁci
1354 2009 1408 2062 et
1457 2008 1738 2077 graviores
1793 2021 1984 2094 eorum
2090 2015 2417 2073 Turonensi
2469 2015 2808 2075 interfuisse
2866 2018 3161 2088 dicuntur,
3226 2007 3442 2094 quibus
3495 2021 3570 2078 de
3627 2013 3746 2078 hoc

325 2114 503 2160 causa?
520 2098 638 2171 ejus
660 2095 962 2170 penderent
988 2095 1222 2168 judicio.
1283 2096 1472 2168 Atque
1529 2093 1640 2152 hac
1677 2093 1983 2152 accnSione
2089 2103 2321 2178 negotio
2351 2105 2574 2178 aliquid
2605 2107 2828 2180 absque
2857 2113 3131 2166 accurato
3143 2093 3408 2166 examine
3437 2113 3494 2167 et
3521 2105 3745 2168 delibe-

325 2185 421 2248 hio
449 2186 662 2246 referre
684 2186 862 2258 juvat
889 2185 1044 2258 quod
1070 2183 1130 2272 in
1159 2183 1337 2272 veteri
1368 2200 1480 2240 ms.
1515 2183 1645 2241 cod.
1678 2183 1894 2256 legitur
1909 2183 1981 2240 de
2087 2193 2312 2250 ratione
2342 2198 2574 2251 matura
2601 2195 2998 2268 pronuntiare,
3047 2198 3236 2256 fuerat
3282 2197 3488 2272 religio
3513 2213 3526 2256 :
3580 2200 3742 2257 unde
3773 2209 3780 2214 '

325 2274 548 2332 catenis
597 2273 828 2341 ferreis,
889 2289 1015 2346 quae
1071 2271 1364 2361 hodieque
1421 2277 1674 2361 quatuor
1725 2273 1982 2361 majolfes
2087 2298 2222 2338 cum
2253 2286 2457 2356 postea
2486 2283 2922 2342 Fossatensium
2953 2286 3330 2361 instigatione
3377 2271 3582 2344 contra
3627 2281 3776 2345 hoc'

327 2363 636 2423 columnas
665 2361 826 2420 chori
858 2362 989 2434 ejus
1017 2359 1273 2418 basilicae
1302 2377 1484 2441 prope
1514 2360 1794 2420 fornicem
1817 2359 1978 2418 colli-
2077 2371 2374 2444 judicium
2405 2372 2498 2430 Ivo
2523 2373 2896 2431 Carnotensis
2941 2359 3189 2448 epistola
3237 2376 3344 2433 459
3387 2376 3740 2434 Paschalem
3775 2369 3783 2376 ’

322 2467 460 2526 gare
519 2449 980 2526 conspiciuntur.
1033 2449 1130 2540 Sic
1186 2449 1402 2540 habet:
1457 2449 1982 2540 Πνὺᾳηιιςςᾲραραιι
2084 2461 2420 2534 pontiﬁcem
2445 2461 2896 2536 interpellasset,
2930 2463 3078 2520 nihil
3121 2465 3316 2540 potuit
3361 2463 3646 2536 obtinere,
3677 2471 3742 2524 et

321 2542 382 2597 in
407 2541 636 2618 signum
688 2540 912 2603 unionis
967 2539 1210 2612 episcopi
1251 2539 1472 2612 proprii
1495 2539 1660 2611 hujus
1717 2538 2012 2612 Ecclesiae

303 2631 560 2693 -Romano
583 2627 836 2704 pontiﬁci
861 2635 914 2685 et
940 2628 1200 2686 Ecclesiae
1241 2629 1528 2696 Romanae,
1567 2631 1802 2702 quatuor
1823 2641 1976 2700 prm-

319 2719 510 2795 cipuas
534 2712 692 2776 chori
717 2716 960 2792 ejusdem
987 2717 1252 2787 Ecclesia.
1273 2716 1556 2774 columnas
1605 2718 1811 2773 catenis
1838 2733 1973 2789 qua-

322 2809 446 2864 tuor
489 2807 684 2879 ferreis
741 2806 890 2876 cingi
936 2805 1129 2879 jussit.
1192 2803 1255 2860 In
1303 2803 1587 2862 Chronico
1646 2804 1973 2866 Turonensi

322 2894 536 2955 dicitur
566 2893 719 2960 idem
749 2895 1006 2968 pontifex
1027 2911 1131 2968 per
1156 2893 1277 2950 dies
1305 2901 1507 2966 septem
1535 2901 1587 2949 et
1613 2908 1674 2949 eo
1711 2891 1970 2964 amplius,

321 2989 388 3041 ut
408 2985 536 3060 jam
549 2981 1312 3054 dhimusﬂnvigissesancti
1343 2981 1578 3038 Martini
1609 2981 1969 3054 sepulcrum,

320 3089 387 3130 ac
415 3077 682 3148 receptus
719 3069 1001 3146 'quotidie
1057 3069 1403 3131 solemniter
1458 3070 1642 3128 fuisse
1697 3069 1758 3124 in
1803 3075 1971 3144 porta

317 3161 671 3220 thesaurarii
702 3177 738 3225 θ,
765 3160 919 3217 clero
949 3161 1216 3236 ejusdem
1247 3158 1525 3216 ecclesia.

2085 2551 2588 2609 Glannafolienses
2617 2551 2934 2626 deincepsa
2957 2553 3543 2630 Fossatensiumjugo
3563 2555 3738 2612 liberi

2085 2641 2264 2698 fuere.
2297 2641 2522 2717 corpus
2571 2644 2768 2698 tamen
2829 2643 3016 2700 sancti
3058 2644 3245 2701 Mauri
3275 2643 3336 2700 in
3395 2644 3734 2702 Fossatensi

2083 2731 2436 2787 monasterio
2467 2733 2760 2788 retentum
2791 2736 2900 2802 est,
2932 2733 3090 2806 quod
3121 2733 3258 2790 inde
3287 2733 3509 2792 sensim
3539 2735 3731 2792 sancti

2081 2820 2267 2876 Mauri
2298 2836 2510 2876 nomen
2543 2820 2780 2894 accepit,
2799 2820 3090 2895 hodieque
3102 2823 3330 2894 retinet;
3363 2813 3596 2880 duabus
3614 2819 3734 2883 eir-

2081 2908 2224 2965 citer
2251 2907 2432 2965 leucis
2463 2925 2498 2964 a
2518 2909 2876 2966 Parisiorum
2907 2911 3053 2967 urbe
3081 2909 3379 2982 dissitum,
3421 2909 3732 2969 monachis

2075 2997 2137 3054 in
2167 2997 2476 3054 canonicos
2507 2999 2818 3055 conversis.

2145 3105 2355 3161 Actum
2385 3105 2563 3160 etiam
2619 3103 2732 3162 fuit
2767 3105 2831 3163 in
2889 3106 3110 3179 synodo
3142 3105 3244 3162 illa
3297 3106 3626 3164 Turonensi
3654 3107 3730 3165 de

2078 3193 2504 3250 Cermaricensi
2563 3195 2940 3264 monasterio,
2995 3196 3152 3268 quod
3199 3195 3418 3268 injuste
3445 3211 3483 3251 a
3537 3195 3731 3254 sancti

317 3265 1642 3358 cci-<1}:A,Gueiﬁsufsrwee:nikisine“
1655 3265 1973 3358 __#!s':‘ieis

2136 3241 2504 3250 --.....---....--
2563 3241 2940 3264 ..-..-------,
2997 3241 3152 3268 ,ι-ν..
3199 3241 3417 3268 --.δην
3446 3241 3483 3251 υ.
3537 3241 3724 3254 ........-.

2136 3283 2316 3340 iartini
2347 3282 2711 3356 subjectione
2739 3281 3008 3340 avulsum
3039 3285 3230 3341 fuerat
3257 3303 3270 3355 ;
3303 3301 3487 3358 quare
3529 3288 3724 3343 statu-

387 3338 716 3423 {iedgnensis
772 3339 1072 3423 episcppus.
1127 3336 1590 3423 Glannafolitensis
1648 3339 1973 3423 monasterii

388 3409 446 3466 S.
479 3409 658 3467 Mauri
687 3407 979 3475 restitutio.
1015 3407 1395 3466 Cormaricum
1433 3407 1489 3464 S.
1521 3410 1754 3464 Martino
1793 3425 1969 3466 asser-

389 3485 527 3566 tum.
820 3482 1057 3564 concilia
1101 3480 1474 3566 zzzterfuerin‘t.
1860 3481 1968 3536 Lu-

387 3551 1972 3708 amassetfaucesfauces

387 3697 782 3756 Bainsonense.
841 3693 1203 3766 Privilegium
1259 3693 1678 3752 Tetrarchz'ense.
1733 3693 1833 3750 Lis
1881 3695 1971 3752 Te-

387 3768 748 3825 trorchienses
775 3767 924 3821 inter
949 3767 1002 3821 et
1046 3767 1333 3822 canonicos
1377 3766 1788 3836 Andegavcnses
1825 3782 1972 3822 com-

379 3841 584 3911 posita.
643 3840 790 3894 Bolae
861 3836 1116 3908 fundalio
1183 3838 1524 3908 conﬁrmata.
1605 3839 1974 3908 Privilegium

383 3911 444 3966 S.
484 3909 754 3967 Vincentii
779 3909 964 3966 Metis.

385 3995 764 4055 Hebdomada
792 3996 1083 4070 sequenti,
1117 4013 1245 4069 qua
1272 3995 1446 4056 tertia
1463 4001 1591 4056 erat
1632 3997 1970 4070 Quadi-age-

325 4086 511 4156 sim,
541 4085 796 4144 dominus
809 4101 978 4158 papa,
1009 4089 1077 4144 ut
1105 4085 1283 4144 habet
1323 4085 1650 4153 Bertoldus,
1698 4085 1972 4160 synodum

320 4176 612 4238 celebrauit
627 4191 759 4232 eum
785 4175 1129 4232 diuersarum
1167 4177 1431 4248 episcopis
1471 4177 1888 4247 provinciarum
1910 4176 1976 4232 in

315 4267 536 4322 ciuitate
561 4264 877 4332 Turonensi,
916 4265 1014 4321 ubi
1043 4266 1244 4322 iterum
1295 4281 1523 4324 suorum
1555 4265 1972 4337 praeteritorum

317 4357 524 4413 statuta
539 4355 905 4412 cumilicrum
929 4353 1204 4424 generalis
1232 4353 1430 4427 synodi
1457 4355 1774 4412 assensione
1819 4355 1974 4413 rabo-

313 4443 479 4500 rcuit.
511 4442 673 4500 Idem
699 4443 881 4500 habet
911 4441 1221 4500 Ordericus
1268 4441 1480 4500 Vitalis
1525 4441 1692 4500 initio
1747 4441 1884 4503 libri
1913 4458 1972 4503 ιι

315 4531 474 4605 quod
505 4531 824 4590 aemilium
853 4532 914 4588 in
933 4533 1260 4590 monasterio
1305 4530 1493 4588 Sancti
1543 4531 1770 4590 Martini
1824 4530 1973 4589 cele-

2077 3375 2208 3428 tum
2235 3375 2346 3442 est,
2377 3375 2444 3428 ut
2467 3371 2956 3441 eirestitueretur,
2974 3376 3032 3428 et
3046 3377 3112 3429 ut
3138 3367 3436 3448 deinceps,
3449 3373 3727 3432 defuncto

2079 3461 2288 3518 abbate
2317 3461 2762 3531 Cormaricensi,
2821 3462 2950 3534 ejus
3005 3462 3253 3521 baculus
3299 3480 3479 3536 supra
3537 3465 3735 3522 sancti

2079 3549 2313 3607 Martini
2338 3549 2675 3624 sepulcrum
2705 3551 3112 3624 deponeretur,
3145 3568 3320 3624 quem
3352 3551 3560 3610 exinde
3589 3569 3738 3616 cont-

2076 3641 2240 3697 mum‘
2261 3639 2455 3697 decani
2477 3641 2529 3696 et
2555 3640 2790 3712 capituli
2805 3641 2990 3712 jussu,
3017 3640 3118 3712 qui
3147 3657 3452 3698 successor
3469 3641 3736 3714 legitime

2078 3729 2298 3786 electus
2329 3728 2505 3787 fuerit
2534 3727 2834 3802 reciperet,
2851 3732 3164 3802 antequam
3187 3731 3260 3786 ab
3293 3729 3734 3804 archiepiscopo

2079 3819 2166 3875 T-u
2175 3817 2409 3874 ronensi
2437 3817 2499 3873 in
2525 3817 2795 3874 abbatem
2807 3817 3101 3874 secundum
3111 3835 3451 3876 communem
3475 3819 3736 3878 Ecclesia

2079 3907 2521 3964 consuetudinem
2549 3907 3004 3964 benediceretur.
3032 3907 3164 3964 Haec
3201 3909 3392 3964 fusius
3438 3907 3737 3965 habentur

2079 3995 2140 4051 in
2171 3995 2333 4052 bulla
2360 3994 2602 4063 Urbani,
2631 4011 2700 4053 ea
2731 3996 2804 4053 de
2834 4013 2895 4052 re
2925 4000 3060 4070 post
3075 3996 3302 4070 aliquot
3331 3996 3457 4054 dies
3482 3996 3735 4054 Pictavis

2081 4085 2238 4154 data,
2272 4100 2342 4142 ex
2369 4101 2484 4158 qua
2509 4084 2665 4144 sicut
2685 4089 2746 4142 et
2773 4102 2844 4142 ex
2871 4085 3051 4144 veteri
3081 4085 3475 4147 instrumento
3498 4085 3736 4144 dedica-

2079 4172 2260 4231 tionis
2289 4171 2544 4231 ecclesias
2563 4173 3202 4246 Majoris-Monasterii,
3224 4175 3383 4248 quod
3405 4191 3586 4248 supra
3604 4173 3740 4247 lau-

2081 4262 2374 4332 davimus,
2391 4262 2683 4322 habentur
2703 4263 2944 4324 nomina
2955 4261 3180 4336 aliquot
3203 4264 3611 4337 episcoporum
3633 4265 3742 4338 qui

2081 4351 2218 4411 huic
2247 4351 2492 4409 concilio
2521 4351 2858 4408 interfuere.
2878 4353 2951 4408 At
2978 4369 3084 4409 nec
3100 4352 3204 4420 ibi,
3235 4369 3342 4411 nec
3372 4351 3434 4409 in
3456 4351 3568 4421 alio
3589 4371 3741 4427 quo-

2081 4440 2239 4516 piam
2268 4441 2447 4502 veteri
2477 4445 2860 4503 monumento
2891 4441 3144 4514 reperire
3173 4441 3340 4506 licuit
3369 4459 3583 4513 nomen
3602 4441 3742 4503 Ber-

2083 4531 2253 4588 nardi
2282 4529 2544 4588 Toletani
2575 4529 3020 4602 archiepiscopi,
3049 4547 3225 4604 quem
3255 4535 3454 4598 tamen
3475 4533 3548 4590 ad
3578 4531 3737 4603 hanc

313 4620 746 4682 bratumfuisse
763 4620 1020 4679 afﬁrmat
1041 4618 1524 4678 auctor'Ghronici
1547 4620 1969 4682 Malleacensis.
2005 4609 2052 4677 D
2081 4620 2370 4694 synodum
2412 4619 2642 4678 venisse
2689 4618 2956 4677 nonnulli
3009 4619 3362 4686 recentiores
3405 4619 3630 4686 volunt.
3659 4621 3740 4692 Et

313 4714 402 4768 An
431 4715 632 4770 autem
663 4711 796 4768 novi
826 4709 887 4767 in
917 4727 986 4768 eo
1006 4725 1263 4768 canones
1292 4709 1512 4766 conditi
1529 4709 1768 4780 fuerint,
1787 4711 1973 4768 incer-

218 4847 232 4858 .
316 4805 466 4870 tum,
499 4817 636 4858 eum
667 4815 966 4872 nusquam
995 4799 1102 4856 ulli
1131 4797 1524 4869 inveniantur;
1572 4803 1725 4860 eteo
1772 4801 1970 4859 animo

315 4889 695 4962 potissimum
725 4907 760 4948 a
790 4887 1064 4962 pontiﬁce
1081 4887 1439 4946 celebratum
1464 4887 1642 4945 fuerit
1657 4889 1814 4947 istud
1834 4906 1970 4948 con-

317 4976 543 5048 cilium,
576 4981 644 5035 ut
672 4975 1139 5050 praecedentibus
1170 4977 1410 5050 synodis
1439 4977 1618 5034 robur
1672 4978 1970 5051 adjiceret.

314 5065 493 5124 Varia
522 5071 721 5124 tamen
779 5066 838 5122 in
889 5083 958 5122 eo
1013 5066 1244 5139 negotia
1301 5071 1624 5138 petractata
1678 5068 1882 5140 fuisse,
1915 5073 1972 5126 et

319 5172 528 5212 causas
555 5155 761 5212 finitas
788 5171 860 5212 ex
873 5155 1169 5212 veteribus
1180 5156 1586 5214 auctoribuset
1612 5157 1969 5216 instrumen-

316 5245 396 5300 tis
421 5243 736 5302 discimus.
769 5241 878 5299 Ubi
909 5243 1087 5301 etiam
1118 5244 1456 5312 Marbodus,
1479 5250 1544 5304 ut
1571 5263 1642 5304 ex
1671 5246 1970 5307 Chartario

319 5333 517 5391 Sancti
591 5332 784 5390 Albini
859 5333 1121 5392 referunt
1175 5333 1615 5394 Sammorthani
1665 5334 1728 5394 in
1784 5335 1972 5395 Gallia

319 5421 669 5490 Christiana,
691 5437 762 5479 ex
788 5421 1192 5496 Andegavensi
1217 5423 1626 5484 archidiacono
1659 5423 1972 5498 episcopus

320 5511 708 5582 Redonensis,
739 5511 937 5570 electus
964 5529 999 5568 a
1025 5513 1320 5572 rwerendo
1337 5530 1485 5586 papa
1526 5513 1740 5572 Urbano
1769 5516 1831 5569 in
1872 5513 1972 5570 Tu-

317 5605 541 5663 ronensz'
561 5601 798 5660 concilio
823 5602 1166 5661 sanctissimo
1188 5605 1334 5663 sedis
1361 5605 1675 5678 apostolica:
1697 5603 1970 5671 Ecclesiae,

318 5696 596 5760 mune
615 5693 728 5766 Deo
757 5689 1043 5760 culinam
1069 5697 1148 5756 est
1169 5694 1446 5771 pontifex.
1478 5693 1639 5756 Idem
1678 5696 1972 5755 testantur

2079 4710 2316 4784 quidem
2348 4708 2612 4768 interfuit
2639 4724 2842 4768 mense
2869 4708 3048 4766 Junio
3073 4709 3340 4782 sequenti
3377 4709 3738 4776 dedicationi

2078 4799 2332 4858 ecclesiae
2363 4798 2562 4856 Sancti
2593 4797 2894 4858 Saturnini
2927 4798 3081 4871 apud
3111 4797 3408 4868 Tolosam,
3439 4803 3499 4864 et
3529 4814 3738 4866 mense

2076 4888 2233 4947 Julia
2263 4887 2508 4945 concilio
2539 4886 2948 4955 Nemausensi,
2976 4887 3060 4944 uti
3101 4887 3228 4944 suis
3268 4886 3412 4946 locis
3442 4888 3734 4946 dicemus.

2077 4979 2247 5034 Certe
2277 4993 2414 5034 cum
2441 4975 2604 5033 nulla
2633 4976 2962 5040 habeantur
2993 4977 3123 5048 ejus
3151 4977 3382 5044 concilii
3423 4982 3614 5051 gesta,
3650 4977 3736 5034 nil

2079 5067 2298 5122 mirum
2329 5065 2377 5123 si
2410 5064 2829 5138 plerorumque
2858 5081 3065 5121 eorum
3097 5065 3340 5134 nomina
3393 5065 3740 5140 ignoremus

2079 5154 2179 5228 qui
2209 5155 2326 5210 huc
2357 5170 2694 5223 convenere,
2722 5153 2825 5226 qui
2857 5153 3013 5213 enim
3037 5154 3158 5210 noti
3185 5159 3344 5224 sunt,
3389 5155 3447 5219 id
3471 5171 3632 5223 casu,
3651 5159 3740 5225 ,ιιι

2079 5243 2400 5317 plurimum
2433 5244 2655 5302 factum
2686 5247 2795 5300 est.
2827 5243 2922 5300 Sic
2947 5242 3333 5310 Benedictum
3376 5243 3736 5314 Namnetes-

2080 5350 2204 5393 sem
2258 5333 2605 5402 antistitem,
2665 5336 2726 5389 et
2781 5331 3147 5406 Reynaldum
3203 5333 3479 5400 abbatem
3531 5332 3734 5398 Sancti

2078 5423 2348 5496 Cypriani
2370 5427 2512 5484 tunc
2543 5420 2794 5480 Turonis
2823 5421 3116 5480 exstitisse
3144 5421 3428 5482 discimus
3445 5420 3639 5479 solum
3658 5437 3736 5482 ex

2079 5513 2206 5586 ejus
2236 5512 2495 5586 episcopi
2523 5510 2838 5571 donatione
2859 5519 2982 5571 tum
3013 5512 3166 5568 facta
3181 5512 3393 5581 Sancto
3417 5510 3733 5584 Cypriane,

2079 5603 2248 5678 cujus
2269 5601 2602 5662 donationis
2630 5601 2902 5658 notitiam
2933 5601 2995 5658 in
3015 5601 3354 5676 Appendice
3383 5599 3681 5673 dabimus.

2147 5694 2366 5756 Eodem
2398 5691 2570 5754 modo
2613 5706 2687 5754 ex
2709 5689 2877 5758 bulla
2921 5690 3160 5764 Urbani,
3191 5708 3320 5768 quas
3368 5691 3429 5752 in
3477 5689 3742 5772 gratiam,
