3962 6354
103 404 243 481 ,ογ

1697 416 1907 479 VITA.

3381 406 3523 486 202”

106 550 350 623 Hugonis
386 536 802 623 Lugdunensis
835 550 1089 622 episcopi
1124 532 1283 605 anno
1300 549 1439 603 1099
1465 549 1598 605 data
1629 552 1738 618 est,
1771 549 1824 616 Α
1857 551 2012 622 apud
2042 553 2381 626 Andegavos
2410 555 2728 629 approbata
2754 557 2961 613 fuerat.
2994 530 3121 623 Qua
3149 530 3385 629 quidem
3408 538 3501 625 die

106 639 256 695 nobis
283 637 475 711 liquet
494 637 652 695 hunc
679 638 1303 717 antistitemquerelas
1332 639 1404 694 ad
1435 638 1591 694 istud
1612 655 1744 693 con-

106 727 287 783 cilium
320 727 539 783 iterum
569 727 853 784 detulisse
881 728 1160 783 adversus
1194 726 1532 782 Ricberium
1564 731 1741 782 Reno-

104 831 328 872 nensem
347 814 890 887 metropolitanum,
904 815 1134 872 decreto
1155 816 1228 870 de
1241 815 1495 886 primatu
1518 815 1676 885 Lugd
1687 832 1745 869 u-

103 904 253 960 nensi
282 904 339 959 in
362 912 537 960 suam
562 902 877 960 Ecclesiam
899 903 1134 959 obedire
1160 903 1352 959 adhuc
1371 902 1739 959 detrectanti.

162 1013 229 1066 At
258 1009 546 1067 falluntur
571 1010 613 1065 ii
645 1009 745 1082 qui
777 1011 941 1065 aiunt
969 1009 1306 1082 Philippum
1342 1026 1529 1082 regem
1564 1025 1631 1065 eo
1683 1008 1740 1064 in

107 1099 331 1157 concilio
361 1098 439 1155 ab
496 1099 1096 1156 exeommunicatione
1150 1097 1487 1154 absolutum
1538 1098 1738 1165 fuisse,

106 1204 225 1243 cum
245 1192 474 1243 certum
496 1186 849 1259 sitexipsius
872 1187 1084 1243 Urbani
1109 1186 1357 1259 epistola
1371 1202 1546 1258 quam
1570 1186 1740 1258 paulo

104 1280 223 1349 post
242 1276 312 1332 ad
335 1276 595 1332 Francize
617 1275 921 1349 episcopos
944 1276 1329 1348 conscripsit;
1345 1275 1402 1330 id
1437 1280 1578 1330 tunc
1608 1279 1740 1331 ten-

104 1372 211 1421 tare
235 1364 477 1437 quidem
508 1363 763 1421 voluisse
799 1364 1023 1437 aliquot
1051 1364 1383 1421 Gallicanos
1413 1364 1738 1436 episcopos,

105 1455 193 1510 sed
210 1453 291 1510 eis
312 1470 451 1509 cum
480 1453 753 1527 pontifice
774 1454 1061 1510 restitisse
1081 1454 1262 1525 hujus
1284 1452 1489 1527 synodi
1520 1454 1736 1509 Patres.

103 1543 442 1599 Conﬁrmata
472 1542 651 1598 etiam
683 1542 763 1597 ibi
802 1542 911 1598 fuit
938 1542 1462 1599 excommunicatio
1487 1542 1739 1614 jampri-

104 1632 219 1688 dem
236 1631 352 1688 lata
372 1632 433 1686 in
461 1630 741 1686 Eblonem
762 1631 1090 1687 invasorem
1113 1631 1367 1687 GOClBSllB
1391 1632 1450 1685 S.
1477 1631 1541 1687 G'
1558 1630 1737 1702 egorii

104 1718 292 1776 insulae
320 1718 610 1793 Oleronis,
644 1736 770 1792 quae
818 1721 889 1775 ad
936 1719 1388 1776 Vindocinenses
1421 1719 1738 1775 monachos

105 1809 434 1881 pertinebat;
457 1809 630 1879 cujus
652 1809 732 1865 rei
752 1812 959 1865 testem
984 1807 1329 1864 adducimus
1358 1806 1734 1863 Guillelmum

106 1899 449 1954 Pictavorum
486 1898 758 1953 comitem
791 1898 848 1952 in
882 1914 1032 1970 saepe
1063 1896 1299 1952 laudato
1325 1896 1735 1963 instrumento,
1769 1904 1816 1970 Β

106 1987 241 2058 quod
272 1986 564 2042 referetur
587 2002 692 2043 suo
719 1985 866 2042 loco.
1212 2012 1223 2027 -

167 2076 260 2131 Die
287 2092 389 2131 xm
421 2073 718 2130 Kalendas
742 2073 970 2147 Aprilis,
996 2072 1052 2130 id
1087 2078 1173 2130 est
1194 2075 1265 2129 2O
1299 2073 1514 2140 Martii,
1549 2073 1739 2145 ponti-

108 2165 186 2219 fex
210 2163 555 2221 monasterii
600 2162 1036 2227 Bainsonensis,
1068 2164 1220 2236 quod
1268 2163 1421 2219 haud
1474 2161 1675 2234 procul
1707 2179 1742 2218 a

110 2252 422 2327 castellione
486 2269 666 2324 supra
720 2253 1046 2326 Mat_ronam
1103 2253 1281 2308 situm
1317 2256 1374 2307 et
1429 2256 1737 2324 parentum

107 2358 322 2398 suorum
353 2342 719 2411 hereditate,
745 2341 836 2398 sui
856 2341 1012 2413 juris
1052 2358 1180 2398 esse
1214 2341 1375 2411 dicit,
1406 2339 1740 2396 libertatem

109 2432 361 2505 rescripto
394 2430 715 2504 apostolico
744 2431 1033 2497 asseruit;
1078 2448 1194 2502 qua
1243 2431 1415 2485 etiam
1469 2429 1598 2501 ipsa
1647 2430 1739 2484 die

108 2518 242 2575 aliud
292 2520 673 2594 privilegium
727 2519 1017 2577 concessit
1071 2520 1238 2575 Petro
1291 2518 1738 2575 Trenorchiensi

112 2608 305 2677 abbati,
328 2609 499 2683 quod
524 2612 657 2681 post
680 2609 1184 2665 confirmationem
1208 2610 1335 2680 ejus
1357 2607 1465 2663 loci
1490 2614 1544 2663 et
1569 2609 1741 2663 bono-

113 2713 221 2752 rum
250 2701 303 2752 et
361 2696 803 2770 possessionum
859 2697 1068 2753 asserit
1117 2696 1303 2751 eidem
1363 2697 1736 2763 monasterio,

111 2782 253 2852 juxta
309 2784 467 2856 quod
514 2783 574 2838 in
608 2783 734 2856 ipso
766 2783 1093 2839 Turonensi
1141 2783 1386 2839 concilio
1410 2782 1739 2854 judicatum

117 2872 298 2942 fuerat,
314 2872 465 2928 duas
488 2870 763 2929 ecclesias
783 2871 1078 2937 Lausduni
1104 2870 1268 2939 sitas,
1296 2888 1444 2942 quas
1471 2871 1739 2937 monachi

115 2958 285 3015 Sancti
309 2959 590 3016 Florentii
622 2960 712 3015 sui
724 2960 879 3032 juris
901 2977 1028 3015 esse
1059 2961 1507 3015 contendebant.
1532 2960 1742 3015 Przeter

119 3045 245 3104 hanc
265 3048 490 3104 bullam
515 3052 703 3105 exstat
722 3066 789 3104 ea
810 3049 880 3104 de
913 3066 970 3113 re
993 3053 1158 3104 vetus
1188 3048 1648 3118 instrumentum
1682 3048 1740 3104 in

121 3137 541 3206 probationibus
588 3136 849 3193 Historiae
907 3137 1385 3193 Trenorchiensis
1442 3154 1509 3192 ex
1564 3138 1742 3193 veteri

121 3227 424 3298 apographo
446 3244 483 3282 a
504 3225 791 3281 Chiffletio
822 3226 1067 3294 editum,
1101 3227 1256 3281 unde
1277 3225 1523 3281 habetur
1556 3243 1738 3282 unum

121 3312 272 3384 hujus
288 3313 496 3387 synodi
518 3314 837 3382 decretum,
856 3313 1398 3389 aliasincognitum.
1428 3316 1539 3369 Hoc
1571 3332 1740 3386 porro

126 3400 620 3476 Urbanijudicium
644 3403 1007 3458 conﬁrmavit
1024 3402 1281 3459 Calixlus
1299 3403 1344 3458 II
1362 3403 1420 3457 in
1444 3403 1740 3476 privilegio

123 3491 250 3560 quod
273 3509 421 3549 anno
445 3494 591 3547 1122
610 3491 891 3547 Frauconi
933 3492 1127 3547 abbati
1156 3490 1405 3546 indulsit
1434 3492 1504 3546 ab
1537 3492 1738 3547 eodem

124 3578 378 3636 Chifﬂetio
398 3581 621 3637 ibidem
654 3596 786 3653 pag.
818 3582 924 3636 409
953 3581 1194 3636 editum.

182 3686 351 3743 Litem
383 3706 514 3761 quis
559 3687 711 3743 inter
741 3687 894 3743 idem
945 3688 1365 3743 monasterium
1417 3694 1473 3744 et
1520 3688 1741 3761 episco-

129 3790 245 3842 pum
274 3782 446 3851 atque
472 3776 788 3832 canonicos
819 3776 1072 3832 ecclesiae
1095 3776 1446 3833 cathedralis
1476 3778 1741 3849 Andcga-

129 3864 295 3921 vensis
323 3866 658 3922 vertebatur
688 3866 757 3921 de
796 3864 1148 3938 quibusdam
1188 3865 1365 3921 Doadi
1398 3866 1619 3922 castelli
1651 3884 1741 3922 ec-

131 3949 313 4023 clesiis,
333 3955 401 4011 ad
421 3955 714 4027 synodum
735 3954 1130 4010 Turonensem
1151 3955 1223 4010 ab
1239 3954 1468 4011 Urbano
1492 3955 1743 4012 delatam

133 4038 286 4096 fuisse
315 4041 594 4100 diximus.
627 4043 738 4099 Sed
772 4059 1088 4114 quemnam
1114 4043 1214 4098 illa
1234 4045 1453 4099 exitum
1477 4045 1748 4100 habuerit

133 4125 442 4187 discendum
499 4135 589 4187 est
638 4148 705 4186 ex
735 4131 933 4186 charta
988 4131 1263 4187 Gaufredi
1311 4133 1746 4206 Andcgavensis

135 4216 355 4291 episcopi
388 4238 566 4293 quam
591 4221 647 4274 in
678 4219 1154 4275 Trenorcbiensis
1178 4221 1441 4277 Historias
1458 4221 1748 4293 probatio-

137 4305 283 4362 nibus
311 4309 502 4365 videre
530 4308 685 4364 licet.
713 4307 774 4364 In
807 4325 873 4363 ea
897 4309 1093 4364 Patres
1115 4310 1380 4365 Turonos
1411 4309 1749 4367 convenisse

136 4390 378 4451 dicuntur
398 4414 595 4453 coram
618 4395 858 4469 Hugone
880 4396 1279 4471 Lugdunensi,
1307 4397 1554 4455 Rodulfo
1573 4399 1751 4454 Turo-

138 4484 298 4550 nensi,
326 4485 587 4542 Guidone
629 4485 981 4553 Viennensi,
1023 4485 1355 4542 Hildeberto
1405 4487 1747 4543 Bituricensi

141 4569 583 4648 archiepiscopis,
606 4573 872 4629 Brunone
891 4573 1206 4647 Signieusi,
1226 4573 1423 4630 Hoello
1438 4575 1753 4631 Cenoman-

142 4661 301 4728 nensi,
346 4662 654 4719 Guillelmo
703 4662 883 4717 electo
939 4664 1281 4718 Arverncnsi
1345 4663 1633 4737 episcopis
1690 4682 1755 4720 ac

142 4747 413 4805 Adalberto
438 4756 496 4808 et
509 4751 811 4807 Theutone
830 4751 1248 4822 cardinalibus,
1275 4752 1519 4825 aliisque
1543 4754 1755 4824 judici-

146 4832 233 4890 bus
254 4854 283 4891 a
300 4840 565 4911 pontiﬁce
590 4839 890 4913 delegatis,
913 4840 1012 4897 ubi
1038 4846 1168 4912 post
1190 4841 1378 4896 multa
1398 4842 1600 4897 hincet
1621 4843 1756 4898 inde

147 4921 310 4995 allata,
342 4946 470 4984 cum
524 4928 759 5001 judices
813 4929 1162 4984 sententiam
1205 4935 1401 4985 essent
1453 4931 1756 5003 prolaturi,

151 5008 322 5070 iisdem
341 5017 835 5074 intercedentibus
858 5017 1090 5089 utrique
1122 5017 1177 5072 in
1202 5018 1309 5072 hoc
1332 5021 1760 5075 concordarunt

154 5104 220 5163 nt,
240 5107 528 5162 reservatis
548 5104 816 5162 Ecclesiae
830 5107 1232 5180 Andegavensi
1248 5108 1603 5179 quibusdam
1614 5110 1763 5180 juri-

154 5185 242 5243 bus
268 5209 327 5248 ac
355 5196 651 5263 censibus,
673 5212 799 5266 quae
822 5195 881 5250 in
901 5194 1102 5251 charta
1122 5195 1471 5264 referuntur,
1493 5197 1762 5254 Ecclesiae

155 5273 305 5335 Doadi
320 5284 620 5340 monachis
640 5289 1026 5352 remanerent,
1043 5285 1101 5339 in
1127 5286 1363 5358 quibus,
1380 5292 1511 5358 post
1530 5288 1766 5343 canoni-

158 5380 327 5425 corum
363 5374 461 5446 qui
490 5373 572 5429 ibi
606 5377 950 5447 supererant
978 5373 1223 5442 obitum,
1283 5374 1601 5431 monachos
1634 5393 1765 5449 pos-

167 5460 272 5513 sent
299 5461 666 5519 substituere.

213 5544 299 5602 Die
318 5568 394 5606 xn
426 5550 720 5608 Kalendas
750 5551 960 5625 Aprilis
983 5553 1042 5610 in
1074 5555 1274 5610 eodem
1301 5553 1542 5610 concilio
1567 5556 1772 5610 conﬁr-

164 5641 293 5695 mata
320 5639 419 5697 fuit
450 5642 715 5700 fundatio
749 5644 1089 5699 monasterii
1121 5645 1391 5701 Rotensis
1432 5662 1608 5719 prope
1639 5647 1770 5701 Cre-

166 5722 390 5803 donium,
437 5748 586 5804 quas,
639 5735 701 5788 ut
734 5748 912 5805 supra
959 5734 1235 5801 diximus,
1277 5735 1405 5808 jam
1436 5736 1508 5792 ab
1538 5734 1772 5796 Urbano

434 5857 701 5926 Panos.
748 5857 892 5927 CLI.

1770 3267 1813 3334 C

1854 655 1981 710 quas
2012 641 2084 696 ob
2108 643 2320 714 ’sancti
2356 643 2649 700 Benedicti
2682 643 3055 700 festivitatem
3086 643 3328 702 celebris
3359 650 3501 717 erat,

1852 731 1917 782 ut
1929 728 1988 783 in
2005 730 2180 786 veteri
2201 730 2591 787 instrumento
2604 731 2819 804 legitur
2831 734 2983 807 apud
2998 732 3503 805 Sammarthanos,

1852 819 1910 871 et
1940 821 2097 873 tomo
2132 820 2181 875 ll
2229 819 2741 877 Miscellaneorum
2793 821 3035 888 Baluzii,
3066 824 3156 877 vir
3183 824 3506 895 apostolicus

1851 904 2197 963 devotissime
2225 910 2453 964 missam
2499 908 2828 965 celebravit.
2888 910 3001 965 Hac
3054 911 3195 967 item
3249 910 3381 983 ipsa
3408 910 3506 981 die

1851 994 2110 1065 pontifex
2133 996 2505 1070 privilegium
2524 998 2644 1053 Lan
2654 999 2782 1054 zoni
2795 998 2990 1054 abbati
3004 999 3197 1053 Sancti
3212 998 3505 1055 Vincentii

1850 1082 2006 1153 apud
2026 1084 2207 1141 Metas
2225 1086 2670 1159 concessit,quaa
2687 1088 2758 1152 ei,
2780 1088 3026 1159 ejusque
3041 1088 3501 1159 successoribus,

1850 1177 1983 1242 post
2010 1173 2298 1229 bonorum
2328 1192 2395 1230 ac
2441 1176 2883 1247 possessionum
2929 1176 3332 1245 assertionem,
3365 1170 3500 1233 con-

1850 1260 2070 1327 firmat,
2118 1266 2182 1316 ut
2230 1263 2474 1319 absente
2506 1265 2778 1338 episOOpo
2837 1264 3103 1333 Metensi,
3138 1265 3290 1321 sicut
3310 1266 3436 1338 jam
3471 1282 3505 1321 a

1850 1349 1975 1404 suis
1997 1351 2467 1408 antecessoribus
2500 1357 2787 1409 statutum
2820 1353 3031 1422 fuerat,
3076 1353 3257 1410 abbas
3306 1354 3502 1411 Sancti

1848 1436 2139 1494 Vincentii
2175 1439 2397 1495 festivis
2418 1434 2696 1497 diebusin
2720 1440 3040 1498 cathedrali
3072 1441 3235 1498 urbis
3257 1442 3503 1499 ecclesia

1849 1544 1984 1582 cum
2014 1526 2300 1585 sandaliis
2333 1535 2388 1585 et
2419 1529 2734 1586 dalmatica
2753 1530 3072 1587 missarum
3104 1530 3393 1587 solemnia
3412 1547 3499 1588 ce-

1848 1614 2072 1672 lebrare
2105 1617 2310 1689 possit.

1920 1704 2147 1761 CCLIII.
2186 1706 2419 1762 Concilii
2448 1708 2769 1834 Turoneegnsis
2810 1710 2960 1779 ﬁnis.
3007 1709 3272 1766 Solemnis
3295 1725 3423 1783 pro-
3528 1710 3543 1716 “

2576 1795 2605 1834 c
2660 1795 2759 1834 sio.

2576 1795 2759 1834 σεδειο.

1921 1864 2227 1937 Nusquam
2262 1881 2354 1921 me
2383 1864 2595 1940 legisse
2624 1868 2865 1923 memini
2898 1883 3015 1939 qua
3039 1868 3132 1924 die
3160 1866 3494 1925 absolutum

1848 1953 2018 2009 fuerit
2053 1955 2392 2010 Turonense
2422 1955 2754 2025 concilium,
2781 1954 3049 2029 quamvis
3076 1956 3272 2029 ipsum
3300 1958 3357 2012 in
3385 1960 3495 2013 ter-

1847 2044 1925 2098 tia
1996 2042 2441 2114 Quadragesimze
2497 2044 2835 2101 hebdomada
2888 2045 3071 2101 fuisse
3136 2044 3499 2103 celebratum

1847 2148 2051 2187 omnes
2090 2132 2474 2188 consentiant.
2520 2137 2613 2201 At,
2647 2133 2696 2189 si
2745 2150 2862 2190 non
2909 2132 3101 2206 fallor,
3152 2132 3497 2190 conclusum

1849 2220 1958 2275 fuit
1988 2220 2200 2276 celebri
2249 2220 2351 2277 illa
2406 2222 2778 2294 processione
2837 2240 3016 2296 quam
3072 2221 3249 2280 Fulco
3303 2238 3500 2279 comes

1853 2310 2304 2382 Andegavensis,
2358 2311 2459 2383 qui
2512 2328 2771 2383 praesens
2827 2313 3049 2378 aderat,
3111 2308 3393 2369 describit
3434 2311 3495 2365 in

1847 2400 2175 2471 fragmento
2197 2399 2462 2454 Historias
2473 2400 2597 2471 jam
2628 2400 2887 2469 laudato,
2921 2400 3014 2456 bis
3031 2399 3258 2457 verbis:
3292 2420 3319 2450 ‹‹
3334 2398 3498 2456 Datis

1846 2487 2158 2543 venerabili
2179 2487 2423 2543 concilio
2440 2489 2708 2557 decretis,
2742 2489 2998 2562 pontifex
3024 2490 3218 2545 media
3237 2488 3499 2553 Quadra-

1846 2576 2071 2648 gesima
2114 2580 2424 2631 coronatus
2454 2581 2562 2644 est,
2595 2582 2653 2631 et
2680 2593 2815 2632 cum
2849 2576 3095 2633 solemni
3126 2576 3498 2649 processione

1847 2666 1918 2719 ab
1950 2664 2193 2719 ecclesia
2224 2664 2417 2720 Sancti
2463 2664 2748 2732 Mauricii,
2783 2666 2912 2738 ipsa
2956 2670 3046 2721 est
3074 2664 3497 2738 archiepiscopi

1848 2753 2034 2817 sedes,
2096 2754 2167 2808 ad
2226 2752 2531 2809 ecclesiam
2590 2754 2744 2810 Beati
2777 2753 3007 2813 Martini
3038 2753 3343 2823 deductus,
3393 2754 3497 2809 ubi

1849 2841 1993 2896 mihi
2029 2840 2227 2896 florem
2251 2858 2516 2910 aureum,
2541 2858 2715 2915 quem
2748 2843 2808 2898 in
2831 2859 3010 2898 manu
3040 2841 3296 2915 gerebat,
3324 2842 3501 2898 dona-

1847 2931 1946 2997 vit,
1982 2928 2155 3002 quem
2183 2946 2288 3002 ego
2318 2930 2491 2986 etiam
2522 2932 2594 2988 ob
2619 2931 2961 2988 memoriam
2985 2935 3041 2988 et
3061 2946 3321 2987 amorem
3337 2929 3500 2987 illius

1849 3017 1909 3072 in
1942 3017 2196 3096 Osanna,
2233 3019 2290 3073 id
2351 3024 2440 3074 est
2469 3020 2528 3074 in
2582 3010 2955 3092 processione
3010 3018 3367 3087 Palmarum,
3412 3018 3500 3074 uti

1851 3107 2116 3179 conjicio,
2141 3124 2372 3181 semper
2404 3108 2548 3163 mibi
2581 3109 2843 3182 meisque
2874 3109 3318 3165 successoribus
3344 3108 3499 3164 defe-

1852 3196 2097 3250 rendum
2126 3196 2421 3251 constitui.
2442 3196 2766 3253 Chronicon
2790 3198 3130 3254 Turonense
3145 3197 3319 3253 refert
3341 3212 3503 3253 eum-

1854 3284 1984 3339 dem
2019 3284 2351 3353 pontificem
2373 3284 2431 3339 in
2462 3287 2655 3341 media
2685 3286 3146 3361 Quadragesima
3172 3286 3233 3341 in
3248 3284 3501 3342 ecclesia

1849 3373 2001 3429 beati
2032 3371 2263 3427 Martini
2299 3390 2458 3428 more
2491 3373 2750 3430 Romano
2794 3391 3009 3431 corona
3055 3373 3385 3448 palmarum
3433 3389 3499 3430 se

1850 3478 2179 3531 coronasse,
2233 3461 2430 3533 ibique
2485 3463 2727 3519 missam
2761 3465 2831 3519 ad
2893 3463 3072 3520 altare
3129 3464 3503 3521 Dominicum.

1851 3548 2194 3605 celebrasse.
2222 3572 2249 3598 ››
2280 3553 2365 3605 An
2382 3567 2516 3606 vero
2549 3551 2604 3607 id
2630 3552 2966 3622 praestiterit
2983 3553 3110 3623 ipsa
3131 3552 3273 3608 feria
3293 3551 3500 3624 quinta

1854 3638 2054 3693 mediae
2105 3638 2598 3711 Quadragesimm,
2633 3643 2755 3695 .aut
2782 3639 2876 3694 die
2927 3640 3217 3711 sequenti,
3264 3656 3401 3711 qua,
3433 3642 3500 3694 ut

1852 3727 2127 3793 diximus,
2167 3726 2223 3780 in
2246 3727 2390 3781 festo
2418 3727 2607 3782 sancti
2630 3727 2927 3783 Benedicti
2953 3727 3197 3784 missam
3217 3726 3499 3795 devotissie

1851 3831 1936 3870 me
1965 3815 2293 3882 celebravit,
2329 3820 2428 3871 aut
2459 3820 2612 3872 certe
2643 3816 2947 3872 Dominica
2984 3816 3339 3889 insequenti,
3371 3831 3500 3888 qua

1854 3904 2043 3978 prima
2072 3921 2137 3959 eo
2156 3921 2308 3959 anno
2330 3909 2456 3960 erat
2486 3909 2619 3978 post
2640 3905 2902 3960 medium
2925 3905 3416 3978 Quadragesimie,
3434 3906 3503 3959 ut

1853 4009 1919 4049 ex
1949 3992 2167 4049 tabulis
2185 3994 2558 4066 temporariis
2583 3998 2833 4061 constat,
2869 4010 2983 4050 non
3015 3994 3255 4050 omnino
3286 3992 3500 4067 liquet:

1854 4084 2011 4155 quod
2033 4088 2230 4138 tamen
2245 4082 2621 4139 verisimilius
2635 4083 2976 4139 est.Etenim
3001 4082 3295 4156 processio
3315 4082 3374 4138 in
3389 4098 3507 4154 qua

1856 4172 2111 4244 pontifex
2134 4188 2327 4228 rosam
2350 4188 2585 4228 auream
2609 4176 2836 4245 gestare
2860 4170 3154 4239 solet,bac
3170 4172 3300 4245 ipsa
3315 4170 3508 4228 Domie

1856 4261 1988 4315 nica
2034 4261 2238 4317 mediae
2278 4261 2768 4334 Quadragesimze,
2802 4262 2861 4319 in
2896 4278 3014 4334 qua
3044 4260 3266 4318 scilicet
3292 4262 3508 4319 Laetare
3565 4300 3572 4311 .

1857 4350 2105 4416 canitur,
2163 4349 2287 4404 fieri
2349 4351 2651 4405 consuevit
2706 4350 2879 4406 etiam
2939 4350 3286 4424 antiquitus,
3318 4353 3385 4405 ut
3439 4365 3511 4405 ex
3568 4388 3573 4395 ι

1857 4437 2152 4493 veteribus
2182 4438 2490 4494 ordinibus
2520 4439 2820 4505 Romanis,
2855 4457 2889 4495 a
2919 4439 3257 4496 Mabillonio
3274 4442 3433 4495 tamn
3459 4436 3508 4493 II

1861 4525 2059 4581 Musaei
2083 4525 2265 4580 Italici
2299 4527 2493 4597 editis,
2522 4531 2580 4583 ct
2606 4545 2673 4582 ex
2703 4528 2997 4584 Glossario
3020 4528 3334 4601 Cangiano,
3356 4526 3512 4584 aliis-

1786 4632 1830 4695 D
1863 4632 1977 4688 que
2007 4613 2225 4685 passim
2258 4615 2597 4670 auctoribus
2628 4620 2803 4688 patet.

3076 4705 3515 4775 Strasburgenais
3562 4664 3567 4669 Δ

1936 4775 2322 4847 rrconciliotio.
2377 4774 2616 4847 Epistula
2667 4774 2739 4829 ad
2765 4773 3037 4847 episcopos
3066 4774 3338 4845 Francia.
3374 4773 3512 4830 0οη-
3572 4838 3577 4845 ,

1936 4846 2056 4900 cilii
2084 4844 2427 4900 Arelatensis
2442 4844 2728 4915 judicium.

1940 4933 2103 4989 Feria
2130 4934 2299 4989 tertia
2320 4935 2709 5004 sequenti,vm
2733 4931 2952 4991 scilicet
2976 4930 3263 4993 Kalendas
3280 4934 3517 5007 Aprilis,

1870 5041 1996 5095 qua:
2029 5023 2154 5079 dies
2175 5024 2247 5079 ob
2273 5022 2750 5079 Annuntiationis
2778 5024 3090 5080 Dominica:
3122 5024 3338 5081 festum
3370 5024 3518 5082 cele-

1871 5113 1992 5168 bris
2023 5116 2132 5176 est,
2166 5112 2436 5167 Urbanus
2481 5112 2674 5167 adhuc
2732 5114 2886 5186 apud
2948 5114 3214 5169 Turonos
3263 5112 3519 5181 existens

1875 5200 2243 5274 privilegium
2267 5200 2553 5256 concessit
2576 5199 2807 5257 Nicolao
2826 5202 3021 5258 abbati
3044 5202 3367 5271 Corbeinsi,
3402 5219 3520 5274 quo

1874 5289 2128 5362 insignia
2158 5290 2285 5360 ejus
2312 5288 2425 5351 loci
2450 5289 2590 5360 jura
2615 5294 2670 5345 et
2703 5292 3112 5364 praerogativae
3135 5291 3521 5348 confirmavit.

1881 5381 2047 5435 Forte
2076 5378 2157 5433 ibi
2188 5378 2380 5433 adhuc
2411 5382 2532 5432 erat
2578 5379 2853 5450 pontifex,
2888 5397 3022 5435 cum
3053 5396 3163 5436 non
3192 5381 3363 5437 multo
3406 5390 3527 5453 post

1877 5469 2172 5526 concilium
2201 5468 2521 5533 Turonense,
2552 5468 2635 5523 uti
2669 5469 2846 5524 habet
2866 5469 3191 5537 Bertoldus,
3223 5472 3531 5542 episcopum

1882 5557 2357 5628 Strasburgenscm
2406 5557 2469 5611 de
2499 5560 3059 5615 excommunicatione
3105 5560 3527 5631 resipiscmtem,

1881 5648 2082 5719 recepit
2106 5648 2164 5700 in
2182 5647 2636 5711 communitatem,
2656 5649 2733 5701 ita
2757 5656 2938 5702 tamen
2959 5651 3018 5701 ut
3048 5648 3111 5703 de
3142 5648 3313 5702 illatis
3342 5631 3537 5702 crimis

1883 5738 2044 5795 nibus
2063 5752 2119 5793 se
2143 5742 2424 5809 purgaret.
2455 5736 2540 5792 Ad
2571 5735 2726 5793 idem
2759 5753 2990 5812 quoque
3018 5743 3253 5811 tempus
3277 5733 3532 5797 revocati
3576 5730 3587 5743 ⁸

3172 5862 3208 5930 7
