  <div class='ocr_page' id='page_1' title='image "/cluster/home/n/w/nwhite01/storage/ocr_20150623/151/umn.31951002477444s/149.png"; bbox 0 0 3962 6382; ppageno 0'>
   <div class='ocr_carea' id='block_1_1' title="bbox 374 391 491 450">
    <p class='ocr_par' dir='ltr' id='par_1_1' title="bbox 374 391 491 450">
     <span class='ocr_line' id='line_1_1' title="bbox 374 391 491 450; baseline -0.017 0"><span class='ocrx_word' id='word_1_1' title='bbox 374 391 491 450; x_wconf 77' lang='lat'>203</span> 
     </span>
    </p>
   </div>
   <div class='ocr_carea' id='block_1_2' title="bbox 1681 384 2478 450">
    <p class='ocr_par' dir='ltr' id='par_1_2' title="bbox 1681 384 2478 450">
     <span class='ocr_line' id='line_1_2' title="bbox 1681 384 2478 450; baseline -0.003 -1"><span class='ocrx_word' id='word_1_2' title='bbox 1681 386 1751 449; x_wconf 92' lang='lat' dir='ltr'>B.</span> <span class='ocrx_word' id='word_1_3' title='bbox 1797 384 2086 450; x_wconf 76' lang='lat' dir='ltr'>URBANI</span> <span class='ocrx_word' id='word_1_4' title='bbox 2131 386 2183 448; x_wconf 92' lang='lat' dir='ltr'>II</span> <span class='ocrx_word' id='word_1_5' title='bbox 2227 384 2478 450; x_wconf 76' lang='grc' dir='ltr'>ΡΑΡᾹΞ.</span> 
     </span>
    </p>
   </div>
   <div class='ocr_carea' id='block_1_3' title="bbox 2223 273 2252 295">
    <p class='ocr_par' dir='ltr' id='par_1_3' title="bbox 2223 273 2252 295">
     <span class='ocr_line' id='line_1_3' title="bbox 2223 273 2252 295; baseline 0 0"><span class='ocrx_word' id='word_1_6' title='bbox 2223 273 2252 295; x_wconf 62' lang='grc' dir='ltr'><em>θ</em></span> 
     </span>
    </p>
   </div>
   <div class='ocr_carea' id='block_1_4' title="bbox 3665 383 3832 463">
    <p class='ocr_par' dir='ltr' id='par_1_4' title="bbox 3665 383 3832 463">
     <span class='ocr_line' id='line_1_4' title="bbox 3665 383 3832 463; baseline -0.03 0"><span class='ocrx_word' id='word_1_7' title='bbox 3665 383 3792 463; x_wconf 72' lang='lat'>20.4</span> <span class='ocrx_word' id='word_1_8' title='bbox 3827 453 3832 458; x_wconf 82' lang='lat'>.</span> 
     </span>
    </p>
   </div>
   <div class='ocr_carea' id='block_1_5' title="bbox 373 517 3797 595">
    <p class='ocr_par' dir='ltr' id='par_1_5' title="bbox 373 517 3797 595">
     <span class='ocr_line' id='line_1_5' title="bbox 373 517 3797 595; baseline -0.001 -16"><span class='ocrx_word' id='word_1_9' title='bbox 373 526 563 594; x_wconf 85' lang='lat' dir='ltr'>potest</span> <span class='ocrx_word' id='word_1_10' title='bbox 589 521 810 578; x_wconf 79' lang='lat' dir='ltr'>Urbani</span> <span class='ocrx_word' id='word_1_11' title='bbox 837 521 1087 595; x_wconf 89' lang='lat' dir='ltr'>epistola</span> <span class='ocrx_word' id='word_1_12' title='bbox 1111 521 1184 577; x_wconf 89' lang='lat' dir='ltr'>ad</span> <span class='ocrx_word' id='word_1_13' title='bbox 1233 520 1567 576; x_wconf 78' lang='lat' dir='ltr'>Richerium</span> <span class='ocrx_word' id='word_1_14' title='bbox 1615 520 2015 576; x_wconf 91' lang='lat' dir='ltr'>Senonensem</span> <span class='ocrx_word' id='word_1_15' title='bbox 2044 521 2099 588; x_wconf 83' lang='grc' dir='ltr'><strong>Α</strong></span> <span class='ocrx_word' id='word_1_16' title='bbox 2129 521 2473 588; x_wconf 89' lang='lat' dir='ltr'>nasterium,</span> <span class='ocrx_word' id='word_1_17' title='bbox 2495 519 2649 592; x_wconf 92' lang='lat' dir='ltr'>quod</span> <span class='ocrx_word' id='word_1_18' title='bbox 2674 519 2888 593; x_wconf 93' lang='lat' dir='ltr'>oppido</span> <span class='ocrx_word' id='word_1_19' title='bbox 2908 536 3120 576; x_wconf 88' lang='lat' dir='ltr'><strong>nomen</strong></span> <span class='ocrx_word' id='word_1_20' title='bbox 3143 518 3323 588; x_wconf 83' lang='lat' dir='ltr'>dedit,</span> <span class='ocrx_word' id='word_1_21' title='bbox 3345 517 3676 592; x_wconf 88' lang='lat' dir='ltr'>hospitatus</span> <span class='ocrx_word' id='word_1_22' title='bbox 3696 521 3797 575; x_wconf 88' lang='lat' dir='ltr'>est</span> 
     </span>
    </p>
   </div>
   <div class='ocr_carea' id='block_1_6' title="bbox 373 609 2016 683">
    <p class='ocr_par' dir='ltr' id='par_1_6' title="bbox 373 609 2016 683">
     <span class='ocr_line' id='line_1_6' title="bbox 373 609 2016 683; baseline -0.004 -16"><span class='ocrx_word' id='word_1_23' title='bbox 373 611 637 683; x_wconf 86' lang='lat' dir='ltr'>aliosque</span> <span class='ocrx_word' id='word_1_24' title='bbox 665 610 916 667; x_wconf 74' lang='lat' dir='ltr'>Francizs</span> <span class='ocrx_word' id='word_1_25' title='bbox 947 610 1250 683; x_wconf 79' lang='lat' dir='ltr'>episcopos</span> <span class='ocrx_word' id='word_1_26' title='bbox 1283 609 1523 683; x_wconf 88' lang='lat' dir='ltr'>scripta,</span> <span class='ocrx_word' id='word_1_27' title='bbox 1552 609 1652 681; x_wconf 89' lang='lat' dir='ltr'>qui</span> <span class='ocrx_word' id='word_1_28' title='bbox 1683 624 2016 664; x_wconf 86' lang='lat' dir='ltr'>excommu-</span> 
     </span>
    </p>
   </div>
   <div class='ocr_carea' id='block_1_7' title="bbox 374 696 2020 772">
    <p class='ocr_par' dir='ltr' id='par_1_7' title="bbox 374 696 2020 772">
     <span class='ocr_line' id='line_1_7' title="bbox 374 696 2020 772; baseline -0.004 -16"><span class='ocrx_word' id='word_1_29' title='bbox 374 699 728 756; x_wconf 88' lang='lat' dir='ltr'>nicationem</span> <span class='ocrx_word' id='word_1_30' title='bbox 777 699 1056 755; x_wconf 89' lang='lat' dir='ltr'>adversus</span> <span class='ocrx_word' id='word_1_31' title='bbox 1107 698 1444 772; x_wconf 88' lang='lat' dir='ltr'>Philippum</span> <span class='ocrx_word' id='word_1_32' title='bbox 1499 713 1716 772; x_wconf 83' lang='lat' dir='ltr'>regem,</span> <span class='ocrx_word' id='word_1_33' title='bbox 1763 696 1836 752; x_wconf 92' lang='lat' dir='ltr'>ob</span> <span class='ocrx_word' id='word_1_34' title='bbox 1891 697 2020 768; x_wconf 85' lang='lat' dir='ltr'><strong>ejus</strong></span> 
     </span>
    </p>
   </div>
   <div class='ocr_carea' id='block_1_8' title="bbox 374 785 2019 860">
    <p class='ocr_par' dir='ltr' id='par_1_8' title="bbox 374 785 2019 860">
     <span class='ocr_line' id='line_1_8' title="bbox 374 785 2019 860; baseline -0.004 -16"><span class='ocrx_word' id='word_1_35' title='bbox 374 787 732 846; x_wconf 87' lang='lat' dir='ltr'>adulterinas</span> <span class='ocrx_word' id='word_1_36' title='bbox 763 787 996 860; x_wconf 81' lang='lat' dir='ltr'>nuptias</span> <span class='ocrx_word' id='word_1_37' title='bbox 1029 788 1343 856; x_wconf 83' lang='lat' dir='ltr'>decretam,</span> <span class='ocrx_word' id='word_1_38' title='bbox 1365 787 1604 858; x_wconf 73' lang='lat' dir='ltr'>insuper</span> <span class='ocrx_word' id='word_1_39' title='bbox 1625 787 1839 841; x_wconf 86' lang='lat' dir='ltr'>habere</span> <span class='ocrx_word' id='word_1_40' title='bbox 1870 785 2019 839; x_wconf 76' lang='lat' dir='ltr'>vide~</span> 
     </span>
    </p>
   </div>
   <div class='ocr_carea' id='block_1_9' title="bbox 373 873 2019 949">
    <p class='ocr_par' dir='ltr' id='par_1_9' title="bbox 373 873 2019 949">
     <span class='ocr_line' id='line_1_9' title="bbox 373 873 2019 949; baseline -0.004 -17"><span class='ocrx_word' id='word_1_41' title='bbox 373 879 607 933; x_wconf 83' lang='lat' dir='ltr'>bantur.</span> <span class='ocrx_word' id='word_1_42' title='bbox 641 877 704 932; x_wconf 92' lang='lat' dir='ltr'>In</span> <span class='ocrx_word' id='word_1_43' title='bbox 736 877 843 932; x_wconf 88' lang='lat' dir='ltr'>hac</span> <span class='ocrx_word' id='word_1_44' title='bbox 889 875 1138 949; x_wconf 90' lang='lat' dir='ltr'>epistola</span> <span class='ocrx_word' id='word_1_45' title='bbox 1179 881 1455 932; x_wconf 65' lang='lat' dir='ltr'>convocat</span> <span class='ocrx_word' id='word_1_46' title='bbox 1503 874 1754 948; x_wconf 88' lang='lat' dir='ltr'>pontifex</span> <span class='ocrx_word' id='word_1_47' title='bbox 1786 873 2019 929; x_wconf 81' lang='lat' dir='ltr'>eosdem</span> 
     </span>
    </p>
   </div>
   <div class='ocr_carea' id='block_1_10' title="bbox 375 961 2022 1037">
    <p class='ocr_par' dir='ltr' id='par_1_10' title="bbox 375 961 2022 1037">
     <span class='ocr_line' id='line_1_10' title="bbox 375 961 2022 1037; baseline -0.004 -15"><span class='ocrx_word' id='word_1_48' title='bbox 375 966 667 1022; x_wconf 87' lang='lat' dir='ltr'>antistites</span> <span class='ocrx_word' id='word_1_49' title='bbox 687 967 758 1022; x_wconf 88' lang='lat' dir='ltr'>ad</span> <span class='ocrx_word' id='word_1_50' title='bbox 781 965 1116 1034; x_wconf 87' lang='lat' dir='ltr'>concilium,</span> <span class='ocrx_word' id='word_1_51' title='bbox 1131 965 1286 1037; x_wconf 91' lang='lat' dir='ltr'>quod</span> <span class='ocrx_word' id='word_1_52' title='bbox 1307 965 1414 1020; x_wconf 87' lang='lat' dir='ltr'>sub</span> <span class='ocrx_word' id='word_1_53' title='bbox 1433 965 1607 1019; x_wconf 89' lang='lat' dir='ltr'>ﬁnem</span> <span class='ocrx_word' id='word_1_54' title='bbox 1629 963 1657 1019; x_wconf 90' lang='lat' dir='ltr'><strong>J</strong></span> <span class='ocrx_word' id='word_1_55' title='bbox 1669 963 1790 1017; x_wconf 91' lang='lat' dir='ltr'>unii</span> <span class='ocrx_word' id='word_1_56' title='bbox 1808 961 2022 1017; x_wconf 86' lang='lat' dir='ltr'>habere</span> 
     </span>
    </p>
   </div>
   <div class='ocr_carea' id='block_1_11' title="bbox 373 1049 2022 1128">
    <p class='ocr_par' dir='ltr' id='par_1_11' title="bbox 373 1049 2022 1128">
     <span class='ocr_line' id='line_1_11' title="bbox 373 1049 2022 1128; baseline -0.004 -18"><span class='ocrx_word' id='word_1_57' title='bbox 373 1056 530 1128; x_wconf 91' lang='lat' dir='ltr'>apud</span> <span class='ocrx_word' id='word_1_58' title='bbox 559 1055 846 1111; x_wconf 77' lang='lat' dir='ltr'>Arelatem</span> <span class='ocrx_word' id='word_1_59' title='bbox 880 1055 1228 1110; x_wconf 85' lang='lat' dir='ltr'>decreverat.</span> <span class='ocrx_word' id='word_1_60' title='bbox 1266 1054 1332 1108; x_wconf 87' lang='lat' dir='ltr'>Et</span> <span class='ocrx_word' id='word_1_61' title='bbox 1373 1071 1434 1108; x_wconf 90' lang='lat' dir='ltr'>re</span> <span class='ocrx_word' id='word_1_62' title='bbox 1465 1051 1706 1125; x_wconf 86' lang='lat' dir='ltr'><strong>quidem</strong></span> <span class='ocrx_word' id='word_1_63' title='bbox 1739 1050 1884 1123; x_wconf 91' lang='lat' dir='ltr'>ipsa,</span> <span class='ocrx_word' id='word_1_64' title='bbox 1919 1049 2022 1105; x_wconf 89' lang='lat' dir='ltr'>sed</span> 
     </span>
    </p>
   </div>
   <div class='ocr_carea' id='block_1_12' title="bbox 373 1142 1192 1210">
    <p class='ocr_par' dir='ltr' id='par_1_12' title="bbox 373 1142 1192 1210">
     <span class='ocr_line' id='line_1_12' title="bbox 373 1142 1192 1210; baseline -0.001 -12"><span class='ocrx_word' id='word_1_65' title='bbox 373 1143 673 1210; x_wconf 87' lang='lat' dir='ltr'>Nemausi,</span> <span class='ocrx_word' id='word_1_66' title='bbox 699 1142 1052 1199; x_wconf 89' lang='lat' dir='ltr'>celebratum</span> <span class='ocrx_word' id='word_1_67' title='bbox 1082 1147 1192 1198; x_wconf 90' lang='lat' dir='ltr'>est.</span> 
     </span>
    </p>
   </div>
   <div class='ocr_carea' id='block_1_13' title="bbox 373 1243 2020 1320">
    <p class='ocr_par' dir='ltr' id='par_1_13' title="bbox 373 1243 2020 1320">
     <span class='ocr_line' id='line_1_13' title="bbox 373 1243 2020 1320; baseline -0.005 -14"><span class='ocrx_word' id='word_1_68' title='bbox 373 1249 575 1306; x_wconf 85' lang='lat' dir='ltr'>CCLV.</span> <span class='ocrx_word' id='word_1_69' title='bbox 605 1251 846 1305; x_wconf 85' lang='lat' dir='ltr'>Pictavis</span> <span class='ocrx_word' id='word_1_70' title='bbox 871 1265 1016 1320; x_wconf 83' lang='lat' dir='ltr'>papa</span> <span class='ocrx_word' id='word_1_71' title='bbox 1053 1249 1409 1320; x_wconf 73' lang='lat' dir='ltr'>privilegium</span> <span class='ocrx_word' id='word_1_72' title='bbox 1437 1247 1494 1320; x_wconf 62' lang='lat' dir='ltr'>S.</span> <span class='ocrx_word' id='word_1_73' title='bbox 1542 1245 1768 1320; x_wconf 65' lang='lat' dir='ltr'>Martini</span> <span class='ocrx_word' id='word_1_74' title='bbox 1817 1243 2020 1314; x_wconf 79' lang='lat' dir='ltr'>ﬁrmat.</span> 
     </span>
    </p>
   </div>
   <div class='ocr_carea' id='block_1_14' title="bbox 442 1319 2022 1392">
    <p class='ocr_par' dir='ltr' id='par_1_14' title="bbox 442 1319 2022 1392">
     <span class='ocr_line' id='line_1_14' title="bbox 442 1319 2022 1392; baseline -0.004 -16"><span class='ocrx_word' id='word_1_75' title='bbox 442 1321 722 1392; x_wconf 78' lang='lat' dir='ltr'>Placitum</span> <span class='ocrx_word' id='word_1_76' title='bbox 749 1336 846 1392; x_wconf 88' lang='lat' dir='ltr'>pro</span> <span class='ocrx_word' id='word_1_77' title='bbox 873 1319 976 1392; x_wconf 82' lang='lat' dir='ltr'>lite</span> <span class='ocrx_word' id='word_1_78' title='bbox 1003 1319 1297 1392; x_wconf 72' lang='lat' dir='ltr'>canonicos</span> <span class='ocrx_word' id='word_1_79' title='bbox 1321 1319 1377 1392; x_wconf 68' lang='lat' dir='ltr'>S.</span> <span class='ocrx_word' id='word_1_80' title='bbox 1405 1319 1611 1392; x_wconf 82' lang='lat' dir='ltr'>Hilarii</span> <span class='ocrx_word' id='word_1_81' title='bbox 1622 1319 1783 1392; x_wconf 74' lang='lat' dir='ltr'>inter</span> <span class='ocrx_word' id='word_1_82' title='bbox 1829 1320 1878 1370; x_wconf 84' lang='lat' dir='ltr'>et</span> <span class='ocrx_word' id='word_1_83' title='bbox 1907 1330 2022 1370; x_wconf 86' lang='lat' dir='ltr'>mo-</span> 
     </span>
    </p>
   </div>
   <div class='ocr_carea' id='block_1_15' title="bbox 442 1387 1876 1460">
    <p class='ocr_par' dir='ltr' id='par_1_15' title="bbox 442 1387 1876 1460">
     <span class='ocr_line' id='line_1_15' title="bbox 442 1387 1876 1460; baseline -0.003 -14"><span class='ocrx_word' id='word_1_84' title='bbox 442 1391 641 1448; x_wconf 85' lang='lat' dir='ltr'>nachos</span> <span class='ocrx_word' id='word_1_85' title='bbox 669 1387 984 1448; x_wconf 74' lang='lat' dir='ltr'>Monasterii</span> <span class='ocrx_word' id='word_1_86' title='bbox 1013 1391 1166 1447; x_wconf 84' lang='lat' dir='ltr'>Novi.</span> <span class='ocrx_word' id='word_1_87' title='bbox 1199 1391 1565 1460; x_wconf 76' lang='lat' dir='ltr'>Privilcgium</span> <span class='ocrx_word' id='word_1_88' title='bbox 1594 1387 1876 1459; x_wconf 79' lang='lat' dir='ltr'>Anglense.</span> 
     </span>
    </p>
   </div>
   <div class='ocr_carea' id='block_1_16' title="bbox 443 1493 2024 1566">
    <p class='ocr_par' dir='ltr' id='par_1_16' title="bbox 443 1493 2024 1566">
     <span class='ocr_line' id='line_1_16' title="bbox 443 1493 2024 1566; baseline -0.005 -12"><span class='ocrx_word' id='word_1_89' title='bbox 443 1501 560 1554; x_wconf 90' lang='lat' dir='ltr'>Sub</span> <span class='ocrx_word' id='word_1_90' title='bbox 594 1499 771 1554; x_wconf 86' lang='lat' dir='ltr'>ﬁnem</span> <span class='ocrx_word' id='word_1_91' title='bbox 793 1497 1014 1553; x_wconf 88' lang='lat' dir='ltr'><strong>mensis</strong></span> <span class='ocrx_word' id='word_1_92' title='bbox 1040 1495 1232 1552; x_wconf 86' lang='lat' dir='ltr'>Martii</span> <span class='ocrx_word' id='word_1_93' title='bbox 1256 1495 1517 1551; x_wconf 83' lang='lat' dir='ltr'>Pictavos</span> <span class='ocrx_word' id='word_1_94' title='bbox 1541 1493 1797 1566; x_wconf 83' lang='lat' dir='ltr'>pontifex</span> <span class='ocrx_word' id='word_1_95' title='bbox 1820 1510 2024 1548; x_wconf 86' lang='lat' dir='ltr'><strong>rursus</strong></span> 
     </span>
    </p>
   </div>
   <div class='ocr_carea' id='block_1_17' title="bbox 373 1579 2023 1657">
    <p class='ocr_par' dir='ltr' id='par_1_17' title="bbox 373 1579 2023 1657">
     <span class='ocr_line' id='line_1_17' title="bbox 373 1579 2023 1657; baseline -0.005 -14"><span class='ocrx_word' id='word_1_96' title='bbox 373 1587 534 1657; x_wconf 87' lang='lat' dir='ltr'>adiit,</span> <span class='ocrx_word' id='word_1_97' title='bbox 565 1587 648 1642; x_wconf 89' lang='lat' dir='ltr'><strong>uti</strong></span> <span class='ocrx_word' id='word_1_98' title='bbox 681 1587 892 1642; x_wconf 85' lang='lat' dir='ltr'>docent</span> <span class='ocrx_word' id='word_1_99' title='bbox 919 1603 1028 1642; x_wconf 93' lang='lat' dir='ltr'>nos</span> <span class='ocrx_word' id='word_1_100' title='bbox 1077 1585 1190 1641; x_wconf 86' lang='lat' dir='ltr'>tria</span> <span class='ocrx_word' id='word_1_101' title='bbox 1223 1583 1542 1656; x_wconf 86' lang='lat' dir='ltr'>diplomata</span> <span class='ocrx_word' id='word_1_102' title='bbox 1595 1599 1698 1656; x_wconf 89' lang='lat' dir='ltr'>pro</span> <span class='ocrx_word' id='word_1_103' title='bbox 1728 1579 2023 1638; x_wconf 82' lang='lat' dir='ltr'>canonicis</span> 
     </span>
    </p>
   </div>
   <div class='ocr_carea' id='block_1_18' title="bbox 373 1672 2026 1745">
    <p class='ocr_par' dir='ltr' id='par_1_18' title="bbox 373 1672 2026 1745">
     <span class='ocr_line' id='line_1_18' title="bbox 373 1672 2026 1745; baseline -0.005 -12"><span class='ocrx_word' id='word_1_104' title='bbox 373 1677 568 1733; x_wconf 85' lang='lat' dir='ltr'>Sancti</span> <span class='ocrx_word' id='word_1_105' title='bbox 614 1675 848 1732; x_wconf 82' lang='lat' dir='ltr'>Martini</span> <span class='ocrx_word' id='word_1_106' title='bbox 898 1675 979 1732; x_wconf 89' lang='lat' dir='ltr'><strong>ibi</strong></span> <span class='ocrx_word' id='word_1_107' title='bbox 1033 1679 1171 1730; x_wconf 89' lang='lat' dir='ltr'>tunc</span> <span class='ocrx_word' id='word_1_108' title='bbox 1223 1675 1381 1729; x_wconf 88' lang='lat' dir='ltr'>data.</span> <span class='ocrx_word' id='word_1_109' title='bbox 1433 1677 1496 1727; x_wconf 91' lang='lat' dir='ltr'>ln</span> <span class='ocrx_word' id='word_1_110' title='bbox 1545 1672 1736 1745; x_wconf 91' lang='lat' dir='ltr'>primo</span> <span class='ocrx_word' id='word_1_111' title='bbox 1777 1675 2026 1726; x_wconf 84' lang='lat' dir='ltr'>testatur</span> 
     </span>
    </p>
   </div>
   <div class='ocr_carea' id='block_1_19' title="bbox 373 1758 2026 1838">
    <p class='ocr_par' dir='ltr' id='par_1_19' title="bbox 373 1758 2026 1838">
     <span class='ocr_line' id='line_1_19' title="bbox 373 1758 2026 1838; baseline -0.004 -17"><span class='ocrx_word' id='word_1_112' title='bbox 373 1766 630 1838; x_wconf 77' lang='lat' dir='ltr'>pontifex</span> <span class='ocrx_word' id='word_1_113' title='bbox 687 1781 749 1820; x_wconf 90' lang='lat' dir='ltr'>se</span> <span class='ocrx_word' id='word_1_114' title='bbox 805 1763 1078 1819; x_wconf 69' lang='lat' dir='ltr'>Simonis:</span> <span class='ocrx_word' id='word_1_115' title='bbox 1133 1762 1347 1830; x_wconf 87' lang='lat' dir='ltr'><strong>labem,</strong></span> <span class='ocrx_word' id='word_1_116' title='bbox 1407 1778 1533 1832; x_wconf 66' lang='lat' dir='ltr'><strong>quae</strong></span> <span class='ocrx_word' id='word_1_117' title='bbox 1581 1760 1641 1815; x_wconf 90' lang='lat' dir='ltr'>in</span> <span class='ocrx_word' id='word_1_118' title='bbox 1697 1758 2026 1830; x_wconf 70' lang='lat' dir='ltr'>praebendis</span> 
     </span>
    </p>
   </div>
   <div class='ocr_carea' id='block_1_20' title="bbox 375 1847 2024 1924">
    <p class='ocr_par' dir='ltr' id='par_1_20' title="bbox 375 1847 2024 1924">
     <span class='ocr_line' id='line_1_20' title="bbox 375 1847 2024 1924; baseline -0.005 -14"><span class='ocrx_word' id='word_1_119' title='bbox 375 1855 642 1912; x_wconf 66' lang='lat' dir='ltr'>Ecclesiae</span> <span class='ocrx_word' id='word_1_120' title='bbox 655 1851 1016 1909; x_wconf 75' lang='lat' dir='ltr'>Martinianae</span> <span class='ocrx_word' id='word_1_121' title='bbox 1033 1849 1427 1924; x_wconf 89' lang='lat' dir='ltr'>adipiscendis</span> <span class='ocrx_word' id='word_1_122' title='bbox 1442 1848 1782 1916; x_wconf 88' lang='lat' dir='ltr'>invaluerat,</span> <span class='ocrx_word' id='word_1_123' title='bbox 1793 1847 2024 1920; x_wconf 87' lang='lat' dir='ltr'>penitus</span> 
     </span>
    </p>
   </div>
   <div class='ocr_carea' id='block_1_21' title="bbox 374 1935 2022 2010">
    <p class='ocr_par' dir='ltr' id='par_1_21' title="bbox 374 1935 2022 2010">
     <span class='ocr_line' id='line_1_21' title="bbox 374 1935 2022 2010; baseline -0.007 -9"><span class='ocrx_word' id='word_1_124' title='bbox 374 1958 703 2010; x_wconf 88' lang='lat' dir='ltr'>resecasse;</span> <span class='ocrx_word' id='word_1_125' title='bbox 735 1946 864 1998; x_wconf 90' lang='lat' dir='ltr'>tum</span> <span class='ocrx_word' id='word_1_126' title='bbox 885 1940 1086 1998; x_wconf 86' lang='lat' dir='ltr'>laudat</span> <span class='ocrx_word' id='word_1_127' title='bbox 1110 1945 1167 1995; x_wconf 89' lang='lat' dir='ltr'>et</span> <span class='ocrx_word' id='word_1_128' title='bbox 1195 1940 1502 1996; x_wconf 90' lang='lat' dir='ltr'>conﬁrmat</span> <span class='ocrx_word' id='word_1_129' title='bbox 1527 1936 1827 2010; x_wconf 84' lang='lat' dir='ltr'>privilegia</span> <span class='ocrx_word' id='word_1_130' title='bbox 1849 1935 2022 1991; x_wconf 89' lang='lat' dir='ltr'><strong>istius</strong></span> 
     </span>
    </p>
   </div>
   <div class='ocr_carea' id='block_1_22' title="bbox 372 2025 2020 2105">
    <p class='ocr_par' dir='ltr' id='par_1_22' title="bbox 372 2025 2020 2105">
     <span class='ocr_line' id='line_1_22' title="bbox 372 2025 2020 2105; baseline -0.005 -17"><span class='ocrx_word' id='word_1_131' title='bbox 372 2032 624 2105; x_wconf 84' lang='lat' dir='ltr'>insignis</span> <span class='ocrx_word' id='word_1_132' title='bbox 670 2030 943 2098; x_wconf 69' lang='lat' dir='ltr'>basilicae,</span> <span class='ocrx_word' id='word_1_133' title='bbox 977 2032 1034 2085; x_wconf 92' lang='lat' dir='ltr'>et</span> <span class='ocrx_word' id='word_1_134' title='bbox 1081 2030 1286 2100; x_wconf 87' lang='lat' dir='ltr'>repetit</span> <span class='ocrx_word' id='word_1_135' title='bbox 1323 2027 1476 2100; x_wconf 92' lang='lat' dir='ltr'>quod</span> <span class='ocrx_word' id='word_1_136' title='bbox 1500 2027 1625 2098; x_wconf 89' lang='lat' dir='ltr'>jam</span> <span class='ocrx_word' id='word_1_137' title='bbox 1657 2025 1804 2082; x_wconf 87' lang='lat' dir='ltr'>alias</span> <span class='ocrx_word' id='word_1_138' title='bbox 1851 2025 1924 2079; x_wconf 88' lang='lat' dir='ltr'>ab</span> <span class='ocrx_word' id='word_1_139' title='bbox 1953 2040 2020 2079; x_wconf 93' lang='lat' dir='ltr'>eo</span> 
     </span>
    </p>
   </div>
   <div class='ocr_carea' id='block_1_23' title="bbox 373 2111 2020 2186">
    <p class='ocr_par' dir='ltr' id='par_1_23' title="bbox 373 2111 2020 2186">
     <span class='ocr_line' id='line_1_23' title="bbox 373 2111 2020 2186; baseline -0.005 -9"><span class='ocrx_word' id='word_1_140' title='bbox 373 2121 760 2178; x_wconf 88' lang='lat' dir='ltr'>constitutum</span> <span class='ocrx_word' id='word_1_141' title='bbox 791 2119 998 2184; x_wconf 84' lang='lat' dir='ltr'>fuerat,</span> <span class='ocrx_word' id='word_1_142' title='bbox 1031 2121 1098 2172; x_wconf 89' lang='lat' dir='ltr'>ut</span> <span class='ocrx_word' id='word_1_143' title='bbox 1146 2115 1384 2183; x_wconf 90' lang='lat' dir='ltr'>scilicet,</span> <span class='ocrx_word' id='word_1_144' title='bbox 1436 2129 1753 2186; x_wconf 88' lang='lat' dir='ltr'>suppresso</span> <span class='ocrx_word' id='word_1_145' title='bbox 1785 2111 2020 2185; x_wconf 90' lang='lat' dir='ltr'>proprio</span> 
     </span>
    </p>
   </div>
   <div class='ocr_carea' id='block_1_24' title="bbox 372 2201 2020 2279">
    <p class='ocr_par' dir='ltr' id='par_1_24' title="bbox 372 2201 2020 2279">
     <span class='ocr_line' id='line_1_24' title="bbox 372 2201 2020 2279; baseline -0.005 -15"><span class='ocrx_word' id='word_1_146' title='bbox 372 2208 532 2264; x_wconf 86' lang='lat' dir='ltr'>illius</span> <span class='ocrx_word' id='word_1_147' title='bbox 582 2207 858 2276; x_wconf 69' lang='lat' dir='ltr'>ecclesiae,</span> <span class='ocrx_word' id='word_1_148' title='bbox 889 2206 1014 2279; x_wconf 89' lang='lat' dir='ltr'>ipse</span> <span class='ocrx_word' id='word_1_149' title='bbox 1060 2211 1116 2261; x_wconf 94' lang='lat' dir='ltr'>et</span> <span class='ocrx_word' id='word_1_150' title='bbox 1161 2205 1252 2262; x_wconf 90' lang='lat' dir='ltr'>sui</span> <span class='ocrx_word' id='word_1_151' title='bbox 1305 2219 1670 2260; x_wconf 89' lang='lat' dir='ltr'>successores</span> <span class='ocrx_word' id='word_1_152' title='bbox 1717 2201 2020 2274; x_wconf 90' lang='lat' dir='ltr'>pontiﬁces</span> 
     </span>
    </p>
   </div>
   <div class='ocr_carea' id='block_1_25' title="bbox 339 2290 2020 2368">
    <p class='ocr_par' dir='ltr' id='par_1_25' title="bbox 339 2290 2020 2368">
     <span class='ocr_line' id='line_1_25' title="bbox 339 2290 2020 2368; baseline -0.005 -13"><span class='ocrx_word' id='word_1_153' title='bbox 339 2317 346 2323; x_wconf 79' lang='lat'>&#39;</span> <span class='ocrx_word' id='word_1_154' title='bbox 373 2297 620 2354; x_wconf 85' lang='lat' dir='ltr'>Romani</span> <span class='ocrx_word' id='word_1_155' title='bbox 643 2294 908 2368; x_wconf 88' lang='lat' dir='ltr'><strong>ejusloco</strong></span> <span class='ocrx_word' id='word_1_156' title='bbox 926 2293 1108 2350; x_wconf 84' lang='lat' dir='ltr'>futuri</span> <span class='ocrx_word' id='word_1_157' title='bbox 1129 2298 1341 2350; x_wconf 87' lang='lat' dir='ltr'>essent.</span> <span class='ocrx_word' id='word_1_158' title='bbox 1367 2293 1514 2349; x_wconf 87' lang='lat' dir='ltr'>Data</span> <span class='ocrx_word' id='word_1_159' title='bbox 1532 2296 1620 2348; x_wconf 90' lang='lat' dir='ltr'>est</span> <span class='ocrx_word' id='word_1_160' title='bbox 1641 2291 1763 2347; x_wconf 70' lang='lat' dir='ltr'>haec</span> <span class='ocrx_word' id='word_1_161' title='bbox 1785 2290 1946 2346; x_wconf 89' lang='lat' dir='ltr'><strong>bulla</strong></span> <span class='ocrx_word' id='word_1_162' title='bbox 1964 2307 2020 2346; x_wconf 80' lang='lat' dir='ltr'>Iv</span> 
     </span>
    </p>
   </div>
   <div class='ocr_carea' id='block_1_26' title="bbox 372 2379 2018 2460">
    <p class='ocr_par' dir='ltr' id='par_1_26' title="bbox 372 2379 2018 2460">
     <span class='ocr_line' id='line_1_26' title="bbox 372 2379 2018 2460; baseline -0.006 -17"><span class='ocrx_word' id='word_1_163' title='bbox 372 2387 498 2444; x_wconf 88' lang='lat' dir='ltr'>Kal.</span> <span class='ocrx_word' id='word_1_164' title='bbox 529 2385 766 2460; x_wconf 88' lang='lat' dir='ltr'>Aprilis,</span> <span class='ocrx_word' id='word_1_165' title='bbox 799 2401 978 2457; x_wconf 89' lang='lat' dir='ltr'>quam</span> <span class='ocrx_word' id='word_1_166' title='bbox 1005 2382 1380 2440; x_wconf 89' lang='lat' dir='ltr'>Innocentius</span> <span class='ocrx_word' id='word_1_167' title='bbox 1413 2398 1565 2454; x_wconf 90' lang='lat' dir='ltr'>papa</span> <span class='ocrx_word' id='word_1_168' title='bbox 1593 2379 1860 2453; x_wconf 87' lang='lat' dir='ltr'>Lugduni</span> <span class='ocrx_word' id='word_1_169' title='bbox 1881 2395 2018 2434; x_wconf 81' lang='lat' dir='ltr'>xvm</span> 
     </span>
    </p>
   </div>
   <div class='ocr_carea' id='block_1_27' title="bbox 369 2467 2016 2546">
    <p class='ocr_par' dir='ltr' id='par_1_27' title="bbox 369 2467 2016 2546">
     <span class='ocr_line' id='line_1_27' title="bbox 369 2467 2016 2546; baseline -0.004 -16"><span class='ocrx_word' id='word_1_170' title='bbox 369 2475 496 2532; x_wconf 89' lang='lat' dir='ltr'>Kal.</span> <span class='ocrx_word' id='word_1_171' title='bbox 529 2474 711 2543; x_wconf 86' lang='lat' dir='ltr'>.Maii,</span> <span class='ocrx_word' id='word_1_172' title='bbox 771 2473 1148 2546; x_wconf 88' lang='lat' dir='ltr'>pontiﬁcatus</span> <span class='ocrx_word' id='word_1_173' title='bbox 1207 2470 1299 2527; x_wconf 92' lang='lat' dir='ltr'>sui</span> <span class='ocrx_word' id='word_1_174' title='bbox 1352 2487 1506 2526; x_wconf 90' lang='lat' dir='ltr'><strong>anno</strong></span> <span class='ocrx_word' id='word_1_175' title='bbox 1557 2487 1591 2525; x_wconf 91' lang='lat' dir='ltr'>v</span> <span class='ocrx_word' id='word_1_176' title='bbox 1639 2469 1710 2524; x_wconf 93' lang='lat' dir='ltr'>de</span> <span class='ocrx_word' id='word_1_177' title='bbox 1741 2467 1912 2524; x_wconf 89' lang='lat' dir='ltr'>verbo</span> <span class='ocrx_word' id='word_1_178' title='bbox 1943 2468 2016 2524; x_wconf 91' lang='lat' dir='ltr'>ad</span> 
     </span>
    </p>
   </div>
   <div class='ocr_carea' id='block_1_28' title="bbox 373 2557 2016 2634">
    <p class='ocr_par' dir='ltr' id='par_1_28' title="bbox 373 2557 2016 2634">
     <span class='ocr_line' id='line_1_28' title="bbox 373 2557 2016 2634; baseline -0.007 -11"><span class='ocrx_word' id='word_1_179' title='bbox 373 2565 612 2622; x_wconf 84' lang='lat' dir='ltr'>verbum</span> <span class='ocrx_word' id='word_1_180' title='bbox 667 2581 736 2618; x_wconf 84' lang='lat' dir='ltr'>ex</span> <span class='ocrx_word' id='word_1_181' title='bbox 801 2561 1161 2634; x_wconf 86' lang='lat' dir='ltr'>autographo</span> <span class='ocrx_word' id='word_1_182' title='bbox 1218 2559 1572 2632; x_wconf 88' lang='lat' dir='ltr'>descriptam</span> <span class='ocrx_word' id='word_1_183' title='bbox 1631 2561 1688 2614; x_wconf 87' lang='lat' dir='ltr'>et</span> <span class='ocrx_word' id='word_1_184' title='bbox 1745 2557 2016 2614; x_wconf 88' lang='lat' dir='ltr'>collatam</span> 
     </span>
    </p>
   </div>
   <div class='ocr_carea' id='block_1_29' title="bbox 369 2645 2017 2728">
    <p class='ocr_par' dir='ltr' id='par_1_29' title="bbox 369 2645 2017 2728">
     <span class='ocr_line' id='line_1_29' title="bbox 369 2645 2017 2728; baseline -0.006 -17"><span class='ocrx_word' id='word_1_185' title='bbox 369 2652 727 2728; x_wconf 86' lang='lat' dir='ltr'>approbavit,</span> <span class='ocrx_word' id='word_1_186' title='bbox 779 2656 835 2708; x_wconf 89' lang='lat' dir='ltr'>et</span> <span class='ocrx_word' id='word_1_187' title='bbox 883 2667 1030 2706; x_wconf 82' lang='lat' dir='ltr'>nova</span> <span class='ocrx_word' id='word_1_188' title='bbox 1077 2647 1238 2704; x_wconf 91' lang='lat' dir='ltr'>bulla</span> <span class='ocrx_word' id='word_1_189' title='bbox 1293 2647 1679 2705; x_wconf 88' lang='lat' dir='ltr'>conﬁrmavit.</span> <span class='ocrx_word' id='word_1_190' title='bbox 1742 2647 1805 2702; x_wconf 93' lang='lat' dir='ltr'>ln</span> <span class='ocrx_word' id='word_1_191' title='bbox 1837 2645 2017 2702; x_wconf 88' lang='lat' dir='ltr'>altero</span> 
     </span>
    </p>
   </div>
   <div class='ocr_carea' id='block_1_30' title="bbox 369 2735 2014 2814">
    <p class='ocr_par' dir='ltr' id='par_1_30' title="bbox 369 2735 2014 2814">
     <span class='ocr_line' id='line_1_30' title="bbox 369 2735 2014 2814; baseline -0.005 -16"><span class='ocrx_word' id='word_1_192' title='bbox 369 2743 674 2814; x_wconf 89' lang='lat' dir='ltr'>rescripto,</span> <span class='ocrx_word' id='word_1_193' title='bbox 707 2740 863 2813; x_wconf 89' lang='lat' dir='ltr'>quod</span> <span class='ocrx_word' id='word_1_194' title='bbox 895 2741 987 2794; x_wconf 90' lang='lat' dir='ltr'>die</span> <span class='ocrx_word' id='word_1_195' title='bbox 1008 2739 1294 2810; x_wconf 90' lang='lat' dir='ltr'>sequenti,</span> <span class='ocrx_word' id='word_1_196' title='bbox 1322 2737 1382 2793; x_wconf 93' lang='lat' dir='ltr'>id</span> <span class='ocrx_word' id='word_1_197' title='bbox 1409 2742 1498 2794; x_wconf 90' lang='lat' dir='ltr'>est</span> <span class='ocrx_word' id='word_1_198' title='bbox 1526 2755 1589 2792; x_wconf 81' lang='lat' dir='ltr'>In</span> <span class='ocrx_word' id='word_1_199' title='bbox 1620 2735 1746 2792; x_wconf 86' lang='lat' dir='ltr'>Kal.</span> <span class='ocrx_word' id='word_1_200' title='bbox 1779 2735 2014 2808; x_wconf 81' lang='lat' dir='ltr'>Aprilis.</span> 
     </span>
    </p>
   </div>
   <div class='ocr_carea' id='block_1_31' title="bbox 371 2824 2019 2898">
    <p class='ocr_par' dir='ltr' id='par_1_31' title="bbox 371 2824 2019 2898">
     <span class='ocr_line' id='line_1_31' title="bbox 371 2824 2019 2898; baseline -0.005 -10"><span class='ocrx_word' id='word_1_201' title='bbox 371 2833 575 2888; x_wconf 88' lang='lat' dir='ltr'>datum</span> <span class='ocrx_word' id='word_1_202' title='bbox 595 2829 990 2898; x_wconf 87' lang='lat' dir='ltr'>est,Urbanus</span> <span class='ocrx_word' id='word_1_203' title='bbox 1011 2843 1218 2883; x_wconf 91' lang='lat' dir='ltr'>omnes</span> <span class='ocrx_word' id='word_1_204' title='bbox 1239 2825 1708 2898; x_wconf 86' lang='lat' dir='ltr'>archiepiscopos</span> <span class='ocrx_word' id='word_1_205' title='bbox 1727 2829 1783 2880; x_wconf 91' lang='lat' dir='ltr'>et</span> <span class='ocrx_word' id='word_1_206' title='bbox 1801 2824 2019 2896; x_wconf 88' lang='lat' dir='ltr'>episco-</span> 
     </span>
    </p>
   </div>
   <div class='ocr_carea' id='block_1_32' title="bbox 2054 1884 2100 1948">
    <p class='ocr_par' dir='ltr' id='par_1_32' title="bbox 2054 1884 2100 1948">
     <span class='ocr_line' id='line_1_32' title="bbox 2054 1884 2100 1948; baseline 0 0"><span class='ocrx_word' id='word_1_207' title='bbox 2054 1884 2100 1948; x_wconf 88' lang='lat' dir='ltr'><strong>B</strong></span> 
     </span>
    </p>
   </div>
   <div class='ocr_carea' id='block_1_33' title="bbox 371 2911 2070 2992">
    <p class='ocr_par' dir='ltr' id='par_1_33' title="bbox 371 2911 2070 2992">
     <span class='ocr_line' id='line_1_33' title="bbox 371 2911 2070 2992; baseline -0.005 -15"><span class='ocrx_word' id='word_1_208' title='bbox 371 2917 694 2992; x_wconf 73' lang='lat' dir='ltr'>posGallize</span> <span class='ocrx_word' id='word_1_209' title='bbox 713 2917 1060 2972; x_wconf 87' lang='lat' dir='ltr'>adhortatur</span> <span class='ocrx_word' id='word_1_210' title='bbox 1087 2919 1154 2970; x_wconf 89' lang='lat' dir='ltr'>ut</span> <span class='ocrx_word' id='word_1_211' title='bbox 1182 2913 1482 2987; x_wconf 89' lang='lat' dir='ltr'>privilegia</span> <span class='ocrx_word' id='word_1_212' title='bbox 1501 2917 1560 2969; x_wconf 90' lang='lat' dir='ltr'>et</span> <span class='ocrx_word' id='word_1_213' title='bbox 1581 2913 1736 2968; x_wconf 90' lang='lat' dir='ltr'>bona</span> <span class='ocrx_word' id='word_1_214' title='bbox 1761 2911 2016 2968; x_wconf 67' lang='lat' dir='ltr'>ecclesiis</span> <span class='ocrx_word' id='word_1_215' title='bbox 2065 2939 2070 2943; x_wconf 32' lang='grc' dir='ltr'><strong>Α</strong></span> 
     </span>
    </p>
   </div>
   <div class='ocr_carea' id='block_1_34' title="bbox 370 3000 2018 3075">
    <p class='ocr_par' dir='ltr' id='par_1_34' title="bbox 370 3000 2018 3075">
     <span class='ocr_line' id='line_1_34' title="bbox 370 3000 2018 3075; baseline -0.004 -11"><span class='ocrx_word' id='word_1_216' title='bbox 370 3007 571 3065; x_wconf 89' lang='lat' dir='ltr'>Sancti</span> <span class='ocrx_word' id='word_1_217' title='bbox 617 3004 852 3062; x_wconf 85' lang='lat' dir='ltr'>Martini</span> <span class='ocrx_word' id='word_1_218' title='bbox 901 3005 964 3059; x_wconf 90' lang='lat' dir='ltr'>in</span> <span class='ocrx_word' id='word_1_219' title='bbox 1017 3003 1141 3060; x_wconf 91' lang='lat' dir='ltr'><strong>suis</strong></span> <span class='ocrx_word' id='word_1_220' title='bbox 1198 3003 1415 3075; x_wconf 90' lang='lat' dir='ltr'><strong>quique</strong></span> <span class='ocrx_word' id='word_1_221' title='bbox 1489 3000 1838 3058; x_wconf 88' lang='lat' dir='ltr'>dioecesibus</span> <span class='ocrx_word' id='word_1_222' title='bbox 1905 3001 2018 3058; x_wconf 89' lang='lat' dir='ltr'>sita</span> 
     </span>
    </p>
   </div>
   <div class='ocr_carea' id='block_1_35' title="bbox 369 3089 2016 3162">
    <p class='ocr_par' dir='ltr' id='par_1_35' title="bbox 369 3089 2016 3162">
     <span class='ocr_line' id='line_1_35' title="bbox 369 3089 2016 3162; baseline -0.005 -8"><span class='ocrx_word' id='word_1_223' title='bbox 369 3099 664 3154; x_wconf 88' lang='lat' dir='ltr'>tueantur.</span> <span class='ocrx_word' id='word_1_224' title='bbox 697 3095 820 3159; x_wconf 89' lang='lat' dir='ltr'>Quo</span> <span class='ocrx_word' id='word_1_225' title='bbox 849 3093 991 3150; x_wconf 92' lang='lat' dir='ltr'>item</span> <span class='ocrx_word' id='word_1_226' title='bbox 1037 3091 1131 3148; x_wconf 91' lang='lat' dir='ltr'>die</span> <span class='ocrx_word' id='word_1_227' title='bbox 1160 3093 1362 3148; x_wconf 88' lang='lat' dir='ltr'>datum</span> <span class='ocrx_word' id='word_1_228' title='bbox 1392 3095 1481 3146; x_wconf 91' lang='lat' dir='ltr'>est</span> <span class='ocrx_word' id='word_1_229' title='bbox 1507 3092 1744 3146; x_wconf 87' lang='lat' dir='ltr'>tertium</span> <span class='ocrx_word' id='word_1_230' title='bbox 1785 3089 2016 3162; x_wconf 90' lang='lat' dir='ltr'>privile-</span> 
     </span>
    </p>
   </div>
   <div class='ocr_carea' id='block_1_36' title="bbox 2129 605 3795 675">
    <p class='ocr_par' dir='ltr' id='par_1_36' title="bbox 2129 605 3795 675">
     <span class='ocr_line' id='line_1_36' title="bbox 2129 605 3795 675; baseline 0 -11"><span class='ocrx_word' id='word_1_231' title='bbox 2129 609 2423 675; x_wconf 90' lang='lat' dir='ltr'>Urbanus,</span> <span class='ocrx_word' id='word_1_232' title='bbox 2479 607 2576 664; x_wconf 91' lang='lat' dir='ltr'>ubi</span> <span class='ocrx_word' id='word_1_233' title='bbox 2609 625 2755 665; x_wconf 85' lang='lat' dir='ltr'>novo</span> <span class='ocrx_word' id='word_1_234' title='bbox 2791 609 2990 666; x_wconf 90' lang='lat' dir='ltr'>Sancti</span> <span class='ocrx_word' id='word_1_235' title='bbox 3049 607 3238 666; x_wconf 86' lang='lat' dir='ltr'>Mauri</span> <span class='ocrx_word' id='word_1_236' title='bbox 3293 605 3795 665; x_wconf 84' lang='lat' dir='ltr'>Glannafolicnsis</span> 
     </span>
    </p>
   </div>
   <div class='ocr_carea' id='block_1_37' title="bbox 2131 695 3795 771">
    <p class='ocr_par' dir='ltr' id='par_1_37' title="bbox 2131 695 3795 771">
     <span class='ocr_line' id='line_1_37' title="bbox 2131 695 3795 771; baseline -0.002 -17"><span class='ocrx_word' id='word_1_237' title='bbox 2131 697 2468 754; x_wconf 89' lang='lat' dir='ltr'>monasterii</span> <span class='ocrx_word' id='word_1_238' title='bbox 2482 697 2680 753; x_wconf 90' lang='lat' dir='ltr'>abbati</span> <span class='ocrx_word' id='word_1_239' title='bbox 2692 698 2948 754; x_wconf 88' lang='lat' dir='ltr'>Gerardo</span> <span class='ocrx_word' id='word_1_240' title='bbox 2961 714 3054 754; x_wconf 89' lang='lat' dir='ltr'>am</span> <span class='ocrx_word' id='word_1_241' title='bbox 3062 697 3289 771; x_wconf 87' lang='lat' dir='ltr'>plissim</span> <span class='ocrx_word' id='word_1_242' title='bbox 3299 714 3397 753; x_wconf 91' lang='lat' dir='ltr'>um</span> <span class='ocrx_word' id='word_1_243' title='bbox 3413 695 3795 770; x_wconf 86' lang='lat' dir='ltr'>privilegium</span> 
     </span>
    </p>
   </div>
   <div class='ocr_carea' id='block_1_38' title="bbox 2133 784 3797 860">
    <p class='ocr_par' dir='ltr' id='par_1_38' title="bbox 2133 784 3797 860">
     <span class='ocr_line' id='line_1_38' title="bbox 2133 784 3797 860; baseline 0.001 -21"><span class='ocrx_word' id='word_1_244' title='bbox 2133 786 2440 852; x_wconf 76' lang='lat' dir='ltr'>Concessit,</span> <span class='ocrx_word' id='word_1_245' title='bbox 2473 786 2642 857; x_wconf 83' lang='lat' dir='ltr'><strong>cujus</strong></span> <span class='ocrx_word' id='word_1_246' title='bbox 2687 785 2807 856; x_wconf 84' lang='lat' dir='ltr'>jam</span> <span class='ocrx_word' id='word_1_247' title='bbox 2839 803 3019 860; x_wconf 89' lang='lat' dir='ltr'>supra</span> <span class='ocrx_word' id='word_1_248' title='bbox 3067 785 3290 842; x_wconf 86' lang='lat' dir='ltr'>laudati</span> <span class='ocrx_word' id='word_1_249' title='bbox 3337 784 3671 858; x_wconf 87' lang='lat' dir='ltr'>exemplum</span> <span class='ocrx_word' id='word_1_250' title='bbox 3717 800 3797 841; x_wconf 76' lang='lat' dir='ltr'>ex</span> 
     </span>
    </p>
   </div>
   <div class='ocr_carea' id='block_1_39' title="bbox 2132 871 3794 946">
    <p class='ocr_par' dir='ltr' id='par_1_39' title="bbox 2132 871 3794 946">
     <span class='ocr_line' id='line_1_39' title="bbox 2132 871 3794 946; baseline 0.001 -18"><span class='ocrx_word' id='word_1_251' title='bbox 2132 875 2367 930; x_wconf 87' lang='lat' dir='ltr'>archivo</span> <span class='ocrx_word' id='word_1_252' title='bbox 2384 873 2720 930; x_wconf 88' lang='lat' dir='ltr'>monasterii</span> <span class='ocrx_word' id='word_1_253' title='bbox 2735 874 3072 932; x_wconf 86' lang='lat' dir='ltr'>Casinensis</span> <span class='ocrx_word' id='word_1_254' title='bbox 3088 879 3322 931; x_wconf 91' lang='lat' dir='ltr'>erutum</span> <span class='ocrx_word' id='word_1_255' title='bbox 3337 875 3490 931; x_wconf 86' lang='lat' dir='ltr'>inter</span> <span class='ocrx_word' id='word_1_256' title='bbox 3505 871 3794 946; x_wconf 82' lang='lat' dir='ltr'>epistolas</span> 
     </span>
    </p>
   </div>
   <div class='ocr_carea' id='block_1_40' title="bbox 2133 961 2914 1034">
    <p class='ocr_par' dir='ltr' id='par_1_40' title="bbox 2133 961 2914 1034">
     <span class='ocr_line' id='line_1_40' title="bbox 2133 961 2914 1034; baseline -0.001 -16"><span class='ocrx_word' id='word_1_257' title='bbox 2133 962 2464 1034; x_wconf 85' lang='lat' dir='ltr'>pontificias</span> <span class='ocrx_word' id='word_1_258' title='bbox 2495 961 2634 1017; x_wconf 91' lang='lat' dir='ltr'>olim</span> <span class='ocrx_word' id='word_1_259' title='bbox 2658 963 2914 1020; x_wconf 87' lang='lat' dir='ltr'>dabitur.</span> 
     </span>
    </p>
   </div>
   <div class='ocr_carea' id='block_1_41' title="bbox 2131 1078 3792 1152">
    <p class='ocr_par' dir='ltr' id='par_1_41' title="bbox 2131 1078 3792 1152">
     <span class='ocr_line' id='line_1_41' title="bbox 2131 1078 3792 1152; baseline 0.002 -19"><span class='ocrx_word' id='word_1_260' title='bbox 2131 1078 2382 1134; x_wconf 87' lang='lat' dir='ltr'>CCLVII.</span> <span class='ocrx_word' id='word_1_261' title='bbox 2412 1080 2709 1149; x_wconf 84' lang='lat' dir='ltr'>Angeriaco</span> <span class='ocrx_word' id='word_1_262' title='bbox 2734 1081 2936 1152; x_wconf 76' lang='lat' dir='ltr'>transit</span> <span class='ocrx_word' id='word_1_263' title='bbox 2970 1080 3221 1152; x_wconf 77' lang='lat' dir='ltr'>Urbanus</span> <span class='ocrx_word' id='word_1_264' title='bbox 3240 1081 3494 1152; x_wconf 70' lang='lat' dir='ltr'>pontifex</span> <span class='ocrx_word' id='word_1_265' title='bbox 3528 1087 3580 1136; x_wconf 86' lang='lat' dir='ltr'>et</span> <span class='ocrx_word' id='word_1_266' title='bbox 3601 1081 3792 1152; x_wconf 84' lang='lat' dir='ltr'>privi-</span> 
     </span>
    </p>
   </div>
   <div class='ocr_carea' id='block_1_42' title="bbox 2735 1151 3174 1220">
    <p class='ocr_par' dir='ltr' id='par_1_42' title="bbox 2735 1151 3174 1220">
     <span class='ocr_line' id='line_1_42' title="bbox 2735 1151 3174 1220; baseline 0.005 -14"><span class='ocrx_word' id='word_1_267' title='bbox 2735 1151 2878 1220; x_wconf 75' lang='lat' dir='ltr'>legia</span> <span class='ocrx_word' id='word_1_268' title='bbox 2909 1151 3174 1208; x_wconf 79' lang='lat' dir='ltr'>concedit.</span> 
     </span>
    </p>
   </div>
   <div class='ocr_carea' id='block_1_43' title="bbox 2202 1237 3792 1314">
    <p class='ocr_par' dir='ltr' id='par_1_43' title="bbox 2202 1237 3792 1314">
     <span class='ocr_line' id='line_1_43' title="bbox 2202 1237 3792 1314; baseline 0.003 -21"><span class='ocrx_word' id='word_1_269' title='bbox 2202 1237 2346 1294; x_wconf 86' lang='lat' dir='ltr'>Hinc</span> <span class='ocrx_word' id='word_1_270' title='bbox 2363 1243 2646 1294; x_wconf 89' lang='lat' dir='ltr'>Santones</span> <span class='ocrx_word' id='word_1_271' title='bbox 2669 1238 2971 1313; x_wconf 88' lang='lat' dir='ltr'>ingressus</span> <span class='ocrx_word' id='word_1_272' title='bbox 2994 1239 3252 1313; x_wconf 81' lang='lat' dir='ltr'>pontifex</span> <span class='ocrx_word' id='word_1_273' title='bbox 3263 1241 3336 1296; x_wconf 89' lang='lat' dir='ltr'>ad</span> <span class='ocrx_word' id='word_1_274' title='bbox 3357 1239 3792 1314; x_wconf 84' lang='lat' dir='ltr'>Angeriacense</span> 
     </span>
    </p>
   </div>
   <div class='ocr_carea' id='block_1_44' title="bbox 2130 1327 3786 1400">
    <p class='ocr_par' dir='ltr' id='par_1_44' title="bbox 2130 1327 3786 1400">
     <span class='ocr_line' id='line_1_44' title="bbox 2130 1327 3786 1400; baseline 0.002 -18"><span class='ocrx_word' id='word_1_275' title='bbox 2130 1327 2411 1400; x_wconf 89' lang='lat' dir='ltr'>oppidum</span> <span class='ocrx_word' id='word_1_276' title='bbox 2443 1327 2694 1396; x_wconf 85' lang='lat' dir='ltr'>divertit,</span> <span class='ocrx_word' id='word_1_277' title='bbox 2719 1327 2780 1382; x_wconf 91' lang='lat' dir='ltr'>in</span> <span class='ocrx_word' id='word_1_278' title='bbox 2811 1328 3236 1385; x_wconf 89' lang='lat' dir='ltr'>monasterium</span> <span class='ocrx_word' id='word_1_279' title='bbox 3267 1328 3462 1385; x_wconf 88' lang='lat' dir='ltr'>Sancti</span> <span class='ocrx_word' id='word_1_280' title='bbox 3511 1329 3786 1396; x_wconf 84' lang='lat' dir='ltr'>Joannis,</span> 
     </span>
    </p>
   </div>
   <div class='ocr_carea' id='block_1_45' title="bbox 2135 1416 3791 1490">
    <p class='ocr_par' dir='ltr' id='par_1_45' title="bbox 2135 1416 3791 1490">
     <span class='ocr_line' id='line_1_45' title="bbox 2135 1416 3791 1490; baseline 0.001 -20"><span class='ocrx_word' id='word_1_281' title='bbox 2135 1416 2216 1470; x_wconf 89' lang='lat' dir='ltr'>uti</span> <span class='ocrx_word' id='word_1_282' title='bbox 2269 1416 2512 1487; x_wconf 84' lang='lat' dir='ltr'>ipsemet</span> <span class='ocrx_word' id='word_1_283' title='bbox 2563 1421 2810 1472; x_wconf 88' lang='lat' dir='ltr'>testatur</span> <span class='ocrx_word' id='word_1_284' title='bbox 2840 1416 2901 1472; x_wconf 92' lang='lat' dir='ltr'>in</span> <span class='ocrx_word' id='word_1_285' title='bbox 2949 1417 3251 1490; x_wconf 91' lang='lat' dir='ltr'>rescripto,</span> <span class='ocrx_word' id='word_1_286' title='bbox 3311 1423 3428 1489; x_wconf 86' lang='lat' dir='ltr'>qu&#39;o</span> <span class='ocrx_word' id='word_1_287' title='bbox 3485 1417 3613 1488; x_wconf 83' lang='lat' dir='ltr'><strong>ejus</strong></span> <span class='ocrx_word' id='word_1_288' title='bbox 3671 1417 3791 1475; x_wconf 89' lang='lat' dir='ltr'>loci</span> 
     </span>
    </p>
   </div>
   <div class='ocr_carea' id='block_1_46' title="bbox 2131 1505 3790 1576">
    <p class='ocr_par' dir='ltr' id='par_1_46' title="bbox 2131 1505 3790 1576">
     <span class='ocr_line' id='line_1_46' title="bbox 2131 1505 3790 1576; baseline 0.002 -17"><span class='ocrx_word' id='word_1_289' title='bbox 2131 1505 2532 1576; x_wconf 77' lang='lat' dir='ltr'>possessiones</span> <span class='ocrx_word' id='word_1_290' title='bbox 2555 1507 2611 1560; x_wconf 90' lang='lat' dir='ltr'>et</span> <span class='ocrx_word' id='word_1_291' title='bbox 2629 1505 3002 1576; x_wconf 89' lang='lat' dir='ltr'>potissimum</span> <span class='ocrx_word' id='word_1_292' title='bbox 3027 1506 3439 1562; x_wconf 89' lang='lat' dir='ltr'>Buriacensem</span> <span class='ocrx_word' id='word_1_293' title='bbox 3461 1505 3790 1564; x_wconf 88' lang='lat' dir='ltr'>Ecclesiam</span> 
     </span>
    </p>
   </div>
   <div class='ocr_carea' id='block_1_47' title="bbox 2133 1592 3790 1663">
    <p class='ocr_par' dir='ltr' id='par_1_47' title="bbox 2133 1592 3790 1663">
     <span class='ocr_line' id='line_1_47' title="bbox 2133 1592 3790 1663; baseline 0.002 -16"><span class='ocrx_word' id='word_1_294' title='bbox 2133 1595 2189 1647; x_wconf 91' lang='lat' dir='ltr'>iu</span> <span class='ocrx_word' id='word_1_295' title='bbox 2219 1593 2453 1648; x_wconf 73' lang='lat' dir='ltr'>dioecesi</span> <span class='ocrx_word' id='word_1_296' title='bbox 2485 1592 2877 1650; x_wconf 78' lang='lat' dir='ltr'>Bellovacensi</span> <span class='ocrx_word' id='word_1_297' title='bbox 2919 1594 3116 1663; x_wconf 87' lang='lat' dir='ltr'>sitam,</span> <span class='ocrx_word' id='word_1_298' title='bbox 3171 1593 3448 1650; x_wconf 87' lang='lat' dir='ltr'>Ansculfo</span> <span class='ocrx_word' id='word_1_299' title='bbox 3501 1594 3701 1650; x_wconf 88' lang='lat' dir='ltr'>abbati</span> <span class='ocrx_word' id='word_1_300' title='bbox 3728 1598 3790 1650; x_wconf 92' lang='lat' dir='ltr'>et</span> 
     </span>
    </p>
   </div>
   <div class='ocr_carea' id='block_1_48' title="bbox 2133 1681 3786 1753">
    <p class='ocr_par' dir='ltr' id='par_1_48' title="bbox 2133 1681 3786 1753">
     <span class='ocr_line' id='line_1_48' title="bbox 2133 1681 3786 1753; baseline 0.002 -17"><span class='ocrx_word' id='word_1_301' title='bbox 2133 1681 2354 1736; x_wconf 70' lang='lat' dir='ltr'>caeteris</span> <span class='ocrx_word' id='word_1_302' title='bbox 2384 1683 2650 1753; x_wconf 86' lang='lat' dir='ltr'>ejusdem</span> <span class='ocrx_word' id='word_1_303' title='bbox 2683 1682 3021 1738; x_wconf 86' lang='lat' dir='ltr'>monasterii</span> <span class='ocrx_word' id='word_1_304' title='bbox 3053 1682 3359 1738; x_wconf 87' lang='lat' dir='ltr'>monachis</span> <span class='ocrx_word' id='word_1_305' title='bbox 3389 1683 3786 1739; x_wconf 86' lang='lat' dir='ltr'>conﬁrmavit.</span> 
     </span>
    </p>
   </div>
   <div class='ocr_carea' id='block_1_49' title="bbox 2136 1769 3788 1844">
    <p class='ocr_par' dir='ltr' id='par_1_49' title="bbox 2136 1769 3788 1844">
     <span class='ocr_line' id='line_1_49' title="bbox 2136 1769 3788 1844; baseline 0.002 -20"><span class='ocrx_word' id='word_1_306' title='bbox 2136 1769 2278 1824; x_wconf 88' lang='lat' dir='ltr'>Illud</span> <span class='ocrx_word' id='word_1_307' title='bbox 2311 1769 2682 1842; x_wconf 89' lang='lat' dir='ltr'>rescriptum,</span> <span class='ocrx_word' id='word_1_308' title='bbox 2717 1771 2872 1843; x_wconf 89' lang='lat' dir='ltr'>quod</span> <span class='ocrx_word' id='word_1_309' title='bbox 2925 1771 2982 1826; x_wconf 90' lang='lat' dir='ltr'>in</span> <span class='ocrx_word' id='word_1_310' title='bbox 3033 1771 3320 1828; x_wconf 87' lang='lat' dir='ltr'>chartario</span> <span class='ocrx_word' id='word_1_311' title='bbox 3369 1770 3788 1844; x_wconf 88' lang='lat' dir='ltr'>Angeriacensi</span> 
     </span>
    </p>
   </div>
   <div class='ocr_carea' id='block_1_50' title="bbox 2134 1857 3788 1929">
    <p class='ocr_par' dir='ltr' id='par_1_50' title="bbox 2134 1857 3788 1929">
     <span class='ocr_line' id='line_1_50' title="bbox 2134 1857 3788 1929; baseline 0.004 -18"><span class='ocrx_word' id='word_1_312' title='bbox 2134 1857 2286 1913; x_wconf 88' lang='lat' dir='ltr'>uotis</span> <span class='ocrx_word' id='word_1_313' title='bbox 2317 1859 2606 1914; x_wconf 82' lang='lat' dir='ltr'>chronicis</span> <span class='ocrx_word' id='word_1_314' title='bbox 2663 1859 3010 1916; x_wconf 88' lang='lat' dir='ltr'>destitutum</span> <span class='ocrx_word' id='word_1_315' title='bbox 3050 1865 3157 1929; x_wconf 87' lang='lat' dir='ltr'>est,</span> <span class='ocrx_word' id='word_1_316' title='bbox 3193 1860 3308 1916; x_wconf 90' lang='lat' dir='ltr'>huc</span> <span class='ocrx_word' id='word_1_317' title='bbox 3340 1859 3688 1917; x_wconf 87' lang='lat' dir='ltr'>referimus:</span> <span class='ocrx_word' id='word_1_318' title='bbox 3723 1866 3788 1918; x_wconf 88' lang='lat' dir='ltr'>at</span> 
     </span>
    </p>
   </div>
   <div class='ocr_carea' id='block_1_51' title="bbox 2135 1945 3780 2023">
    <p class='ocr_par' dir='ltr' id='par_1_51' title="bbox 2135 1945 3780 2023">
     <span class='ocr_line' id='line_1_51' title="bbox 2135 1945 3780 2023; baseline 0.004 -23"><span class='ocrx_word' id='word_1_319' title='bbox 2135 1945 2213 2001; x_wconf 87' lang='lat' dir='ltr'><strong>ibi</strong></span> <span class='ocrx_word' id='word_1_320' title='bbox 2246 1948 2558 2017; x_wconf 82' lang='lat' dir='ltr'>septimam</span> <span class='ocrx_word' id='word_1_321' title='bbox 2582 1947 2796 2020; x_wconf 83' lang='lat' dir='ltr'>Aprilis</span> <span class='ocrx_word' id='word_1_322' title='bbox 2828 1949 2980 2004; x_wconf 89' lang='lat' dir='ltr'>diem</span> <span class='ocrx_word' id='word_1_323' title='bbox 3003 1951 3266 2022; x_wconf 76' lang='lat' dir='ltr'><strong>exegisse</strong></span> <span class='ocrx_word' id='word_1_324' title='bbox 3289 1951 3455 2006; x_wconf 81' lang='lat' dir='ltr'>docet</span> <span class='ocrx_word' id='word_1_325' title='bbox 3474 1967 3582 2006; x_wconf 90' lang='lat' dir='ltr'>nos</span> <span class='ocrx_word' id='word_1_326' title='bbox 3605 1949 3780 2023; x_wconf 88' lang='lat' dir='ltr'>privi-</span> 
     </span>
    </p>
   </div>
   <div class='ocr_carea' id='block_1_52' title="bbox 2128 2034 3785 2111">
    <p class='ocr_par' dir='ltr' id='par_1_52' title="bbox 2128 2034 3785 2111">
     <span class='ocr_line' id='line_1_52' title="bbox 2128 2034 3785 2111; baseline 0.005 -24"><span class='ocrx_word' id='word_1_327' title='bbox 2128 2034 2343 2105; x_wconf 78' lang='lat' dir='ltr'>legium</span> <span class='ocrx_word' id='word_1_328' title='bbox 2375 2035 2708 2091; x_wconf 79' lang='lat' dir='ltr'>Monasterii</span> <span class='ocrx_word' id='word_1_329' title='bbox 2742 2036 2881 2092; x_wconf 88' lang='lat' dir='ltr'>Novi</span> <span class='ocrx_word' id='word_1_330' title='bbox 2926 2036 3300 2106; x_wconf 84' lang='lat' dir='ltr'>Plctavensis,</span> <span class='ocrx_word' id='word_1_331' title='bbox 3327 2038 3484 2110; x_wconf 90' lang='lat' dir='ltr'>quod</span> <span class='ocrx_word' id='word_1_332' title='bbox 3511 2039 3620 2095; x_wconf 88' lang='lat' dir='ltr'>hac</span> <span class='ocrx_word' id='word_1_333' title='bbox 3651 2038 3785 2111; x_wconf 85' lang='lat' dir='ltr'>ipsa</span> 
     </span>
    </p>
   </div>
   <div class='ocr_carea' id='block_1_53' title="bbox 2130 2123 3782 2194">
    <p class='ocr_par' dir='ltr' id='par_1_53' title="bbox 2130 2123 3782 2194">
     <span class='ocr_line' id='line_1_53' title="bbox 2130 2123 3782 2194; baseline 0.005 -18"><span class='ocrx_word' id='word_1_334' title='bbox 2130 2123 2220 2178; x_wconf 85' lang='lat' dir='ltr'>die</span> <span class='ocrx_word' id='word_1_335' title='bbox 2237 2125 2520 2194; x_wconf 79' lang='lat' dir='ltr'>Angeliuci</span> <span class='ocrx_word' id='word_1_336' title='bbox 2539 2125 2744 2180; x_wconf 88' lang='lat' dir='ltr'>datum</span> <span class='ocrx_word' id='word_1_337' title='bbox 2767 2123 3000 2182; x_wconf 91' lang='lat' dir='ltr'>dicitur.</span> <span class='ocrx_word' id='word_1_338' title='bbox 3025 2125 3246 2182; x_wconf 90' lang='lat' dir='ltr'>Ibidem</span> <span class='ocrx_word' id='word_1_339' title='bbox 3273 2131 3546 2183; x_wconf 86' lang='lat' dir='ltr'>renovata</span> <span class='ocrx_word' id='word_1_340' title='bbox 3565 2127 3782 2184; x_wconf 91' lang='lat' dir='ltr'>iterum</span> 
     </span>
    </p>
   </div>
   <div class='ocr_carea' id='block_1_54' title="bbox 2127 2211 3786 2290">
    <p class='ocr_par' dir='ltr' id='par_1_54' title="bbox 2127 2211 3786 2290">
     <span class='ocr_line' id='line_1_54' title="bbox 2127 2211 3786 2290; baseline 0.004 -24"><span class='ocrx_word' id='word_1_341' title='bbox 2127 2211 2238 2266; x_wconf 91' lang='lat' dir='ltr'>fuit</span> <span class='ocrx_word' id='word_1_342' title='bbox 2269 2213 2327 2267; x_wconf 89' lang='lat' dir='ltr'>in</span> <span class='ocrx_word' id='word_1_343' title='bbox 2360 2212 2640 2268; x_wconf 87' lang='lat' dir='ltr'>Eblouem</span> <span class='ocrx_word' id='word_1_344' title='bbox 2674 2213 3002 2270; x_wconf 87' lang='lat' dir='ltr'>invasorem</span> <span class='ocrx_word' id='word_1_345' title='bbox 3034 2214 3290 2271; x_wconf 78' lang='lat' dir='ltr'>ecclesiae</span> <span class='ocrx_word' id='word_1_346' title='bbox 3321 2215 3517 2272; x_wconf 87' lang='lat' dir='ltr'>Sancti</span> <span class='ocrx_word' id='word_1_347' title='bbox 3549 2216 3786 2290; x_wconf 84' lang='lat' dir='ltr'>Georgii</span> 
     </span>
    </p>
   </div>
   <div class='ocr_carea' id='block_1_55' title="bbox 2127 2300 3786 2380">
    <p class='ocr_par' dir='ltr' id='par_1_55' title="bbox 2127 2300 3786 2380">
     <span class='ocr_line' id='line_1_55' title="bbox 2127 2300 3786 2380; baseline 0.004 -25"><span class='ocrx_word' id='word_1_348' title='bbox 2127 2300 2186 2355; x_wconf 91' lang='lat' dir='ltr'>in</span> <span class='ocrx_word' id='word_1_349' title='bbox 2221 2300 2414 2356; x_wconf 90' lang='lat' dir='ltr'>insula</span> <span class='ocrx_word' id='word_1_350' title='bbox 2471 2301 2735 2357; x_wconf 86' lang='lat' dir='ltr'>Oleronis</span> <span class='ocrx_word' id='word_1_351' title='bbox 2792 2303 3340 2380; x_wconf 84' lang='lat' dir='ltr'>excommunicatio,</span> <span class='ocrx_word' id='word_1_352' title='bbox 3372 2305 3458 2360; x_wconf 87' lang='lat' dir='ltr'>uti</span> <span class='ocrx_word' id='word_1_353' title='bbox 3511 2305 3569 2360; x_wconf 91' lang='lat' dir='ltr'>in</span> <span class='ocrx_word' id='word_1_354' title='bbox 3627 2323 3786 2378; x_wconf 66' lang='lat' dir='ltr'>saepe</span> 
     </span>
    </p>
   </div>
   <div class='ocr_carea' id='block_1_56' title="bbox 2125 2387 3782 2462">
    <p class='ocr_par' dir='ltr' id='par_1_56' title="bbox 2125 2387 3782 2462">
     <span class='ocr_line' id='line_1_56' title="bbox 2125 2387 3782 2462; baseline 0.005 -18"><span class='ocrx_word' id='word_1_355' title='bbox 2125 2387 2364 2446; x_wconf 87' lang='lat' dir='ltr'>laudato</span> <span class='ocrx_word' id='word_1_356' title='bbox 2395 2389 2676 2446; x_wconf 84' lang='lat' dir='ltr'>Willelmi</span> <span class='ocrx_word' id='word_1_357' title='bbox 2706 2390 3030 2462; x_wconf 70' lang='lat' dir='ltr'>Aquitaniae</span> <span class='ocrx_word' id='word_1_358' title='bbox 3063 2391 3230 2448; x_wconf 89' lang='lat' dir='ltr'>ducis</span> <span class='ocrx_word' id='word_1_359' title='bbox 3260 2391 3656 2450; x_wconf 90' lang='lat' dir='ltr'>instrumento</span> <span class='ocrx_word' id='word_1_360' title='bbox 3695 2393 3782 2452; x_wconf 89' lang='lat' dir='ltr'>le-</span> 
     </span>
    </p>
   </div>
   <div class='ocr_carea' id='block_1_57' title="bbox 2126 2478 3836 2551">
    <p class='ocr_par' dir='ltr' id='par_1_57' title="bbox 2126 2478 3836 2551">
     <span class='ocr_line' id='line_1_57' title="bbox 2126 2478 3836 2551; baseline 0.001 -19"><span class='ocrx_word' id='word_1_361' title='bbox 2126 2478 2304 2551; x_wconf 83' lang='lat' dir='ltr'>gitur.</span> <span class='ocrx_word' id='word_1_362' title='bbox 3831 2543 3836 2548; x_wconf 90' lang='lat'><em>_</em></span> 
     </span>
    </p>
   </div>
   <div class='ocr_carea' id='block_1_58' title="bbox 2126 2593 3782 2668">
    <p class='ocr_par' dir='ltr' id='par_1_58' title="bbox 2126 2593 3782 2668">
     <span class='ocr_line' id='line_1_58' title="bbox 2126 2593 3782 2668; baseline 0.004 -21"><span class='ocrx_word' id='word_1_363' title='bbox 2126 2593 2352 2668; x_wconf 62' lang='grc' dir='ltr'>ωαψς.</span> <span class='ocrx_word' id='word_1_364' title='bbox 2386 2594 2538 2668; x_wconf 71' lang='lat' dir='ltr'>Apud</span> <span class='ocrx_word' id='word_1_365' title='bbox 2590 2593 2856 2668; x_wconf 75' lang='lat' dir='ltr'>suntonas</span> <span class='ocrx_word' id='word_1_366' title='bbox 2883 2595 3118 2668; x_wconf 65' lang='lat' dir='ltr'>celebrat</span> <span class='ocrx_word' id='word_1_367' title='bbox 3144 2595 3373 2668; x_wconf 69' lang='lat' dir='ltr'>Pascha.</span> <span class='ocrx_word' id='word_1_368' title='bbox 3413 2597 3782 2668; x_wconf 82' lang='lat' dir='ltr'>Privilegium</span> 
     </span>
    </p>
   </div>
   <div class='ocr_carea' id='block_1_59' title="bbox 2198 2665 3781 2737">
    <p class='ocr_par' dir='ltr' id='par_1_59' title="bbox 2198 2665 3781 2737">
     <span class='ocr_line' id='line_1_59' title="bbox 2198 2665 3781 2737; baseline 0.005 -18"><span class='ocrx_word' id='word_1_369' title='bbox 2198 2665 2252 2720; x_wconf 90' lang='lat' dir='ltr'>S.</span> <span class='ocrx_word' id='word_1_370' title='bbox 2285 2666 2572 2720; x_wconf 75' lang='lat' dir='ltr'>Martialis.</span> <span class='ocrx_word' id='word_1_371' title='bbox 2625 2667 2987 2737; x_wconf 83' lang='lat' dir='ltr'>Privilegium</span> <span class='ocrx_word' id='word_1_372' title='bbox 3015 2666 3070 2720; x_wconf 90' lang='lat' dir='ltr'>S.</span> <span class='ocrx_word' id='word_1_373' title='bbox 3121 2667 3324 2724; x_wconf 84' lang='lat' dir='ltr'>Albini.</span> <span class='ocrx_word' id='word_1_374' title='bbox 3383 2665 3640 2726; x_wconf 51' lang='lat' dir='ltr'>Ecclesia;</span> <span class='ocrx_word' id='word_1_375' title='bbox 3678 2670 3781 2726; x_wconf 82' lang='lat' dir='ltr'>Re-</span> 
     </span>
    </p>
   </div>
   <div class='ocr_carea' id='block_1_60' title="bbox 2195 2737 3776 2808">
    <p class='ocr_par' dir='ltr' id='par_1_60' title="bbox 2195 2737 3776 2808">
     <span class='ocr_line' id='line_1_60' title="bbox 2195 2737 3776 2808; baseline 0.004 -16"><span class='ocrx_word' id='word_1_376' title='bbox 2195 2737 2397 2808; x_wconf 74' lang='lat' dir='ltr'>mensis</span> <span class='ocrx_word' id='word_1_377' title='bbox 2449 2753 2580 2792; x_wconf 75' lang='lat' dir='ltr'>usus</span> <span class='ocrx_word' id='word_1_378' title='bbox 2625 2737 2934 2808; x_wconf 80' lang='lat' dir='ltr'>conﬁrmat.</span> <span class='ocrx_word' id='word_1_379' title='bbox 2985 2737 3327 2794; x_wconf 83' lang='lat' dir='ltr'>Maledicilur</span> <span class='ocrx_word' id='word_1_380' title='bbox 3355 2739 3486 2795; x_wconf 84' lang='lat' dir='ltr'>Elbo</span> <span class='ocrx_word' id='word_1_381' title='bbox 3529 2741 3776 2798; x_wconf 84' lang='lat' dir='ltr'>invasor.</span> 
     </span>
    </p>
   </div>
   <div class='ocr_carea' id='block_1_61' title="bbox 2198 2806 3060 2879">
    <p class='ocr_par' dir='ltr' id='par_1_61' title="bbox 2198 2806 3060 2879">
     <span class='ocr_line' id='line_1_61' title="bbox 2198 2806 3060 2879; baseline 0.001 -18"><span class='ocrx_word' id='word_1_382' title='bbox 2198 2806 2252 2862; x_wconf 91' lang='lat' dir='ltr'>S.</span> <span class='ocrx_word' id='word_1_383' title='bbox 2285 2809 2536 2879; x_wconf 86' lang='lat' dir='ltr'>Eutropii</span> <span class='ocrx_word' id='word_1_384' title='bbox 2561 2806 2738 2864; x_wconf 83' lang='lat' dir='ltr'>altare</span> <span class='ocrx_word' id='word_1_385' title='bbox 2765 2811 3060 2865; x_wconf 78' lang='lat' dir='ltr'>consecrat.</span> 
     </span>
    </p>
   </div>
   <div class='ocr_carea' id='block_1_62' title="bbox 2196 2913 3776 2988">
    <p class='ocr_par' dir='ltr' id='par_1_62' title="bbox 2196 2913 3776 2988">
     <span class='ocr_line' id='line_1_62' title="bbox 2196 2913 3776 2988; baseline 0.004 -20"><span class='ocrx_word' id='word_1_386' title='bbox 2196 2913 2334 2968; x_wconf 90' lang='lat' dir='ltr'>Inde</span> <span class='ocrx_word' id='word_1_387' title='bbox 2365 2913 2662 2986; x_wconf 87' lang='lat' dir='ltr'>profectus</span> <span class='ocrx_word' id='word_1_388' title='bbox 2692 2914 2950 2988; x_wconf 78' lang='lat' dir='ltr'>pontifex</span> <span class='ocrx_word' id='word_1_389' title='bbox 2987 2915 3142 2988; x_wconf 89' lang='lat' dir='ltr'>apud</span> <span class='ocrx_word' id='word_1_390' title='bbox 3175 2915 3466 2974; x_wconf 75' lang='lat' dir='ltr'>Santones</span> <span class='ocrx_word' id='word_1_391' title='bbox 3515 2917 3776 2988; x_wconf 89' lang='lat' dir='ltr'>advenit,</span> 
     </span>
    </p>
   </div>
   <div class='ocr_carea' id='block_1_63' title="bbox 2123 3003 3779 3065">
    <p class='ocr_par' dir='ltr' id='par_1_63' title="bbox 2123 3003 3779 3065">
     <span class='ocr_line' id='line_1_63' title="bbox 2123 3003 3779 3065; baseline 0.005 -9"><span class='ocrx_word' id='word_1_392' title='bbox 2123 3003 2224 3058; x_wconf 90' lang='lat' dir='ltr'>ubi</span> <span class='ocrx_word' id='word_1_393' title='bbox 2263 3019 2490 3058; x_wconf 87' lang='lat' dir='ltr'>sacram</span> <span class='ocrx_word' id='word_1_394' title='bbox 2543 3003 2984 3061; x_wconf 86' lang='lat' dir='ltr'>resurrectionis</span> <span class='ocrx_word' id='word_1_395' title='bbox 3032 3004 3346 3062; x_wconf 73' lang='lat' dir='ltr'>Dominicae</span> <span class='ocrx_word' id='word_1_396' title='bbox 3397 3006 3779 3065; x_wconf 85' lang='lat' dir='ltr'>festivitatem</span> 
     </span>
    </p>
   </div>
   <div class='ocr_carea' id='block_1_64' title="bbox 2123 3089 3776 3166">
    <p class='ocr_par' dir='ltr' id='par_1_64' title="bbox 2123 3089 3776 3166">
     <span class='ocr_line' id='line_1_64' title="bbox 2123 3089 3776 3166; baseline 0.005 -21"><span class='ocrx_word' id='word_1_397' title='bbox 2123 3089 2463 3147; x_wconf 89' lang='lat' dir='ltr'>solemniter</span> <span class='ocrx_word' id='word_1_398' title='bbox 2513 3091 2846 3166; x_wconf 86' lang='lat' dir='ltr'>celebravit,</span> <span class='ocrx_word' id='word_1_399' title='bbox 2893 3093 2978 3150; x_wconf 91' lang='lat' dir='ltr'>uti</span> <span class='ocrx_word' id='word_1_400' title='bbox 3037 3093 3214 3150; x_wconf 90' lang='lat' dir='ltr'>habet</span> <span class='ocrx_word' id='word_1_401' title='bbox 3271 3094 3442 3152; x_wconf 84' lang='lat' dir='ltr'>Fulco</span> <span class='ocrx_word' id='word_1_402' title='bbox 3473 3112 3666 3153; x_wconf 89' lang='lat' dir='ltr'>comes</span> <span class='ocrx_word' id='word_1_403' title='bbox 3709 3095 3776 3152; x_wconf 91' lang='lat' dir='ltr'>in</span> 
     </span>
    </p>
   </div>
   <div class='ocr_carea' id='block_1_65' title="bbox 371 3179 3779 3260">
    <p class='ocr_par' dir='ltr' id='par_1_65' title="bbox 371 3179 3779 3260">
     <span class='ocr_line' id='line_1_65' title="bbox 371 3179 3779 3260; baseline 0.001 -19"><span class='ocrx_word' id='word_1_404' title='bbox 371 3186 534 3260; x_wconf 86' lang='lat' dir='ltr'>gium</span> <span class='ocrx_word' id='word_1_405' title='bbox 557 3201 693 3257; x_wconf 92' lang='lat' dir='ltr'>quo,</span> <span class='ocrx_word' id='word_1_406' title='bbox 700 3184 869 3255; x_wconf 86' lang='lat' dir='ltr'>juxta</span> <span class='ocrx_word' id='word_1_407' title='bbox 881 3181 1037 3254; x_wconf 91' lang='lat' dir='ltr'>quod</span> <span class='ocrx_word' id='word_1_408' title='bbox 1057 3181 1116 3236; x_wconf 91' lang='lat' dir='ltr'>in</span> <span class='ocrx_word' id='word_1_409' title='bbox 1135 3179 1464 3236; x_wconf 88' lang='lat' dir='ltr'>Turonensi</span> <span class='ocrx_word' id='word_1_410' title='bbox 1479 3179 1699 3252; x_wconf 79' lang='lat' dir='ltr'>synodo</span> <span class='ocrx_word' id='word_1_411' title='bbox 1721 3179 2012 3236; x_wconf 86' lang='lat' dir='ltr'>sancitum</span> <span class='ocrx_word' id='word_1_412' title='bbox 2050 3249 2084 3260; x_wconf 44' lang='grc' dir='ltr'><strong>Α</strong></span> <span class='ocrx_word' id='word_1_413' title='bbox 2124 3179 2449 3254; x_wconf 84' lang='lat' dir='ltr'>fragmento</span> <span class='ocrx_word' id='word_1_414' title='bbox 2479 3179 2742 3238; x_wconf 71' lang='lat' dir='ltr'>Historia:</span> <span class='ocrx_word' id='word_1_415' title='bbox 2761 3183 3218 3255; x_wconf 91' lang='lat' dir='ltr'>Andegavensis,</span> <span class='ocrx_word' id='word_1_416' title='bbox 3237 3187 3295 3240; x_wconf 91' lang='lat' dir='ltr'>et</span> <span class='ocrx_word' id='word_1_417' title='bbox 3316 3184 3564 3256; x_wconf 88' lang='lat' dir='ltr'>probant</span> <span class='ocrx_word' id='word_1_418' title='bbox 3579 3191 3779 3243; x_wconf 88' lang='lat' dir='ltr'>vetera</span> 
     </span>
    </p>
   </div>
   <div class='ocr_carea' id='block_1_66' title="bbox 371 3249 3776 3343">
    <p class='ocr_par' dir='ltr' id='par_1_66' title="bbox 371 3249 3776 3343">
     <span class='ocr_line' id='line_1_66' title="bbox 371 3249 3776 3343; baseline 0.001 -13"><span class='ocrx_word' id='word_1_419' title='bbox 371 3249 580 3343; x_wconf 59' lang='lat' dir='ltr'>fuerat,</span> <span class='ocrx_word' id='word_1_420' title='bbox 609 3271 1030 3329; x_wconf 85' lang='lat' dir='ltr'>monasterium</span> <span class='ocrx_word' id='word_1_421' title='bbox 1063 3269 1495 3327; x_wconf 88' lang='lat' dir='ltr'>Cormaricense</span> <span class='ocrx_word' id='word_1_422' title='bbox 1532 3267 1731 3324; x_wconf 87' lang='lat' dir='ltr'>Sancti</span> <span class='ocrx_word' id='word_1_423' title='bbox 1778 3267 2012 3323; x_wconf 86' lang='lat' dir='ltr'>Martini</span> <span class='ocrx_word' id='word_1_424' title='bbox 2042 3249 2086 3317; x_wconf 65' lang='grc' dir='ltr'>(ἶ</span> <span class='ocrx_word' id='word_1_425' title='bbox 2127 3269 2344 3342; x_wconf 89' lang='lat' dir='ltr'>passim</span> <span class='ocrx_word' id='word_1_426' title='bbox 2406 3270 2818 3327; x_wconf 89' lang='lat' dir='ltr'>instrumenta.</span> <span class='ocrx_word' id='word_1_427' title='bbox 2878 3271 3183 3328; x_wconf 87' lang='lat' dir='ltr'>Consentit</span> <span class='ocrx_word' id='word_1_428' title='bbox 3237 3277 3442 3330; x_wconf 88' lang='lat' dir='ltr'>auctor</span> <span class='ocrx_word' id='word_1_429' title='bbox 3495 3273 3776 3332; x_wconf 89' lang='lat' dir='ltr'>Chronici</span> 
     </span>
    </p>
   </div>
   <div class='ocr_carea' id='block_1_67' title="bbox 369 3356 3770 3432">
    <p class='ocr_par' dir='ltr' id='par_1_67' title="bbox 369 3356 3770 3432">
     <span class='ocr_line' id='line_1_67' title="bbox 369 3356 3770 3432; baseline 0.001 -14"><span class='ocrx_word' id='word_1_430' title='bbox 369 3363 624 3420; x_wconf 74' lang='lat' dir='ltr'>basilicae</span> <span class='ocrx_word' id='word_1_431' title='bbox 647 3360 1109 3418; x_wconf 80' lang='lat' dir='ltr'>asseritur.tluic</span> <span class='ocrx_word' id='word_1_432' title='bbox 1125 3358 1430 3432; x_wconf 90' lang='lat' dir='ltr'>diplomati</span> <span class='ocrx_word' id='word_1_433' title='bbox 1450 3374 1584 3413; x_wconf 91' lang='lat' dir='ltr'>cum</span> <span class='ocrx_word' id='word_1_434' title='bbox 1608 3356 1838 3412; x_wconf 89' lang='lat' dir='ltr'>Urbano</span> <span class='ocrx_word' id='word_1_435' title='bbox 1861 3373 2013 3429; x_wconf 86' lang='lat' dir='ltr'>papa</span> <span class='ocrx_word' id='word_1_436' title='bbox 2121 3357 2540 3428; x_wconf 89' lang='lat' dir='ltr'>Malleacensis,</span> <span class='ocrx_word' id='word_1_437' title='bbox 2574 3360 2672 3432; x_wconf 92' lang='lat' dir='ltr'>qui</span> <span class='ocrx_word' id='word_1_438' title='bbox 2705 3363 2838 3432; x_wconf 90' lang='lat' dir='ltr'>post</span> <span class='ocrx_word' id='word_1_439' title='bbox 2881 3365 3269 3418; x_wconf 90' lang='lat' dir='ltr'>memoratum</span> <span class='ocrx_word' id='word_1_440' title='bbox 3300 3359 3614 3418; x_wconf 89' lang='lat' dir='ltr'>concilium</span> <span class='ocrx_word' id='word_1_441' title='bbox 3647 3363 3770 3420; x_wconf 87' lang='lat' dir='ltr'>Tu-</span> 
     </span>
    </p>
   </div>
   <div class='ocr_carea' id='block_1_68' title="bbox 362 3431 2007 3521">
    <p class='ocr_par' dir='ltr' id='par_1_68' title="bbox 362 3431 2007 3521">
     <span class='ocr_line' id='line_1_68' title="bbox 362 3431 2007 3521; baseline -0.005 -12"><span class='ocrx_word' id='word_1_442' title='bbox 362 3452 745 3509; x_wconf 88' lang='lat' dir='ltr'>subseribunt</span> <span class='ocrx_word' id='word_1_443' title='bbox 787 3449 887 3506; x_wconf 89' lang='lat' dir='ltr'>alii</span> <span class='ocrx_word' id='word_1_444' title='bbox 937 3431 1357 3521; x_wconf 84' lang='lat' dir='ltr'>archiepiscopi</span> <span class='ocrx_word' id='word_1_445' title='bbox 1389 3451 1446 3504; x_wconf 89' lang='lat' dir='ltr'>et</span> <span class='ocrx_word' id='word_1_446' title='bbox 1483 3445 1739 3520; x_wconf 89' lang='lat' dir='ltr'>episcopi</span> <span class='ocrx_word' id='word_1_447' title='bbox 1789 3431 1870 3502; x_wconf 88' lang='lat' dir='ltr'>ibi</span> <span class='ocrx_word' id='word_1_448' title='bbox 1919 3461 2007 3501; x_wconf 89' lang='lat' dir='ltr'>re-</span> 
     </span>
    </p>
   </div>
   <div class='ocr_carea' id='block_1_69' title="bbox 359 3541 588 3598">
    <p class='ocr_par' dir='ltr' id='par_1_69' title="bbox 359 3541 588 3598">
     <span class='ocr_line' id='line_1_69' title="bbox 359 3541 588 3598; baseline -0.009 0"><span class='ocrx_word' id='word_1_449' title='bbox 359 3541 588 3598; x_wconf 82' lang='lat' dir='ltr'>censiti.</span> 
     </span>
    </p>
   </div>
   <div class='ocr_carea' id='block_1_70' title="bbox 429 3623 2009 3701">
    <p class='ocr_par' dir='ltr' id='par_1_70' title="bbox 429 3623 2009 3701">
     <span class='ocr_line' id='line_1_70' title="bbox 429 3623 2009 3701; baseline -0.004 -15"><span class='ocrx_word' id='word_1_450' title='bbox 429 3630 596 3686; x_wconf 84' lang='lat' dir='ltr'>Haud</span> <span class='ocrx_word' id='word_1_451' title='bbox 626 3630 874 3686; x_wconf 90' lang='lat' dir='ltr'>dubium</span> <span class='ocrx_word' id='word_1_452' title='bbox 906 3627 1048 3701; x_wconf 90' lang='lat' dir='ltr'>quin</span> <span class='ocrx_word' id='word_1_453' title='bbox 1079 3631 1136 3684; x_wconf 93' lang='lat' dir='ltr'>et</span> <span class='ocrx_word' id='word_1_454' title='bbox 1162 3626 1366 3682; x_wconf 90' lang='lat' dir='ltr'>eadem</span> <span class='ocrx_word' id='word_1_455' title='bbox 1395 3623 1696 3682; x_wconf 88' lang='lat' dir='ltr'>occasione</span> <span class='ocrx_word' id='word_1_456' title='bbox 1729 3625 1790 3680; x_wconf 92' lang='lat' dir='ltr'>B.</span> <span class='ocrx_word' id='word_1_457' title='bbox 1823 3623 2009 3698; x_wconf 83' lang='lat' dir='ltr'>ponti-</span> 
     </span>
    </p>
   </div>
   <div class='ocr_carea' id='block_1_71' title="bbox 353 3713 2003 3792">
    <p class='ocr_par' dir='ltr' id='par_1_71' title="bbox 353 3713 2003 3792">
     <span class='ocr_line' id='line_1_71' title="bbox 353 3713 2003 3792; baseline -0.004 -16"><span class='ocrx_word' id='word_1_458' title='bbox 353 3720 448 3776; x_wconf 86' lang='lat' dir='ltr'>fex</span> <span class='ocrx_word' id='word_1_459' title='bbox 477 3718 815 3792; x_wconf 88' lang='lat' dir='ltr'>sepulcrum</span> <span class='ocrx_word' id='word_1_460' title='bbox 845 3717 1033 3774; x_wconf 85' lang='lat' dir='ltr'>sancti</span> <span class='ocrx_word' id='word_1_461' title='bbox 1055 3715 1256 3772; x_wconf 90' lang='lat' dir='ltr'>Hilarii</span> <span class='ocrx_word' id='word_1_462' title='bbox 1284 3715 1495 3771; x_wconf 90' lang='lat' dir='ltr'>iterum</span> <span class='ocrx_word' id='word_1_463' title='bbox 1520 3713 1800 3781; x_wconf 90' lang='lat' dir='ltr'>inviserit,</span> <span class='ocrx_word' id='word_1_464' title='bbox 1833 3714 2003 3786; x_wconf 85' lang='lat' dir='ltr'><strong>cujus</strong></span> 
     </span>
    </p>
   </div>
   <div class='ocr_carea' id='block_1_72' title="bbox 353 3803 2001 3874">
    <p class='ocr_par' dir='ltr' id='par_1_72' title="bbox 353 3803 2001 3874">
     <span class='ocr_line' id='line_1_72' title="bbox 353 3803 2001 3874; baseline -0.002 -10"><span class='ocrx_word' id='word_1_465' title='bbox 353 3807 725 3864; x_wconf 84' lang='lat' dir='ltr'>festivitatem</span> <span class='ocrx_word' id='word_1_466' title='bbox 755 3823 956 3862; x_wconf 89' lang='lat' dir='ltr'>mense</span> <span class='ocrx_word' id='word_1_467' title='bbox 1007 3805 1288 3860; x_wconf 85' lang='lat' dir='ltr'>Januario</span> <span class='ocrx_word' id='word_1_468' title='bbox 1329 3803 1666 3859; x_wconf 89' lang='lat' dir='ltr'>solemniter</span> <span class='ocrx_word' id='word_1_469' title='bbox 1697 3804 1822 3874; x_wconf 89' lang='lat' dir='ltr'>jam</span> <span class='ocrx_word' id='word_1_470' title='bbox 1855 3803 2001 3860; x_wconf 89' lang='lat' dir='ltr'>cele-</span> 
     </span>
    </p>
   </div>
   <div class='ocr_carea' id='block_1_73' title="bbox 355 3889 2000 3964">
    <p class='ocr_par' dir='ltr' id='par_1_73' title="bbox 355 3889 2000 3964">
     <span class='ocr_line' id='line_1_73' title="bbox 355 3889 2000 3964; baseline -0.002 -12"><span class='ocrx_word' id='word_1_471' title='bbox 355 3897 640 3952; x_wconf 87' lang='lat' dir='ltr'>braverat.</span> <span class='ocrx_word' id='word_1_472' title='bbox 663 3895 766 3950; x_wconf 92' lang='lat' dir='ltr'>Hic</span> <span class='ocrx_word' id='word_1_473' title='bbox 796 3893 950 3950; x_wconf 91' lang='lat' dir='ltr'>enim</span> <span class='ocrx_word' id='word_1_474' title='bbox 983 3910 1118 3950; x_wconf 90' lang='lat' dir='ltr'>cum</span> <span class='ocrx_word' id='word_1_475' title='bbox 1140 3891 1342 3948; x_wconf 90' lang='lat' dir='ltr'>multis</span> <span class='ocrx_word' id='word_1_476' title='bbox 1365 3889 1652 3964; x_wconf 88' lang='lat' dir='ltr'>episcopis</span> <span class='ocrx_word' id='word_1_477' title='bbox 1676 3895 1732 3946; x_wconf 90' lang='lat' dir='ltr'>et</span> <span class='ocrx_word' id='word_1_478' title='bbox 1752 3892 2000 3964; x_wconf 89' lang='lat' dir='ltr'>optima-</span> 
     </span>
    </p>
   </div>
   <div class='ocr_carea' id='block_1_74' title="bbox 353 3979 2002 4055">
    <p class='ocr_par' dir='ltr' id='par_1_74' title="bbox 353 3979 2002 4055">
     <span class='ocr_line' id='line_1_74' title="bbox 353 3979 2002 4055; baseline -0.002 -15"><span class='ocrx_word' id='word_1_479' title='bbox 353 3985 512 4040; x_wconf 89' lang='lat' dir='ltr'>tibus</span> <span class='ocrx_word' id='word_1_480' title='bbox 528 3985 798 4055; x_wconf 83' lang='lat' dir='ltr'>placitum</span> <span class='ocrx_word' id='word_1_481' title='bbox 825 3981 1033 4038; x_wconf 88' lang='lat' dir='ltr'>habuit</span> <span class='ocrx_word' id='word_1_482' title='bbox 1068 3982 1126 4036; x_wconf 85' lang='lat' dir='ltr'>in</span> <span class='ocrx_word' id='word_1_483' title='bbox 1161 3980 1401 4052; x_wconf 84' lang='lat' dir='ltr'>capitulo</span> <span class='ocrx_word' id='word_1_484' title='bbox 1450 3979 1638 4036; x_wconf 79' lang='lat' dir='ltr'>Sancti</span> <span class='ocrx_word' id='word_1_485' title='bbox 1681 3981 1902 4048; x_wconf 77' lang='lat' dir='ltr'>Hilarii,</span> <span class='ocrx_word' id='word_1_486' title='bbox 1937 3986 2002 4036; x_wconf 92' lang='lat' dir='ltr'>ut</span> 
     </span>
    </p>
   </div>
   <div class='ocr_carea' id='block_1_75' title="bbox 355 4067 2002 4140">
    <p class='ocr_par' dir='ltr' id='par_1_75' title="bbox 355 4067 2002 4140">
     <span class='ocr_line' id='line_1_75' title="bbox 355 4067 2002 4140; baseline -0.002 -12"><span class='ocrx_word' id='word_1_487' title='bbox 355 4072 810 4129; x_wconf 89' lang='lat' dir='ltr'>controversiam</span> <span class='ocrx_word' id='word_1_488' title='bbox 831 4070 1133 4126; x_wconf 88' lang='lat' dir='ltr'>dirimeret</span> <span class='ocrx_word' id='word_1_489' title='bbox 1155 4069 1305 4124; x_wconf 89' lang='lat' dir='ltr'>inter</span> <span class='ocrx_word' id='word_1_490' title='bbox 1333 4069 1460 4140; x_wconf 89' lang='lat' dir='ltr'><strong>ejus</strong></span> <span class='ocrx_word' id='word_1_491' title='bbox 1491 4067 1744 4126; x_wconf 75' lang='lat' dir='ltr'>ecclesia:</span> <span class='ocrx_word' id='word_1_492' title='bbox 1770 4069 2002 4126; x_wconf 90' lang='lat' dir='ltr'>canoni-</span> 
     </span>
    </p>
   </div>
   <div class='ocr_carea' id='block_1_76' title="bbox 353 4157 1998 4226">
    <p class='ocr_par' dir='ltr' id='par_1_76' title="bbox 353 4157 1998 4226">
     <span class='ocr_line' id='line_1_76' title="bbox 353 4157 1998 4226; baseline -0.002 -8"><span class='ocrx_word' id='word_1_493' title='bbox 353 4179 453 4218; x_wconf 90' lang='lat' dir='ltr'>cos</span> <span class='ocrx_word' id='word_1_494' title='bbox 477 4165 534 4216; x_wconf 91' lang='lat' dir='ltr'>et</span> <span class='ocrx_word' id='word_1_495' title='bbox 564 4177 649 4217; x_wconf 67' lang='lat' dir='ltr'>mc</span> <span class='ocrx_word' id='word_1_496' title='bbox 663 4159 904 4226; x_wconf 88' lang='lat' dir='ltr'>nachos,</span> <span class='ocrx_word' id='word_1_497' title='bbox 928 4157 1260 4214; x_wconf 88' lang='lat' dir='ltr'>Monasterii</span> <span class='ocrx_word' id='word_1_498' title='bbox 1286 4157 1448 4224; x_wconf 84' lang='lat' dir='ltr'>Novi,</span> <span class='ocrx_word' id='word_1_499' title='bbox 1473 4161 1674 4214; x_wconf 88' lang='lat' dir='ltr'>natam</span> <span class='ocrx_word' id='word_1_500' title='bbox 1695 4157 1998 4215; x_wconf 88' lang='lat' dir='ltr'>occasione</span> 
     </span>
    </p>
   </div>
   <div class='ocr_carea' id='block_1_77' title="bbox 353 4246 1996 4320">
    <p class='ocr_par' dir='ltr' id='par_1_77' title="bbox 353 4246 1996 4320">
     <span class='ocr_line' id='line_1_77' title="bbox 353 4246 1996 4320; baseline -0.004 -12"><span class='ocrx_word' id='word_1_501' title='bbox 353 4249 610 4308; x_wconf 64' lang='lat' dir='ltr'>ecclesiae</span> <span class='ocrx_word' id='word_1_502' title='bbox 642 4251 840 4305; x_wconf 89' lang='lat' dir='ltr'>Sancti</span> <span class='ocrx_word' id='word_1_503' title='bbox 863 4247 1106 4315; x_wconf 83' lang='lat' dir='ltr'>Nicolai,</span> <span class='ocrx_word' id='word_1_504' title='bbox 1139 4264 1266 4320; x_wconf 70' lang='lat' dir='ltr'>quae</span> <span class='ocrx_word' id='word_1_505' title='bbox 1297 4247 1389 4302; x_wconf 91' lang='lat' dir='ltr'>his</span> <span class='ocrx_word' id='word_1_506' title='bbox 1423 4246 1752 4316; x_wconf 88' lang='lat' dir='ltr'>monachis,</span> <span class='ocrx_word' id='word_1_507' title='bbox 1784 4251 1847 4302; x_wconf 92' lang='lat' dir='ltr'>ut</span> <span class='ocrx_word' id='word_1_508' title='bbox 1869 4249 1996 4320; x_wconf 88' lang='lat' dir='ltr'>jam</span> 
     </span>
    </p>
   </div>
   <div class='ocr_carea' id='block_1_78' title="bbox 351 4336 1998 4414">
    <p class='ocr_par' dir='ltr' id='par_1_78' title="bbox 351 4336 1998 4414">
     <span class='ocr_line' id='line_1_78' title="bbox 351 4336 1998 4414; baseline -0.002 -21"><span class='ocrx_word' id='word_1_509' title='bbox 351 4337 626 4406; x_wconf 83' lang='lat' dir='ltr'>diximus,</span> <span class='ocrx_word' id='word_1_510' title='bbox 653 4337 932 4393; x_wconf 82' lang='lat' dir='ltr'>attributa</span> <span class='ocrx_word' id='word_1_511' title='bbox 951 4339 1156 4392; x_wconf 84' lang='lat' dir='ltr'>fuerat.</span> <span class='ocrx_word' id='word_1_512' title='bbox 1183 4336 1540 4392; x_wconf 88' lang='lat' dir='ltr'>Sententiam</span> <span class='ocrx_word' id='word_1_513' title='bbox 1572 4353 1641 4414; x_wconf 89' lang='lat' dir='ltr'>ea</span> <span class='ocrx_word' id='word_1_514' title='bbox 1671 4337 1741 4392; x_wconf 93' lang='lat' dir='ltr'>de</span> <span class='ocrx_word' id='word_1_515' title='bbox 1770 4353 1831 4392; x_wconf 91' lang='lat' dir='ltr'>re</span> <span class='ocrx_word' id='word_1_516' title='bbox 1859 4336 1998 4392; x_wconf 86' lang='lat' dir='ltr'>tulit</span> 
     </span>
    </p>
   </div>
   <div class='ocr_carea' id='block_1_79' title="bbox 350 4425 1999 4500">
    <p class='ocr_par' dir='ltr' id='par_1_79' title="bbox 350 4425 1999 4500">
     <span class='ocr_line' id='line_1_79' title="bbox 350 4425 1999 4500; baseline -0.002 -17"><span class='ocrx_word' id='word_1_517' title='bbox 350 4427 608 4500; x_wconf 81' lang='lat' dir='ltr'>pontifex</span> <span class='ocrx_word' id='word_1_518' title='bbox 627 4427 1026 4483; x_wconf 87' lang='lat' dir='ltr'>assidentibus</span> <span class='ocrx_word' id='word_1_519' title='bbox 1041 4425 1149 4482; x_wconf 88' lang='lat' dir='ltr'>sibi</span> <span class='ocrx_word' id='word_1_520' title='bbox 1165 4426 1352 4481; x_wconf 90' lang='lat' dir='ltr'>tribus</span> <span class='ocrx_word' id='word_1_521' title='bbox 1371 4425 1846 4498; x_wconf 88' lang='lat' dir='ltr'>archiepiscopis,</span> <span class='ocrx_word' id='word_1_522' title='bbox 1871 4426 1999 4481; x_wconf 83' lang='lat' dir='ltr'>toli-</span> 
     </span>
    </p>
   </div>
   <div class='ocr_carea' id='block_1_80' title="bbox 351 4513 1992 4590">
    <p class='ocr_par' dir='ltr' id='par_1_80' title="bbox 351 4513 1992 4590">
     <span class='ocr_line' id='line_1_80' title="bbox 351 4513 1992 4590; baseline -0.002 -18"><span class='ocrx_word' id='word_1_523' title='bbox 351 4519 484 4572; x_wconf 91' lang='lat' dir='ltr'>dem</span> <span class='ocrx_word' id='word_1_524' title='bbox 503 4514 1458 4590; x_wconf 87' lang='lat' dir='ltr'>episcopis,duobusabbatibus,et</span> <span class='ocrx_word' id='word_1_525' title='bbox 1477 4513 1607 4570; x_wconf 89' lang='lat' dir='ltr'>aliis</span> <span class='ocrx_word' id='word_1_526' title='bbox 1627 4513 1992 4587; x_wconf 91' lang='lat' dir='ltr'>quampluri-</span> 
     </span>
    </p>
   </div>
   <div class='ocr_carea' id='block_1_81' title="bbox 2118 3448 3766 3522">
    <p class='ocr_par' dir='ltr' id='par_1_81' title="bbox 2118 3448 3766 3522">
     <span class='ocr_line' id='line_1_81' title="bbox 2118 3448 3766 3522; baseline 0.003 -18"><span class='ocrx_word' id='word_1_527' title='bbox 2118 3465 2364 3504; x_wconf 90' lang='lat' dir='ltr'>ronense</span> <span class='ocrx_word' id='word_1_528' title='bbox 2393 3448 2620 3507; x_wconf 86' lang='lat' dir='ltr'>subdit:</span> <span class='ocrx_word' id='word_1_529' title='bbox 2652 3449 2784 3506; x_wconf 85' lang='lat' dir='ltr'>Inde</span> <span class='ocrx_word' id='word_1_530' title='bbox 2809 3466 3058 3507; x_wconf 75' lang='lat' dir='ltr'>reversus</span> <span class='ocrx_word' id='word_1_531' title='bbox 3076 3453 3155 3507; x_wconf 85' lang='lat' dir='ltr'>est</span> <span class='ocrx_word' id='word_1_532' title='bbox 3179 3451 3448 3508; x_wconf 73' lang='lat' dir='ltr'>Santonus</span> <span class='ocrx_word' id='word_1_533' title='bbox 3467 3453 3766 3522; x_wconf 79' lang='lat' dir='ltr'>civitatem,</span> 
     </span>
    </p>
   </div>
   <div class='ocr_carea' id='block_1_82' title="bbox 2115 3525 3767 3604">
    <p class='ocr_par' dir='ltr' id='par_1_82' title="bbox 2115 3525 3767 3604">
     <span class='ocr_line' id='line_1_82' title="bbox 2115 3525 3767 3604; baseline 0.004 -12"><span class='ocrx_word' id='word_1_534' title='bbox 2115 3545 2166 3593; x_wconf 82' lang='lat' dir='ltr'>et</span> <span class='ocrx_word' id='word_1_535' title='bbox 2218 3538 2509 3595; x_wconf 87' lang='lat' dir='ltr'>celebravit</span> <span class='ocrx_word' id='word_1_536' title='bbox 2563 3538 2646 3594; x_wconf 86' lang='lat' dir='ltr'>ibi</span> <span class='ocrx_word' id='word_1_537' title='bbox 2697 3545 2950 3594; x_wconf 80' lang='lat' dir='ltr'>sanctum</span> <span class='ocrx_word' id='word_1_538' title='bbox 2996 3539 3236 3595; x_wconf 84' lang='lat' dir='ltr'>Pascha.</span> <span class='ocrx_word' id='word_1_539' title='bbox 3295 3539 3518 3604; x_wconf 88' lang='lat' dir='ltr'><strong>Quibus</strong></span> <span class='ocrx_word' id='word_1_540' title='bbox 3571 3525 3767 3600; x_wconf 78' lang='lat' dir='ltr'>verbis</span> 
     </span>
    </p>
   </div>
   <div class='ocr_carea' id='block_1_83' title="bbox 2115 3625 3764 3702">
    <p class='ocr_par' dir='ltr' id='par_1_83' title="bbox 2115 3625 3764 3702">
     <span class='ocr_line' id='line_1_83' title="bbox 2115 3625 3764 3702; baseline 0.004 -21"><span class='ocrx_word' id='word_1_541' title='bbox 2115 3625 2209 3683; x_wconf 91' lang='lat' dir='ltr'>hic</span> <span class='ocrx_word' id='word_1_542' title='bbox 2239 3631 2440 3684; x_wconf 87' lang='lat' dir='ltr'>auctor</span> <span class='ocrx_word' id='word_1_543' title='bbox 2483 3627 2818 3702; x_wconf 88' lang='lat' dir='ltr'>pontiﬁcem</span> <span class='ocrx_word' id='word_1_544' title='bbox 2851 3627 3030 3684; x_wconf 92' lang='lat' dir='ltr'>semel</span> <span class='ocrx_word' id='word_1_545' title='bbox 3063 3631 3120 3684; x_wconf 86' lang='lat' dir='ltr'>et</span> <span class='ocrx_word' id='word_1_546' title='bbox 3171 3628 3384 3686; x_wconf 92' lang='lat' dir='ltr'>iterum</span> <span class='ocrx_word' id='word_1_547' title='bbox 3433 3629 3764 3688; x_wconf 88' lang='lat' dir='ltr'>Santonum</span> 
     </span>
    </p>
   </div>
   <div class='ocr_carea' id='block_1_84' title="bbox 2113 3715 3763 3791">
    <p class='ocr_par' dir='ltr' id='par_1_84' title="bbox 2113 3715 3763 3791">
     <span class='ocr_line' id='line_1_84' title="bbox 2113 3715 3763 3791; baseline 0.002 -19"><span class='ocrx_word' id='word_1_548' title='bbox 2113 3716 2315 3773; x_wconf 88' lang='lat' dir='ltr'>urbem</span> <span class='ocrx_word' id='word_1_549' title='bbox 2348 3717 2564 3774; x_wconf 91' lang='lat' dir='ltr'>adiisse</span> <span class='ocrx_word' id='word_1_550' title='bbox 2593 3715 2810 3784; x_wconf 92' lang='lat' dir='ltr'>innuit,</span> <span class='ocrx_word' id='word_1_551' title='bbox 2846 3717 3000 3788; x_wconf 90' lang='lat' dir='ltr'>quod</span> <span class='ocrx_word' id='word_1_552' title='bbox 3033 3715 3130 3772; x_wconf 90' lang='lat' dir='ltr'>alii</span> <span class='ocrx_word' id='word_1_553' title='bbox 3164 3717 3478 3791; x_wconf 88' lang='lat' dir='ltr'>scriptores</span> <span class='ocrx_word' id='word_1_554' title='bbox 3509 3735 3623 3775; x_wconf 90' lang='lat' dir='ltr'>non</span> <span class='ocrx_word' id='word_1_555' title='bbox 3654 3719 3763 3776; x_wconf 85' lang='lat' dir='ltr'>ha-</span> 
     </span>
    </p>
   </div>
   <div class='ocr_carea' id='block_1_85' title="bbox 2112 3804 3773 3886">
    <p class='ocr_par' dir='ltr' id='par_1_85' title="bbox 2112 3804 3773 3886">
     <span class='ocr_line' id='line_1_85' title="bbox 2112 3804 3773 3886; baseline 0.003 -25"><span class='ocrx_word' id='word_1_556' title='bbox 2112 3806 2268 3862; x_wconf 91' lang='lat' dir='ltr'>bent.</span> <span class='ocrx_word' id='word_1_557' title='bbox 2293 3807 2440 3862; x_wconf 89' lang='lat' dir='ltr'>Eum</span> <span class='ocrx_word' id='word_1_558' title='bbox 2459 3824 2492 3861; x_wconf 93' lang='lat' dir='ltr'>a</span> <span class='ocrx_word' id='word_1_559' title='bbox 2513 3804 2826 3862; x_wconf 84' lang='lat' dir='ltr'>Ramnulfo</span> <span class='ocrx_word' id='word_1_560' title='bbox 2839 3805 3110 3878; x_wconf 87' lang='lat' dir='ltr'>episcopo</span> <span class='ocrx_word' id='word_1_561' title='bbox 3128 3805 3208 3862; x_wconf 92' lang='lat' dir='ltr'>ibi</span> <span class='ocrx_word' id='word_1_562' title='bbox 3226 3811 3562 3882; x_wconf 89' lang='lat' dir='ltr'>susceptum</span> <span class='ocrx_word' id='word_1_563' title='bbox 3579 3808 3773 3886; x_wconf 38' lang='lat' dir='ltr'>fuisse.</span> 
     </span>
    </p>
   </div>
   <div class='ocr_carea' id='block_1_86' title="bbox 2111 3893 3764 3967">
    <p class='ocr_par' dir='ltr' id='par_1_86' title="bbox 2111 3893 3764 3967">
     <span class='ocr_line' id='line_1_86' title="bbox 2111 3893 3764 3967; baseline 0.004 -19"><span class='ocrx_word' id='word_1_564' title='bbox 2111 3895 2248 3951; x_wconf 89' lang='lat' dir='ltr'>Idus</span> <span class='ocrx_word' id='word_1_565' title='bbox 2280 3895 2493 3967; x_wconf 86' lang='lat' dir='ltr'>Aprilis</span> <span class='ocrx_word' id='word_1_566' title='bbox 2526 3893 2764 3966; x_wconf 89' lang='lat' dir='ltr'>scripsit</span> <span class='ocrx_word' id='word_1_567' title='bbox 2793 3893 3148 3950; x_wconf 89' lang='lat' dir='ltr'>Sirmundus</span> <span class='ocrx_word' id='word_1_568' title='bbox 3179 3893 3238 3950; x_wconf 91' lang='lat' dir='ltr'>in</span> <span class='ocrx_word' id='word_1_569' title='bbox 3269 3897 3424 3954; x_wconf 88' lang='lat' dir='ltr'>notis</span> <span class='ocrx_word' id='word_1_570' title='bbox 3455 3899 3526 3954; x_wconf 91' lang='lat' dir='ltr'>ad</span> <span class='ocrx_word' id='word_1_571' title='bbox 3557 3896 3764 3954; x_wconf 80' lang='lat' dir='ltr'>Goﬁ‘ri-</span> 
     </span>
    </p>
   </div>
   <div class='ocr_carea' id='block_1_87' title="bbox 2109 3983 3760 4045">
    <p class='ocr_par' dir='ltr' id='par_1_87' title="bbox 2109 3983 3760 4045">
     <span class='ocr_line' id='line_1_87' title="bbox 2109 3983 3760 4045; baseline 0.004 -7"><span class='ocrx_word' id='word_1_572' title='bbox 2109 3985 2250 4039; x_wconf 92' lang='lat' dir='ltr'>dum</span> <span class='ocrx_word' id='word_1_573' title='bbox 2283 3983 2796 4039; x_wconf 86' lang='lat' dir='ltr'>Vindocinensem.</span> <span class='ocrx_word' id='word_1_574' title='bbox 2829 3983 2900 4038; x_wconf 92' lang='lat' dir='ltr'>At</span> <span class='ocrx_word' id='word_1_575' title='bbox 2933 3983 2989 4038; x_wconf 92' lang='lat' dir='ltr'>id</span> <span class='ocrx_word' id='word_1_576' title='bbox 3023 3999 3138 4040; x_wconf 90' lang='lat' dir='ltr'>uno</span> <span class='ocrx_word' id='word_1_577' title='bbox 3169 3983 3378 4042; x_wconf 86' lang='lat' dir='ltr'>saltem</span> <span class='ocrx_word' id='word_1_578' title='bbox 3427 3990 3528 4043; x_wconf 87' lang='lat' dir='ltr'>aut</span> <span class='ocrx_word' id='word_1_579' title='bbox 3575 3987 3760 4045; x_wconf 89' lang='lat' dir='ltr'>altero</span> 
     </span>
    </p>
   </div>
   <div class='ocr_carea' id='block_1_88' title="bbox 2109 4071 3760 4149">
    <p class='ocr_par' dir='ltr' id='par_1_88' title="bbox 2109 4071 3760 4149">
     <span class='ocr_line' id='line_1_88' title="bbox 2109 4071 3760 4149; baseline 0.003 -20"><span class='ocrx_word' id='word_1_580' title='bbox 2109 4072 2201 4129; x_wconf 90' lang='lat' dir='ltr'>die</span> <span class='ocrx_word' id='word_1_581' title='bbox 2252 4077 2420 4128; x_wconf 86' lang='lat' dir='ltr'>antea</span> <span class='ocrx_word' id='word_1_582' title='bbox 2464 4071 2685 4126; x_wconf 89' lang='lat' dir='ltr'>factum</span> <span class='ocrx_word' id='word_1_583' title='bbox 2736 4071 2917 4128; x_wconf 89' lang='lat' dir='ltr'>fuisse</span> <span class='ocrx_word' id='word_1_584' title='bbox 2946 4071 3032 4128; x_wconf 89' lang='lat' dir='ltr'>vel</span> <span class='ocrx_word' id='word_1_585' title='bbox 3064 4089 3132 4128; x_wconf 89' lang='lat' dir='ltr'>ex</span> <span class='ocrx_word' id='word_1_586' title='bbox 3162 4072 3270 4130; x_wconf 91' lang='lat' dir='ltr'>hoc</span> <span class='ocrx_word' id='word_1_587' title='bbox 3315 4074 3438 4132; x_wconf 91' lang='lat' dir='ltr'>solo</span> <span class='ocrx_word' id='word_1_588' title='bbox 3469 4076 3760 4149; x_wconf 90' lang='lat' dir='ltr'>conjicere</span> 
     </span>
    </p>
   </div>
   <div class='ocr_carea' id='block_1_89' title="bbox 2106 4159 3758 4237">
    <p class='ocr_par' dir='ltr' id='par_1_89' title="bbox 2106 4159 3758 4237">
     <span class='ocr_line' id='line_1_89' title="bbox 2106 4159 3758 4237; baseline 0.004 -21"><span class='ocrx_word' id='word_1_589' title='bbox 2106 4161 2260 4229; x_wconf 89' lang='lat' dir='ltr'>licet,</span> <span class='ocrx_word' id='word_1_590' title='bbox 2286 4161 2442 4232; x_wconf 80' lang='lat' dir='ltr'>quod</span> <span class='ocrx_word' id='word_1_591' title='bbox 2467 4159 2784 4216; x_wconf 77' lang='lat' dir='ltr'>verisimile</span> <span class='ocrx_word' id='word_1_592' title='bbox 2816 4178 2931 4216; x_wconf 90' lang='lat' dir='ltr'>non</span> <span class='ocrx_word' id='word_1_593' title='bbox 2955 4161 3127 4217; x_wconf 90' lang='lat' dir='ltr'>fuerit</span> <span class='ocrx_word' id='word_1_594' title='bbox 3172 4161 3469 4220; x_wconf 89' lang='lat' dir='ltr'>Urbanum</span> <span class='ocrx_word' id='word_1_595' title='bbox 3502 4165 3632 4237; x_wconf 91' lang='lat' dir='ltr'>ipso</span> <span class='ocrx_word' id='word_1_596' title='bbox 3661 4166 3758 4223; x_wconf 90' lang='lat' dir='ltr'>die</span> 
     </span>
    </p>
   </div>
   <div class='ocr_carea' id='block_1_90' title="bbox 2107 4248 3757 4312">
    <p class='ocr_par' dir='ltr' id='par_1_90' title="bbox 2107 4248 3757 4312">
     <span class='ocr_line' id='line_1_90' title="bbox 2107 4248 3757 4312; baseline 0.003 -7"><span class='ocrx_word' id='word_1_597' title='bbox 2107 4250 2338 4306; x_wconf 73' lang='lat' dir='ltr'>Pascha:</span> <span class='ocrx_word' id='word_1_598' title='bbox 2387 4265 2516 4305; x_wconf 91' lang='lat' dir='ltr'>sese</span> <span class='ocrx_word' id='word_1_599' title='bbox 2569 4248 2760 4304; x_wconf 88' lang='lat' dir='ltr'>itineri</span> <span class='ocrx_word' id='word_1_600' title='bbox 2794 4249 3182 4307; x_wconf 91' lang='lat' dir='ltr'>commisisse.</span> <span class='ocrx_word' id='word_1_601' title='bbox 3234 4252 3400 4308; x_wconf 88' lang='lat' dir='ltr'>Certe</span> <span class='ocrx_word' id='word_1_602' title='bbox 3447 4258 3581 4309; x_wconf 89' lang='lat' dir='ltr'>ante</span> <span class='ocrx_word' id='word_1_603' title='bbox 3631 4253 3757 4312; x_wconf 90' lang='lat' dir='ltr'>dies</span> 
     </span>
    </p>
   </div>
   <div class='ocr_carea' id='block_1_91' title="bbox 2104 4336 3749 4414">
    <p class='ocr_par' dir='ltr' id='par_1_91' title="bbox 2104 4336 3749 4414">
     <span class='ocr_line' id='line_1_91' title="bbox 2104 4336 3749 4414; baseline 0.003 -21"><span class='ocrx_word' id='word_1_604' title='bbox 2104 4343 2251 4406; x_wconf 90' lang='lat' dir='ltr'>octo,</span> <span class='ocrx_word' id='word_1_605' title='bbox 2289 4337 2369 4391; x_wconf 88' lang='lat' dir='ltr'>uti</span> <span class='ocrx_word' id='word_1_606' title='bbox 2402 4336 2678 4406; x_wconf 88' lang='lat' dir='ltr'>vidimus,</span> <span class='ocrx_word' id='word_1_607' title='bbox 2712 4337 2984 4394; x_wconf 88' lang='lat' dir='ltr'>Urbanus</span> <span class='ocrx_word' id='word_1_608' title='bbox 3011 4338 3388 4413; x_wconf 89' lang='lat' dir='ltr'>Angeliacum</span> <span class='ocrx_word' id='word_1_609' title='bbox 3423 4340 3749 4414; x_wconf 87' lang='lat' dir='ltr'>appulerat;</span> 
     </span>
    </p>
   </div>
   <div class='ocr_carea' id='block_1_92' title="bbox 2105 4427 3752 4502">
    <p class='ocr_par' dir='ltr' id='par_1_92' title="bbox 2105 4427 3752 4502">
     <span class='ocr_line' id='line_1_92' title="bbox 2105 4427 3752 4502; baseline 0.004 -20"><span class='ocrx_word' id='word_1_610' title='bbox 2105 4432 2160 4482; x_wconf 89' lang='lat' dir='ltr'><strong>et</strong></span> <span class='ocrx_word' id='word_1_611' title='bbox 2187 4427 2422 4498; x_wconf 86' lang='lat' dir='ltr'>quidem</span> <span class='ocrx_word' id='word_1_612' title='bbox 2457 4431 2683 4483; x_wconf 87' lang='lat' dir='ltr'>constat</span> <span class='ocrx_word' id='word_1_613' title='bbox 2716 4444 2849 4483; x_wconf 90' lang='lat' dir='ltr'>eum</span> <span class='ocrx_word' id='word_1_614' title='bbox 2883 4427 3090 4484; x_wconf 88' lang='lat' dir='ltr'>saltem</span> <span class='ocrx_word' id='word_1_615' title='bbox 3124 4428 3180 4484; x_wconf 92' lang='lat' dir='ltr'>in</span> <span class='ocrx_word' id='word_1_616' title='bbox 3212 4429 3515 4486; x_wconf 86' lang='lat' dir='ltr'>Paschatis</span> <span class='ocrx_word' id='word_1_617' title='bbox 3563 4431 3752 4502; x_wconf 72' lang='lat' dir='ltr'>perVi-</span> 
     </span>
    </p>
   </div>
   <div class='ocr_carea' id='block_1_93' title="bbox 2103 4515 3753 4590">
    <p class='ocr_par' dir='ltr' id='par_1_93' title="bbox 2103 4515 3753 4590">
     <span class='ocr_line' id='line_1_93' title="bbox 2103 4515 3753 4590; baseline 0.004 -20"><span class='ocrx_word' id='word_1_618' title='bbox 2103 4515 2242 4588; x_wconf 89' lang='lat' dir='ltr'>gilio</span> <span class='ocrx_word' id='word_1_619' title='bbox 2273 4516 2426 4587; x_wconf 90' lang='lat' dir='ltr'>apud</span> <span class='ocrx_word' id='word_1_620' title='bbox 2457 4519 2744 4572; x_wconf 75' lang='lat' dir='ltr'>Santonus</span> <span class='ocrx_word' id='word_1_621' title='bbox 2777 4516 2980 4585; x_wconf 85' lang='lat' dir='ltr'>fuisse,</span> <span class='ocrx_word' id='word_1_622' title='bbox 3012 4523 3077 4572; x_wconf 89' lang='lat' dir='ltr'>ut</span> <span class='ocrx_word' id='word_1_623' title='bbox 3105 4534 3174 4574; x_wconf 86' lang='lat' dir='ltr'>ex</span> <span class='ocrx_word' id='word_1_624' title='bbox 3221 4518 3348 4590; x_wconf 88' lang='lat' dir='ltr'>ejus</span> <span class='ocrx_word' id='word_1_625' title='bbox 3393 4517 3554 4575; x_wconf 90' lang='lat' dir='ltr'>bulla</span> <span class='ocrx_word' id='word_1_626' title='bbox 3583 4519 3753 4577; x_wconf 87' lang='lat' dir='ltr'>colli-</span> 
     </span>
    </p>
   </div>
   <div class='ocr_carea' id='block_1_94' title="bbox 351 4603 3751 4685">
    <p class='ocr_par' dir='ltr' id='par_1_94' title="bbox 351 4603 3751 4685">
     <span class='ocr_line' id='line_1_94' title="bbox 351 4603 3751 4685; baseline 0.001 -23"><span class='ocrx_word' id='word_1_627' title='bbox 351 4606 464 4662; x_wconf 88' lang='lat' dir='ltr'>mis</span> <span class='ocrx_word' id='word_1_628' title='bbox 481 4622 550 4662; x_wconf 87' lang='lat' dir='ltr'>ex</span> <span class='ocrx_word' id='word_1_629' title='bbox 575 4610 816 4678; x_wconf 91' lang='lat' dir='ltr'>utroque</span> <span class='ocrx_word' id='word_1_630' title='bbox 839 4605 1039 4660; x_wconf 91' lang='lat' dir='ltr'>ordine</span> <span class='ocrx_word' id='word_1_631' title='bbox 1085 4605 1224 4660; x_wconf 89' lang='lat' dir='ltr'>viris</span> <span class='ocrx_word' id='word_1_632' title='bbox 1261 4604 1614 4670; x_wconf 90' lang='lat' dir='ltr'>illustribus,</span> <span class='ocrx_word' id='word_1_633' title='bbox 1657 4607 1722 4658; x_wconf 91' lang='lat' dir='ltr'>ut</span> <span class='ocrx_word' id='word_1_634' title='bbox 1748 4603 1995 4674; x_wconf 88' lang='lat' dir='ltr'>ipsemet</span> <span class='ocrx_word' id='word_1_635' title='bbox 2028 4621 2073 4685; x_wconf 82' lang='lat' dir='ltr'><strong>D</strong></span> <span class='ocrx_word' id='word_1_636' title='bbox 2101 4605 2298 4678; x_wconf 89' lang='lat' dir='ltr'>gimus</span> <span class='ocrx_word' id='word_1_637' title='bbox 2328 4621 2454 4676; x_wconf 66' lang='lat' dir='ltr'>quae</span> <span class='ocrx_word' id='word_1_638' title='bbox 2485 4605 2622 4661; x_wconf 88' lang='lat' dir='ltr'>data</span> <span class='ocrx_word' id='word_1_639' title='bbox 2650 4611 2738 4661; x_wconf 87' lang='lat' dir='ltr'>est</span> <span class='ocrx_word' id='word_1_640' title='bbox 2769 4605 2877 4662; x_wconf 91' lang='lat' dir='ltr'>hoc</span> <span class='ocrx_word' id='word_1_641' title='bbox 2907 4605 3036 4678; x_wconf 89' lang='lat' dir='ltr'>ipso</span> <span class='ocrx_word' id='word_1_642' title='bbox 3068 4606 3160 4664; x_wconf 91' lang='lat' dir='ltr'>die</span> <span class='ocrx_word' id='word_1_643' title='bbox 3191 4607 3249 4662; x_wconf 90' lang='lat' dir='ltr'>in</span> <span class='ocrx_word' id='word_1_644' title='bbox 3277 4607 3526 4680; x_wconf 87' lang='lat' dir='ltr'>gratiam</span> <span class='ocrx_word' id='word_1_645' title='bbox 3558 4609 3751 4666; x_wconf 90' lang='lat' dir='ltr'>Adhe-</span> 
     </span>
    </p>
   </div>
   <div class='ocr_carea' id='block_1_95' title="bbox 349 4691 3754 4772">
    <p class='ocr_par' dir='ltr' id='par_1_95' title="bbox 349 4691 3754 4772">
     <span class='ocr_line' id='line_1_95' title="bbox 349 4691 3754 4772; baseline 0.002 -22"><span class='ocrx_word' id='word_1_646' title='bbox 349 4701 549 4752; x_wconf 90' lang='lat' dir='ltr'>narrat</span> <span class='ocrx_word' id='word_1_647' title='bbox 578 4695 636 4751; x_wconf 91' lang='lat' dir='ltr'>in</span> <span class='ocrx_word' id='word_1_648' title='bbox 671 4697 949 4767; x_wconf 87' lang='lat' dir='ltr'>rescripto</span> <span class='ocrx_word' id='word_1_649' title='bbox 971 4711 1039 4750; x_wconf 90' lang='lat' dir='ltr'>ea</span> <span class='ocrx_word' id='word_1_650' title='bbox 1075 4693 1147 4750; x_wconf 89' lang='lat' dir='ltr'>de</span> <span class='ocrx_word' id='word_1_651' title='bbox 1169 4711 1227 4749; x_wconf 90' lang='lat' dir='ltr'>re</span> <span class='ocrx_word' id='word_1_652' title='bbox 1259 4698 1390 4766; x_wconf 88' lang='lat' dir='ltr'>post</span> <span class='ocrx_word' id='word_1_653' title='bbox 1439 4691 1665 4764; x_wconf 88' lang='lat' dir='ltr'>aliquot</span> <span class='ocrx_word' id='word_1_654' title='bbox 1694 4692 1818 4746; x_wconf 90' lang='lat' dir='ltr'>dies</span> <span class='ocrx_word' id='word_1_655' title='bbox 1862 4691 1995 4747; x_wconf 87' lang='lat' dir='ltr'>dato</span> <span class='ocrx_word' id='word_1_656' title='bbox 2106 4693 2252 4748; x_wconf 89' lang='lat' dir='ltr'>mari</span> <span class='ocrx_word' id='word_1_657' title='bbox 2275 4693 2506 4750; x_wconf 88' lang='lat' dir='ltr'>abbatis</span> <span class='ocrx_word' id='word_1_658' title='bbox 2527 4694 2720 4750; x_wconf 84' lang='lat' dir='ltr'>Sancti</span> <span class='ocrx_word' id='word_1_659' title='bbox 2747 4693 3030 4750; x_wconf 86' lang='lat' dir='ltr'>Martialis</span> <span class='ocrx_word' id='word_1_660' title='bbox 3055 4695 3502 4753; x_wconf 89' lang='lat' dir='ltr'>Lemovicensis.</span> <span class='ocrx_word' id='word_1_661' title='bbox 3521 4697 3754 4772; x_wconf 89' lang='lat' dir='ltr'>Insigne</span> 
     </span>
    </p>
   </div>
   <div class='ocr_carea' id='block_1_96' title="bbox 347 4778 1990 4858">
    <p class='ocr_par' dir='ltr' id='par_1_96' title="bbox 347 4778 1990 4858">
     <span class='ocr_line' id='line_1_96' title="bbox 347 4778 1990 4858; baseline -0.004 -17"><span class='ocrx_word' id='word_1_662' title='bbox 347 4786 500 4858; x_wconf 89' lang='lat' dir='ltr'>apud</span> <span class='ocrx_word' id='word_1_663' title='bbox 551 4786 864 4841; x_wconf 77' lang='lat' dir='ltr'>Santonus.</span> <span class='ocrx_word' id='word_1_664' title='bbox 899 4789 1094 4852; x_wconf 89' lang='lat' dir='ltr'>Porro,</span> <span class='ocrx_word' id='word_1_665' title='bbox 1131 4783 1176 4838; x_wconf 90' lang='lat' dir='ltr'>si</span> <span class='ocrx_word' id='word_1_666' title='bbox 1217 4799 1286 4838; x_wconf 86' lang='lat' dir='ltr'>ex</span> <span class='ocrx_word' id='word_1_667' title='bbox 1312 4781 1574 4837; x_wconf 90' lang='lat' dir='ltr'>locorum</span> <span class='ocrx_word' id='word_1_668' title='bbox 1605 4779 1817 4836; x_wconf 85' lang='lat' dir='ltr'>vicinia</span> <span class='ocrx_word' id='word_1_669' title='bbox 1845 4778 1990 4835; x_wconf 92' lang='lat' dir='ltr'>illud</span> 
     </span>
    </p>
   </div>
   <div class='ocr_carea' id='block_1_97' title="bbox 347 4868 1992 4945">
    <p class='ocr_par' dir='ltr' id='par_1_97' title="bbox 347 4868 1992 4945">
     <span class='ocr_line' id='line_1_97' title="bbox 347 4868 1992 4945; baseline -0.004 -15"><span class='ocrx_word' id='word_1_670' title='bbox 347 4875 632 4945; x_wconf 89' lang='lat' dir='ltr'>conjicere</span> <span class='ocrx_word' id='word_1_671' title='bbox 675 4874 863 4942; x_wconf 90' lang='lat' dir='ltr'>liceat,</span> <span class='ocrx_word' id='word_1_672' title='bbox 911 4873 1025 4929; x_wconf 91' lang='lat' dir='ltr'>huc</span> <span class='ocrx_word' id='word_1_673' title='bbox 1054 4871 1230 4929; x_wconf 90' lang='lat' dir='ltr'>etiam</span> <span class='ocrx_word' id='word_1_674' title='bbox 1259 4871 1512 4926; x_wconf 87' lang='lat' dir='ltr'>revocari</span> <span class='ocrx_word' id='word_1_675' title='bbox 1542 4873 1734 4941; x_wconf 91' lang='lat' dir='ltr'>potest</span> <span class='ocrx_word' id='word_1_676' title='bbox 1776 4868 1992 4924; x_wconf 86' lang='lat' dir='ltr'>Urbani</span> 
     </span>
    </p>
   </div>
   <div class='ocr_carea' id='block_1_98' title="bbox 347 4958 1992 5035">
    <p class='ocr_par' dir='ltr' id='par_1_98' title="bbox 347 4958 1992 5035">
     <span class='ocr_line' id='line_1_98' title="bbox 347 4958 1992 5035; baseline -0.001 -19"><span class='ocrx_word' id='word_1_677' title='bbox 347 4961 714 5035; x_wconf 86' lang='lat' dir='ltr'>privilegium</span> <span class='ocrx_word' id='word_1_678' title='bbox 747 4962 1006 5018; x_wconf 84' lang='lat' dir='ltr'>ecenobio</span> <span class='ocrx_word' id='word_1_679' title='bbox 1034 4959 1312 5034; x_wconf 88' lang='lat' dir='ltr'>Anglensi</span> <span class='ocrx_word' id='word_1_680' title='bbox 1344 4958 1499 5030; x_wconf 88' lang='lat' dir='ltr'>apud</span> <span class='ocrx_word' id='word_1_681' title='bbox 1523 4958 1789 5013; x_wconf 89' lang='lat' dir='ltr'>Pictones</span> <span class='ocrx_word' id='word_1_682' title='bbox 1819 4973 1992 5014; x_wconf 91' lang='lat' dir='ltr'>eano-</span> 
     </span>
    </p>
   </div>
   <div class='ocr_carea' id='block_1_99' title="bbox 346 5047 1992 5125">
    <p class='ocr_par' dir='ltr' id='par_1_99' title="bbox 346 5047 1992 5125">
     <span class='ocr_line' id='line_1_99' title="bbox 346 5047 1992 5125; baseline -0.003 -18"><span class='ocrx_word' id='word_1_683' title='bbox 346 5053 614 5110; x_wconf 87' lang='lat' dir='ltr'>nicorum</span> <span class='ocrx_word' id='word_1_684' title='bbox 642 5051 996 5125; x_wconf 88' lang='lat' dir='ltr'>regularium</span> <span class='ocrx_word' id='word_1_685' title='bbox 1025 5051 1251 5118; x_wconf 87' lang='lat' dir='ltr'>datum,</span> <span class='ocrx_word' id='word_1_686' title='bbox 1288 5049 1439 5120; x_wconf 85' lang='lat' dir='ltr'>quod</span> <span class='ocrx_word' id='word_1_687' title='bbox 1464 5064 1532 5101; x_wconf 84' lang='lat' dir='ltr'>ex</span> <span class='ocrx_word' id='word_1_688' title='bbox 1565 5047 1883 5102; x_wconf 86' lang='lat' dir='ltr'>Innocentii</span> <span class='ocrx_word' id='word_1_689' title='bbox 1920 5047 1992 5102; x_wconf 87' lang='lat' dir='ltr'>IlI</span> 
     </span>
    </p>
   </div>
   <div class='ocr_carea' id='block_1_100' title="bbox 343 5135 1990 5197">
    <p class='ocr_par' dir='ltr' id='par_1_100' title="bbox 343 5135 1990 5197">
     <span class='ocr_line' id='line_1_100' title="bbox 343 5135 1990 5197; baseline -0.003 0"><span class='ocrx_word' id='word_1_690' title='bbox 343 5139 506 5197; x_wconf 91' lang='lat' dir='ltr'>bulla</span> <span class='ocrx_word' id='word_1_691' title='bbox 536 5158 570 5197; x_wconf 89' lang='lat' dir='ltr'>a</span> <span class='ocrx_word' id='word_1_692' title='bbox 599 5141 1065 5197; x_wconf 87' lang='lat' dir='ltr'>Sammarthanis</span> <span class='ocrx_word' id='word_1_693' title='bbox 1095 5144 1254 5195; x_wconf 78' lang='lat' dir='ltr'>tonio</span> <span class='ocrx_word' id='word_1_694' title='bbox 1286 5139 1358 5192; x_wconf 87' lang='lat' dir='ltr'>IV</span> <span class='ocrx_word' id='word_1_695' title='bbox 1398 5135 1595 5192; x_wconf 64' lang='lat' dir='ltr'>Galliae</span> <span class='ocrx_word' id='word_1_696' title='bbox 1646 5136 1990 5192; x_wconf 60' lang='lat' dir='ltr'>Christiana;</span> 
     </span>
    </p>
   </div>
   <div class='ocr_carea' id='block_1_101' title="bbox 342 5223 1984 5304">
    <p class='ocr_par' dir='ltr' id='par_1_101' title="bbox 342 5223 1984 5304">
     <span class='ocr_line' id='line_1_101' title="bbox 342 5223 1984 5304; baseline -0.002 -18"><span class='ocrx_word' id='word_1_697' title='bbox 342 5230 635 5300; x_wconf 88' lang='lat' dir='ltr'>laudatur,</span> <span class='ocrx_word' id='word_1_698' title='bbox 655 5249 756 5287; x_wconf 89' lang='lat' dir='ltr'>nee</span> <span class='ocrx_word' id='word_1_699' title='bbox 780 5231 950 5304; x_wconf 85' lang='lat' dir='ltr'>plura</span> <span class='ocrx_word' id='word_1_700' title='bbox 972 5230 1041 5285; x_wconf 86' lang='lat' dir='ltr'>de</span> <span class='ocrx_word' id='word_1_701' title='bbox 1063 5229 1190 5301; x_wconf 89' lang='lat' dir='ltr'>ipso</span> <span class='ocrx_word' id='word_1_702' title='bbox 1212 5227 1402 5282; x_wconf 90' lang='lat' dir='ltr'>dicere</span> <span class='ocrx_word' id='word_1_703' title='bbox 1435 5225 1522 5280; x_wconf 88' lang='lat' dir='ltr'>fas</span> <span class='ocrx_word' id='word_1_704' title='bbox 1544 5229 1651 5294; x_wconf 89' lang='lat' dir='ltr'>est,</span> <span class='ocrx_word' id='word_1_705' title='bbox 1677 5241 1808 5282; x_wconf 92' lang='lat' dir='ltr'>cum</span> <span class='ocrx_word' id='word_1_706' title='bbox 1841 5223 1984 5282; x_wconf 90' lang='lat' dir='ltr'>illud</span> 
     </span>
    </p>
   </div>
   <div class='ocr_carea' id='block_1_102' title="bbox 341 5317 1113 5394">
    <p class='ocr_par' dir='ltr' id='par_1_102' title="bbox 341 5317 1113 5394">
     <span class='ocr_line' id='line_1_102' title="bbox 341 5317 1113 5394; baseline -0.008 -18"><span class='ocrx_word' id='word_1_707' title='bbox 341 5337 683 5394; x_wconf 90' lang='lat' dir='ltr'>recuperare</span> <span class='ocrx_word' id='word_1_708' title='bbox 714 5337 830 5376; x_wconf 91' lang='lat' dir='ltr'>non</span> <span class='ocrx_word' id='word_1_709' title='bbox 865 5317 1113 5374; x_wconf 91' lang='lat' dir='ltr'>licuerit.</span> 
     </span>
    </p>
   </div>
   <div class='ocr_carea' id='block_1_103' title="bbox 339 5422 1986 5567">
    <p class='ocr_par' dir='ltr' id='par_1_103' title="bbox 339 5422 1986 5567">
     <span class='ocr_line' id='line_1_103' title="bbox 339 5422 1986 5567; baseline -0.001 -83"><span class='ocrx_word' id='word_1_710' title='bbox 339 5428 568 5485; x_wconf 86' lang='lat' dir='ltr'>CCLVI.</span> <span class='ocrx_word' id='word_1_711' title='bbox 602 5427 761 5500; x_wconf 75' lang='lat' dir='ltr'>Apud</span> <span class='ocrx_word' id='word_1_712' title='bbox 790 5427 844 5482; x_wconf 91' lang='lat' dir='ltr'>S.</span> <span class='ocrx_word' id='word_1_713' title='bbox 880 5427 1216 5567; x_wconf 46' lang='lat' dir='ltr'>Mameytz&#39;um</span> <span class='ocrx_word' id='word_1_714' title='bbox 1234 5423 1328 5478; x_wconf 82' lang='lat' dir='ltr'>dat</span> <span class='ocrx_word' id='word_1_715' title='bbox 1348 5423 1704 5494; x_wconf 81' lang='lat' dir='ltr'>priuilegium</span> <span class='ocrx_word' id='word_1_716' title='bbox 1749 5422 1986 5482; x_wconf 85' lang='lat' dir='ltr'>Glanna-</span> 
     </span>
     <span class='ocr_line' id='line_1_104' title="bbox 1065 5511 1292 5551; baseline 0 -1"><span class='ocrx_word' id='word_1_717' title='bbox 1065 5511 1093 5550; x_wconf 89' lang='grc' dir='ltr'><em>ο</em></span> <span class='ocrx_word' id='word_1_718' title='bbox 1117 5511 1292 5551; x_wconf 75' lang='lat' dir='ltr'>enses.</span> 
     </span>
    </p>
   </div>
   <div class='ocr_carea' id='block_1_104' title="bbox 1065 5511 1292 5551">
    <p class='ocr_par' dir='ltr' id='par_1_104' title="bbox 1065 5511 1292 5551">
     <span class='ocr_line' id='line_1_105' title="bbox 1065 5511 1292 5551; baseline 0 -1"><span class='ocrx_word' id='word_1_719' title='bbox 1065 5511 1292 5551; x_wconf 73' lang='lat' dir='ltr'>menses.</span> 
     </span>
    </p>
   </div>
   <div class='ocr_carea' id='block_1_105' title="bbox 390 5584 1982 5658">
    <p class='ocr_par' dir='ltr' id='par_1_105' title="bbox 390 5584 1982 5658">
     <span class='ocr_line' id='line_1_106' title="bbox 390 5584 1982 5658; baseline -0.001 -14"><span class='ocrx_word' id='word_1_720' title='bbox 390 5589 601 5644; x_wconf 83' lang='lat' dir='ltr'>Pridie</span> <span class='ocrx_word' id='word_1_721' title='bbox 622 5587 914 5642; x_wconf 87' lang='lat' dir='ltr'>Kalendas</span> <span class='ocrx_word' id='word_1_722' title='bbox 936 5584 1148 5658; x_wconf 86' lang='lat' dir='ltr'>Aprilis</span> <span class='ocrx_word' id='word_1_723' title='bbox 1163 5585 1315 5656; x_wconf 91' lang='lat' dir='ltr'>apud</span> <span class='ocrx_word' id='word_1_724' title='bbox 1333 5589 1600 5642; x_wconf 88' lang='lat' dir='ltr'>sanctum</span> <span class='ocrx_word' id='word_1_725' title='bbox 1625 5586 1982 5643; x_wconf 87' lang='lat' dir='ltr'>Maxentium</span> 
     </span>
    </p>
   </div>
   <div class='ocr_carea' id='block_1_106' title="bbox 333 5673 1982 5750">
    <p class='ocr_par' dir='ltr' id='par_1_106' title="bbox 333 5673 1982 5750">
     <span class='ocr_line' id='line_1_107' title="bbox 333 5673 1982 5750; baseline -0.003 -10"><span class='ocrx_word' id='word_1_726' title='bbox 333 5679 393 5739; x_wconf 85' lang='lat' dir='ltr'><strong>in</strong></span> <span class='ocrx_word' id='word_1_727' title='bbox 427 5679 630 5738; x_wconf 85' lang='lat' dir='ltr'>eadem</span> <span class='ocrx_word' id='word_1_728' title='bbox 671 5674 969 5750; x_wconf 87' lang='lat' dir='ltr'>provincia</span> <span class='ocrx_word' id='word_1_729' title='bbox 1003 5673 1194 5735; x_wconf 85' lang='lat' dir='ltr'>nobile</span> <span class='ocrx_word' id='word_1_730' title='bbox 1225 5675 1445 5734; x_wconf 84' lang='lat' dir='ltr'>ordinis</span> <span class='ocrx_word' id='word_1_731' title='bbox 1468 5675 1824 5737; x_wconf 88' lang='lat' dir='ltr'>Benedictini</span> <span class='ocrx_word' id='word_1_732' title='bbox 1856 5691 1982 5736; x_wconf 89' lang='lat' dir='ltr'>mo-</span> 
     </span>
    </p>
   </div>
   <div class='ocr_carea' id='block_1_107' title="bbox 2101 4781 3753 4856">
    <p class='ocr_par' dir='ltr' id='par_1_107' title="bbox 2101 4781 3753 4856">
     <span class='ocr_line' id='line_1_108' title="bbox 2101 4781 3753 4856; baseline 0.004 -18"><span class='ocrx_word' id='word_1_733' title='bbox 2101 4786 2190 4838; x_wconf 58' lang='lat' dir='ltr'>eat</span> <span class='ocrx_word' id='word_1_734' title='bbox 2221 4782 2365 4838; x_wconf 86' lang='lat' dir='ltr'>illud</span> <span class='ocrx_word' id='word_1_735' title='bbox 2395 4781 2786 4856; x_wconf 86' lang='lat' dir='ltr'>privilegium,</span> <span class='ocrx_word' id='word_1_736' title='bbox 2839 4801 2956 4856; x_wconf 84' lang='lat' dir='ltr'>quo</span> <span class='ocrx_word' id='word_1_737' title='bbox 3004 4788 3136 4856; x_wconf 84' lang='lat' dir='ltr'>post</span> <span class='ocrx_word' id='word_1_738' title='bbox 3192 4785 3566 4842; x_wconf 87' lang='lat' dir='ltr'>conﬁrmatas</span> <span class='ocrx_word' id='word_1_739' title='bbox 3614 4787 3753 4844; x_wconf 89' lang='lat' dir='ltr'>huic</span> 
     </span>
    </p>
   </div>
   <div class='ocr_carea' id='block_1_108' title="bbox 2101 4871 3754 4950">
    <p class='ocr_par' dir='ltr' id='par_1_108' title="bbox 2101 4871 3754 4950">
     <span class='ocr_line' id='line_1_109' title="bbox 2101 4871 3754 4950; baseline 0.005 -23"><span class='ocrx_word' id='word_1_740' title='bbox 2101 4872 2454 4928; x_wconf 89' lang='lat' dir='ltr'>monasterio</span> <span class='ocrx_word' id='word_1_741' title='bbox 2483 4872 2673 4929; x_wconf 88' lang='lat' dir='ltr'>varias</span> <span class='ocrx_word' id='word_1_742' title='bbox 2701 4875 3106 4945; x_wconf 91' lang='lat' dir='ltr'>possessiones</span> <span class='ocrx_word' id='word_1_743' title='bbox 3151 4878 3209 4931; x_wconf 93' lang='lat' dir='ltr'>et</span> <span class='ocrx_word' id='word_1_744' title='bbox 3261 4874 3559 4946; x_wconf 88' lang='lat' dir='ltr'>ecclesias,</span> <span class='ocrx_word' id='word_1_745' title='bbox 3602 4871 3754 4950; x_wconf 81' lang='lat' dir='ltr'>quas</span> 
     </span>
    </p>
   </div>
   <div class='ocr_carea' id='block_1_109' title="bbox 2101 4960 3752 5035">
    <p class='ocr_par' dir='ltr' id='par_1_109' title="bbox 2101 4960 3752 5035">
     <span class='ocr_line' id='line_1_110' title="bbox 2101 4960 3752 5035; baseline 0.006 -20"><span class='ocrx_word' id='word_1_746' title='bbox 2101 4960 2444 5035; x_wconf 85' lang='lat' dir='ltr'>singillatim</span> <span class='ocrx_word' id='word_1_747' title='bbox 2476 4968 2736 5018; x_wconf 88' lang='lat' dir='ltr'>recenset</span> <span class='ocrx_word' id='word_1_748' title='bbox 2762 4963 3041 5035; x_wconf 85' lang='lat' dir='ltr'>pontifex,</span> <span class='ocrx_word' id='word_1_749' title='bbox 3075 4987 3102 5014; x_wconf 91' lang='grc'>‹‹</span> <span class='ocrx_word' id='word_1_750' title='bbox 3139 4964 3344 5020; x_wconf 87' lang='lat' dir='ltr'>statuit</span> <span class='ocrx_word' id='word_1_751' title='bbox 3391 4969 3475 5033; x_wconf 91' lang='lat' dir='ltr'>ut,</span> <span class='ocrx_word' id='word_1_752' title='bbox 3509 4965 3752 5024; x_wconf 89' lang='lat' dir='ltr'>absente</span> 
     </span>
    </p>
   </div>
   <div class='ocr_carea' id='block_1_110' title="bbox 2103 5051 3752 5124">
    <p class='ocr_par' dir='ltr' id='par_1_110' title="bbox 2103 5051 3752 5124">
     <span class='ocr_line' id='line_1_111' title="bbox 2103 5051 3752 5124; baseline 0.005 -19"><span class='ocrx_word' id='word_1_753' title='bbox 2103 5051 2473 5106; x_wconf 81' lang='lat' dir='ltr'>Lemovicum</span> <span class='ocrx_word' id='word_1_754' title='bbox 2511 5051 2804 5124; x_wconf 84' lang='lat' dir='ltr'>episcopo,</span> <span class='ocrx_word' id='word_1_755' title='bbox 2852 5052 3032 5109; x_wconf 89' lang='lat' dir='ltr'>abbas</span> <span class='ocrx_word' id='word_1_756' title='bbox 3071 5052 3268 5108; x_wconf 84' lang='lat' dir='ltr'>Sancti</span> <span class='ocrx_word' id='word_1_757' title='bbox 3298 5052 3584 5112; x_wconf 87' lang='lat' dir='ltr'>Martialis</span> <span class='ocrx_word' id='word_1_758' title='bbox 3614 5072 3752 5113; x_wconf 91' lang='lat' dir='ltr'><strong>cum</strong></span> 
     </span>
    </p>
   </div>
   <div class='ocr_carea' id='block_1_111' title="bbox 2101 5139 3753 5216">
    <p class='ocr_par' dir='ltr' id='par_1_111' title="bbox 2101 5139 3753 5216">
     <span class='ocr_line' id='line_1_112' title="bbox 2101 5139 3753 5216; baseline 0.006 -23"><span class='ocrx_word' id='word_1_759' title='bbox 2101 5139 2428 5211; x_wconf 86' lang='lat' dir='ltr'>majoribus</span> <span class='ocrx_word' id='word_1_760' title='bbox 2445 5139 2696 5196; x_wconf 68' lang='lat' dir='ltr'>ecclesiae</span> <span class='ocrx_word' id='word_1_761' title='bbox 2729 5141 3024 5198; x_wconf 88' lang='lat' dir='ltr'>canonicis</span> <span class='ocrx_word' id='word_1_762' title='bbox 3051 5142 3341 5216; x_wconf 71' lang='lat' dir='ltr'>prtecipue</span> <span class='ocrx_word' id='word_1_763' title='bbox 3363 5142 3630 5200; x_wconf 80' lang='lat' dir='ltr'>dioecesis</span> <span class='ocrx_word' id='word_1_764' title='bbox 3655 5161 3753 5202; x_wconf 81' lang='lat' dir='ltr'>cu-</span> 
     </span>
    </p>
   </div>
   <div class='ocr_carea' id='block_1_112' title="bbox 2096 5228 3746 5306">
    <p class='ocr_par' dir='ltr' id='par_1_112' title="bbox 2096 5228 3746 5306">
     <span class='ocr_line' id='line_1_113' title="bbox 2096 5228 3746 5306; baseline 0.005 -23"><span class='ocrx_word' id='word_1_765' title='bbox 2096 5245 2222 5284; x_wconf 87' lang='lat' dir='ltr'>ram</span> <span class='ocrx_word' id='word_1_766' title='bbox 2253 5233 2434 5301; x_wconf 89' lang='lat' dir='ltr'>gerat,</span> <span class='ocrx_word' id='word_1_767' title='bbox 2466 5234 2592 5284; x_wconf 85' lang='lat' dir='ltr'>tum</span> <span class='ocrx_word' id='word_1_768' title='bbox 2625 5232 2690 5284; x_wconf 91' lang='lat' dir='ltr'>ut</span> <span class='ocrx_word' id='word_1_769' title='bbox 2715 5228 3064 5302; x_wconf 88' lang='lat' dir='ltr'>episcopalis</span> <span class='ocrx_word' id='word_1_770' title='bbox 3094 5229 3296 5287; x_wconf 84' lang='lat' dir='ltr'>electio</span> <span class='ocrx_word' id='word_1_771' title='bbox 3327 5247 3396 5288; x_wconf 89' lang='lat' dir='ltr'>ex</span> <span class='ocrx_word' id='word_1_772' title='bbox 3416 5231 3543 5304; x_wconf 89' lang='lat' dir='ltr'>ejus</span> <span class='ocrx_word' id='word_1_773' title='bbox 3564 5233 3746 5306; x_wconf 89' lang='lat' dir='ltr'>potis-</span> 
     </span>
    </p>
   </div>
   <div class='ocr_carea' id='block_1_113' title="bbox 2095 5315 3812 5395">
    <p class='ocr_par' dir='ltr' id='par_1_113' title="bbox 2095 5315 3812 5395">
     <span class='ocr_line' id='line_1_114' title="bbox 2095 5315 3812 5395; baseline 0.004 -21"><span class='ocrx_word' id='word_1_774' title='bbox 2095 5316 2314 5374; x_wconf 91' lang='lat' dir='ltr'><strong>simum</strong></span> <span class='ocrx_word' id='word_1_775' title='bbox 2345 5317 2585 5375; x_wconf 86' lang='lat' dir='ltr'>arbitrio</span> <span class='ocrx_word' id='word_1_776' title='bbox 2605 5317 2980 5392; x_wconf 90' lang='lat' dir='ltr'>disponatur;</span> <span class='ocrx_word' id='word_1_777' title='bbox 3005 5335 3073 5375; x_wconf 87' lang='lat' dir='ltr'>ac</span> <span class='ocrx_word' id='word_1_778' title='bbox 3093 5319 3347 5393; x_wconf 90' lang='lat' dir='ltr'>denique</span> <span class='ocrx_word' id='word_1_779' title='bbox 3370 5324 3435 5376; x_wconf 90' lang='lat' dir='ltr'>ut</span> <span class='ocrx_word' id='word_1_780' title='bbox 3455 5321 3750 5395; x_wconf 81' lang='lat' dir='ltr'>praecipua</span> <span class='ocrx_word' id='word_1_781' title='bbox 3807 5315 3812 5322; x_wconf 72' lang='grc'><em>’</em></span> 
     </span>
    </p>
   </div>
   <div class='ocr_carea' id='block_1_114' title="bbox 2095 5405 3746 5485">
    <p class='ocr_par' dir='ltr' id='par_1_114' title="bbox 2095 5405 3746 5485">
     <span class='ocr_line' id='line_1_115' title="bbox 2095 5405 3746 5485; baseline 0.002 -22"><span class='ocrx_word' id='word_1_782' title='bbox 2095 5407 2363 5478; x_wconf 87' lang='lat' dir='ltr'>ejusdem</span> <span class='ocrx_word' id='word_1_783' title='bbox 2383 5405 2646 5464; x_wconf 83' lang='lat' dir='ltr'>Ecclesiae</span> <span class='ocrx_word' id='word_1_784' title='bbox 2675 5408 2926 5481; x_wconf 87' lang='lat' dir='ltr'>negotia,</span> <span class='ocrx_word' id='word_1_785' title='bbox 2949 5408 3126 5464; x_wconf 90' lang='lat' dir='ltr'>etiam</span> <span class='ocrx_word' id='word_1_786' title='bbox 3143 5413 3428 5482; x_wconf 54' lang='lat' dir='ltr'>praesente</span> <span class='ocrx_word' id='word_1_787' title='bbox 3449 5409 3540 5482; x_wconf 91' lang='lat' dir='ltr'>epi</span> <span class='ocrx_word' id='word_1_788' title='bbox 3547 5426 3746 5485; x_wconf 91' lang='lat' dir='ltr'>scopo,</span> 
     </span>
    </p>
   </div>
   <div class='ocr_carea' id='block_1_115' title="bbox 2093 5494 3750 5572">
    <p class='ocr_par' dir='ltr' id='par_1_115' title="bbox 2093 5494 3750 5572">
     <span class='ocr_line' id='line_1_116' title="bbox 2093 5494 3750 5572; baseline 0.002 -19"><span class='ocrx_word' id='word_1_789' title='bbox 2093 5499 2224 5568; x_wconf 91' lang='lat' dir='ltr'>ejus</span> <span class='ocrx_word' id='word_1_790' title='bbox 2255 5494 2498 5553; x_wconf 91' lang='lat' dir='ltr'>consilio</span> <span class='ocrx_word' id='word_1_791' title='bbox 2529 5501 2902 5568; x_wconf 72' lang='lat' dir='ltr'>peraguntur.</span> <span class='ocrx_word' id='word_1_792' title='bbox 2939 5519 2966 5548; x_wconf 87' lang='grc'>››</span> <span class='ocrx_word' id='word_1_793' title='bbox 2999 5496 3159 5555; x_wconf 88' lang='lat' dir='ltr'>Hanc</span> <span class='ocrx_word' id='word_1_794' title='bbox 3191 5497 3437 5567; x_wconf 89' lang='lat' dir='ltr'>bullam,</span> <span class='ocrx_word' id='word_1_795' title='bbox 3471 5515 3650 5572; x_wconf 89' lang='lat' dir='ltr'>quam</span> <span class='ocrx_word' id='word_1_796' title='bbox 3679 5518 3750 5558; x_wconf 82' lang='lat' dir='ltr'>ex</span> 
     </span>
    </p>
   </div>
   <div class='ocr_carea' id='block_1_116' title="bbox 2093 5584 3748 5663">
    <p class='ocr_par' dir='ltr' id='par_1_116' title="bbox 2093 5584 3748 5663">
     <span class='ocr_line' id='line_1_117' title="bbox 2093 5584 3748 5663; baseline 0.004 -21"><span class='ocrx_word' id='word_1_797' title='bbox 2093 5585 2456 5660; x_wconf 79' lang='lat' dir='ltr'>autographa</span> <span class='ocrx_word' id='word_1_798' title='bbox 2506 5584 2902 5644; x_wconf 89' lang='lat' dir='ltr'>Lcmovicensi</span> <span class='ocrx_word' id='word_1_799' title='bbox 2947 5590 3145 5644; x_wconf 88' lang='lat' dir='ltr'>noster</span> <span class='ocrx_word' id='word_1_800' title='bbox 3173 5587 3593 5663; x_wconf 86' lang='lat' dir='ltr'>Stephanotius</span> <span class='ocrx_word' id='word_1_801' title='bbox 3645 5591 3748 5649; x_wconf 84' lang='lat' dir='ltr'>de-</span> 
     </span>
    </p>
   </div>
   <div class='ocr_carea' id='block_1_117' title="bbox 2091 5672 3746 5756">
    <p class='ocr_par' dir='ltr' id='par_1_117' title="bbox 2091 5672 3746 5756">
     <span class='ocr_line' id='line_1_118' title="bbox 2091 5672 3746 5756; baseline 0.004 -20"><span class='ocrx_word' id='word_1_802' title='bbox 2091 5677 2426 5754; x_wconf 87' lang='lat' dir='ltr'>scripserat,</span> <span class='ocrx_word' id='word_1_803' title='bbox 2468 5679 2523 5732; x_wconf 90' lang='lat' dir='ltr'>et</span> <span class='ocrx_word' id='word_1_804' title='bbox 2552 5689 2620 5731; x_wconf 87' lang='lat' dir='ltr'>ex</span> <span class='ocrx_word' id='word_1_805' title='bbox 2648 5672 2778 5732; x_wconf 88' lang='lat' dir='ltr'>aliis</span> <span class='ocrx_word' id='word_1_806' title='bbox 2809 5691 3040 5756; x_wconf 84' lang='lat' dir='ltr'>quoque</span> <span class='ocrx_word' id='word_1_807' title='bbox 3071 5694 3214 5737; x_wconf 78' lang='lat' dir='ltr'><strong>mss.</strong></span> <span class='ocrx_word' id='word_1_808' title='bbox 3263 5681 3321 5737; x_wconf 90' lang='lat' dir='ltr'>et</span> <span class='ocrx_word' id='word_1_809' title='bbox 3362 5676 3535 5738; x_wconf 87' lang='lat' dir='ltr'>editis</span> <span class='ocrx_word' id='word_1_810' title='bbox 3565 5677 3746 5742; x_wconf 85' lang='lat' dir='ltr'>habe-</span> 
     </span>
    </p>
   </div>
  </div>
