3962 6358
63 444 190 536 eos

1685 468 1868 531 VITA
1885 518 1899 530 .

3375 418 3513 531 θοὰ

64 623 230 674 mus,
256 606 347 663 vir
374 605 741 664 clarissimus
799 605 1131 680 Stephanus
1180 604 1448 660 Baluzius
1474 604 1548 660 ad
1577 604 1736 661 aliud
1765 606 1819 672 Α
1848 601 2198 674 conscripta,
2241 618 2418 673 quam
2469 602 2526 657 in
2578 600 2756 673 hujus
2798 599 3113 675 voluminis
3160 600 3495 673 Appendice

59 713 327 768 quoque,
362 700 433 752 ut
482 695 608 769 ipse
658 696 803 751 mihi
854 700 1104 751 testatus
1153 698 1260 758 est,
1301 692 1731 766 autographum

60 783 322 840 contulit
372 786 433 840 in
486 784 840 841 monasterio
887 782 1273 850 Cluniacensi,
1318 783 1420 837 sed
1472 798 1600 854 qua
1651 780 1731 838 ibi

64 874 333 937 habetur
362 874 588 946 absque
619 872 781 930 bulla
809 871 1106 946 plumbea,
1129 876 1187 928 et
1217 870 1512 926 nonnulla
1536 886 1733 926 occur-

63 967 214 1019 runt
241 961 416 1017 varia
446 960 742 1027 lectiones.
777 961 837 1016 In
870 967 1119 1032 utroque
1144 964 1339 1015 autem
1369 957 1733 1031 autographo

62 1052 211 1107 data
235 1050 455 1107 dicitur
483 1067 637 1106 anno
668 1050 828 1117 1097,
861 1066 964 1123 pro
996 1050 1156 1116 1096,
1191 1048 1345 1120 quod
1394 1052 1452 1103 et
1492 1046 1551 1101 in
1601 1045 1732 1102 aliis

65 1140 371 1212 plerisque
432 1138 770 1195 indubitata
830 1154 1070 1210 prorsus
1128 1137 1261 1192 ﬁdei
1321 1135 1731 1191 instrumentis

64 1230 387 1285 observare
418 1227 581 1293 licet;
630 1229 687 1283 in
728 1227 944 1299 quibus
978 1228 1198 1281 srilicet
1235 1226 1405 1294 juxta
1453 1224 1729 1279 Pisanum

63 1316 365 1373 calculum
420 1318 729 1372 annusab
784 1316 1186 1372 Incarnatione
1234 1314 1488 1381 Domini,
1529 1329 1730 1368 mense

64 1404 282 1459 Martio
308 1404 666 1474 pracedente
696 1419 918 1458 annum
950 1408 1280 1457 currentem
1311 1400 1534 1473 incipit.
1571 1402 1755 1457 ldem‘

65 1492 445 1564 privilegium
473 1491 764 1547 Paschalis
785 1492 834 1547 Il
856 1491 1039 1547 altera
1070 1489 1248 1556 bulla,
1266 1506 1394 1561 qua
1415 1505 1568 1545 anno
1591 1490 1729 1544 1103

66 1581 269 1637 Roma
314 1581 451 1636 data
496 1585 605 1647 est,
637 1585 693 1636 et
741 1580 981 1653 plumbo
1030 1577 1308 1652 sigillata,
1342 1577 1723 1634 conﬁrmavit.

67 1669 393 1741 Utriusque
421 1668 850 1741 autographum
878 1685 913 1723 a
944 1684 1005 1723 se
1035 1667 1292 1724 Cluniaci
1323 1667 1513 1722 visum
1546 1667 1728 1723 fuisse

62 1757 214 1813 mihi
249 1763 499 1814 testatus
533 1761 621 1813 est
650 1756 918 1813 eruditus
950 1755 1238 1811 Baluzius.

136 1847 310 1903 Feria
336 1847 593 1902 secunda
624 1846 879 1911 Pascha,
903 1862 1031 1917 qua
1078 1844 1204 1900 dies
1238 1846 1304 1899 14
1333 1849 1458 1901 erat
1487 1844 1722 1916 Aprilis,

59 1935 439 1992 conﬁrmavit
488 1934 705 1991 ibidem
757 1934 1017 2006 pontifex
1070 1934 1469 2005 possessiones
1520 1950 1724 1989 omnes

62 2023 410 2080 monasterii
443 2023 638 2078 Sancti
668 2021 862 2078 Albini
892 2022 1342 2095 Andegavensis,
1371 2023 1507 2077 data
1539 2022 1719 2078 bulla.

63 2112 338 2186 Diploma
366 2112 569 2168 eadem
601 2112 693 2167 die
734 2117 792 2168 et
839 2111 899 2167 in
947 2112 1151 2167 eadem
1201 2112 1344 2167 urbe
1401 2112 1626 2178 datum,
1659 2111 1721 2167 in

64 2202 320 2275 gratiam
354 2201 687 2258 Monasterii
721 2201 858 2256 Novi
892 2200 1264 2263 Pictavensis,
1300 2200 1356 2255 in
1383 2217 1501 2273 quo
1530 2218 1599 2256 ea
1628 2218 1713 2257 re-

65 2294 177 2347 fert
209 2290 471 2364 pontifex
500 2308 627 2363 qua
672 2290 729 2345 in
763 2295 1048 2346 conventu
1080 2290 1232 2362 apud
1283 2289 1566 2345 Hilarium
1616 2290 1720 2347 ha-

65 2382 211 2448 bito,
238 2382 315 2436 de
346 2396 462 2453 quo
493 2397 671 2452 supra
714 2379 990 2445 diximus,
1015 2383 1234 2434 statuta
1277 2380 1525 2445 fuerant,
1550 2395 1721 2435 occa-

66 2471 232 2526 sione
261 2469 788 2526 controversiarum
822 2486 949 2541 qua
990 2468 1143 2523 inter
1180 2468 1492 2523 canonicos
1520 2469 1718 2525 Sancti

66 2558 272 2615 Hilarii
302 2562 363 2613 et
392 2557 711 2615 monachos
754 2557 1091 2613 Monasterii
1147 2556 1285 2612 Novi
1345 2556 1405 2613 in
1458 2558 1717 2629 prioratu

66 2650 122 2704 S.
157 2647 384 2706 Nicolai
416 2648 691 2720 degentes
712 2653 906 2702 exorta
936 2650 1187 2701 fuerant.
1228 2647 1482 2718 Denique
1511 2648 1717 2703 eodem

67 2738 241 2792 etiam
275 2735 370 2793 die
400 2737 657 2809 pontifex
682 2735 1139 2792 consuetudines
1169 2735 1433 2791 Ecclesia
1467 2736 1716 2792 Remen-

67 2828 147 2881 sis
168 2826 542 2882 conﬁrmavit
561 2825 631 2880 ad
660 2825 997 2896 petitionem
1019 2824 1429 2879 canonicorum
1452 2825 1716 2896 ejusdem

69 2913 357 2982 Ecclesia,
382 2913 483 2986 qui
510 2915 581 2969 ad
615 2912 915 2969 Urbanum
961 2913 1184 2986 aliquot
1212 2931 1241 2968 e
1273 2912 1417 2979 suis,
1441 2930 1590 2984 quos
1620 2914 1716 2971 ille

70 3003 318 3076 benigne
349 3002 591 3074 excepit,
615 3019 683 3058 ea
701 3003 773 3058 de
796 3019 977 3059 causa
1001 3002 1349 3075 legaverant.
1383 3003 1716 3060 Pontificias

65 3091 292 3146 litteras
324 3090 502 3145 refert
522 3088 873 3145 Guilielmus
906 3088 1208 3157 Marlotus,
1234 3090 1332 3162 qui
1356 3096 1555 3145 censet
1583 3106 1715 3145 con-

0 3170 5 3189 ’
67 3180 411 3236 suetudines
450 3179 509 3233 in
554 3195 620 3234 eo
668 3178 946 3250 rescripto
977 3186 1330 3234 memoratas
1377 3177 1508 3233 illas
1556 3181 1715 3250 ipsas

68 3286 191 3325 esse
221 3285 353 3341 qua
384 3267 461 3323 ab
497 3284 563 3324 eo
612 3272 770 3323 tomo
820 3267 865 3323 Il
916 3272 1163 3339 metrop.
1197 3267 1500 3323 Bernensis
1545 3268 1711 3324 edita

70 3364 220 3414 sunt.

136 3453 198 3503 In
225 3447 430 3503 eadem
456 3447 596 3502 urbe
626 3446 881 3519 pontifex
911 3446 1109 3502 Ebloni
1136 3446 1260 3517 jam
1284 3450 1370 3500 tot
1392 3446 1618 3501 vicibus
1640 3448 1712 3503 ob

72 3538 427 3594 invasionem
467 3536 718 3592 ecclesia
742 3536 934 3595 Sancti
957 3535 1185 3609 Georgii
1215 3534 1479 3590 Oleronis
1506 3534 1712 3590 insula

69 3625 566 3683 excommunicato
593 3625 906 3691 maledixit,
929 3625 1083 3701 quod
1117 3624 1328 3698 judicio
1358 3623 1714 3695 archiepisco-

66 3733 276 3787 porum,
321 3717 714 3787 episcoporum,
744 3715 998 3770 abbatum
1044 3722 1097 3771 et
1140 3715 1516 3785 retigwsorum
1545 3716 1708 3769 cteri-

68 3822 247 3861 rorum
285 3805 693 3877 comprobatum
743 3806 937 3876 fuisset
980 3804 1203 3875 jamdiu
1258 3806 1464 3877 injuste
1507 3809 1709 3860 terram

68 3894 454 3951 monachorum
493 3893 968 3950 l'indocinensium
998 3895 1253 3948 tenuisse.
1287 3895 1474 3958 Quare
1499 3911 1530 3949 a
1560 3910 1712 3966 papa

68 3984 381 4040 maledicta:
408 3983 684 4048 discessit;
715 3983 1035 4054 datumque
1065 3984 1270 4038 Amato
1305 3982 1710 4056 Burdigalensi

68 4073 494 4146 archiepiscopo
524 4072 868 4127 mandatum
906 4078 971 4126 ut
995 4070 1375 4127 Guillelmum
1400 4073 1713 4145 Aquitano-

70 4180 190 4218 rum
222 4163 430 4217 ducem
464 4161 669 4230 adiret,
702 4177 837 4216 eum
871 4160 1216 4215 adhortandi
1248 4178 1427 4215 causa
1458 4167 1517 4216 ut
1549 4164 1709 4232 ejus-

70 4253 189 4307 dem
209 4258 374 4306 terra
394 4250 818 4306 restitutionem
833 4250 1366 4306 Vindocinensibus
1385 4252 1708 4308 faciendam

74 4345 417 4411 procuraret,
450 4341 604 4411 quod
639 4341 831 4411 reipsa
858 4340 1079 4393 factum
1121 4343 1228 4394 est.
1263 4339 1392 4394 Hac
1424 4341 1620 4396 omnia
1650 4341 1708 4397 in

75 4430 326 4499 ejusdem
357 4428 526 4483 ducis
556 4427 757 4482 charta
787 4426 1137 4491 referuntur,
1162 4443 1359 4497 quam,
1389 4428 1495 4483 etsi
1520 4429 1643 4499 jam
1679 4447 1713 4485 a

30 4528 45 4549 ’
77 4518 251 4573 Beslio
280 4518 520 4584 editam,
547 4516 819 4571 recudere
848 4520 1042 4570 tamen
1074 4532 1142 4570 ex
1172 4516 1462 4571 chartario
1494 4517 1708 4573 Vindo-

78 4607 283 4662 cinensi
318 4607 509 4660 visum
544 4611 653 4672 est,
678 4605 831 4677 quod
864 4605 921 4659 in
955 4621 1021 4659 ea
1055 4611 1174 4659 tota
1205 4606 1384 4674 hujus
1416 4606 1494 4660 rei
1530 4608 1710 4663 series

1841 692 2176 747 referemus.
2217 691 2377 748 Unde
2405 690 2698 765 colligitur
2736 691 2885 747 duas
2915 689 3145 746 circiter
3173 689 3493 747 hebdoma-

1841 781 1947 836 das
1977 779 2277 836 Urbanum
2309 779 2463 852 apud
2494 781 2787 837 Santones
2815 779 3098 852 exegisse.

2052 869 2252 924 CCLX.
2288 871 2367 924 An
2398 870 2751 925 lnculismam
2778 869 2977 924 adierit
3009 869 3276 926 Urbanus.

1910 961 1995 1013 An
2029 958 2163 1014 inde
2196 957 2573 1014 lnculismam
2608 958 2834 1025 adierit,
2869 958 3271 1015 incertum.At
3300 973 3368 1015 ex
3400 957 3495 1016 Hi-

1839 1048 2016 1103 storia
2049 1048 2176 1119 ejus
2204 1048 2367 1104 urbis
2396 1048 2802 1121 episcoporum
2826 1052 2884 1104 et
2903 1048 3182 1104 comitum
3206 1052 3379 1122 caput
3396 1048 3488 1115 33,

1838 1138 1997 1191 tomo
2031 1136 2079 1192 ΙΙ
2110 1136 2477 1193 Bibliotheca
2512 1137 2826 1193 Labbeana
2866 1137 3023 1193 edita
3048 1136 3332 1193 discimus
3362 1152 3492 1193 res-

1837 1224 2170 1281 titutionem
2204 1227 2512 1297 cujusdam
2564 1226 2960 1299 prapositura
2992 1226 3245 1283 ecclesia
3294 1225 3491 1282 Sancti

1841 1314 2009 1381 Petri,
2037 1314 2091 1369 id
2117 1319 2207 1370 est
2235 1315 2574 1383 cathedrali,
2601 1316 2836 1383 factam,
2860 1315 3189 1371 Adhemaro
3215 1315 3490 1389 episcopo

1838 1403 2211 1476 efflagitante,
2237 1404 2310 1458 ab
2340 1420 2406 1459 eo
2435 1404 2707 1476 pontiﬁce
2740 1404 3145 1459 confirmatam
3176 1403 3378 1460 fuisse.

1943 1491 2169 1547 CCLXI.
2195 1492 2505 1564 Burdigala
2535 1492 2747 1547 dedicat
2770 1493 3035 1564 majorem
3072 1493 3374 1548 ecclesiam.

1907 1580 2145 1647 Verum,
2179 1587 2243 1636 ut
2269 1586 2335 1637 ut
2364 1581 2441 1636 sit
2470 1598 2537 1637 ea
2567 1582 2639 1637 de
2667 1598 2747 1648 re,
2782 1585 3002 1637 certum
3052 1584 3142 1637 est
3184 1581 3486 1639 Urbanum

1836 1671 1946 1724 sub
1980 1671 2155 1725 ﬁnem
2186 1670 2400 1742 Aprilis
2423 1669 2795 1743 Burdigalam
2819 1668 3140 1741 appulisse,
3164 1669 3265 1726 ubi
3296 1670 3487 1743 primo

1836 1759 1927 1813 die
1950 1759 2085 1814 Maii
2112 1758 2391 1830 Majorem
2423 1758 2725 1815 ecclesiam
2757 1756 3005 1815 solemni
3026 1757 3140 1813 ritu
3161 1757 3487 1817 dedicavit:

1836 1848 1892 1903 id
1924 1848 2208 1905 discimus
2238 1865 2307 1904 ex
2335 1849 2510 1904 veteri
2543 1848 2742 1905 codice
2767 1848 2923 1921 apud
2950 1847 3257 1920 Lopesium
3280 1847 3490 1905 lauda-

1836 1941 1923 2004 to;
1948 1937 2049 2009 qui
2080 1936 2212 1992 licet
2233 1936 2382 1993 hanc
2410 1937 2905 1994 consecrationem
2932 1953 3084 1993 anno
3112 1938 3251 1992 1026
3271 1937 3486 1994 factam

1834 2026 2017 2081 fuisse
2048 2027 2322 2082 mendose
2352 2027 2638 2099 praferat,
2662 2043 2793 2083 eam
2815 2030 3014 2082 tamen
3036 2042 3189 2082 anno
3211 2025 3487 2099 prasenti

1832 2115 2293 2187 consignandam
2326 2132 2454 2172 esse
2481 2132 2677 2171 rerum
2700 2119 2997 2189 gestarum
3022 2115 3203 2171 series
3228 2114 3486 2172 invictis-

1832 2204 1979 2259 sime
2018 2205 2246 2277 probat.
2280 2208 2441 2261 Certe
2488 2205 2757 2261 Urbanus
2810 2203 2935 2277 ipse
2983 2204 3042 2259 in
3092 2203 3376 2277 rescripto
3407 2202 3483 2261 ad

1831 2294 2143 2350 canonicos
2174 2293 2643 2367 Burdigalenses,
2675 2297 2926 2350 testatur
2952 2294 3081 2365 ejus
3110 2293 3275 2349 urbis
3305 2292 3486 2365 Majo-

1832 2399 1952 2437 rem
1986 2382 2291 2438 ecclesiam
2323 2400 2357 2438 a
2395 2383 2588 2455 seipse
2619 2386 3018 2438 consecratam
3051 2381 3261 2451 fuisse;
3292 2385 3349 2437 et
3379 2379 3481 2454 qui

1829 2470 1888 2526 in
1938 2488 2004 2527 eo
2063 2471 2278 2544 scripto
2337 2475 2733 2539 recensentur,
2765 2472 2893 2543 ejus
2949 2470 3177 2527 itineris
3233 2470 3478 2527 comites

1828 2565 2013 2616 erant.
2046 2562 2118 2616 At
2149 2577 2261 2615 non
2294 2561 2398 2616 abs
2429 2578 2489 2616 re
2519 2561 2629 2616 erit
2659 2560 2773 2615 huc
2802 2560 3058 2631 proferre
3095 2560 3224 2631 ejus
3263 2558 3477 2615 solem-

1829 2648 2028 2703 nitaiis
2065 2648 2516 2720 descriptionem
2548 2665 2617 2703 ex
2643 2647 2820 2702 veteri
2853 2644 2951 2701 illo
2990 2646 3210 2713 codice,
3237 2647 3413 2718 prout
3440 2661 3479 2703 ι

1829 2736 2092 2793 Darvalio
2119 2738 2174 2791 in
2204 2737 2612 2810 supplemento
2634 2735 2917 2792 chronica
2939 2733 3399 2808 Burdigalensis,
3417 2735 3481 2791 et

1827 2846 1861 2883 a
1891 2827 2130 2899 Lopczio
2152 2844 2277 2899 cap.
2300 2828 2335 2881 5
2364 2826 2628 2883 Historia
2659 2825 2924 2897 ejusdem
2954 2823 3118 2881 urbis
3148 2823 3477 2881 exhibetur.

1828 2940 1855 2967 ‹‹
1882 2922 2048 2971 Anno
2072 2916 2493 2971 Incarnationis
2522 2914 2754 2971 Domini
2788 2916 2947 2984 1016,
2968 2913 3095 2987 lege
3126 2914 3285 2983 1096,
3314 2913 3476 2970 vide-

1826 3005 1959 3061 licet
1988 3005 2262 3061 Kalendis
2294 3004 2427 3061 Maii
2459 3003 2724 3061 dedicata
2767 3003 2877 3060 fuit
2916 3002 3169 3059 Ecclesia
3200 3001 3479 3076 Burdiga-

1823 3094 2169 3165 lensis,qua
2198 3099 2286 3149 est
2314 3095 2528 3150 domus
2575 3093 2827 3163 Domini,
2850 3092 2910 3148 in
2948 3092 3231 3149 honorem
3278 3091 3477 3148 beato-

1824 3201 1953 3238 rum
1987 3175 2382 3254 apostolorum
2413 3182 2651 3245 Andrea
2681 3187 2739 3238 et
2764 3182 2940 3251 Petri,
2964 3186 3021 3238 et
3043 3180 3200 3237 beati
3228 3180 3475 3237 Joannis

1825 3272 2118 3344 Baptista,
2160 3272 2345 3327 sancti
2386 3271 2685 3345 Stephani,
2722 3269 3039 3339 Laurentii,
3062 3268 3475 3342 Vincentiiquo

1742 3344 1785 3411 C
1826 3360 2117 3432 martyris,
2146 3365 2204 3415 et
2225 3360 2375 3415 beati
2407 3360 2688 3415 Macharii
2714 3358 3085 3429 confessoris,
3115 3361 3479 3416 sanctarum‘

1824 3465 1935 3520 que
1984 3448 2276 3520 virginum
2322 3448 2579 3520 Agatha,
2621 3447 2881 3515 Eulalia,
2913 3464 3165 3520 quarum
3213 3445 3473 3519 reliquis

1822 3537 2063 3592 condita
2097 3541 2235 3591 sunt
2264 3536 2321 3590 in
2355 3536 2559 3607 majori
2591 3536 2756 3591 altari
2788 3536 2847 3591 in
2878 3536 3007 3608 ipsa
3036 3534 3472 3592 consecratione

1821 3643 1854 3680 a
1883 3626 2120 3681 domino
2141 3642 2314 3696 papa,
2335 3625 2483 3681 etab
2504 3626 2711 3680 Amata
2742 3628 2953 3681 sancta
2981 3624 3253 3680 Romana
3281 3622 3469 3679 Eccle-

1820 3715 1917 3770 sia
1937 3714 2122 3786 legato
2137 3712 2655 3786 Burdigalensique
2670 3713 3127 3786 archiepiscopo,
3141 3712 3470 3768 Adfuerunt

1820 3804 2078 3876 quinque
2135 3801 2371 3870 decani,
2426 3802 2658 3858 Simeon
2716 3802 3079 3876 Agennensis
3133 3801 3465 3875 episcopus,

1819 3893 2012 3948 Bruno
2036 3891 2337 3965 Signensis
2359 3890 2686 3965 cpiscopus,
2702 3890 2973 3947 Albertus
2994 3892 3283 3963 (Vallem)
3302 3888 3472 3947 Alba-

1820 3982 2019 4038 nensis
2050 3986 2105 4037 et
2135 3980 2231 4037 alii
2268 3980 2650 4038 cardinales.»
2675 3972 2889 4037 Mirum
2936 3985 3025 4037 est
3073 3981 3201 4053 ejus
3230 3980 3471 4037 dedica-

1820 4071 1997 4127 tionis
2029 4071 2491 4127 annivcrsarium
2523 4069 2615 4127 die
2643 4072 2707 4126 21
2746 4070 2963 4144 Aprilis
2992 4069 3292 4138 celebrari,
3324 4070 3473 4125 forte

1820 4164 1892 4217 ob
1926 4178 2274 4217 concursum
2308 4161 2642 4217 festivitatis
2683 4161 2986 4217 beatorum
3016 4160 3218 4217 Jacobi
3244 4162 3302 4215 et
3330 4157 3473 4214 Phi-

1819 4250 1985 4322 lippi,
2017 4257 2118 4305 aut
2158 4252 2302 4307 forte
2348 4252 2420 4307 ob
2469 4250 2643 4307 aliam
2686 4251 2813 4322 ejus
2862 4248 3117 4307 ecclesia
3166 4248 3470 4322 antiquam

1821 4340 2337 4395 consecrationem.

1822 4448 2077 4502 CCLXII.
2104 4448 2300 4502 Νιϊαιί
2317 4447 2527 4503 dedicat
2544 4449 2825 4503 ecclesiam
2841 4449 3164 4503 monasterii
3172 4446 3474 4504 S.Thomae.

1891 4537 2153 4592 Pontifex
2201 4536 2438 4598 Neraco,
2479 4538 2657 4608 quod,
2689 4537 2980 4592 Vasconia
3030 4536 3309 4608 oppidum
3361 4540 3473 4602 est,

1822 4626 2132 4691 transiens,
2166 4625 2246 4678 ibi
2296 4624 2635 4680 solemniter
2670 4625 3028 4680 consecravit
3076 4623 3381 4679 ecclesiam
3410 4622 3472 4678 in

78 4698 368 4768 perspicue
400 4695 704 4761 habeatur,
738 4694 1110 4765 multumque
1139 4695 1210 4748 ad
1241 4694 1587 4751 illustranda
1621 4697 1713 4752 Ur-

1885 4731 2102 4769 inorem
2124 4716 2182 4769 S.
2199 4713 2436 4768 Thema
2460 4719 2517 4768 et
2539 4714 2727 4769 sancti
2755 4712 2995 4780 Nicolai,
3012 4713 3069 4767 in
3092 4730 3207 4783 qua
3227 4712 3474 4767 Arsinus

82 4786 200 4839 bani
231 4790 405 4840 Gesta
434 4784 692 4839 conferre
724 4783 930 4855 possit.

143 4873 238 4930 His
256 4874 619 4946 temporibus
645 4872 915 4928 monachi
941 4872 1372 4941 Cluniacenses,
1393 4876 1491 4947 qui
1517 4876 1589 4930 ab
1610 4875 1713 4930 ali-

86 4963 410 5033 quotannis
441 4966 737 5018 vetustum
769 4962 961 5017 Sancti
996 4963 1252 5034 Eutropii
1293 4966 1713 5020 monasterium

86 5052 426 5108 Santonense
476 5052 826 5120 incolebant,
855 5057 912 5106 et
956 5058 1302 5107 renovarunt
1347 5059 1608 5125 cryptam
1654 5054 1714 5110 in

86 5158 187 5211 qua
215 5142 394 5198 sancti
431 5141 707 5214 martyris
754 5141 1010 5213 reliquia
1060 5142 1531 5208 continebuntur,
1581 5160 1716 5199 cum

85 5231 300 5288 duobus
329 5231 650 5289 altaribus:
677 5248 859 5304 quare
892 5230 1228 5303 praclaram
1263 5231 1409 5287 hanc
1443 5234 1595 5287 nacti
1623 5250 1714 5287 oc-

88 5321 386 5389 casionem,
404 5321 737 5394 pontiﬁcem
761 5320 1322 5389 adierunt,eumque
1346 5327 1626 5393 rogarunt
1655 5326 1721 5378 ut

92 5425 254 5465 unum
281 5410 492 5466 saltem
523 5427 593 5465 ex
621 5409 713 5466 his
734 5408 1021 5466 altaribus
1046 5408 1283 5481 propria
1313 5426 1490 5465 manu
1520 5427 1720 5479 conse-

90 5513 231 5555 crare
243 5515 351 5555 non
367 5498 809 5572 dedignaretur;
828 5515 1079 5571 quorum
1099 5497 1362 5571 petitioni
1378 5498 1473 5555 ille
1491 5501 1717 5570 annuit,

94 5586 273 5645 relicta
294 5587 535 5645 alterius
566 5588 767 5645 altaris
789 5588 1226 5645 consecratione
1256 5588 1568 5645 Ramnulfo
1597 5590 1720 5663 epi-

57 5702 67 5755 δ
97 5677 604 5751 scopodiacesano.
619 5678 738 5735 Hoc
759 5681 956 5735 autem
981 5677 1198 5734 factum
1223 5675 1403 5735 fuisse
1418 5678 1723 5738 Dominica

106 5765 155 5827 in
180 5767 316 5832 albis
343 5766 555 5847 legitur
581 5768 642 5829 in
672 5773 859 5829 vetere
888 5767 1098 5827 notitia
1145 5768 1217 5826 ab
1250 5773 1481 5828 auctore
1512 5769 1722 5847 aequali

1824 4806 1893 4858 de
1915 4804 2175 4868 Albione,
2200 4804 2334 4858 data
2356 4819 2421 4858 eo
2444 4809 2610 4874 pacto
2635 4803 2768 4858 Loci
2790 4802 2944 4870 villa,
2970 4800 3255 4857 monacho
3275 4818 3305 4856 e
3328 4801 3474 4856 San-

1825 4894 1899 4948 cti
1935 4894 2080 4949 Petri
2113 4892 2558 4949 Condomiensis
2600 4891 2955 4947 monasterio
3004 4891 3219 4947 accitos
3266 4890 3479 4947 locavit

1826 4983 2095 5056 precibus
2131 4982 2456 5057 Raymundi
2478 4983 2606 5053 ejus
2639 4981 2973 5053 fratris,qui
3010 4986 3148 5036 tunc
3172 4979 3475 5037 Condomii

1826 5074 2007 5128 abbas
2037 5079 2178 5128 erat.
2204 5075 2264 5142 Ε]
2277 5091 2343 5128 us
2363 5072 2470 5129 loci
2495 5070 2788 5128 cccnobita
2815 5069 3026 5126 saculo
3058 5070 3281 5125 decimo
3314 5075 3476 5127 sexto

1828 5162 2145 5216 monachos
2176 5160 2429 5216 ecclesia
2450 5160 2912 5228 Condomiensis,
2938 5176 3065 5231 qua
3099 5159 3156 5213 in
3180 5160 3479 5216 cathedra-

1827 5252 1938 5306 lem
1974 5267 2007 5305 a
2034 5250 2258 5305 Joanne
2287 5268 2424 5320 xxu,
2448 5256 2641 5307 erecta
2670 5252 2877 5317 fuerat,
2903 5249 3137 5315 imitati,
3160 5253 3355 5321 togam
3378 5265 3479 5305 sa-

1827 5340 2082 5396 cularem
2118 5340 2173 5393 in
2208 5340 2518 5395 canonicos
2567 5340 2827 5396 conversi
2874 5339 3207 5394 induerunt.
3238 5339 3477 5395 Brevem

1828 5430 1956 5500 ejus
1988 5428 2370 5484 dedicationis
2398 5430 2665 5485 notitiam
2698 5447 2727 5485 e
2757 5429 3045 5485 chartario
3067 5427 3477 5485 Condomiensi

1829 5519 2102 5575 dabimus
2134 5518 2194 5572 in
2232 5518 2583 5590 Appendice.

1865 5607 2142 5665 CCLXIII.
2181 5586 2394 5661 Leu—vici
2424 5609 2744 5735 magisterii
2783 5586 2987 5664 illonlis
3018 5608 3129 5663 Atti
3155 5608 3441 5679 conﬁrmat

2574 5696 2790 5735 umaco.

2574 5696 2790 5737 αηιασο.

1902 5768 2082 5832 Nonis
2143 5771 2305 5828 seu7
2336 5768 2427 5827 die
2460 5769 2594 5827 Maii
2646 5770 2800 5826 idem
2861 5768 3116 5842 pontifex
3172 5768 3475 5829 Leiracum
