3962 6406
471 460 598 521 ~20?
1110 498 1120 506 -
1781 460 1850 522 Β.
1899 458 2200 523 URBANI
2242 461 2296 522 ll
2340 459 2598 522 PAP/E.
3783 449 3918 517 '20!

481 593 704 662 invisit,
741 592 839 648 ubi
873 593 1168 667 pricratus
1197 597 1290 651 est
1327 594 1550 650 ord'nis
1579 592 2000 663 Cluniacensis,
2033 592 2141 648 ibi—
2171 595 2224 663 Α
2256 609 2388 648 cum
2424 591 2553 648 aliis
2581 592 2782 648 decem
2830 589 3190 648 consecravit
3219 587 3524 649 ecclesiam
3569 587 3787 646 Sancti
3825 588 3918 644 Sa

483 699 597 754 que
641 682 924 756 rescripto
955 685 1028 739 ad
1061 685 1364 758 Hugonem
1397 684 1651 740 Cluniaci
1701 683 1972 739 abbatem
2004 683 2139 737 dato
2248 683 2472 738 turnini
2495 681 2769 755 martyris
2790 680 3010 737 Tolosae
3041 679 3320 754 episcopi,
3343 683 3401 736 et
3419 678 3600 736 altare
3631 679 3692 734 in
3731 678 3918 735 bono

483 770 688 826 cellam
721 771 780 827 S.
816 771 1118 830 Michaelis
1170 774 1240 829 de
1284 774 1478 830 Monte
1502 772 1630 828 Alto
1679 789 1810 828 cum
1865 771 2141 828 omnibus

483 859 612 932 ejus
661 859 1025 933 appendieiis
1071 861 1350 918 Cluniaco
1381 879 1416 918 a
1451 861 1770 928 Willelmo,
1802 864 2001 934 postea
2049 878 2139 914 ar-

485 947 854 1022 chiepiscopo
902 951 1230 1017 Ausciensi,
1258 968 1392 1006 cum
1441 949 1766 1006 monachus
1811 949 1999 1004 factus
2031 953 2140 1012 est,

487 1035 760 1093 collatam
788 1038 1174 1094 confirmavit.
1203 1037 1349 1094 Illud
1379 1037 1726 1110 rescriptum
1750 1037 1885 1094 olim
1910 1036 2148 1092 dabitur

488 1124 642 1180 inter
670 1123 888 1181 Urbani
919 1125 1198 1198 epistolas
1251 1143 1319 1182 ex
1364 1126 1541 1182 veteri
1593 1125 1950 1199 apographo,
2001 1125 2146 1180 forte

493 1213 872 1288 autographa,
907 1214 1292 1287 descriptum.

545 1320 808 1379 CCLXIV.
843 1321 1162 1395 Tolosaegdat
1182 1322 1536 1395 privilegium
1566 1324 1886 1394 Moyssiaco.
1918 1323 2095 1378 Privi-

1063 1340 1162 1379 aat
1182 1340 1384 1395 prwue
1421 1340 1536 1377 ium
1566 1340 1612 1380 in

1040 1393 1241 1464 legium
1269 1393 1325 1449 S.
1362 1340 1612 1450 (frientii.

569 1481 780 1536 Eadem
811 1481 924 1549 die,
949 1481 996 1536 si
1022 1499 1135 1537 non
1163 1481 1369 1538 fallunt
1391 1481 1674 1536 chronicze
1699 1486 1847 1537 notae
1871 1481 1927 1536 in
1955 1497 2146 1537 exem-

496 1568 609 1642 plis
641 1569 878 1638 nostris,
902 1575 1004 1625 aut
1034 1574 1186 1626 certe
1227 1569 1392 1626 locus
1423 1569 1538 1626 dati
1586 1569 1852 1643 rescripti
1885 1569 2149 1626 sincerus

497 1657 889 1729 est,'l‘olosam
915 1659 1147 1715 advenit
1167 1659 1448 1732 pontifex,
1471 1659 1565 1714 ubi
1591 1659 1836 1727 litteras,
1858 1676 2020 1714 num.
2049 1659 2152 1714 192

497 1749 568 1803 ad
599 1747 821 1804 vicinos
848 1751 1152 1821 episcopos
1175 1748 1334 1804 dedit
1363 1748 1421 1802 in
1452 1747 1699 1820 gratiam
1729 1747 2149 1803 monachorum

498 1835 1043 1910 Moyssiacensium,
1075 1842 1140 1892 ut
1185 1853 1386 1892 eorum
1435 1837 1609 1908 bona,
1644 1837 1893 1910 quisque
1934 1836 1992 1891 in
2045 1853 2153 1892 sua

501 1923 756 1996 diceeesi,
787 1930 1108 1982 tuerentur.

573 2013 710 2070 Post
739 2014 962 2086 aliquot
984 2015 1110 2071 dies
1131 2015 1550 2072 monasterium
1577 2015 2005 2086 Moyssiacense
2028 2013 2150 2085 ipse

501 2102 764 2177 pontifex
812 2101 1029 2172 invisit,
1064 2103 1264 2176 ibique
1294 2119 1355 2159 ιιι
1389 2102 1526 2158 ldus
1557 2101 1694 2158 Maii
1741 2102 1887 2158 alias
1934 2101 2156 2158 litteras

503 2196 704 2249 sancto
726 2191 955 2266 Hugoni
977 2191 1212 2266 scripsit
1235 2193 1293 2248 in
1317 2193 1564 2266 gratiam
1590 2191 2012 2248 monachorum
2030 2191 2157 2246 Clu-

505 2279 870 2337 niacensium
919 2281 979 2337 S.
1022 2281 1264 2338 Orientii
1313 2297 1492 2354 prope
1536 2281 1738 2336 urbem
1787 2281 2153 2347 Ausciorum,

507 2368 744 2442 quibus,
777 2374 843 2425 ut
865 2371 990 2441 jam
1023 2386 1056 2425 a
1077 2369 1262 2425 Leone
1285 2370 1349 2425 IX
1385 2370 1674 2424 sancitum
1711 2370 1918 2438 fuerat,
1947 2369 2155 2425 conﬁr-

508 2461 631 2514 mat
655 2459 758 2531 jus
789 2457 1120 2514 ccemeterii.
1146 2458 1262 2514 Has
1294 2457 1518 2514 litteras
1561 2457 1716 2514 idem
1761 2457 2015 2531 pontifex
2046 2457 2158 2514 alio

508 2548 788 2619 rescripto
819 2547 1203 2616 conﬁrmavit,
1231 2555 1296 2602 ut
1323 2547 1567 2604 inferius
1600 2565 1706 2604 suo
1729 2546 1852 2602 loco
1874 2546 2156 2604 dicemus.

508 2631 785 2709 Ejusdem
809 2637 1150 2692 monasterii
1175 2637 1354 2692 altare
1376 2637 1434 2692 S.
1459 2636 1778 2693 Salvatoris
1805 2635 2162 2693 consecravit

506 2725 798 2793 Urbanus,
815 2725 864 2780 si
888 2713 1169 2781 Chronico
1201 2726 1512 2782 credamus
1541 2726 1695 2798 quod
1728 2725 2069 2799 Aymericus
2090 2724 2160 2782 de

507 2811 719 2886 Peyrac
761 2812 938 2886 hujus
984 2813 1093 2870 loci
1145 2814 1326 2870 abbas
1372 2814 1738 2886 conscripsit.
1782 2814 1938 2870 Idem
1989 2814 2161 2870 refert

511 2901 739 2960 Urbano
769 2901 986 2959 ibidem
1017 2903 1298 2960 existente
1329 2919 1516 2958 unum
1543 2902 1898 2958 cardinalem
1921 2903 2160 2972 obiisse,

510 3008 576 3048 ac
608 2992 666 3047 in
699 3009 834 3048 arcu
867 2992 1208 3049 monasterii
1253 2991 1433 3048 fuisse
1473 2991 1855 3063 tumulatum,
1889 2993 1959 3048 ad
1991 2993 2162 3063 cujus

508 3079 815 3153 sepulcrum
847 3099 906 3138 se
936 3081 1154 3138 vidisse
1205 3085 1455 3138 testatur
1497 3084 1552 3136 in
1584 3081 1761 3136 altum
1802 3081 2036 3154 pendere
2071 3097 2162 3138 ca-

511 3171 715 3240 pellam
741 3188 922 3240 suum,
953 3173 1131 3227 nimia
1180 3175 1439 3227 vetustate
1466 3172 1627 3244 quasi
1667 3171 1887 3244 penitus
1915 3187 2162 3227 consum-

508 3263 686 3332 ptum.

2251 788 2370 826 rem
2404 771 2668 842 ejusdem
2705 769 2983 843 martyris
3003 767 3437 843 gloriosissimi,
3459 772 3515 824 et
3529 767 3730 826 sancti
3761 766 3918 825 Λειςί

2250 859 2420 914 scecli
2450 859 2750 934 martyris;
2771 859 3085 933 posuitque
3107 857 3422 914 maximam
3449 861 3674 931 partem
3695 856 3918 929 capiti:

2250 947 2659 1020 gloriosissimi
2683 948 3005 1017 Saturnini,
3029 947 3426 1021 reliquiaeque
3441 945 3918 1004 sanctiAssiscc

2251 1035 2322 1091 cli
2374 1037 2646 1110 martyris
2703 1042 2761 1093 et
2813 1037 3062 1094 aliorum
3123 1039 3482 1104 sanctorum,
3515 1039 3573 1092 et
3626 1034 3918 1108 reliquis:

2253 1125 2434 1180 sancti
2470 1126 2738 1198 Exuperii
2771 1127 3024 1200 episeOpi
3057 1125 3351 1182 Tolosani.
3375 1147 3404 1178 η

2322 1214 2527 1269 Adhuc
2558 1214 2617 1270 in
2660 1232 2727 1270 ea
2757 1215 2900 1272 urbe
2943 1214 3283 1272 morabatur
3329 1213 3612 1287 pontifex,
3643 1230 3798 1271 cum
3836 1229 3918 1268 ca:

2255 1303 2444 1358 nonici
2481 1302 2832 1360 cathedralis
2861 1304 3116 1361 ecclesia:
3138 1303 3336 1360 Sancti
3361 1301 3644 1374 Stephani
3667 1301 3750 1358 ad
3787 1317 3918 1358 eun

2178 1419 2187 1426 ε
2255 1392 2523 1464 querelas
2553 1393 2888 1449 detulerunt
2916 1393 3195 1450 adversus
3225 1392 3544 1449 monachos
3575 1391 3789 1448 Sancti
3827 1390 3917 1446 Mi,

2256 1481 2474 1536 chaclis
2506 1483 2578 1536 de
2597 1481 2790 1547 Clusa,
2811 1482 2909 1554 qui
2943 1482 3249 1538 ecclesiam
3271 1481 3495 1537 Sanctae
3519 1479 3805 1548 Gavellaz,
3834 1481 3918 1536 Ec

2257 1571 2444 1625 clesiae
2476 1568 2773 1626 'l‘ulosanae
2806 1571 3074 1626 collatam
3119 1570 3211 1626 sui
3247 1569 3402 1641 juris
3430 1585 3559 1626 esse
3589 1571 3918 1626 contende-

2262 1661 2422 1714 bant.
2449 1659 2732 1713 Placitum
2755 1659 2910 1732 apud
2934 1659 3207 1715 Sanctam
3231 1659 3474 1714 Mariam
3496 1657 3677 1716 Electi
3703 1656 3918 1714 indixi

2261 1748 2536 1820 pontifex,
2575 1748 2630 1802 in
2663 1764 2777 1820 quo
2808 1747 2882 1803 lis
2908 1746 3022 1804 ista
3050 1747 3451 1816 dirimeretur;
3483 1747 3586 1803 sed
3619 1747 3918 1804 renuenti‘

2261 1839 2370 1892 bus
2399 1837 2699 1893 monachis
2730 1837 2800 1891 ad
2830 1836 2976 1892 illud
3015 1837 3231 1905 venire,
3268 1837 3564 1910 negotium
3596 1841 3750 1893 tunc
3779 1836 3918 1892 infe-

2259 1933 2418 1982 ctum
2455 1925 2752 1992 remansit,
2786 1926 2953 1996 cujus
2985 1928 3168 1981 totam
3208 1926 3443 1994 seriem,
3469 1925 3574 1982 sed
3601 1941 3745 1997 quae
3777 1925 3918 1980 nihil

2265 2015 2334 2070 ad
2361 2031 2465 2068 nos
2487 2013 2922 2080 attinet,videre
2941 2019 3030 2069 est
3055 2014 3114 2068 in
3138 2013 3315 2070 veteri
3346 2013 3746 2070 instrumento
3771 2029 3918 2086 aput

2263 2103 2547 2159 Catellum
2581 2103 2728 2158 libro
2755 2121 2791 2159 v
2810 2102 3373 2160 Commentariorum
3403 2102 3665 2159 historia
3691 2103 3918 2160 Occitaa

2266 2193 2394 2257 nias,
2433 2209 2561 2264 pag.
2596 2194 2720 2247 875.
2749 2192 2911 2248 Certe
2942 2191 3180 2248 Clusino
3221 2192 3576 2248 monasterio
3614 2191 3918 2266 compluci

2265 2281 2474 2337 harum
2500 2282 2752 2352 partium
2772 2281 3130 2338 monasteria
3145 2281 3410 2352 subjecta
3423 2285 3608 2350 erant,
3627 2281 3790 2340 inter
3808 2293 3918 2354 qua

2267 2389 2336 2426 ex
2353 2369 2568 2426 Urbani
2588 2369 2752 2426 bulla
2771 2388 2898 2443 qua:
2920 2370 3155 2440 excidit,
3175 2375 3479 2426 recensent
3497 2367 3918 2426 monasteriuii

2269 2459 2455 2516 Mansi
2487 2460 2748 2516 Garnerii
2792 2477 2970 2532 prope
3001 2459 3329 2515 Virdunum
3373 2459 3446 2516 ad
3475 2458 3852 2516 Garumnam
3880 2459 3918 2515 il

2268 2548 2502 2605 dicecesi
2526 2547 2834 2617 Tolosana,
2859 2547 3033 2605 hodie
3053 2548 3488 2622 congregationi
3510 2549 3713 2605 Sancti
3740 2549 3918 2604 Maus

2269 2637 2588 2695 addictum.

2376 2771 2646 2826 CCLXVI.
2681 2775 3074 2828 Carrassonam
3104 2771 3223 2827 adit
3255 2771 3505 2828 Urbanus
3541 2773 3828 2844 ponti/ex.
3915 2843 3917 2845 ι

2343 2902 2563 2960 Relicta
2609 2903 2840 2970 Tolosa,
2881 2905 3302 2960 Carcassonam
3337 2903 3610 2976 pontifex
3641 2903 3816 2970 adiit,
3853 2905 3918 2959 ut

2271 2993 2497 3066 exigere
2518 2992 2747 3048 videtur
2765 2991 3026 3048 locorum
3059 2993 3208 3050 situs
3229 2996 3286 3048 et
3306 2992 3534 3048 dierum
3567 2991 3776 3048 serias.
3814 2992 3918 3048 Hui

2269 3099 2402 3138 vero
2435 3085 2644 3154 quarta
2677 3080 2838 3150 feria,
2861 3081 2954 3138 die
2999 3083 3061 3138 11
3109 3079 3272 3136 Junii
3299 3080 3628 3151 advenisse,
3663 3083 3850 3154 atque
3878 3081 3918 3136 il

2272 3188 2340 3228 ea
2363 3171 2506 3227 urbe
2527 3169 2786 3242 exegisse
2807 3169 3068 3242 quinque
3089 3169 3216 3226 dies
3239 3169 3528 3226 discimus
3546 3186 3615 3226 ex
3633 3169 3918 3226 veteribus

2275 3259 2533 3317 historiae
2563 3260 2832 3332 ejusdem
2857 3259 3020 3315 urbis
3050 3259 3538 3333 centonibus,qui
3564 3259 3646 3314 sic
3669 3257 3899 3319 habent

513 3365 772 3448 CCLXV.
821 3367 1021 3448 Tolosae
1075 3367 1170 3422 ιἰιέ
1202 3366 1575 3448 privilegium
1631 3367 1898 3448 Belliloci.
1953 3368 2143 3448 Bellica

2303 3351 2430 3404 lnno
2482 3349 2784 3406 Dominicae
2839 3349 3238 3404 lncarnationis
3289 3349 3448 3416 1096,
3499 3347 3808 3405 indictione
3861 3364 3917 3404 ιν

583 3439 865 3494 ecclesiam
895 3435 949 3493 S.
985 3435 1292 3493 Satumiizi.
1327 3435 1438 3492 Lis'
1461 3440 1748 3494 canonicos
1799 3439 1992 3495 Tolosae
2021 3441 2164 3496 inter

583 3513 636 3566 et
667 3509 932 3565 Clusinos.

583 3615 854 3672 Tolosam
885 3631 1151 3672 reversus
1181 3616 1439 3688 pontifex
1471 3615 1846 3673 Bcllilocense
1877 3621 2165 3674 monaste-

513 3705 665 3760 rium
698 3705 851 3777 apud
899 3703 1258 3774 Lemovices,
1291 3705 1446 3777 quod
1498 3705 1658 3762 nulla
1704 3706 1786 3762 ibi
1837 3713 2166 3764 servaretur

513 3791 826 3864 disciplina
880 3789 1184 3866 regularis,
1243 3793 1612 3850 Cluniacensi
1669 3796 1859 3852 ordini
1917 3797 2162 3864 addixit,

511 3877 663 3937 datis
695 3897 762 3936 ea
791 3881 862 3936 de
893 3898 954 3936 re
983 3879 1196 3938 litteris
1229 3883 1300 3938 ad
1333 3888 1605 3939 sanctum
1637 3884 1941 3957 Hugonem
1973 3885 2065 3942 die
2095 3887 2164 3942 23

509 3969 688 4040 hujus
720 3969 961 4025 mensis.
1293 3985 1300 3993 '
1579 4024 1587 4032 ,

580 4058 684 4116 Die
713 4063 909 4114 autem
941 4060 1232 4132 sequenti,
1259 4060 1314 4116 id
1345 4063 1435 4117 est
1463 4077 1522 4115 Ix
1543 4059 1834 4118 Kalendas
1853 4062 2034 4133 Junii,
2058 4063 2163 4120 Ur-

507 4149 697 4205 banus
727 4147 1030 4204 ecclesiam
1063 4149 1262 4205 Sancti
1311 4149 1611 4206 Saturnini
1661 4150 1720 4206 in
1769 4152 1972 4208 eadem
2022 4153 2165 4210 urbe

504 4237 843 4294 solemniter
873 4237 1179 4306 dedicavit,
1197 4241 1261 4293 ut
1291 4237 1432 4293 varii
1463 4243 1732 4295 auctores
1756 4241 2163 4322 observarunt,

505 4328 747 4400 ipseque
769 4326 1024 4398 pontifex
1046 4325 1105 4382 in
1127 4326 1289 4382 bulla
1310 4328 1380 4383 ad
1415 4328 1681 4400 ejusdem
1705 4329 1970 4386 Ecclesiae
1992 4349 2165 4391 cano—

507 4417 672 4472 nicos
701 4421 832 4490 post
861 4415 1083 4489 aliquot
1133 4433 1366 4473 menses
1397 4417 1534 4473 data
1580 4421 1833 4474 testatus
1865 4425 1970 4476 est.
2005 4422 2166 4480 Certe

507 4505 805 4562 Paschalis
839 4506 884 4561 ΙΙ
919 4507 976 4560 ἱη
1008 4505 1255 4578 cpistola
1288 4505 1356 4561 ad
1391 4507 1729 4579 Aragonum
1763 4525 1956 4582 regem
1979 4513 2060 4568 ait
2081 4531 2165 4570 ec-

505 4595 742 4653 clesiam
779 4595 974 4652 Sancti
1010 4595 1310 4651 Saturnini
1357 4595 1430 4649 ab
1463 4594 1693 4652 Urbano
1720 4597 2022 4658 decessore
2053 4620 2159 4660 suo

2276 3456 2436 3496 Lxxw
2484 3439 2662 3509 [forte,
2709 3437 2841 3493 luna
2869 3437 3023 3508 xxxv]
3053 3438 3198 3508 feria
3247 3446 3464 3508 quarta,
3495 3437 3748 3496 Urbanus
3790 3453 3918 3510 popl

2275 3528 2668 3585 Carcassonam
2696 3528 2977 3598 ingressus
3017 3535 3112 3595 est,
3144 3535 3197 3582 et
3232 3527 3428 3582 missos
3457 3525 3657 3582 ibidem
3683 3527 3918 3582 celebro-

2270 3620 2381 3680 vit:
2409 3619 2558 3674 vivos
2593 3625 2645 3673 et
2673 3616 2952 3688 defunctos
2999 3615 3314 3672 benedicens
3361 3615 3612 3684 absolvit,
3642 3617 3816 3672 etiam
3844 3629 3918 3672 ace

2271 3708 2456 3765 clesiae
2481 3707 2636 3764 Beati
2674 3706 2924 3774 Nazarii,
2961 3705 3016 3762 id
3058 3709 3147 3762 est
3194 3705 3564 3774 eathedralis,
3597 3721 3736 3764 saxa
3769 3707 3918 3762 bem-

2272 3797 2446 3859 diocit;
2477 3811 2604 3868 quae
2637 3794 2878 3862 scilicet,
2903 3799 2970 3850 ut
2993 3795 3415 3867 interpretatur
3433 3793 3682 3862 Beslius,
3703 3794 3779 3850 ad
3804 3809 3918 3866 pen

2273 3885 2582 3942 ficiendam
2614 3883 2764 3940 hanc
2794 3883 3100 3940 ecclesiam
3117 3883 3478 3956 jamdudum
3495 3887 3668 3939 antea
3692 3882 3918 3938 inchoa-

2272 3978 2414 4042 tam,
2443 3977 2646 4046 parata
2675 3973 2932 4040 fuerant;
2965 3977 3016 4028 et
3043 3973 3392 4044 subsequenti
3413 3975 3572 4028 sexta
3597 3973 3745 4044 feria
3767 3987 3918 4044 sape:

2274 4064 2444 4120 beata:
2471 4063 2666 4121 Maria
2691 4079 2905 4134 semper
2930 4063 3164 4134 virginis
3205 4062 3488 4134 sanctique
3511 4059 3820 4116 Saluatoris
3849 4061 3918 4116 ab

2273 4161 2390 4208 tare
2417 4154 2613 4209 missas
2663 4152 2970 4219 celebravit,
3001 4167 3304 4207 sermonem
3343 4150 3495 4206 nobis
3537 4151 3690 4222 fecit,
3739 4165 3918 4206 carnis

2273 4243 2473 4298 teriam
2497 4243 2738 4314 propriis
2765 4241 3021 4296 manibus
3060 4240 3194 4296 salis
3237 4241 3552 4312 aspersione
3581 4239 3852 4308 absolvit;
3880 4237 3918 4294 el

2272 4333 2350 4387 sic
2377 4332 2566 4388 diebus
2597 4333 2839 4403 quinque
2865 4329 3146 4386 nobiscum
3173 4337 3556 4397 commoratus,
3583 4329 3724 4385 vivis
3756 4345 3824 4385 ac
3851 4328 3918 4383 de

2271 4423 2476 4492 functis
2525 4422 2862 4490 consignatis
2916 4437 3040 4475 cum
3091 4419 3254 4475 laude
3279 4427 3328 4474 et
3355 4419 3661 4490 gratiarum
3718 4420 3918 4475 actione

2272 4512 2538 4567 discessit.
2574 4510 2676 4565 His
2705 4509 3080 4565 consentiunt
3119 4506 3345 4564 Bcslius
3397 4509 3453 4562 in
3507 4506 3770 4564 Historia
3818 4505 3918 4579 epi-

2274 4617 2583 4673 scoporum
2629 4598 3217 4664 Careassonensium,
3270 4603 3327 4654 et
3383 4597 3827 4654 Sammarthani
3875 4595 3918 4650 in

504 4691 636 4742 c‘um
671 4684 1086 4774 septemdecim
1119 4683 1578 4774 archiepiscopis
1614 4692 1670 4742 et
1707 4687 1995 4762 episcolﬁs
2021 4709 2155 4748 con-
2187 4709 2234 4774 Β
2270 4689 2610 4746 eorumdem
2669 4686 2928 4761 catalogo
2984 4691 3144 4742 temo
3208 4687 3256 4742 II
3313 4686 3510 4742 Galliae
3563 4685 3918 4774 Christianis.

505 4781 812 4844 secretam,
837 4780 893 4831 et
925 4771 1241 4849 privilegiis
1273 4771 1610 4844 apostolicis
1634 4777 1921 4833 munitam
1954 4779 2152 4850 fuisse,

501 4871 557 4920 et
576 4865 838 4921 Amelius
859 4864 1186 4920 Tolosanus
1210 4863 1452 4917 antistes
1471 4863 1834 4920 conﬁrmavit
1857 4867 2158 4942 privilegia

501 4971 536 5008 a
566 4953 840 5026 Gregorio
871 4953 994 5021 VII,
1023 4953 1250 5006 Urbano
1275 4956 1324 5005 ΙΙ
1357 4955 1412 5006 et
1441 4951 1699 5008 Paschali
1733 4958 1782 5008 ll
1812 4956 1875 5010 de
1906 4957 2159 5014 libertate

498 5044 738 5100 ecclesiae
779 5043 964 5098 Sancti
1004 5042 1298 5097 Saturnini
1327 5058 1622 5097 concessa.
1650 5041 1756 5098 Sed
1794 5061 1912 5099 rem
1967 5047 2156 5104 fusius

499 5132 734 5205 eXponit
755 5130 1258 5202 antiquiChronici
1287 5134 1490 5185 auctor
1513 5132 1662 5202 apud
1681 5133 1986 5206 Catullum,
2009 5137 2154 5192 libro

501 5239 539 5277 ιι
559 5221 835 5278 Ἠἱεΐονίω
859 5220 1138 5276 comitum
1163 5219 1404 5284 Tolosae,
1429 5235 1552 5292 cap.
1580 5219 1633 5288 3,
1660 5225 1717 5276 et
1743 5220 1801 5276 in
1823 5223 2155 5296 Appendice

499 5328 566 5368 ex
596 5311 786 5366 Veteri
808 5310 912 5366 cod
938 5327 1072 5372 ms.,
1096 5311 1155 5363 in
1179 5325 1294 5380 quo
1316 5307 1435 5363 haec
1468 5309 1740 5381 leguntur
1765 5327 1813 5365 :u
1839 5313 2004 5368 Anno
2035 5313 2150 5370 Do-

499 5399 642 5456 mini
667 5399 823 5468 1096,
844 5397 1160 5454 indictione
1179 5414 1251 5466 Iv,
1276 5415 1428 5453 nono
1452 5398 1930 5456 Kalendas.Junii
1957 5402 2150 5458 domi-

497 5505 610 5544 nus
640 5504 792 5560 papa
815 5486 1086 5542 Urbanus
1109 5501 1240 5541 cum
1266 5485 1702 5560 archiepiscopo
1726 5489 2004 5545 Toletano
2027 5491 2150 5546 Ber-

492 5578 696 5643 nardo,
721 5581 778 5632 et
807 5577 1012 5630 Amato
1043 5575 1384 5648 Burdegalis
1427 5577 1860 5650 archiepiscopo
1907 5577 2147 5636 Pisano-

489 5684 602 5742 que
630 5666 1064 5738 archiepiscopo
1087 5670 1144 5721 et
1165 5665 1376 5721 Tisano
1399 5667 1738 5741 (Albanensi)
1762 5667 2122 5742 archiepisco

485 5775 578 5844 po,
604 5756 832 5816 Gallero
856 5755 1112 5820 Albiensi
1137 5762 1194 5816 et
1216 5756 1378 5814 Petro
1402 5755 1840 5834 Pampilonensi
1865 5757 2149 5839 episcopo

2269 4780 2442 4835 Porro
2477 4777 2709 4833 abbatia
2744 4778 2968 4832 Sancta;
3015 4775 3211 4830 Mariae
3259 4781 3315 4831 et
3363 4775 3560 4831 Sancti
3589 4773 3918 4841 Salvatoris,

2267 4869 2437 4938 cujus
2473 4866 2566 4922 hic
2595 4865 2778 4921 altare
2809 4868 3192 4932 memoratur,
3218 4864 3276 4918 in
3309 4863 3590 4920 suburbio
3615 4865 3916 4922 Carcasso-

2267 4955 2433 5012 nensi
2459 4956 2592 5023 sita,
2627 4953 2836 5011 saeculo
2880 4952 3149 5024 sequenti
3197 4951 3432 5008 transiit
3487 4953 3558 5008 ad
3607 4952 3916 5008 canonicos

2265 5045 2602 5112 saeculares;
2639 5061 2766 5116 qua:
2809 5046 3011 5114 postea
3041 5042 3097 5096 in
3129 5041 3532 5114 Albigensium
3565 5039 3793 5098 bell-ictis
3823 5047 3911 5096 tuo

2264 5135 2549 5191 multibus
2587 5135 2905 5200 destructa,
2939 5132 3197 5197 tandem,
3226 5147 3330 5187 seu
3373 5131 3588 5203 potius,
3619 5129 3788 5187 locus
3821 5126 3910 5184 ubi

2262 5222 2373 5278 sita
2403 5227 2547 5291 erat,
2567 5222 2834 5278 Patribus
2864 5219 3177 5294 Capucinis
3203 5219 3508 5292 cessit,qui
3545 5219 3628 5275 ibi
3666 5235 3908 5277 conven-

2259 5315 2386 5367 tum
2419 5311 2656 5368 habent.
2675 5311 2822 5368 Huic
2843 5310 2990 5379 loco,
3010 5309 3096 5365 uti
3118 5309 3390 5366 observat
3408 5307 3656 5377 Beslius,
3675 5309 3911 5382 preerat

2259 5416 2411 5457 anno
2436 5401 2573 5456 1085
2594 5401 2834 5457 Pontius
2855 5399 3070 5468 abbas;
3097 5399 3198 5456 sed
3221 5415 3292 5454 an
3316 5402 3456 5454 tunc
3477 5397 3669 5454 adhuc
3692 5398 3750 5454 in
3772 5395 3909 5453 vivis

2257 5493 2430 5559 esset,
2461 5490 2696 5563 quando
2727 5489 2996 5546 Urbanus
3027 5487 3143 5544 huc
3183 5486 3450 5556 accessit,
3485 5487 3906 5560 incompertum

2255 5585 2363 5636 est.
2388 5580 2592 5637 Petrus
2632 5593 2764 5636 vero
2807 5577 3078 5634 Ecclesia:
3105 5575 3595 5634 Careassonensis
3621 5579 3764 5632 tunc
3791 5571 3902 5646 epi-

2257 5687 2472 5744 scopus
2503 5675 2646 5726 erat.
2673 5669 2874 5724 Exstat
2898 5665 2956 5722 in
2983 5667 3251 5738 ejusdem
3273 5667 3438 5724 urbis
3459 5665 3692 5723 dioecesi
3719 5659 3901 5722 nobile

2255 5760 2682 5818 monasterium
2728 5761 2915 5818 Beatos
2963 5755 3156 5817 Marica
3203 5757 3274 5814 de
3316 5755 3556 5828 Cressa;
3587 5755 3683 5815 cui
3729 5753 3896 5816 etiam
