3962 6414
465 393 585 464 Si!

1795 401 1862 466 B.
1911 400 2204 469 UllBANI
2248 401 2301 465 Il
2350 401 2592 465 PAP/E.

3757 398 3878 464 $12

472 531 716 602 duntur,
749 537 810 592 at
839 533 967 608 ejus
997 532 1136 592 Acta
1184 533 1501 610 perierunt.
1561 539 1748 604 Quare
1795 541 1862 594 ut
1889 536 2112 611 aliquid
2143 541 2198 610 Α
2226 533 2423 593 Sancti
2479 533 2802 606 Saturnini,
2857 533 3183 610 Utrumque
3235 549 3342 593 suo
3400 529 3524 593 loco
3572 535 3874 592 referetur.

469 629 682 698 praeter
713 630 1067 682 memoratos
1097 643 1368 693 canones,
1403 627 1502 700 qui
1553 645 1686 684 cum
1721 627 1851 684 aliis
1896 627 2112 684 Urbani

471 713 738 772 conciliis
768 713 906 771 olim
937 715 1254 781 dabuntur,
1289 717 1384 771 hic
1408 716 1805 782 exhibeamus,
1831 717 2001 788 juvat
2019 717 2114 772 hie

469 817 541 860 ea
569 802 780 858 referre
810 803 1010 874 quasin
1027 805 1205 860 variis
1236 805 1494 876 antiquis
1510 805 1904 861 monumentis
1917 805 1988 861 de
2008 805 2116 860 hac

471 891 692 965 synodo
723 891 973 964 reperire
997 891 1180 948 licuit.
1232 893 1299 948 Et
1331 893 1518 965 primo
1561 895 1798 965 quidem
1849 892 2114 949 nonnulli

471 984 847 1038 recensentur
875 981 1166 1037 antistites
1196 998 1264 1037 ex
1293 981 1385 1038 his
1416 982 1516 1054 qui
1549 983 1930 1038 Nemausensi
1980 999 2115 1038 con-

471 1067 605 1126 cilio
633 1069 1046 1138 interfuerunt,
1066 1069 1124 1125 in
1142 1071 1343 1127 charta
1363 1071 1691 1144 Raymundi
1723 1070 1973 1140 comitis,
2001 1087 2119 1142 qua

472 1156 826 1215 monasterio
836 1159 1229 1232 SanctiEgidii
1243 1159 1446 1216 vallem
1461 1160 1614 1216 Flavi
1623 1177 1794 1216 anam
1817 1160 2122 1215 conﬁrma-

473 1247 579 1303 vit.
613 1247 658 1304 Ii
689 1250 829 1303 sunt
855 1247 1290 1320 metropolitani
1319 1249 1558 1305 omnino
1581 1265 1700 1312 sex.
1751 1249 2119 1304 Daimbertus

473 1335 765 1402 Pisarum,
797 1340 962 1410 Hugo
995 1338 1285 1411 Lugduni,
1317 1339 1560 1394 Amatus
1586 1337 1932 1411 Burdigalae,
1983 1337 2118 1392 Ber-

473 1426 698 1482 nardus
727 1425 932 1494 Toleti,
967 1427 1197 1500 quitres
1217 1427 1548 1500 apostolicae
1561 1426 1908 1500 sedislegati
1933 1430 2118 1494 erant,

473 1513 644 1587 Hugo
674 1513 1020 1572 Bisuntinus
1041 1519 1098 1572 et
1117 1516 1304 1573 Guido
1315 1515 1663 1573 Viennensis
1677 1515 2116 1588 archiepiscopi:

475 1602 733 1676 episcopi
765 1604 1028 1677 quinque
1076 1605 1321 1670 scilicet,
1382 1605 1695 1662 Gauterius
1750 1603 2120 1668 Albanensis,

474 1691 671 1749 Bruno
703 1693 1028 1766 Signensis.
1074 1694 1408 1750 Gotol'ridus
1461 1693 1911 1767 Magalonensis,
1957 1693 2120 1763 Ilugo

470 1779 850 1854 (Humbaldus)
877 1781 1404 1838 Antissiodorensis
1415 1786 1470 1838 et
1483 1783 1859 1837 Bertramnus
1873 1781 2120 1835 Nemau-

472 1869 687 1936 sensis;
719 1869 1046 1926 cardinales
1077 1887 1192 1926 non
1209 1869 1467 1944 episcopi
1499 1870 1780 1944 quinque,
1801 1871 1951 1925 inter
1971 1885 2118 1940 quos
2151 1910 2196 1976 Β

477 1962 593 1976 -__.
859 1959 874 1976 ς
1017 1959 1070 1976 ..
1195 1959 1249 1976 ι.
1531 1959 1542 1970 .
1785 1964 1795 1976 ,
1928 1958 1938 1970 .
1996 1973 2105 1976 πμ

472 1962 598 2014 erat
629 1957 954 2015 Richardus
979 1959 1163 2015 abbas
1195 1959 1598 2016 Massiliensis.
1629 1960 1900 2015 Chartam
1925 1958 2114 2030 ipsam

473 2061 546 2103 ex
575 2045 1218 2121 SpicilegioAcheriano
1241 2049 1338 2105 ubi
1354 2049 1637 2120 integrior
1648 2048 1858 2104 habetu
1869 2065 1914 2115 r,
1939 2063 2115 2120 quam

472 2134 536 2193 in
567 2134 829 2192 conciliis
861 2137 1210 2203 Labbeanis,
1241 2137 1424 2192 habes
1454 2138 1514 2192 in
1543 2137 1892 2210 Appendice.
1943 2137 2116 2192 Porro

472 2227 594 2282 tres
624 2225 804 2282 etiam
823 2223 969 2282 alios
999 2225 1301 2298 episcopos
1323 2225 1629 2298 Hispanos,
1655 2225 1878 2282 scilicet
1906 2231 2116 2281 Beren-

471 2313 707 2389 garium
737 2314 1627 2384 Tarraconensem,Bernardum
1655 2315 2114 2380 Gerundensem,

473 2405 533 2461 et
557 2401 866 2460 Artaldum
894 2402 1275 2461 Helenensem
1301 2423 1315 2472 ;
1346 2409 1405 2460 et
1433 2403 1675 2460 totidem
1718 2405 1980 2470 abbates,
2012 2403 2109 2458 Pe-

470 2495 632 2548 trum
679 2494 1095 2564 Coxanensem,
1144 2493 1522 2550 Benedictum
1571 2493 2010 2550 Balneolensem
2060 2497 2119 2548 et

469 2580 1296 2656 BernardumRivipollensem
1321 2585 1392 2639 ad
1405 2584 1672 2640 eamdem
1685 2583 1971 2656 synodum
1985 2599 2118 2638 con-

468 2669 1130 2729 venissescribitPetrus
1159 2672 1438 2728 deMarca
1467 2671 1526 2727 in
1559 2673 1755 2728 Marco.
1783 2671 2118 2744 Hispanica,

470 2760 580 2819 col.
615 2761 720 2816 472
747 2765 804 2816 et
831 2777 900 2816 ex
928 2777 995 2817 eo
1027 2759 1342 2816 cardinalis
1361 2761 1636 2833 Aguirius
1664 2765 1784 2816 tom
1818 2761 1894 2817 ΙΙΙ
1926 2761 2120 2817 Conci-

467 2847 684 2906 liorum
713 2847 1024 2922 Hispaniae.
1056 2851 1124 2905 At
1153 2849 1352 2921 plures
1369 2866 1438 2906 ex
1464 2849 1652 2920 ipsius
1681 2849 1894 2905 Urbani
1929 2848 2114 2922 diplo-

469 2941 628 2997 mate
655 2937 713 2994 in
760 2954 940 2994 causa
979 2937 1238 3012 episcopi
1285 2937 1555 2994 Tolosani
1601 2943 1658 2995 et
1700 2938 2115 2995 canonieorum

472 3028 534 3086 S.
567 3027 870 3084 Saturnini
903 3027 1038 3084 dato
1067 3026 1372 3082 habemus.
1393 3025 1539 3082 Nam
1557 3027 2115 3100 ibi,praeterseptem

471 3112 954 3188 metropolitanos
983 3129 1163 3186 supra
1191 3119 1564 3182 memoratos,
1611 3114 1707 3170 alii
1742 3119 1860 3172 tres
1889 3115 2111 3172 archie-

473 3201 722 3277 piscopi,
778 3218 989 3275 nempe
1037 3201 1324 3259 Radulfus
1381 3203 1759 3272 Turonensis,
1811 3203 2116 3261 Gibelinus

471 3290 851 3360 Arelatensis,
865 3291 1366 3348 etEbredunensis
1395 3292 1794 3362 nominantur,
1819 3309 1966 3365 quos
1984 3309 2116 3349 cum
2150 3279 2192 3346 C

474 3383 738 3456 episcopis
769 3389 821 3438 et
847 3380 1132 3438 abbatibus
1163 3381 1233 3436 86
1277 3380 1467 3436 eidem
1517 3380 1760 3437 concilio
1807 3386 2122 3454 praesentes

477 3473 662 3530 fuisse
691 3475 940 3528 testatur
968 3470 1246 3544 pontifex.
1292 3470 1554 3526 Aliorum
1604 3471 1844 3526 nomina
1891 3487 1960 3526 ex
1987 3469 2120 3526 aliis

471 3560 890 3630 monumentis,
913 3577 1164 3633 quorum
1179 3560 1460 3616 nonnulla
1472 3577 1598 3633 quae
1629 3564 1950 3632 supersunt
1970 3559 2121 3615 infra

468 3651 866 3720 laudabimus,
925 3649 1049 3706 erui
1111 3654 1402 3722 poterunt.
1462 3648 1624 3705 Certe
1662 3647 1910 3720 exempli
1941 3665 2120 3704 causa

466 3759 662 3811 nemo,
695 3745 763 3798 ut
792 3739 1030 3813 quidem
1076 3738 1221 3794 mihi
1277 3738 1530 3806 videtur,
1591 3737 1830 3810 negabit
1882 3737 2114 3792 Ivonem

465 3835 858 3889 Carnotenum
887 3828 1076 3884 eidem
1107 3825 1351 3882 concilio
1381 3825 1737 3892 interfuisse,
1770 3823 1868 3896 qui
1922 3825 2114 3896 seipse

459 3923 609 3978 teste
635 3919 698 3974 in
717 3915 984 3990 epistolis
1007 3914 1566 3986 superiuslaudatis,
1597 3913 1955 3986 colloquium
1973 3918 2112 3969 tunc

457 4007 742 4081 temporis
773 4022 907 4062 cum
939 4003 1172 4060 Urbano
1188 4002 1394 4059 habuit
1411 4002 1565 4076 apud
1585 4001 2108 4074 Montempessula-

458 4115 603 4156 num
630 4097 702 4153 de
753 4093 1036 4153 electione
1091 4090 1386 4146 Guillelmi
1418 4091 1478 4146 in
1536 4089 1926 4146 Parisiensem
1985 4090 2106 4164 epi-

456 4203 722 4262 accpum.

527 4278 651 4343 Quo
683 4278 880 4332 autem
909 4272 1002 4328 die
1030 4269 1332 4342 iucoeperit
1361 4269 1448 4324 vel
1482 4267 1752 4325 absoluta
1799 4268 1975 4324 fuerit
2004 4267 2105 4326 illa

455 4366 738 4442 synodus,
770 4379 962 4432 nemo,
995 4359 1152 4434 quod
1185 4359 1424 4432 quidem
1447 4357 1649 4424 sciam,
1685 4357 1900 4414 diserte
1931 4359 2104 4414 adno-

453 4453 617 4512 tavit.
648 4455 722 4509 At
738 4451 1071 4526 pontiﬁcem
1095 4453 1256 4505 sexta
1283 4449 1377 4504 die
1395 4447 1615 4504 mensis
1643 4445 1782 4502 Julii
1801 4446 1919 4518 jam
1945 4449 2101 4520 apud

455 4545 815 4604 Nemausum
843 4539 1138 4597 exstitisse
1185 4555 1254 4595 ex
1285 4535 1622 4594 domesticis
1669 4535 1922 4592 ecclesiae
1971 4537 2099 4610 ejus

453 4633 620 4692 urbis
645 4627 998 4688 eathedralis
1027 4624 1436 4684 instrumentis
1467 4625 1769 4690 discimus,
1793 4624 1850 4680 in
1881 4627 2097 4698 quibus
2129 4645 2173 4709 Ι)

451 4739 582 4782 eam
611 4720 919 4780 ecclesiam
940 4718 1195 4790 hacipsa
1209 4716 1301 4772 die
1331 4717 1402 4770 ab
1435 4714 1664 4770 Urbano
1694 4721 2090 4772 consecratam

448 4814 632 4870 fuisse
647 4807 1215 4885 legitur,astantibus
1227 4802 1628 4876 compluribus
1645 4803 2095 4878 archiepiscopis

449 4907 506 4959 et
534 4900 846 4973 episcopis,
887 4914 1022 4954 cum
1081 4894 1293 4950 comite
1350 4893 1708 4965 Raymundo.
1766 4893 1930 4949 Forte
1986 4892 2092 4950 hac

448 4989 818 5048 solemnitate
844 4983 1354 5059 synodusinitium
1382 4982 1632 5054 accepit;
1653 4987 1806 5038 certe
1834 5000 1912 5038 v11
1932 4983 2089 5050 Idus,

445 5079 506 5136 id
538 5082 626 5135 est
653 5076 746 5133 die
773 5079 808 5132 8
834 5073 976 5132 Julii
1007 5073 1066 5128 in
1109 5089 1176 5128 ea
1207 5075 1400 5128 actum
1454 5075 1542 5126 est
1569 5071 1640 5126 de
1697 5071 2091 5126 controversia

447 5185 576 5244 quae
609 5161 1476 5238 interepiscopumTolosanum
1490 5160 1870 5216 etcanonicos
1892 5158 2089 5215 Sancti

445 5256 742 5316 Saturnini
765 5253 1119 5326 jamdudum
1149 5251 1499 5318 vertebatur,
1534 5265 1799 5322 qumque,
1835 5254 1898 5302 ut
1929 5251 2098 5302 testa-

446 5354 548 5407 tur
576 5348 702 5420 ipse
714 5344 970 5418 pontifex
989 5343 1049 5397 in
1082 5337 1775 5414 superiuslaudatabulla
1795 5337 1888 5392 die
1904 5353 1940 5391 v
1961 5335 2097 5390 Idus

447 5438 712 5512 ejusdem
747 5434 966 5491 mensis
999 5437 1127 5506 post
1176 5431 1363 5487 varias
1406 5427 1812 5484 altercationes
1855 5423 2097 5480 deﬁnita

447 5511 576 5586 fuit.
638 5526 845 5581 Totam
901 5539 1033 5578 vero
1076 5522 1253 5594 hujus
1309 5515 1710 5575 controversiae
1758 5513 1967 5568 seriem
2001 5511 2094 5568 hic

445 5630 732 5690 exponere
765 5614 1126 5684 superfluum
1145 5617 1318 5678 esset,
1336 5625 1467 5664 cum
1486 5605 1770 5660 habeatur
1791 5602 1846 5656 in
1862 5601 2092 5658 laudato

445 5705 660 5764 Urbani
693 5701 1028 5774 diplomate,
1063 5708 1113 5757 et
1147 5703 1204 5757 in
1225 5698 1338 5754 alia
1360 5697 1486 5768 ejus
1506 5692 1665 5750 bulla
1687 5691 1756 5748 ad
1781 5692 2090 5748 canonicos

2223 628 2504 680 Ceterum
2532 625 2747 681 Urbani
2765 627 2987 698 judicio
3011 643 3158 699 aegre
3175 625 3546 683 consensisse
3561 623 3877 681 canonicos

2223 713 2481 770 ecclesiae
2513 715 2864 772 eathedralis
2895 714 3193 772 Tolosanae
3225 718 3386 788 patet
3425 731 3494 771 ex
3522 713 3701 771 veteri
3745 713 3879 770 illo-

2226 820 2358 859 rum
2389 803 2459 858 de
2491 804 2690 859 eadem
2729 821 2788 859 re
2837 805 3249 868 instrumento,
3313 804 3468 877 quod
3517 802 3798 867 Catellus,
3827 808 3881 858 et

2225 895 2358 964 post
2385 908 2518 947 eum
2554 893 2990 949 Labbeustomo
3021 893 3067 948 X
3095 891 3482 948 Conciliorum
3507 891 3762 956 edidere,
3783 891 3880 947 ubi

2225 979 2510 1036 Calixtum
2544 981 2593 1035 ll
2628 980 2983 1052 pontiﬁcem,
3027 980 3126 1053 qui
3177 980 3559 1036 Nemausensi
3609 979 3876 1048 concilio,

2226 1073 2351 1124 tum
2386 1068 2860 1142 archiepiscopus
2889 1067 3264 1135 Viennensis,
3297 1069 3658 1136 interfuerat,
3701 1070 3878 1125 indu-

2227 1162 2369 1214 cunt
2423 1157 2504 1213 ita
2576 1175 2645 1214 ea
2692 1159 3118 1214 disserentem:
3193 1161 3316 1228 Ego
3374 1159 3434 1214 in
3489 1159 3718 1214 concilio
3775 1161 3878 1214 Ne-

2224 1249 2530 1302 mausensis
2587 1247 2644 1302 in
2677 1262 2780 1318 quo
2831 1247 3086 1304 dominus
3127 1247 3376 1304 Urbanus
3433 1263 3580 1319 papa
3620 1249 3880 1320 praefuit,

2227 1353 2352 1391 cum
2380 1336 2574 1392 multis
2594 1336 2726 1391 aliis
2757 1337 3009 1408 interfui,
3059 1337 3246 1408 ibique
3299 1337 3522 1394 clericos
3561 1337 3751 1393 Sancti
3781 1337 3880 1393 Sa-

2230 1426 2448 1480 turnini
2473 1425 2762 1481 dominum
2784 1441 2989 1497 papam
3019 1425 3462 1496 interpellantem
3487 1424 3712 1488 audivi;
3743 1441 3882 1498 qua-

2229 1522 2386 1569 tenus
2414 1518 2671 1586 quartam
2692 1523 2910 1586 partem
2965 1515 3308 1571 oblationum
3353 1515 3550 1570 altaris
3594 1515 3739 1570 beati
3781 1515 3882 1570 Sa-

2229 1603 2446 1658 turnini
2469 1604 2712 1674 episcopo
2771 1606 2979 1668 lsarno,
3041 1610 3136 1675 qui
3163 1606 3294 1658 tunc
3349 1605 3604 1674 temporis
3661 1620 3786 1658 eam
3826 1606 3884 1658 in

2228 1691 2472 1746 dominio
2501 1708 2602 1747 suo
2629 1693 2866 1758 tenebat,
2927 1693 3192 1764 auferret,
3223 1694 3273 1748 et
3327 1692 3436 1747 sibi
3462 1692 3653 1752 daret;
3704 1695 3758 1748 et
3788 1691 3882 1746 do-

2229 1781 2411 1834 minus
2436 1797 2582 1852 papa
2606 1782 2960 1852 petitionibus
2987 1797 3177 1837 eorum
3193 1780 3547 1837 condescendi
3571 1781 3880 1848 videbatur,

2229 1869 2426 1940 quibus
2450 1871 2726 1941 episcopus
2757 1869 2977 1926 lsarnus
3000 1870 3434 1938 magnanimiter
3461 1869 3881 1936 resistebat,etc,

2223 1961 2370 2012 Tum
2402 1958 2772 2032 subjungunt
2802 1957 3126 2014 Guidonem
3162 1957 3358 2030 ipsum
3391 1974 3527 2013 cum
3557 1956 3738 2012 fratre
3775 1974 3883 2014 suo

2225 2043 2660 2118 archiepiscopo
2716 2041 3044 2112 Briassensi,
3106 2046 3422 2120 legendum
3489 2047 3880 2110 Bisontinensi,

2225 2135 2409 2191 Isarni
2442 2143 2636 2208 partes
2666 2136 2894 2210 egregie
2927 2138 2987 2192 in
3019 2136 3150 2209 ipsa
3163 2136 3385 2209 synodo
3409 2134 3885 2204 sustinuisse,ita

2228 2228 2292 2280 ut
2319 2223 2473 2281 idem
2508 2226 2744 2283 Isarnus
2774 2226 3009 2283 nonnisi
3040 2231 3172 2298 post
3197 2224 3532 2282 absolutum
3565 2225 3881 2282 concilium

2227 2313 2442 2370 Urbani
2463 2315 2688 2386 judicio
2719 2314 3104 2383 consenserit,
3129 2313 3417 2388 promisso
3447 2313 3498 2370 ei
3531 2314 3686 2386 quod
3719 2314 3882 2372 deer:-

2225 2403 2388 2459 clesia
2420 2405 2608 2459 Sancti
2629 2404 2924 2460 Saturnini
2951 2420 3162 2474 semper
3179 2419 3304 2458 cum
3323 2405 3440 2459 suis
3465 2404 3670 2460 victum
3717 2403 3884 2460 habe-

2224 2493 2324 2559 ret,
2359 2493 2497 2563 quod
2525 2495 2577 2549 et
2595 2493 2728 2548 dum
2753 2495 2895 2550 vixit
2915 2492 3125 2549 habuit.
3161 2493 3441 2549 Fatentur
3468 2497 3663 2549 tamen
3698 2493 3883 2550 iidem

2226 2580 2487 2637 canonici
2505 2581 2896 2652 quod,rursus
2908 2581 3240 2638 examinata
3259 2581 3634 2653 postmodum
3653 2581 3714 2636 in
3731 2599 3878 2655 prac-

2225 2669 2417 2724 sentia
2449 2669 2761 2742 ipsiusmet
2787 2669 2991 2727 Calixti
3023 2671 3136 2727 ista
3165 2670 3579 2737 controversia,
3629 2671 3885 2730 ecclesia

2225 2757 2577 2814 eathedralis
2635 2763 2766 2830 post
2819 2759 3011 2815 varias
3068 2759 3533 2816 concertationes
3589 2775 3658 2815 ea
3717 2760 3794 2816 de
3825 2777 3888 2816 re

2227 2845 2430 2902 multis
2454 2848 2513 2902 in
2541 2846 2684 2904 locis
2714 2847 2946 2905 habitas
2976 2846 3122 2903 nihil
3153 2847 3414 2904 obtinere
3445 2848 3802 2922 potuerit.At
3825 2849 3882 2906 id

2225 2927 2589 3008 negligentiae
2621 2936 2900 3010 episcopi,
2935 2937 3036 3010 qui
3068 2942 3208 2993 tunc
3259 2936 3528 2993 Ecclesia
3577 2936 3886 2995 Tolosanze

2224 3029 2484 3096 praeerat,
2511 3025 2890 3084 tribuendum
2919 3043 3048 3084 esse
3078 3030 3428 3084 asseVerant.
3483 3026 3595 3083 Sed
3639 3027 3713 3082 ad
3741 3045 3881 3086 con-

2223 3112 2428 3170 cilium
2459 3119 2842 3172 revertamur.

2301 3239 2364 3294 In
2395 3255 2461 3294 eo
2491 3239 2832 3296 confirmata
2849 3245 2988 3296 sunt
3001 3241 3200 3297 omnia
3211 3239 3512 3314 privilegia
3526 3245 3582 3296 et
3595 3241 3737 3312 jura
3749 3259 3882 3316 qua

2229 3325 2498 3384 Urbanus
2527 3333 2584 3384 et
2613 3329 2994 3402 Raymundus
3021 3345 3218 3384 comes
3237 3328 3426 3384 eidem
3459 3327 3654 3386 Sancti
3675 3330 3884 3388 Satur-

2230 3414 2352 3471 nini
2384 3417 2642 3473 ecclesiae
2673 3417 2733 3472 in
2763 3419 2892 3490 ejus
2921 3417 3287 3474 dedicatione
3309 3416 3690 3474 indulserunt.
3713 3421 3882 3486 Quod

2229 3520 2344 3559 non
2377 3505 2568 3562 solum
2599 3523 2667 3561 ex
2697 3506 3014 3578 pontiﬁciis
3038 3505 3240 3574 bullis,
3275 3507 3374 3562 sed
3407 3506 3583 3562 etiam
3633 3522 3702 3561 ex
3749 3508 3888 3565 aliis

2225 3593 2522 3650 veteribus
2576 3593 2986 3650 instrumentis
3045 3598 3290 3651 constat.
3346 3599 3498 3650 Duas
3553 3611 3622 3651 ea
3685 3595 3763 3652 de
3825 3615 3889 3654 re

2225 3679 2460 3738 chartas
2491 3682 2723 3738 exhibet
2753 3682 3008 3738 Catellus
3038 3684 3096 3738 in
3116 3683 3370 3740 Historia
3400 3682 3678 3740 comitum
3711 3685 3892 3742 Tolo-

2224 3785 2524 3838 sanorum,
2559 3771 2616 3825 in
2647 3787 2897 3842 quarum
2937 3770 3113 3843 priori
3165 3771 3522 3828 Bertrandus
3563 3789 3765 3830 comes
3800 3775 3888 3832 sic

2221 3857 2502 3926 decernit,
2536 3875 2668 3931 pag.
2705 3859 2842 3914 153:
2878 3858 3194 3914 Ecclesiam
3226 3859 3422 3915 Sancti
3473 3859 3778 3918 Saturnini
3818 3865 3888 3919 li-

2222 3949 2407 4004 beram
2453 3948 2520 4003 ab
2561 3949 2813 4005 omnibus
2859 3953 3060 4015 statuo,
3109 3951 3249 4004 sicut
3305 3949 3500 4004 melius
3554 3950 3713 4006 illam
3742 3955 3884 4024 fecit

2219 4038 2451 4094 liberam
2477 4054 2622 4109 papa
2682 4039 2930 4094 Urbanus
2977 4054 3101 4093 cum
3156 4039 3273 4093 suis
3316 4039 3602 4110 episcopis,
3629 4039 3692 4110 ξεί
3712 4047 3885 4112 pater

2215 4141 2369 4184 meus
2401 4127 2754 4198 Raymundus
2783 4143 2958 4183 comes
2988 4129 3048 4182 in
3103 4129 3510 4183 consecratione
3564 4129 3740 4200 ipsius
3790 4149 3878 4187 ec-

2212 4217 2414 4285 clesia},
2445 4220 2496 4272 et
2519 4217 2580 4271 in
2605 4217 2836 4272 concilio
2863 4217 3240 4274 Nemausensi.
3277 4217 3433 4272 Idem
3457 4217 3718 4274 omnimo
3761 4219 3874 4277 ha-

2212 4305 2328 4374 bet,
2362 4322 2492 4378 pag.
2527 4306 2654 4372 466,
2685 4303 3026 4361 Willelmus
3073 4319 3271 4360 comes
3329 4305 3688 4362 Pirctavensis
3729 4325 3877 4365 cum

2212 4410 2389 4450 uxore
2421 4393 2854 4466 suaPhilippia,
2877 4393 2934 4448 in
2959 4392 3141 4448 altera
3155 4391 3379 4450 charta.
3409 4411 3537 4465 quae
3553 4411 3706 4450 anno
3727 4396 3750 4452 -Ι
3765 4399 3882 4453 098

2208 4483 2346 4540 data
2375 4489 2484 4540 est.

2279 4598 2377 4654 Die
2397 4598 2650 4662 vuldus,
2671 4595 2725 4649 id
2757 4595 3280 4662 est9,Juliiactum
3313 4601 3402 4653 est
3431 4597 3490 4654 in
3523 4599 3861 4658 conciliode

2203 4685 2594 4745 controversia
2623 4684 2774 4738 inter
2817 4683 3181 4756 Figiacenses
3233 4689 3290 4740 et
3319 4684 3690 4742 Conehenses
3737 4704 3872 4744 mo-

2205 4775 2422 4832 nachos
2479 4771 2782 4828 occasione
2837 4772 3264 4842 conjunctionis
3323 4773 3490 4830 factae
3541 4775 3862 4834 amborum

2203 4861 2690 4920 monasteriorum
2715 4861 2824 4916 sub
2856 4859 3028 4917 unico
3070 4861 3282 4919 abbate
3329 4866 3508 4933 mota,
3559 4881 3686 4936 qua;
3719 4868 3872 4924 unio

2200 4953 2522 5008 multorum
2553 4949 2930 5006 dissidiorum
2963 4949 3126 5023 origo
3164 4949 3372 5006 fuerat.
3407 4952 3552 5017 Quid
3585 4968 3654 5008 ea
3696 4953 3771 5010 de
3808 4974 3873 5013 re

2199 5042 2271 5098 ab
2303 5040 2535 5096 Urbano
2583 5039 2876 5094 sancitum
2935 5037 2996 5094 in
3027 5035 3270 5096 concilio
3329 5040 3524 5108 fuerit,
3587 5040 3870 5101 dicemus

2199 5131 2369 5190 infra.
2405 5129 2500 5184 ubi
2537 5128 2746 5198 deejus
2773 5127 3054 5198 rescripto
3080 5129 3233 5200 apud
3259 5127 3484 5184 Vallem
3520 5128 3869 5189 Flavianum

2206 5237 2271 5274 ea
2302 5219 2605 5275 occasione
2637 5218 2771 5271 dato
2801 5216 3090 5288 agendum
3124 5217 3250 5272 erit.

2275 5335 2373 5389 Dic
2406 5336 2473 5388 12
2499 5332 2640 5390 Julii
2670 5331 2946 5388 laudatus
2976 5348 3173 5388 comes
3203 5332 3610 5406 Raymundus,
3661 5350 3870 5392 coram

2204 5423 2475 5496 pontiﬁce
2487 5426 2542 5478 et
2557 5421 2824 5477 universo
2838 5419 3084 5476 concilio
3097 5419 3320 5477 Vallem
3350 5420 3710 5490 Flavianum,
3724 5439 3868 5480 cum

2204 5513 2478 5569 omnibus
2508 5509 2830 5566 honoribus
2852 5513 2907 5564 et
2926 5510 3630 5582 consuetudinibus,quas
3655 5511 3715 5568 in
3732 5512 3872 5584 ipsa

2211 5602 2349 5659 Villa
2382 5601 2654 5656 Flaviana
2683 5600 2732 5652 ct
2761 5598 3086 5653 extrinsecis
3114 5603 3228 5654 tam
3249 5600 3396 5672 juste
3441 5615 3608 5672 quam
3656 5601 3872 5673 injuste

2201 5693 2444 5758 tenerat,
2477 5685 2701 5744 Odiloni
2737 5686 2932 5742 abbati
2965 5693 3022 5744 et
3052 5688 3404 5745 monasterio
3435 5689 3626 5745 Sancti
3665 5690 3864 5762 Egidii
