3962 6364
142 383 259 449 913

1695 441 1698 444 ~
1732 394 1939 459 VITA.

3417 386 3534 473 244

152 522 382 594 dimisit,
414 525 501 586 uti
529 531 686 602 patet
713 543 782 588 ex
811 529 1072 605 ejusdem
1106 532 1339 592 comitis
1354 532 1766 599 instrumento,
1799 530 1856 598 Α
1899 543 2078 590 causa
2096 533 2218 592 haec
2239 536 2729 613 Gerardoinjuria
2757 531 2918 596 illata
2941 536 3132 607 fuerit,
3159 552 3264 593 nec
3294 531 3371 613 ibi
3429 541 3532 585 nec

151 621 203 674 et
226 616 441 675 Urbani
473 619 632 677 bulla
654 619 799 679 illud
831 624 1253 682 confirmantis.

210 708 422 765 Eodem
455 710 569 767 fere
600 713 774 769 modo
799 714 1081 770 satisfecit
1106 716 1491 788 Berengarius
1510 717 1780 771 Tarraco-

150 798 336 854 nensis
369 799 620 857 antistes
658 801 950 859 Bernardo
1005 805 1201 860 abbati
1250 804 1650 877 Rivipullensi,
1678 806 1775 877 qui

150 888 414 943 adversus
454 889 793 962 episcopum
821 892 1088 964 querelas
1118 895 1187 950 ad
1221 893 1533 950 concilium
1566 894 1783 950 detule-

150 982 245 1044 rat,
258 978 412 1049 quod
432 978 676 1051 insuper
689 980 907 1037 habitis
920 982 1077 1039 sedis
1099 983 1428 1055 apostolicae
1442 983 1779 1056 privilegiis,

149 1065 411 1123 ecclesias
454 1067 841 1141 Rivipullensi
873 1072 1230 1128 monasterio
1278 1073 1570 1144 subjectas
1601 1072 1782 1128 inter—

152 1154 398 1211 dixisset.
434 1155 825 1229 Berengarius
856 1159 1073 1232 quippe
1103 1161 1213 1218 hoc
1257 1178 1319 1218 se
1346 1161 1532 1218 inscio
1563 1162 1781 1217 factum

149 1243 316 1299 fuisse
358 1244 700 1301 declaravit.
740 1247 906 1304 Forte
935 1249 992 1304 id
1026 1249 1283 1306 fecerant
1339 1267 1404 1305 eo
1451 1250 1782 1304 inconsulto

148 1332 325 1389 clerici
354 1334 774 1403 Ausonienses,
810 1337 869 1392 in
903 1355 1152 1409 quorum
1195 1339 1449 1407 dioecesi,
1480 1339 1650 1394 hodie
1678 1339 1783 1393 Vi-

145 1422 313 1489 censi,
346 1439 478 1495 qua:
509 1425 931 1482 Tarraconensi
963 1427 1221 1483 ecclesiae
1253 1432 1393 1483 tunc
1447 1428 1610 1483 unita
1638 1432 1780 1493 erat,

144 1510 314 1567 situm
343 1516 436 1568 est
483 1511 881 1586 Rivipullense
914 1518 1356 1573 monasterium.
1392 1520 1581 1583 Quare
1642 1517 1785 1573 satis

144 1599 244 1656 fuit
260 1600 532 1673 episcopo
557 1602 815 1674 polliceri
848 1621 976 1661 sese
999 1606 1069 1661 de
1094 1610 1298 1662 caetero
1324 1606 1626 1679 privilegia
1649 1623 1783 1678 apo-

142 1687 334 1746 stolica
349 1689 601 1746 ﬁdeliter
625 1693 1077 1749 custoditurum.
1099 1694 1157 1749 Id
1182 1700 1379 1751 narrat
1394 1695 1787 1751 illust.Petrus

143 1776 207 1833 de
224 1777 416 1834 Marsa
440 1778 595 1835 libro
624 1798 678 1836 IV
700 1781 902 1836 Marsae
939 1783 1286 1856 Hispanicae,
1323 1789 1375 1839 et
1404 1802 1471 1840 ex
1502 1802 1567 1840 co
1600 1784 1784 1839 cardi-

1886 613 1956 681 ‘1n
1989 626 2119 685 aliis
2147 627 2411 703 epistolis
2430 632 2473 685 t.
2491 632 2540 685 V
2559 627 3005 709 Baluzianorum
3029 624 3535 685 Miscellaneorum

1888 717 2063 774 editis
2081 735 2335 790 usquam
2359 719 2722 792 exprimitur.
2745 718 3162 775 Malbranchus
3193 716 3292 784 ait,
3318 715 3538 773 librorx

1888 807 1969 863 De
1983 805 2246 879 Morinis,
2262 825 2387 881 cap.
2426 810 2481 875 7,
2496 809 2818 865 Gerardum
2840 807 3183 864 deSimonia
3199 810 3537 862 accusatum

1888 895 2093 960 fuisse,
2130 913 2196 951 ac
2254 896 2425 951 etiam
2482 897 2811 952 convictum
2857 897 3011 968 quod
3043 894 3309 966 pecunia,
3344 895 3443 950 sed
3472 911 3538 950 eo

1888 983 2093 1041 inscio.
2129 984 2201 1040 ad
2234 986 2667 1056 procurandum
2700 985 2750 1041 ei
2782 985 2944 1040 hunc
2975 984 3375 1057 episc0patum
3401 984 3542 1038 data

1890 1072 2085 1128 fuerit.
2104 1076 2243 1128 Rem
2268 1073 2527 1146 apertius
2542 1075 2779 1147 eXponit
2803 1079 3006 1129 auctor
3023 1073 3166 1128 Vitae
3195 1073 3538 1128 beatiJoan-

1862 1184 1869 1189 ·
1890 1161 2003 1228 nis,
2020 1163 2119 1234 qui
2142 1162 2396 1218 Gerardo
2421 1163 2477 1218 in
2499 1181 2567 1218 ea
2588 1165 2725 1219 sede
2749 1163 3051 1219 successit.
3077 1162 3181 1217 Hic
3212 1178 3421 1233 nempe
3462 1161 3541 1216 ait

1890 1251 2212 1306 Gerardum
2247 1268 2281 1306 a
2301 1250 2460 1307 clero
2491 1252 2727 1324 quidem
2753 1251 3002 1308 electum
3033 1256 3092 1307 et
3122 1269 3155 1306 a
3186 1250 3400 1324 populo
3450 1267 3540 1306 ex-

1893 1339 2137 1411 petitum
2194 1339 2411 1406 l‘uisse;
2456 1341 2555 1397 sed
2612 1341 2766 1413 regis
2815 1358 3125 1397 assensum
3176 1356 3242 1396 eo
3300 1340 3539 1412 quidem

1891 1427 2099 1495 inscio,
2118 1430 2380 1501 pactione
2400 1428 2656 1500 pecuniae
2677 1431 2978 1485 obtentum
3004 1430 3203 1492 fuisse.
3231 1446 3407 1500 quam
3442 1447 3537 1501 pe-

1895 1518 2128 1573 cuniam
2157 1519 2447 1574 Gerardus
2479 1523 2680 1590 postea
2709 1519 2927 1590 solvere
2960 1521 3195 1573 coactus
3234 1519 3441 1573 fuerat.
3479 1517 3538 1571 ld

1894 1606 2092 1677 prdcul
2123 1606 2300 1662 dubio
2326 1586 3029 1679 ignoravcrat’Gregorius
3056 1607 3176 1669 VII,
3205 1607 3303 1678 qui
3334 1606 3438 1661 lib.
3464 1625 3536 1671 .u,

1894 1694 2064 1767 epist.
2092 1696 2116 1750 1
2144 1696 2392 1751 Roberto
2412 1696 2692 1752 Flandrize
2724 1696 2921 1751 comiti
2944 1696 3264 1752 Gerardum
3283 1697 3542 1751 canonice

1895 1785 2122 1840 electam
2167 1793 2216 1840 ct
2246 1802 2345 1856 per
2401 1787 2598 1840 ostium
2654 1785 2712 1839 in
2772 1784 2918 1840 ovile
2961 1784 3173 1839 Christi
3207 1784 3541 1857 ingressum

146 1865 286 1973 nalis
315 1867 596 1973 iigpirius
626 1872 788 1969 ις)ωο
819 1872 904 1970 Ill.
928 1871 1322 1929 Conciliorum
1372 1873 1681 1946 Hispaniae.
1717 1876 1787 1929 At
1814 1907 1864 1973 B
1897 1875 2348 1929 commendavit.
2374 1875 2446 1930 Ut
2470 1879 2531 1929 ut
2553 1876 2649 1941 sit;
2665 1891 2903 1930 causam
2935 1874 3064 1945 ejus
3092 1872 3347 1944 episcopi
3374 1873 3545 1943 judi-

145 1952 299 2027 plura
325 1956 625 2013 habentur
651 1957 713 2013 in
733 1960 908 2015 veteri
934 1961 1200 2032 ejusdem
1222 1961 1330 2017 loci
1357 1962 1634 2032 Historia,
1659 1979 1784 2033 quae

71 2086 74 2092 .
149 2045 288 2101 edita
316 2050 406 2101 est
457 2047 517 2101 in
577 2048 909 2120 Appendice
960 2050 1228 2121 ejusdem
1262 2052 1468 2107 Marce;
1518 2052 1788 2122 Hispan.,

149 2149 296 2189 num.
348 2136 435 2190 44.
475 2137 858 2208 Berengarius
918 2138 1153 2212 quippe,
1186 2145 1253 2195 ut
1311 2140 1391 2195 ibi
1447 2140 1683 2209 dicitur,
1718 2156 1789 2194 ne

149 2222 274 2294 quid
303 2223 501 2280 simile
548 2224 607 2280 in
642 2229 940 2298 posterum
999 2232 1408 2295 attentaretur,
1451 2228 1787 2284 monasterii

143 2310 430 2386 privilegia
491 2313 757 2378 laudavit,
807 2318 1176 2373 corroboravit
1231 2327 1282 2374 et
1325 2320 1555 2390 propria
1618 2333 1791 2372 manu

147 2399 389 2469 ﬁrmavit,
431 2401 589 2457 facta
619 2419 686 2459 ea
714 2403 786 2458 de
812 2418 871 2459 re
903 2404 1125 2461 charta.
1161 2409 1229 2461 Et
1259 2406 1436 2478 paulo
1471 2412 1606 2479 post
1634 2407 1789 2462 idem

147 2488 313 2544 abbas
343 2489 682 2547 Bernardus
712 2490 1015 2563 Urbanum
1044 2494 1115 2550 ad
1151 2497 1577 2551 monasterium
1597 2495 1789 2550 Sancti

148 2576 314 2647 Egidii
337 2584 584 2635 secutus
609 2581 790 2637 fuisse
815 2582 1171 2648 dicitur,ubi
1205 2584 1439 2658 insigne
1475 2585 1546 2640 ab
1578 2601 1643 2640 eo
1673 2582 1791 2656 pri-

147 2665 407 2739 vilegium
430 2669 707 2737 obtinuit,
733 2687 847 2744 quo
878 2671 1075 2728 omnia
1106 2673 1235 2745 ejus
1254 2674 1395 2744 jura
1419 2678 1473 2730 et
1495 2676 1648 2731 bona
1662 2691 1796 2731 con-

153 2754 482 2812 ﬁrmantur.

213 2843 582 2918 Conquestus
630 2848 805 2903 etiam
876 2854 965 2904 est
1021 2849 1079 2905 in
1131 2851 1351 2925 synodo
1410 2855 1791 2909 Nemausensi

150 2931 301 3007 Hugo
326 2935 603 3007 Lugduni
637 2937 878 2994 antistes
908 2939 1189 2996 adversus
1250 2941 1583 2998 Richerium
1616 2949 1790 3000 Seno-

157 3037 380 3078 nensem
404 3025 942 3097 metropolitanum,
959 3029 1056 3101 qui
1077 3031 1341 3086 nondum
1370 3032 1579 3087 adduci
1597 3037 1794 3105 potue-

157 3114 235 3165 rat
253 3113 908 3182 ut,juxtaccnciliorum
934 3119 1315 3175 Arvernensis
1348 3124 1403 3175 et
1434 3121 1791 3177 Turonensis

156 3197 389 3267 decreta,
414 3201 739 3274 primatum
764 3203 1031 3262 Ecclesiae
1058 3206 1465 3281 Lugdunensis
1486 3227 1791 3283 cognosce-

1898 1966 2027 2017 catu
2061 1962 2362 2019 difﬁcilem
2385 1963 2564 2018 fuisse
2590 1979 2657 2019 ex
2676 1963 2929 2020 laudatis
2949 1960 3215 2035 epistolis
3231 1960 3541 2035 colligitur,

1897 2067 1965 2106 ex
1994 2051 2211 2123 quibus
2236 2069 2451 2124 nempe
2489 2055 2647 2124 patet
2694 2052 3023 2109 Gerardum
3063 2050 3131 2105 ab
3163 2052 3315 2106 omni
3343 2052 3543 2121 episco-

1893 2141 2015 2211 pali
2037 2141 2217 2212 ofﬁcio
2247 2158 2571 2213 suspensum
2610 2139 2872 2212 quidem,
2906 2139 3007 2195 sed
3049 2157 3164 2194 non
3213 2142 3547 2194 exauctora-

1897 2234 2025 2284 tum
2059 2229 2259 2285 fuisse.
2276 2231 2438 2286 Unde
2458 2229 2583 2303 ipse
2608 2230 2951 2284 Lambertus
2973 2227 3368 2283 Atrebatensis
3393 2244 3545 2282 anno

1899 2319 2165 2390 sequenti
2195 2319 2323 2388 ejus
2340 2335 2578 2374 causam
2600 2317 2858 2391 pontifici
2884 2317 3298 2373 commendare
3320 2315 3542 2371 veritus

1900 2423 2014 2462 non
2047 2410 2154 2472 est,
2178 2411 2243 2462 ut
2263 2408 2421 2462 infra
2448 2407 2795 2462 videbimus.

1971 2495 2230 2551 Similem
2265 2496 2442 2551 ferme
2472 2500 2688 2551 sortem
2721 2512 2785 2551 eo
2817 2495 2876 2550 in
2909 2494 3154 2550 concilio
3182 2494 3388 2550 habuit
3429 2495 3543 2549 An-

1902 2584 2027 2640 selli
2052 2584 2469 2640 Bellovacensis
2488 2583 2651 2640 electi
2688 2600 3030 2655 causa,quaa
3052 2581 3132 2637 ibi
3164 2583 3382 2655 agitata
3413 2583 3542 2654 qui-

1903 2673 2170 2741 dem,sed
2195 2674 2440 2729 minime
2463 2672 2703 2729 definita
2732 2671 3320 2738 fuit.Quamvisenim
3349 2671 3541 2740 multi,

1900 2761 2052 2817 inter
2071 2779 2220 2835 quos
2241 2763 2546 2836 eratHugo
2572 2760 2840 2834 Lugduni
2878 2761 3143 2827 antistes,
3178 2776 3282 2833 pro
3313 2758 3545 2816 Ansello

1900 2850 2341 2918 intercederent,
2359 2851 2543 2907 noluit
2562 2855 2757 2906 tamen
2781 2849 3039 2923 pontifex
3060 2849 3189 2920 ejus
3209 2848 3547 2905 electionem

1903 2942 2223 3013 approbare
2250 2960 2262 3007 ;
2290 2942 2388 2996 sed
2414 2957 2517 2996 nec
2545 2957 2671 2995 eam
2702 2938 2968 3005 irritavit,
2998 2941 3062 2992 ut
3093 2955 3161 2993 ex
3192 2938 3380 2994 lvonis
3427 2936 3548 3009 epi-

1903 3029 2051 3085 stola
2077 3032 2148 3085 55
2178 3030 2490 3103 colligitur.
2525 3031 2583 3084 in
2616 3046 2734 3099 qua
2762 3027 3063 3084 Urbanum
3110 3027 3454 3082 adhortatur
3485 3031 3551 3082 ut

1898 3118 2132 3175 Ansello
2162 3119 2350 3174 favere
2382 3121 2601 3191 pergat.
2636 3119 3055 3188 succurratque
3076 3114 3344 3171 Ecclesiae
3375 3114 3552 3170 Bello-

1898 3209 2131 3263 vacensi
2163 3209 2320 3263 hunc
2353 3207 2634 3263 ambienti
2666 3223 2731 3262 ac
2757 3209 2995 3278 propter
3021 3205 3149 3275 ejus
3166 3204 3552 3261 ordinationis

155 3291 250 3353 ret,
267 3293 322 3344 et
341 3290 587 3362 quidem
629 3292 1009 3350 conﬁrmatus
1040 3276 1252 3371 iterum
1285 3297 1393 3352 fuit
1422 3276 1650 3369 Hngoni
1685 3298 1795 3371 pri-
1825 3276 1868 3344 (ἶ
1907 3297 2353 3369 suspensionem
2387 3296 2619 3369 magnis
2661 3276 3136 3368 turbis—agitatae,
3162 3298 3264 3349 aut
3293 3310 3415 3349 rem
3448 3310 3552 3366 per

153 3382 330 3434 matus
361 3378 421 3434 in
451 3377 561 3435 hac
594 3382 836 3453 synodo,
863 3383 964 3440 sed
997 3366 1300 3457 nunquam
1334 3385 1383 3440 ei
1417 3366 1545 3442 sese
1589 3366 1791 3443 ltiche-

150 3463 259 3521 rius
276 3467 552 3540 subjecit,
570 3471 670 3542 qui
691 3487 756 3526 ea
778 3472 848 3526 de
874 3488 1054 3529 causa
1076 3473 1425 3530 interdictas
1459 3475 1632 3548 paulo
1665 3481 1796 3549 post

152 3567 178 3605 e
202 3554 336 3612 vivis
368 3558 646 3625 excessit,
672 3564 737 3615 ut
764 3577 831 3616 ex
865 3561 1080 3617 Urbani
1113 3561 1303 3635 ipsius
1336 3562 1616 3636 rescripto
1641 3583 1792 3621 anno

158 3642 273 3697 1099
302 3645 439 3702 dato
469 3646 743 3721 colligere
774 3648 935 3706 licet.

218 3731 274 3787 In
294 3736 501 3790 eodem
519 3736 763 3793 concilio
777 3737 1093 3797 Guibertus
1110 3741 1305 3796 Sancti
1323 3739 1589 3797 Germani
1604 3739 1796 3799 Antis-

156 3817 464 3879 siodorensi
497 3824 679 3881 abbas
711 3825 782 3881 ab
812 3826 1142 3884 Humbaldo
1174 3829 1441 3900 ejusdem
1476 3829 1638 3885 urbis
1668 3831 1793 3901 epi-

155 3921 314 3981 scopo
336 3911 551 3968 citatus
563 3914 636 3969 ob
653 3915 810 3971 varia
821 3916 1067 3973 crimina
1080 3934 1206 3989 quae
1223 3918 1273 3973 ei
1296 3917 1792 3991 impingebantur,

154 3993 266 4053 loco
287 4001 490 4057 cedere
514 4008 752 4059 coactus
770 4008 886 4073 est;
921 4006 1049 4077 ejus
1070 4005 1345 4062 baculum
1378 4007 1646 4063 Urbanus
1674 4009 1793 4080 epi-

157 4099 313 4159 scopo
341 4089 602 4157 tradidit,
626 4107 692 4148 eo
717 4097 885 4165 pacto
907 4100 973 4149 ut
994 4094 1131 4150 huic
1155 4096 1507 4152 monasterio
1538 4096 1793 4169 aliquem

153 4174 334 4233 eCasa
380 4178 507 4249 Dei,
544 4184 649 4236 aut
705 4182 907 4255 Majori
963 4184 1335 4251 Monasterio,
1368 4190 1470 4240 aut
1520 4185 1793 4242 Cluniaco

156 4266 497 4323 monachum
528 4270 865 4341 praeﬁceret,
888 4272 985 4344 qui
1017 4273 1073 4327 in
1105 4271 1228 4329 loco
1290 4278 1406 4329 tam
1443 4276 1676 4339 illustri,
1711 4274 1793 4330 sic

154 4356 205 4407 et
226 4355 424 4413 merito
448 4356 688 4430 quidem
705 4359 1439 4433 appellatur,disciplinam
1465 4363 1789 4438 regularem

158 4448 471 4502 restaurare
487 4447 785 4503 niteretur.
802 4450 864 4505 Id
886 4450 1076 4505 fusius
1097 4457 1295 4506 narrat
1318 4451 1504 4507 Guido
1526 4453 1788 4524 ejusdem

157 4527 254 4586 loci
286 4534 466 4590 abbas
488 4534 549 4590 in
580 4537 762 4609 gestis
785 4543 1222 4595 antecessorum
1257 4557 1497 4596 suorum
1557 4546 1713 4597 tomo
1770 4546 1792 4596 Ι

1905 3386 2166 3459 seipsum
2195 3387 2569 3446 absolvenda.
2594 3389 2689 3441 aut
2714 3388 2868 3440 certe
2893 3383 3283 3456 permittendo
3314 3382 3442 3454 ejus
3453 3382 3549 3452 ju-

1903 3475 2123 3531 dicium
2155 3475 2600 3547 metropolitano
2635 3473 2975 3543 caeterisque
3006 3472 3314 3544 provinciae
3335 3472 3553 3544 episco-

1903 3564 2015 3636 pis.
2032 3565 2111 3619 De
2128 3565 2326 3620 eodem
2344 3562 2614 3618 Ansclmo
2634 3560 3149 3633 scripsitUrbanus
3161 3561 3232 3615 ad
3246 3560 3548 3632 Hugonem

1902 3653 2073 3727 epist.
2107 3654 2231 3708 200.

1976 3742 2034 3798 Si
2054 3740 2342 3797 Chronico
2373 3737 2741 3796 Malleacensi
2768 3737 2939 3792 fidem
2976 3736 3318 3803 habeamus,
3336 3735 3552 3808 Philip-

1904 3848 2015 3905 pus
2038 3848 2135 3887 rex
2154 3833 2508 3886 Francorum
2523 3828 2657 3885 eoin
2683 3825 2925 3883 concilio
2952 3827 3023 3882 ab
3037 3825 3271 3881 Urbano
3282 3824 3551 3881 Ecclesia

1904 3921 2311 3977 reconciliatus
2359 3924 2465 3976 est.
2521 3919 2636 3973 Nec
2693 3916 2969 3972 dissentit
3033 3914 3360 3983 Bertoldus,
3420 3915 3555 3971 licet

1903 4010 2095 4067 locum
2131 4010 2229 4066 ubi
2287 4009 2343 4064 id
2381 4009 2596 4064 factum
2652 4005 2825 4060 fuerit
2854 4022 2968 4061 non
3003 4005 3312 4077 exprimat,
3342 4004 3463 4060 haec
3494 4004 3552 4060 in

1904 4099 2190 4155 Chronico
2225 4097 2487 4153 scribens
2520 4113 2533 4151 ε
2581 4096 2871 4166 Philippus
2921 4111 3020 4149 rea:
3065 4092 3395 4161 Galliarum,
3414 4094 3557 4166 jam-

1902 4188 2107 4243 dudum
2129 4205 2229 4260 pro
2253 4187 2524 4243 adulterio
2553 4185 3053 4240 excommunicaius
3091 4181 3310 4238 tandem
3337 4181 3554 4238 domino

1898 4277 2221 4348 papze,dum
2250 4276 2426 4331 adhuc
2457 4278 2512 4330 in
2535 4275 2728 4331 Galliis
2754 4281 3081 4339 moraretur,
3105 4272 3239 4327 satis
3269 4272 3555 4326 humiliter

1903 4366 2015 4439 [mil
2028 4368 2455 4437 satis/actionem
2466 4380 2563 4420 ven
2572 4365 2633 4418 il:
2648 4367 2699 4418 et
2711 4362 2960 4434 abjarata
2974 4361 3236 4417 adultera
3248 4362 3303 4416 in
3316 4362 3554 4433 gratiam

1900 4463 2140 4525 receptus
2177 4458 2273 4520 est,
2300 4469 2463 4523 seque
2513 4454 2569 4506 in
2626 4452 2911 4507 servitium
2955 4451 3172 4506 domino
3224 4465 3383 4522 papa
3419 4452 3552 4505 satis

1897 4547 2217 4615 promptum
2245 4543 2512 4597 exhibuit.
2549 4541 2627 4595 Ex
2659 4539 2874 4612 quibus
2899 4539 3089 4594 verbis
3120 4536 3387 4593 nonnulli
3413 4538 3549 4593 infe-

156 4617 509 4715 Bibliothecaa
535 4624 1071 4701 Labbeanze.Atque
1087 4645 1152 4684 ea
1177 4629 1407 4685 occasio
1435 4630 1545 4686 fuit
1559 4629 1788 4685 clunia-
1823 4649 1872 4715 D
1904 4637 2041 4687 runt
2059 4630 2391 4704 Philippum
2409 4628 2685 4684 Nemausi
2719 4627 2939 4700 synodo
2970 4630 3314 4700 praesentem
3342 4627 3547 4715 fuisse,

157 4722 342 4767 censes
368 4713 428 4768 in
450 4712 559 4769 hoc
583 4717 1005 4772 monasterium
1034 4717 1372 4788 inducendi,
1400 4720 1481 4775 uti
1502 4718 1794 4791 colligitur

154 4809 213 4851 ex
234 4798 442 4856 Urbani
466 4802 768 4875 rescripto,
786 4805 855 4860 de
878 4822 992 4879 quo
1018 4806 1265 4862 inferius
1290 4808 1577 4864 dicemus.
1600 4809 1785 4864 Aliam

155 4886 694 4963 causam'insignem
729 4893 786 4949 in
809 4894 1015 4950 eadem
1045 4897 1267 4967 synodo
1301 4898 1579 4969 agitatam
1615 4899 1790 4954 disci-

153 4988 271 5031 mus
294 4995 359 5035 ex
389 4980 636 5053 epistola
654 4982 947 5039 Lamberti
981 4984 1240 5057 episcopi
1273 4987 1682 5043 Atrebatensis
1718 4989 1788 5042 ad

153 5061 474 5125 Paschalem
500 5070 548 5126 II
572 5071 883 5143 papam,in
916 5089 1034 5145 qua
1064 5073 1147 5128 ait
1177 5074 1503 5130 Gerardum
1540 5076 1790 5132 Morino-

158 5158 632 5232 rum'episcOpum
666 5161 726 5216 in
755 5162 975 5217 Ncmau
990 5162 1143 5218 sensi
1181 5165 1401 5236 synodo
1419 5166 1486 5219 ab
1501 5169 1654 5221 omni
1678 5169 1791 5239 epi-

159 5246 342 5314 scopali
369 5249 550 5320 ofﬁcio
607 5246 995 5322 suspensum‘a
1042 5252 1209 5308 licata?
1238 5256 1522 5310 memoriae
1583 5257 1792 5311 Urbano

156 5330 333 5400 fuisse.
358 5337 427 5392 Et
454 5339 695 5411 quidem
728 5340 1031 5398 Manasses
1065 5342 1380 5397 Remorum
1415 5342 1797 5416 archiepisco-

157 5430 260 5489 pus
289 5423 470 5481 eidem
490 5428 795 5484 Lamberto
818 5430 1074 5502 scripsit,
1102 5434 1164 5485 ut
1194 5429 1245 5486 ei
1278 5447 1480 5486 curam
1541 5433 1795 5489 Morino-

157 5518 275 5565 rum
293 5513 546 5572 ecclesiae
571 5517 643 5572 ad
671 5533 754 5585 se,
780 5517 997 5590 inquit,
1026 5518 1359 5576 devolutum
1383 5520 1793 5588 committeret,

156 5600 295 5668 quod
320 5606 650 5679 exsequendi
707 5607 882 5679 ofﬁcii
933 5609 1027 5663 sui
1076 5612 1315 5680 potestas
1360 5609 1617 5665 Gcrardo
1669 5611 1796 5682 ejus

1903 4721 2055 4793 quod
2089 4725 2306 4785 tamen,
2345 4716 2653 4775 silentibus
2685 4715 3043 4782 auctoribus,
3075 4713 3393 4771 verisimile
3432 4732 3549 4769 non

1900 4816 2009 4877 est,
2031 4810 2283 4866 maxime
2313 4825 2446 4863 cum
2479 4808 2607 4879 ejus
2639 4803 2873 4861 nomine
2904 4804 2999 4860 Ivo
3018 4803 3227 4859 adierit
3248 4803 3547 4860 Urbanum

1901 4904 2073 4973 atque
2105 4916 2236 4955 cum
2271 4916 2336 4954 eo
2360 4896 2514 4969 apud
2547 4891 3188 4965 Montempcssulanum
3223 4898 3363 4948 tunc
3382 4892 3551 4950 collo-

1902 4994 2073 5044 cutus
2125 4989 2314 5045 fuerit.
2351 4987 2472 5041 lmo
2530 4983 2832 5055 Philippus
2875 4988 3007 5038 ante
3059 4982 3196 5038 anni
3251 4983 3549 5055 sequentis

1904 5078 2071 5132 initio
2103 5094 2218 5132 non
2268 5073 2683 5146 videturplene
2733 5071 2914 5127 fuisse
2944 5069 3180 5127 Eclesim
3214 5071 3549 5129 reconcilia-

1901 5171 2019 5230 tus,
2057 5165 2138 5220 uti
2173 5170 2333 5237 patet
2364 5183 2430 5219 ex
2488 5162 2800 5235 ipsiusmet
2849 5158 3141 5233 pontiﬁcis
3201 5160 3446 5233 epistola
3478 5162 3548 5216 ad

1903 5255 1954 5310 Μ
1967 5273 1990 5305 a
2002 5271 2232 5309 nassem
2260 5254 2606 5308 Itcmensem
2622 5253 2972 5322 crateresque
2984 5249 3236 5305 Francia:
3249 5249 3551 5324 episcopos

1904 5361 1972 5399 ea
1991 5342 2292 5399 occasione
2325 5343 2480 5409 data,
2511 5358 2638 5413 quae
2671 5339 2728 5394 in
2761 5337 3108 5394 Collectione
3138 5338 3392 5395 dabitur.
3449 5340 3551 5395 His

1905 5431 2052 5487 adde
2074 5447 2355 5487 canonem
2392 5431 2461 5485 10
2490 5429 2669 5500 hujus
2700 5428 2926 5484 concilii
2957 5433 3158 5484 contra
3195 5426 3551 5484 adulterinas

1907 5521 2162 5594 nuptias,
2197 5519 2298 5593 qui
2348 5518 2690 5591 Philippum
2749 5523 2986 5591 tangere
3015 5518 3262 5574 videtur.
3300 5516 3551 5574 Fabulae

1904 5615 2103 5667 narrat
2127 5608 2443 5666 canonicus
2473 5607 2832 5663 Turonensis
2854 5608 2911 5662 in
2947 5606 3269 5673 Chronicis,
3303 5622 3433 5661 cum
3471 5606 3553 5660 ait

162 5685 406 5747 Ecclesiae
436 5695 732 5770 episcopo,
758 5713 867 5753 non
900 5700 1037 5753 esset
1065 5713 1336 5754 concessa.
1366 5701 1487 5766 Qua
1520 5702 1714 5754 autem
1734 5699 1804 5755 de
1908 5700 2245 5773 Philippum
2276 5715 2341 5754 ca
2362 5696 2663 5753 occasione
2690 5694 2958 5751 amisisse
2992 5712 3197 5751 omnes
3244 5692 3406 5767 regni
3457 5694 3549 5749 sui
