3962 6374
400 369 546 448 ,με

1724 373 1795 440 Β.
1841 370 2138 444 URBANI
2171 370 2233 436 1II
2275 371 2526 436 PAPE.

3697 359 3839 430 318

426 510 870 584 episcepatuum
891 502 1300 576 electiones,ac
1319 507 1656 567 electionem
1689 511 2060 583 Andegavcn-
2085 511 2148 583 Α
2177 506 2334 563 sticus
2352 505 2664 562 abbatissa
2685 503 2747 562 in
2777 502 3016 562 dioecesi
3045 497 3396 571 Trevireusi,
3427 498 3584 575 quod
3612 499 3828 559 lauda-

421 599 506 660 sis
520 596 780 671 episcopi
811 596 1009 654 comiti
1042 596 1278 656 Fulconi
1311 603 1434 654 tum
1466 598 1740 656 collatam
1771 599 1971 656 fuisse.

493 686 915 766 Monaeherum
974 687 1152 742 etiam
1204 692 1396 758 partes
1446 689 1900 760 monasticieque
1941 686 2068 742 vitae

423 773 767 848 dignitatem
789 774 1308 832 etsanctimoniam
1323 777 1550 847 egregie
1566 777 1699 832 tuiti
1713 780 1852 832 sunt
1872 775 2070 830 Patres

423 863 841 922 Nemausensis
867 863 1095 920 concilii
1127 864 1406 919 adversus
1436 881 1635 919 eorum
1678 863 2064 927 aemulatores,

428 952 528 1026 qui
558 939 719 1026 ipsos
747 955 1033 1009 temerario
1063 970 1223 1022 ausu,
1257 957 1323 1008 ut
1351 953 1747 1024 antiquiorum
1805 951 2068 1024 exemplo

431 1042 618 1113 aiunt,
637 1059 672 1097 a
689 1040 1054 1098 clericalibus
1079 1041 1474 1097 functionibus
1497 1057 1689 1097 arcere
1711 1041 2067 1096 nitebantur.

433 1130 497 1187 Id
523 1129 752 1186 duobus
793 1129 1168 1201 potissimum
1208 1129 1530 1185 canonibus
1577 1129 1907 1202 praestitum
1956 1133 2070 1185 est.

434 1219 564 1274 Haec
595 1218 667 1272 de
695 1217 942 1272 concilio
973 1217 1376 1273 Nemausensi.

501 1305 938 1385 Solutumerat,
953 1311 1017 1361 ut
1039 1305 1267 1361 videtur
1287 1306 1474 1378 pridie
1497 1307 1632 1362 Idus
1651 1305 1816 1373 Julii,
1837 1325 1956 1380 qua
1982 1307 2074 1364 die

434 1394 703 1452 Urbanus
752 1393 1177 1451 monasterium
1234 1395 1431 1450 Sancti
1489 1395 1722 1451 Martini
1762 1414 1796 1452 a
1839 1395 2072 1468 Campis

435 1501 613 1559 prope
633 1483 887 1540 Parisios
916 1483 1103 1540 ordini
1136 1483 1503 1540 Cluniacensi
1535 1485 1803 1549 asseruit,
1829 1487 2074 1558 ejusque

415 1573 859 1648 .possessiones,
873 1590 1020 1646 quas
1031 1571 1374 1643 singillatim
1389 1578 1670 1638 recenset,
1687 1573 2074 1639 conﬁrmavit,

435 1662 663 1720 indulto
692 1679 760 1718 ea
778 1663 848 1718 de
871 1678 929 1718 re
950 1660 1250 1733 privilegio
1272 1661 1427 1732 quod
1451 1661 1680 1733 Hugoui
1706 1661 2072 1717 Cluniacensi

437 1753 635 1809 abbati
659 1751 1004 1823 inscriptum
1035 1753 1144 1805 est.

435 1856 699 1914 CCLXXI.
723 1856 970 1914 Urbanus
1007 1855 1153 1927 apud
1171 1857 1228 1912 S.
1259 1856 1556 1925 Egidium.
1587 1857 1717 1926 Ejus
1746 1861 2076 1928 praeceptum

503 1943 607 2000 pro
635 1929 870 2000 Figiaco.
905 1928 1266 1999 Privilegium
1295 1928 1681 1999 Rivijmltense.
1716 1929 2076 1997 Privitegi-um

510 1999 882 2056 Balneolense.

508 2106 628 2163 Hac
643 2105 771 2178 ipsa
791 2103 884 2161 die
901 2110 1003 2160 aut
1021 2108 1174 2161 certe
1189 2105 1476 2177 sequenti,
1496 2106 1784 2163 Nemauso
1806 2123 2080 2179 egressus

439 2194 716 2268 pontifex,
747 2193 980 2250 divertit
1007 2195 1080 2249 ad
1118 2199 1397 2250 Sanctum
1445 2194 1739 2268 Egidium
1797 2197 1859 2250 in
1918 2195 2080 2251 Valle

439 2283 730 2350 Flaviana,
751 2281 946 2355 ibique
965 2299 1033 2339 ea
1063 2283 1266 2354 qusain
1293 2283 1512 2355 synodo
1535 2283 1918 2339 Nemausensi
1939 2300 2078 2339 san-

440 2373 554 2429 cita
582 2373 813 2428 fuerant
841 2372 912 2427 de
943 2371 1336 2428 controversia
1391 2371 1544 2428 inter
1593 2373 1964 2444 Figiacenses
2023 2377 2081 2428 et

441 2460 808 2518 Cenabenses
828 2459 1146 2516 monachos
1167 2461 1449 2532 rescripto
1471 2459 1854 2526 conﬁrmavit,
1869 2462 2001 2517 date
2018 2461 2080 2516 in

425 2549 570 2625 -ipso
603 2549 956 2606 monasterio
980 2548 1178 2604 Sancti
1195 2548 1405 2621 ngidii
1429 2549 1628 2605 Idibus
1647 2549 1810 2615 Julii,
1836 2551 1990 2622 quod
2013 2567 2083 2608 ex

423 2640 620 2700 -veteri
653 2639 994 2696 membrana
1022 2637 1204 2694 edidit
1234 2642 1430 2694 noster
1445 2639 1706 2694 Joannes
1729 2639 2082 2696 Mabilonius

442 2730 586 2786 Sese.
611 2729 687 2785 III
729 2729 966 2794 Bened.,
1003 2731 1165 2798 parte
1198 2745 1260 2792 ιι,
1286 2744 1418 2800 pag.
1442 2728 1564 2793 448,
1593 2727 1690 2782 ubi
1721 2727 1934 2801 legitur
1959 2733 2080 2783 sta-

442 2821 636 2873 tutum
659 2815 839 2872 fuisse
863 2821 927 2870 ut
947 2821 1192 2888 uterque
1215 2815 1379 2871 locus
1404 2815 1731 2888 proprium,
1755 2834 1880 2881 seu,
1915 2822 1978 2872 ut
2001 2816 2080 2872 ibi

442 2903 705 2976 loquitur
732 2902 1008 2975 pontifex,
1039 2904 1380 2959 cardinalem
1409 2904 1676 2960 abbatem
1710 2903 1969 2973 haberet,
2003 2905 2084 2960 ita

425 2996 638 3052 tamen
661 2995 727 3046 ut
745 2991 1065 3064 Figiacum,
1086 2992 1244 3064 quod
1265 2991 1673 3048 Cluniacenses
1705 2993 2074 3064 repetierant,

444 3081 556 3138 sub
583 3096 724 3140 cura
740 3084 809 3136 et
837 3079 1167 3152 provisione
1196 3079 1596 3136 Cluniacensis
1621 3081 1850 3138 abbatis
1891 3098 2083 3137 rema-

443 3173 622 3228 neret.
641 3170 712 3224 At
731 3167 790 3223 in
811 3167 923 3224 alio
945 3167 1472 3240 apographo,quod
1505 3186 1574 3224 ex
1613 3169 1844 3226 archivo
1890 3171 2078 3244 Figia-

2175 598 2302 651 tum
2332 595 2442 650 fuit
2493 594 2553 650 in
2603 594 2961 666 plaeilatione
2988 593 3250 650 an.1128
3301 593 3454 648 inter
3491 592 3836 648 Lanzonem

2178 685 2448 740 abbatem
2463 685 2658 739 Sancti
2683 683 2982 740 Michaelis
3013 683 3088 739 ad
3118 683 3342 740 Mosam
3366 685 3430 739 et
3459 677 3836 738 Harduidem

2178 774 2538 829 abbatissam
2569 773 2875 839 Juviniaci,
2909 789 2943 828 a
2975 771 3204 829 Baluzio
3233 771 3392 830 edita
3417 777 3578 828 homo
3609 771 3689 828 I'V
3719 768 3834 828 Mi-

2175 861 2442 930 scellan.,
2487 879 2555 917 ex
2588 879 2704 933 qua
2760 860 3054 934 colligitur
3081 861 3441 917 Harduidem
3473 877 3628 916 anno
3687 861 3836 916 1124

2180 949 2622 1006 electamfuisss
2651 951 2852 1006 decem
2881 955 2939 1005 et
2967 949 3294 1005 octe'annis
3324 955 3457 1020 post
3483 948 3833 1021 Walburgis

2178 1045 2448 1104 mortem,
2483 1056 2610 1111 quae
2662 1039 2906 1111 proinde
2961 1054 3113 1094 anno
3161 1039 3300 1093 1106
3329 1037 3547 1094 ebiisse
3575 1037 3838 1094 dicenda

2183 1134 2291 1185 est.
2571 1153 2576 1157 ·
3683 1140 3690 1145 ·
3745 1141 3750 1146 ·
3769 1141 3776 1148 ’

2253 1218 2532 1290 Sequenti
2553 1217 2646 1273 die
2668 1217 2936 1274 Urbanus
2959 1216 3150 1272 adhuc
3175 1215 3237 1272 in
3256 1215 3832 1273 monasterioSancti

2180 1307 2392 1380 Egidii
2445 1305 2808 1372 versabatur,
2838 1307 2923 1362 uti
2980 1305 3202 1361 indicat
3249 1306 3379 1377 ejus
3401 1305 3669 1377 diploma
3725 1315 3835 1378 p'ro

2181 1395 2425 1452 ecclesia
2464 1395 2658 1451 Sancti
2705 1394 3026 1463 Saturnini,
3058 1396 3117 1450 in
3147 1411 3266 1467 quo
3296 1395 3550 1467 pontifex
3583 1411 3833 1452 causam

2183 1486 2334 1541 inter
2380 1485 2690 1540 canonicos
2721 1487 2849 1555 ejus
2879 1485 3136 1540 ecclesia
3165 1489 3226 1539 et
3279 1485 3548 1540 [samum
3600 1484 3837 1541 Tolosa:

2181 1575 2543 1646 episcopum,
2568 1573 2625 1628 in
2655 1572 2901 1628 concilio
2931 1572 3336 1640 Nemausensi,
3359 1573 3445 1630 uti
3477 1583 3658 1646 supra
3685 1574 3836 1630 dixi-

2186 1679 2339 1727 mus,
2374 1661 2650 1734 agitatam
2681 1662 2810 1718 fuse
2839 1662 3094 1734 exponit.
3431 1677 3436 1680 ·

2184 1769 2480 1842 CCLXXII.
2514 1769 2967 1842 Avenioneraliud
3005 1769 3193 1842 datum
3252 1770 3318 1823 ab
3383 1770 3598 1826 Urbano
3649 1772 3839 1842 privi-

2257 1841 2478 1912 legium.
2506 1843 2636 1896 Iwm
2661 1856 2762 1912 pro
2789 1841 2842 1894 S.
2875 1840 3112 1908 Egidio.
3158 1843 3290 1897 Item
3338 1855 3441 1911 pro
3497 1840 3841 1897 monasterio

2255 1911 2582 2037 .3.;1ndrea:.
2604 1911 2895 1968 Arenionis
2924 1912 3151 1968 ecclesia
3179 1913 3458 1968 canonicis
3477 1913 3843 1983 regularibus

2295 2000 2326 2037 a
2355 2001 2406 2037 (ι.

2295 2000 2406 2038 ιιιίι.

2259 2089 2472 2144 Eadem
2503 2089 2682 2144 ferme
2709 2088 2916 2160 repetit
2947 2088 3004 2144 in
3038 2088 3198 2145 bulla
3226 2089 3298 2146 ad
3329 2091 3641 2148 canonicos
3669 2091 3838 2162 ejus-

2187 2176 2319 2233 dem
2347 2177 2599 2233 ecclesize
2621 2182 2754 2250 post
2773 2177 2922 2233 duos
2934 2177 3060 2234 dies
3075 2178 3212 2234 data
3231 2180 3385 2251 apud
3405 2181 3838 2238 monasterium

2189 2266 2402 2322 Montis
2422 2265 2853 2334 Andaonis,seu
2897 2265 3090 2322 Sancti
3109 2267 3352 2324 Andreae
3374 2268 3553 2324 situm
3602 2270 3662 2324 in
3695 2270 3843 2326 sub-

2191 2355 2357 2410 urbio
2370 2354 2775 2422 Avenionensi,
2795 2355 2946 2426 quod
2972 2354 3144 2410 hodie
3159 2355 3465 2412 Villaneva
3479 2357 3840 2430 appellatur.

2189 2447 2314 2512 Qua
2333 2443 2507 2499 etiam
2530 2445 2657 2516 ipsa
2675 2443 2788 2504 die.
2813 2443 3032 2500 scilicet
3051 2446 3122 2499 22
3149 2443 3314 2513 Julii,
3336 2447 3703 2505 conﬁrmavit
3735 2449 3844 2505 do-

2191 2533 2481 2588 nationem
2505 2531 2672 2588 vallis
2717 2532 2996 2588 Flaviana:
3032 2550 3065 2588 a
3091 2533 3439 2606 Raymundo
3473 2535 3683 2592 comite
3710 2553 3848 2594 mo-

2193 2618 2445 2674 nasterio
2474 2619 2668 2673 Sancti
2699 2618 2910 2690 [Egidii
2943 2619 3155 2676 factam
3187 2619 3246 2676 in
3275 2623 3521 2678 concilio
3581 2623 3847 2682 Nemau-

2191 2707 2466 2776 sensi,uti
2499 2724 2606 2763 suo
2644 2707 2770 2763 loco
2791 2707 3071 2764 diximus.
3097 2707 3179 2764 Ne
3207 2726 3342 2766 vero
3377 2711 3501 2783 ipse
3525 2728 3666 2785 erga
3691 2729 3845 2770 suos

2192 2796 2452 2868 hospites
2479 2793 2745 2869 ingratus
2773 2796 3084 2866 videretur,
3118 2797 3212 2853 die
3235 2799 3502 2871 sequenti
3535 2806 3847 2858 monaste-

2193 2885 2346 2940 rium
2375 2885 2573 2941 Sancti
2605 2885 2868 2954 Andreaa,
2889 2886 2947 2940 in
2975 2903 3089 2958 quo
3113 2889 3254 2942 tunc
3275 2887 3524 2960 degebat
3552 2889 3662 2950 sub
3691 2907 3846 2962 apo-

2193 2973 2400 3029 stolica
2415 2973 2660 3030 tuitiene
2683 2973 2941 3048 suscepit
2965 2992 3032 3031 ac
3053 2974 3370 3049 privilegiis
3392 2977 3661 3046 munivit,
3694 2979 3846 3036 data

2184 3079 2258 3124 ea
2287 3063 2448 3136 deire
2478 3061 2638 3118 bulla
2665 3063 2830 3118 Petro
2881 3063 3075 3120 abbati
3118 3064 3422 3138 inscripta.
3453 3066 3634 3123 Aiunt
3659 3073 3836 3125 Sam-

2194 3151 2487 3208 marthani
2514 3157 2670 3207 temo
2704 3156 2722 3206 I
2750 3150 2945 3207 Galliis
2977 3151 3317 3209 Christianae
3349 3157 3680 3227 ear-publicis
3729 3162 3843 3216 Ec-

442 3257 976 3329 censidescriptum
996 3257 1303 3313 nobiscum
1325 3258 1876 3314 cemmunicavitvir
1887 3259 2060 3316 claris

2234 3241 2370 3296 lesiaa
2398 3239 2817 3297 Avenienensis
2845 3242 3047 3297 tabulis
3073 3242 3337 3313 ejusdem
3362 3244 3526 3300 urbis
3547 3245 3847 3318 principa-

440 3347 616 3420 Steph
625 3364 772 3404 anus
785 3344 1078 3413 Baluzius,
1095 3347 1490 3418 prmtermissa
1505 3347 1734 3403 abbatis
1750 3347 2085 3404 Cluniacen-

439 3435 521 3493 sis
576 3435 889 3501 mentione,
921 3433 1228 3490 deﬁnitum
1259 3433 1319 3489 in
1359 3433 1602 3490 concilio
1659 3434 1877 3491 dicitur
1904 3435 2086 3492 fuisse

438 3529 503 3580 ut
528 3528 844 3594 utrumque
874 3522 1296 3580 monasterium
1328 3523 1561 3578 sisteret
1589 3524 1699 3579 sub
1733 3523 1950 3596 proprii
1988 3525 2082 3580 sui

435 3613 667 3670 abbatis
697 3628 858 3668 cura.
893 3611 1026 3668 Utra
1056 3617 1251 3668 autem
1279 3611 1446 3668 lectio
1479 3611 1556 3668 sit
1583 3613 1958 3684 praeferenda-
1983 3613 2079 3676 alii

437 3701 687 3758 viderint
705 3719 718 3769 ;
743 3706 802 3757 at
816 3705 1037 3757 certum
1055 3705 1148 3758 est
1166 3701 1500 3774 Figiacense
1523 3702 1945 3758 monasterium
1969 3703 2079 3758 sub

437 3789 806 3847 Cluniacensi
837 3789 1038 3846 ordine
1061 3807 1466 3861 perseverasse
1497 3807 1683 3861 usque
1715 3791 1786 3846 ad
1799 3791 2080 3846 saeculum

436 3897 552 3948 xw,
586 3896 701 3952 quo
755 3879 881 3950 ejus
937 3877 1045 3934 loci
1106 3878 1400 3947 monachi,
1433 3878 1676 3948 abjcctis
1720 3879 1985 3946 cucullis,
2018 3880 2077 3935 in

436 3967 744 4026 saculares
760 3967 1070 4023 canonicos
1103 3965 1310 4022 mutati
1342 3972 1498 4022 sunt.
1534 3967 1899 4039 Itescriptum
1935 3967 2078 4024 illud

433 4075 569 4114 cum
593 4056 910 4114 lectionum
941 4055 1319 4116 varietatibus
1350 4055 1498 4112 inter
1531 4055 1745 4111 Urbani
1797 4057 2075 4127 epistolas

433 4145 691 4202 dabitur.

501 4236 604 4292 Die
625 4253 740 4292 xvu
763 4233 1054 4292 Kalendas
1084 4234 1351 4307 Augusti,
1376 4232 1679 4292 occasione
1715 4250 1915 4290 eorum
1947 4251 2074 4306 quas

432 4325 710 4382 adversus
743 4322 1160 4393 Rivipullensis
1200 4321 1543 4378 monasterii
1591 4321 1865 4378 ecclesias
1927 4323 2076 4380 facta

430 4414 680 4480 fuerant,
691 4413 770 4469 uti
785 4411 960 4486 paulo
975 4430 1048 4468 an
1057 4417 1149 4467 tea
1163 4409 1797 4479 dicebamus,Urbanus
1808 4411 2072 4481 ejusdem

428 4501 768 4560 monasterii
820 4500 1143 4573 privilegia,
1175 4499 1476 4556 recensitis
1519 4499 1694 4554 etiam
1727 4498 2066 4572 singulatim

2195 3329 2307 3386 lem
2341 3329 2646 3387 ecclesiam
2675 3331 2747 3385 ab
2781 3329 3012 3387 Urbano
3044 3331 3092 3386 II
3124 3332 3420 3389 canonicis
3469 3332 3848 3406 regularibus

2195 3418 2472 3474 traditam
2507 3418 2707 3484 fuisse,
2741 3434 2807 3474 ac
2840 3419 2990 3474 inter
3019 3418 3150 3475 illos
3178 3419 3484 3478 Alfonsum
3528 3424 3844 3494 Aregonise

2193 3507 2523 3580 regem,qui
2550 3510 2688 3561 tunc
2718 3507 3030 3579 provinciae
3067 3523 3265 3564 comes
3293 3514 3436 3575 erat,
3457 3513 3843 3568 annumerari

2193 3594 2635 3667 veluisse;quod
2655 3595 2901 3650 inﬁciari
2937 3594 3291 3662 nolimus,at
3311 3614 3429 3669 qua
3448 3598 3505 3653 id
3533 3598 3847 3658 occasione

2193 3684 2407 3744 factum
2435 3683 2607 3739 fuerit
2629 3701 2742 3740 non
2767 3686 3045 3752 referunt,
3069 3701 3173 3742 nec
3199 3691 3364 3742 vacat
3389 3686 3666 3744 divinare.

2385 3789 2716 3845 CCLXXIII.
2739 3792 2822 3846 An
2840 3793 3094 3863 pontifex
3119 3792 3390 3848 Arelatem
3419 3794 3638 3850 adierit.

2261 3879 2426 3934 Haud
2449 3879 2638 3950 magis
2657 3877 2842 3950 liquet
2860 3895 2933 3934 an
2959 3897 3218 3952 unquam
3239 3880 3392 3937 idem
3413 3882 3667 3954 pontifex
3697 3886 3845 3942 Are-

2186 3965 2363 4021 latem
2393 3965 2622 4037 adierit,
2656 3967 2755 4023 ubi
2787 3972 2982 4023 tamen
3011 3984 3045 4023 a
3075 3969 3342 4026 Gibelino
3371 3971 3636 4042 ejusdem
3670 3973 3844 4029 urbis

2187 4054 2761 4128 archiepiscopo,qui
2793 4061 2917 4111 tum
2938 4056 3004 4112 in
3037 4058 3333 4129 pontiﬁcio
3365 4059 3644 4116 comitatu
3679 4068 3834 4129 erat,

2185 4160 2318 4200 cum
2351 4163 2380 4200 e
2406 4144 2586 4200 Gallis
2608 4143 2666 4201 in
2691 4144 2916 4202 Italiam
2935 4145 3169 4214 rediret,
3199 4147 3509 4220 magniﬁco
3539 4157 3835 4222 apparatu

2183 4239 2456 4305 exceptus
2487 4234 2666 4291 fuisse
2696 4234 2928 4290 dicitur.
2967 4235 3082 4292 Hoc
3111 4237 3349 4308 quidem
3381 4237 3646 4293 nonnulli
3691 4256 3834 4297 eum

2183 4323 2353 4380 Saxio
2377 4329 2431 4378 et
2462 4323 2931 4380 Sammarthanis
2953 4325 3236 4391 scribunt,
3271 4326 3371 4381 sed
3407 4343 3520 4382 non
3554 4343 3624 4384 ex
3651 4330 3834 4385 certis

2183 4412 2766 4469 monumentis.certc
2791 4411 2952 4468 nulla
2971 4413 3207 4470 omnino
3238 4415 3296 4470 in
3328 4415 3458 4486 ejus
3517 4415 3594 4471 rei
3620 4418 3838 4474 conﬁr-

2181 4501 2498 4556 mationem
2525 4502 2732 4556 ferunt.
2754 4501 2995 4556 Constat
3015 4503 3253 4574 quidem
3275 4520 3346 4558 ex
3361 4504 3673 4575 ipsiusmet
3687 4523 3832 4579 pon-

429 4593 558 4665 ejus
580 4589 1073 4664 possessionibus,
1095 4587 1345 4644 ﬁrmavit
1362 4586 1579 4660 insigni
1602 4587 1784 4658 bulla,
1803 4588 1859 4643 in
1874 4606 2072 4644 mena-
2105 4608 2148 4674 D
2180 4589 2352 4646 tiﬁcis
2367 4589 2613 4662 epistola
2625 4589 2753 4660 jam
2781 4606 2897 4645 non
2919 4589 3102 4646 semel
3123 4591 3363 4648 laudata
3385 4594 3452 4648 ad
3490 4593 3830 4653 Ilicherium

429 4681 606 4738 sterio
619 4681 678 4736 S.
697 4677 906 4752 {Egidii
919 4678 1073 4733 data.
1089 4675 1392 4743 Postridie,
1409 4676 1562 4732 idem
1578 4676 1845 4734 Urbanus
1867 4695 2068 4734 mona-

427 4769 672 4827 sterium
728 4765 1105 4825 Balneolense
1157 4763 1474 4838 apostolico
1531 4765 1850 4840 privilegio,
1913 4768 2067 4840 quod

426 4855 736 4914 Benedicto
767 4855 961 4912 abbati
993 4855 1340 4927 inscriptum
1378 4860 1486 4920 est,
1519 4855 1737 4910 ibidem
1795 4857 2064 4912 munivit.

425 4946 600 5003 Porro
621 4945 779 5001 istud
802 4944 1195 5018 privilegium,
1219 4942 1374 4998 sicut
1401 4948 1458 4998 et
1506 4945 1857 5015 praecedens,
1883 4945 2064 5000 illust.

424 5036 628 5092 Petrus
651 5035 720 5091 de
733 5033 1086 5091 Marcalibro
1105 5051 1160 5088 1v
1176 5033 1380 5088 Marcaa
1410 5031 1733 5104 HisPaniczn
1757 5035 1829 5089 ad
1845 5051 2068 5090 annum

411 5124 561 5182 1097
593 5123 812 5180 retulit.
845 5123 958 5180 Sed
1015 5129 1164 5178 notae
1219 5120 1344 5176 alia;
1401 5121 1842 5193 chronologicm,
1870 5140 2067 5179 rerum

415 5219 716 5288 gestarum
743 5213 924 5270 series
944 5216 1002 5268 et
1022 5210 1258 5267 Iocusin
1283 5227 1397 5282 quo
1410 5210 1546 5266 data
1570 5216 1825 5276 fuerunt,
1855 5211 2067 5266 invicte

419 5305 764 5376 probantes.
818 5303 890 5359 ad
935 5317 1156 5357 annum
1211 5301 1350 5354 1096
1379 5301 1699 5355 revocanda
1749 5317 1897 5366 esse,
1935 5300 2069 5354 licet

423 5393 562 5448 1097
591 5391 1119 5464 prmferunt,juxta
1169 5387 1459 5444 calculum
1500 5387 1798 5454 Pisanum,
1833 5405 1968 5460 quo,
2005 5393 2068 5445 ut

405 5483 535 5554 jam
561 5497 678 5536 non
706 5479 1354 5546 semelobservavimus,
1377 5477 1514 5534 anni
1542 5476 1775 5533 initium
1807 5494 1841 5532 a
1861 5476 2066 5532 Martio

415 5569 773 5643 praecedente
801 5567 1147 5624 desumitur.
1853 5619 1856 5624 .

484 5658 586 5714 Die
604 5675 694 5712 xn‘
721 5657 1103 5728 Kal.Augusti
1123 5657 1354 5730 insigne
1379 5654 1745 5728 privilegium
1771 5654 2063 5710 concessit

415 5747 694 5818 Galburgi
724 5762 824 5802 seu
849 5743 1556 5818 WalburgiJuviniacensi
1580 5744 1802 5799 Sancta:
1827 5741 2064 5799 Schola-

2179 4684 2238 4734 et
2256 4679 2402 4734 alios
2435 4677 2741 4750 episcopos
2778 4677 3128 4748 Gallicanos,
3153 4681 3440 4752 synodum
3475 4697 3601 4738 eam
3635 4682 3694 4738 in
3727 4701 3833 4740 ur-

2179 4769 2311 4824 bem
2353 4768 2424 4823 ab
2482 4783 2550 4824 eo
2581 4765 2859 4823 indiciam
2893 4768 3094 4824 fuisse.
3123 4771 3196 4825 At
3225 4769 3382 4825 haud
3413 4769 3610 4826 minus
3641 4770 3833 4845 liquet

2178 4872 2307 4911 eam
2339 4855 2626 4928 synodum
2658 4854 2736 4911 ibi
2768 4873 2884 4911 non
2917 4856 3099 4913 fuisse
3129 4857 3500 4928 celebratam,
3521 4860 3677 4932 quod
3691 4862 3832 4933 qui-

2179 4944 2311 5000 dem
2335 4943 2664 5000 conﬁrmari
2690 4950 2879 5016 potest
2893 4961 2963 5001 ex
2993 4946 3182 5003 Ivenis
3207 4947 3456 5020 epistola
3481 4949 3554 5005 56
3583 4965 3830 5023 respon-

2179 5032 2369 5089 dentis
2395 5032 2658 5106 Philippo
2679 5033 2800 5106 regi
2823 5037 3200 5107 conquerenti
3223 5037 3506 5094 adversus
3518 5037 3829 5110 Hugonem

2177 5121 2650 5192 Lugdunensem,
2671 5121 2823 5192 quod
2850 5129 2982 5193 post
3002 5122 3118 5179 duo
3140 5123 3250 5179 hoc
3273 5140 3432 5179 anno
3453 5123 3512 5178 in
3535 5123 3739 5180 Galliis
3752 5127 3828 5183 ab

2179 5209 2303 5280 ipso
2331 5211 2606 5282 pontiﬁce
2642 5210 2838 5267 habita
2871 5211 3138 5282 concilia,
3174 5213 3232 5268 id
3265 5217 3354 5269 est
3399 5213 3738 5270 Turenense
3763 5221 3828 5272 et

2177 5300 2594 5364 Nemausense,
2638 5301 2898 5366 tertium,
2937 5300 3202 5358 videlicet
3233 5307 3366 5376 post
3390 5301 3608 5359 Urbani
3634 5303 3826 5361 disce-

2178 5405 2308 5443 sum
2341 5392 2733 5444 eonvecasset.
2769 5388 2931 5445 Unde
2979 5391 3290 5462 conjicitur
3341 5393 3631 5465 synodum
3692 5410 3824 5466 quae

2175 5477 2464 5534 Arelatem
2490 5477 2562 5533 ab
2601 5475 2832 5532 Urbano
2863 5485 3176 5536 convocata
3205 5482 3414 5548 fuerat,
3447 5481 3598 5538 hanc
3615 5479 3822 5554 ipsam

2175 5584 2304 5623 esse
2339 5583 2516 5638 quam
2541 5566 2691 5621 idem
2716 5565 2970 5636 pontifex
2987 5568 3264 5626 Nemausi
3287 5569 3616 5626 celebravit.
3652 5571 3820 5628 Haud

2175 5660 2368 5712 tamen
2393 5655 2561 5727 plane
2587 5653 2832 5708 inﬁciari
2873 5655 3145 5715 nolumus
3176 5658 3474 5718 Urbanum
3505 5658 3820 5730 Arelatem,

2174 5763 2208 5800 a
2233 5763 2346 5817 qua
2375 5746 2515 5800 urbe
2549 5749 2682 5800 tunc
2715 5742 2866 5799 haud
2901 5747 3099 5816 procul
3132 5749 3349 5821 aberat,
3383 5749 3668 5807 invisisse.
