3962 6348
394 356 545 423 cili)

1716 358 1788 423 B.
1834 356 2151 423 URBANI‘
2174 356 2230 422 ΙΙ
2274 359 2521 425 ΡΑΡᾹΞ.

3678 348 3853 416 -ΞΞΟ

423 498 483 553 et
510 492 818 553 Novariam
843 491 906 551 in
934 487 1150 553 ducatu
1180 490 1617 563 Mediolanensi,
1645 508 1813 568 prope
1842 491 2074 567 Papiam
2099 490 2156 561 Α
2184 511 2521 573 compressa
2550 500 2674 555 erat
2700 487 3463 572 protervia,perogrinorum
3496 489 3568 547 ad
3599 486 3846 546 Vatica-

422 585 741 642 solemniter
766 584 1398 659 celebravit,multosque
1419 587 1688 658 episcopos
1714 593 1765 641 et
1789 586 2072 658 principes

396 724 399 727 λ
425 676 490 732 in
516 690 612 731 suo
640 675 905 731 comitatu
931 672 1141 730 habuit.
1229 729 1232 732 .

499 761 677 819 Paulo
706 765 857 835 post,
903 761 959 816 id
1004 765 1095 816 est
1137 779 1238 817 vm
1265 761 1387 817 Kal.
1439 761 1724 829 Octobris,
1773 779 1841 819 ex
1895 760 2073 816 veteri

426 851 688 924 catalogo
719 850 871 922 apud
906 849 1202 906 Mabillon.
1231 854 1388 908 tomo
1413 852 1434 907 Ι
1466 851 1649 907 Musei
1680 850 1863 906 Italici
1894 850 2069 915 edito,

423 939 704 997 Arnulfus
751 937 1065 995 Mediolani
1112 941 1358 996 antistes
1403 940 1652 995 excessit
1696 956 1727 995 e
1777 939 1917 1005 vita,
1978 939 2069 995 cui

421 1028 738 1091 Anselmus
766 1028 837 1084 de
867 1027 1006 1082 Buiz
1036 1028 1391 1084 substitutus
1420 1026 1633 1084 stolam
1674 1044 1777 1084 seu
1829 1026 2071 1100 pallium

424 1116 785 1190 archiepisco
789 1115 918 1189 pale
934 1132 1034 1189 per
1053 1117 1289 1187 legatum
1307 1118 1520 1173 domini
1537 1134 1691 1189 papa
1705 1118 1815 1173 sibi
1833 1115 2075 1173 delatam

424 1208 627 1276 induit,
660 1210 726 1262 ut
746 1210 947 1262 narrat
973 1205 1294 1262 Laudulfus
1345 1207 1415 1262 de
1460 1211 1669 1263 Sancto
1709 1205 1887 1261 Paulo
1917 1205 2070 1277 apud

426 1294 776 1352 Puricellum
807 1299 865 1351 et
894 1294 1200 1368 Ughellum
1238 1299 1394 1351 tomo
1426 1295 1498 1350 lV
1530 1294 1707 1351 Italiae
1736 1310 1930 1349 sacrae.
1962 1294 2069 1349 Vc-

425 1401 555 1442 reor
579 1388 776 1441 tamen
809 1401 879 1440 ne
903 1384 1024 1440 hac
1054 1383 1212 1455 pallii
1245 1400 1348 1456 per
1376 1382 1635 1456 legatum
1665 1381 1876 1439 delatio
1899 1384 1970 1438 ad
1995 1383 2073 1438 al-

421 1478 612 1530 terum
641 1472 1004 1537 Anselmum,
1039 1473 1110 1527 de
1135 1488 1251 1543 quo
1277 1472 1536 1528 diximus
1567 1472 1635 1527 ad
1679 1488 1899 1526 annum
1936 1473 2074 1526 1093

422 1562 745 1618 revocanda
770 1560 938 1631 sit,ut
967 1577 1033 1615 ex
1064 1560 1349 1616 Pandulfo
1381 1560 1439 1617 in
1471 1560 1688 1617 Urbani
1714 1559 1847 1614 Vita
1875 1560 1953 1614 ibi
1977 1560 2073 1614 ob-

423 1650 806 1707 servavimus.

510 1738 840 1795 CCLXXIX.
874 1739 1159 1794 Cremonae
1182 1739 1539 1809 privilegium
1565 1738 1658 1792 dat
1688 1738 1742 1792 S.
1779 1737 1986 1793 Basolo.

495 1826 687 1930 Pridie
715 1826 873 1930 ldus,
901 1842 1005 1881 seu
1035 1826 1128 1930 die
1165 1827 1226 1880 14
1256 1825 1544 1930 octobris,
1587 1825 1891 1930 Cremonis
1922 1841 2068 1930 pon-
2105 1865 2153 1930 Β

423 1917 644 1971 tificem
656 1913 1017 1986 hospitatum
1042 1914 1222 1970 fuisse
1246 1912 1580 1986 colligimus
1592 1931 1661 1970 ex
1678 1913 1838 1969 bulla
1856 1913 2074 1971 ibidem

425 2019 705 2061 concessa
735 2003 1089 2058 monasterio
1118 2002 1311 2058 Sancti
1335 2002 1524 2059 Basoli
1542 2003 1602 2058 in
1623 2020 1761 2075 agro
1781 2002 2072 2058 Remensi.

423 2092 548 2148 Etsi
562 2090 718 2148 enim
733 2108 955 2147 annum
979 2091 1115 2146 1098
1141 2091 1200 2146 in
1229 2091 1404 2146 veteri
1434 2091 1955 2164 apographo,quod
1985 2091 2077 2147 usi

425 2179 1118 2253 fuimus,pra3ferat,banc
1147 2183 1343 2237 tamen
1376 2180 1449 2235 ad
1482 2183 1823 2252 praesentem
1855 2196 2075 2235 annum

425 2268 626 2326 referri
654 2268 865 2325 debere
894 2269 1266 2341 persuadent,
1297 2272 1506 2342 praeter
1531 2268 1790 2325 locorum
1820 2270 2076 2324 circum-

425 2358 703 2415 stantiam
735 2373 938 2414 omnes
986 2361 1134 2419 note:
1181 2357 1603 2431 cbronologicae
1652 2358 1734 2415 ibi
1774 2358 2074 2431 appositae.

426 2447 490 2504 In
522 2463 610 2516 ea,
636 2446 789 2502 sicut
816 2450 874 2502 et
902 2445 959 2502 in
993 2446 1395 2518 praessnti,pro
1425 2447 1734 2519 Scriptum
1765 2447 2075 2514 sententia,

424 2535 547 2592 haec
576 2535 752 2591 verba
781 2534 1114 2591 referuntur
1142 2534 1467 2591 intersertis
1495 2536 1792 2601 crucibus,
1824 2536 2074 2605 legimus,

424 2626 730 2697 ﬁrmamus,
760 2628 948 2680 sancte
996 2624 1204 2693 Basole,
1237 2641 1366 2695 quae
1418 2624 1562 2680 forte
1609 2622 1870 2697 pontifex
1909 2624 2079 2680 adhi-

426 2711 620 2769 buerit
666 2712 738 2769 ob
784 2711 1142 2785 singularem
1193 2712 1322 2782 eius
1372 2713 1643 2768 affectum
1693 2712 1751 2768 in
1800 2717 2074 2769 Sanctum

427 2800 727 2867 Basolum,
770 2800 825 2854 in
875 2800 1048 2871 cujus
1094 2801 1438 2879 monasterii
1484 2801 1697 2857 vicinia
1748 2805 1924 2858 natus
1979 2806 2082 2859 aut

431 2892 587 2945 certe
615 2889 898 2944 educatus
929 2889 1136 2944 fuerat.
1168 2890 1249 2945 Ea
1280 2905 1493 2962 nempe
1513 2890 1775 2945 advocati
1799 2892 1928 2963 ejus
1950 2907 2081 2947 mo-

429 2977 672 3033 nasterii
703 2976 1015 3034 saeculares
1032 2977 1264 3049 penitus
1290 2978 1787 3051 abrogantur;qui
1817 2978 2077 3051 quidem,

430 3065 480 3123 si
510 3065 782 3123 Urbanus
807 3082 875 3122 ex
902 3065 1416 3123 Castilionensium
1447 3065 1821 3122 dominorum
1861 3067 2084 3123 familia

397 3154 625 3221 .fuerit,
658 3153 753 3210 sui
784 3153 971 3227 ipsius
1000 3154 1334 3212 consobrini
1358 3159 1544 3212 erant.

559 3242 864 3299 CCLXXX.
895 3243 1084 3299 Latini
1111 3243 1573 3371 eggsctopittlrwcis
1603 3245 1665 3300 in
1695 3244 1952 3301 Calabria

1103 3331 1129 3370 s
1206 3332 1403 3371 StUL

1103 3331 1403 3372 εποδιιιιιιῑ.

502 3403 606 3459 His
634 3402 999 3476 temporibus
1032 3408 1261 3459 mortuo
1291 3405 1446 3476 apud
1495 3402 1738 3461 Calabro
1777 3403 2078 3461 Theodoro

429 3490 819 3565 Squillacensi
851 3491 1146 3564 episcopo,
1173 3492 1458 3566 Rogerius
1493 3509 1687 3550 comes
1720 3493 1778 3548 in
1814 3493 2078 3551 animum

429 3581 543 3640 sibi
558 3580 789 3637 induxit
813 3580 921 3635 hac
941 3580 999 3635 in
1020 3574 1812 3650 ecclesia,omissisGracis,e
1828 3598 2078 3654 quorum

426 3674 601 3745 gente
631 3669 876 3726 ultimus
905 3668 1021 3725 fuit
1046 3670 1387 3728 Theodorus
1416 3671 1758 3744 episcopum
1783 3671 2078 3738 Latinum,

401 3760 571 3832 _quia
618 3757 803 3814 multo
864 3757 1059 3830 plures
1115 3759 1329 3828 Latini,
1390 3759 1613 3816 scilicet
1667 3760 2077 3830 Northmanni,

369 3840 380 3853 ’
428 3863 608 3918 quam
637 3846 841 3914 Graeci,
865 3850 995 3902 tum
1026 3847 1108 3902 ibi
1140 3847 1506 3915 habitabant,
1540 3848 1867 3905 instituere.
1918 3849 2081 3916 Quod

428 3939 486 3991 et
531 3933 723 4005 reipsa
777 3934 1067 4005 praestitit,
1101 3936 1557 3991 assentientibus
1609 3936 1742 3991 aliis
1791 3937 2082 4009 episcopis

427 4020 672 4089 Latinis,
706 4036 855 4094 quos
884 4037 953 4076 ea
981 4023 1051 4077 de
1081 4039 1260 4079 causa
1287 4040 1318 4079 e
1358 4023 1556 4080 Sicilia
1598 4025 1995 4092 advocaverat,
2028 4031 2086 4082 et

427 4109 804 4185 potissimum
836 4110 1062 4166 Saxone
1082 4127 1184 4166 seu
1207 4107 1460 4169 Sassone
1489 4113 1833 4169 Cassanensi
1859 4115 2081 4185 episco-

427 4197 631 4273 po,qui
663 4197 881 4254 Urbani
902 4197 961 4253 in
985 4197 1250 4255 Calabria
1272 4203 1398 4256 erat
1424 4199 1959 4258 vicarius.Joannes
1982 4206 2086 4258 ita-

426 4302 541 4358 que
570 4284 772 4342 statim
807 4303 838 4342 e
867 4286 1086 4343 decano
1109 4286 1385 4364 Militensi
1403 4288 1541 4345 huic
1563 4288 1832 4346 Ecclesiae
1856 4291 2086 4363 praefec-

410 4380 526 4447 _tus
544 4380 653 4439 est,
688 4374 775 4429 uti
799 4374 1015 4448 legitur
1035 4375 1345 4449 inRogerii
1368 4376 1571 4434 charta
1591 4395 1767 4451 quam
1804 4379 2083 4452 Ughellus

427 4468 588 4521 tomo
614 4463 684 4519 1X
716 4460 897 4519 Italici
930 4481 1105 4520 sacrae
1137 4481 1270 4538 pag.
1302 4468 1403 4522 591
1430 4467 1769 4524 edidit.Hzec
1791 4470 1990 4527 omnia
2009 4473 2081 4525 ab

428 4551 659 4610 Urbano
689 4552 1036 4609 confirmata
1073 4554 1254 4621 fuere,
1285 4555 1386 4628 qui
1436 4557 1616 4613 etiam
1666 4574 1734 4614 ea
1779 4559 2083 4614 occasione

426 4642 580 4701 hanc
607 4640 929 4699 Ecclesium
962 4642 1236 4700 Romanis
1284 4645 1432 4715 sedi,
1464 4647 1684 4704 omisso
1730 4663 2082 4720 quocunque

427 4731 894 4805 metropolitano,
926 4732 1191 4805 proxime
1238 4734 1508 4805 subjecit,
1540 4737 1624 4792 uti
1672 4753 1742 4792 ex
1786 4736 2082 4792 Paschalis

427 4819 590 4875 bulla
618 4820 834 4877 ibidem
868 4838 1000 4894 pag.
1032 4823 1136 4876 597
1168 4823 1352 4879 relata
1382 4823 1767 4897 intelligimus
1810 4841 1946 4881 nam
1978 4825 2082 4881 Ur-

429 4907 566 4964 bani
581 4925 650 4965 ea
671 4908 740 4965 de
769 4926 831 4965 re
856 4909 1116 4983 diploma
1131 4910 1418 4967 amissum
1440 4916 1547 4969 est.

502 5014 825 5072 CCLXXXI.
861 5020 1014 5073 Luem
1049 5017 1325 5074 Urbanum
1350 5022 1715 5092 crucesignati
1745 5023 2007 5089 invisum.

501 5107 643 5161 Cum
675 5121 808 5161 vero
838 5104 966 5179 ipse
986 5107 1195 5163 Lucam
1218 5108 1440 5165 Tuscia:
1466 5110 1673 5166 urbem
1701 5110 2078 5182 pervenisset,

430 5208 564 5250 eum
590 5192 706 5249 huc
718 5193 910 5251 adiere
922 5194 1209 5251 Robertus
1232 5196 2082 5272 NorthmannimetStephanus

430 5279 734 5338 Blesarum
765 5283 1135 5356 comites,qui
1164 5302 1267 5358 per
1296 5285 1521 5344 Iialiam
1551 5289 1623 5344 ad
1654 5306 1879 5345 sacram
1910 5305 2080 5361 expe-

430 5369 711 5427 ditionem
743 5374 1148 5445 properabant.
1182 5374 1301 5431 Hoc
1339 5376 1524 5434 secuti
1575 5377 1910 5451 complures
1958 5377 2077 5446 alii,

430 5465 499 5516 ut
530 5464 729 5515 narrat
759 5461 1122 5532 Fulcherius,
1156 5463 1260 5536 qui
1289 5469 1347 5520 et
1374 5465 1501 5538 ipse
1530 5482 1600 5523 ex
1629 5467 1748 5525 illis
1794 5471 1939 5533 erat,
1985 5484 2079 5523 ac-

428 5553 595 5621 cepta
623 5550 918 5622 pontificis
949 5551 1583 5622 benedictione,statim
1618 5558 1864 5615 Romam
1886 5573 2079 5630 perre-

427 5644 657 5698 xerunt.
690 5642 760 5695 At
791 5640 1138 5711 Guibertini,
1172 5659 1426 5715 quorum
1457 5649 1596 5704 tunc
1641 5649 1903 5706 nondum
1933 5648 2080 5704 bene

2179 605 2317 644 nam
2371 587 2678 645 basilicam
2736 583 3139 643 accedentium
3195 580 3437 639 donaria
3501 578 3845 653 rapiebant,

2180 676 2389 734 occisis
2416 677 2588 733 etiam
2621 673 2924 732 nonnullis
2955 690 3104 746 quos
3134 671 3366 728 Urbano
3390 665 3851 726 sciebantaddi-

2181 772 2304 822 ctos
2333 783 2483 823 esse.
2510 766 2726 822 Verum
2774 764 2857 819 illi
2905 760 3219 819 latrunculi
3269 764 3404 833 post
3448 757 3754 832 pontiﬁcis
3783 756 3849 810 in

2181 854 2391 910 Urbem
2426 854 2737 910 adventum
2761 851 2919 908 brevi
2948 850 3129 924 fugati
3151 848 3540 920 dissipatique
3569 845 3848 900 fuerunt.

2426 941 2786 999 CCLXXXII.
2821 942 3037 997 Urbano
3066 939 3248 994 obviat
3276 935 3582 993 Mathildis.
3764 952 3769 953 ί

2249 1031 2450 1087 Eidem
2473 1047 2505 1088 e
2526 1030 2713 1088 Gallia
2727 1029 2991 1086 redeunti
3015 1028 3243 1083 obviam
3262 1025 3437 1081 ivisse
3466 1022 3848 1079 comitissam

2181 1120 2520 1178 Mathildem
2551 1120 2719 1177 testis
2749 1122 2838 1175 est
2865 1116 3164 1182 Domnizo,
3199 1115 3301 1187 qui
3331 1116 3462 1183 ejus
3490 1111 3750 1168 reditum
3787 1110 3852 1165 in

2178 1210 2408 1266 Italiam
2439 1215 2497 1266 et
2525 1210 2586 1264 in
2627 1209 2839 1265 Urbem
2881 1207 3198 1262 adventum
3248 1202 3519 1260 barbaris
3564 1198 3855 1257 versibus

2180 1297 2483 1369 expressit.
2534 1294 2809 1369 Sigonius
2861 1292 3009 1348 libro
3058 1310 3115 1348 ιχ
3163 1291 3244 1347 De
3292 1306 3472 1363 regno
3518 1287 3723 1352 Italiae,
3766 1287 3857 1342 ait

2181 1384 2482 1441 Urbanum
2502 1401 2535 1438 a
2556 1381 2837 1438 Mathilde
2865 1380 3207 1452 caaterisque
3227 1378 3284 1434 in
3308 1374 3656 1433 Lombardia
3680 1391 3857 1430 sum-

2183 1473 2298 1528 mis
2328 1472 2652 1539 honoribus
2679 1468 2973 1525 excultum
3010 1469 3255 1523 Romam
3281 1466 3595 1523 adiisse.At
3622 1462 3857 1520 Bertol-

2182 1562 2296 1617 dus
2335 1562 2463 1631 ejus
2515 1561 2572 1614 in
2620 1559 2825 1614 urbem
2875 1557 3127 1613 reditum
3185 1554 3487 1626 triumpho
3517 1556 3854 1624 comparat,

2183 1666 2405 1705 annum
2447 1649 2577 1703 1097
2608 1663 2711 1719 pro
2737 1662 2898 1702 more
2930 1662 3035 1701 suo
3085 1664 3119 1701 a
3159 1643 3468 1700 Natalibus
3505 1633 3724 1699 Christi
3762 1642 3855 1695 in-

2184 1738 2401 1794 choans
2432 1736 2526 1792 his
2553 1735 2745 1792 verbis
2778 1753 2791 1791 :
2827 1735 3087 1791 Dominus
3110 1749 3261 1805 papa
3279 1731 3505 1787 tandem
3529 1730 3601 1786 ad
3633 1732 3858 1802 aposto-

2184 1829 2349 1882 licam
2376 1826 2556 1882 sedem
2583 1841 2705 1880 cnm
2736 1839 2942 1894 magna
2992 1823 3173 1892 gloria
3203 1824 3255 1877 et
3282 1820 3526 1893 tripudio
3572 1835 3855 1884 reversus,

2184 1917 2536 1972 Nativitatem
2590 1914 2809 1967 Domini
2855 1913 3040 1968 [locum
3101 1928 3226 1966 cum
3287 1911 3401 1965 suis
3465 1908 3859 1964 cardinalibus

2184 2005 2572 2074 gloriosissime
2616 2002 2941 2063 celebravit;
2989 2002 3192 2072 quippe
3242 2002 3354 2055 tota
3414 2001 3661 2054 Romana
3713 1998 3860 2052 urbe

2183 2110 2319 2166 pene
2341 2092 2451 2148 sibi
2475 2093 2788 2163 subjugata,
2815 2094 3023 2161 prater
3050 2091 3255 2145 turrim
3291 2088 3611 2155 Crescentii,
3646 2089 3714 2143 in
3742 2102 3861 2158 qua

2184 2182 2360 2238 adhuc
2379 2181 2673 2237 latitabant
2693 2177 3377 2235 Guibertini.Guibertum
3402 2177 3598 2249 ipsum
3621 2191 3656 2231 a
3677 2173 3860 2248 plebe

2187 2270 2421 2344 pulsum
2455 2270 2638 2325 fuisse
2665 2268 2823 2323 canit
2843 2266 3320 2337 Domnizo,cujus
3351 2281 3420 2320 ea
3444 2265 3521 2321 de
3552 2279 3612 2320 re
3631 2279 3854 2320 versus

2187 2358 2402 2415 videsis
2431 2358 2491 2413 in
2523 2355 2878 2429 Appendice.
2911 2354 3250 2411 Mathildem
3272 2370 3431 2420 vero,
3454 2353 3609 2426 quod
3642 2356 3856 2409 tamen

2187 2464 2303 2503 non
2332 2446 2512 2503 habet
2530 2444 2628 2501 ille
2651 2444 3122 2510 auctor,Romam
3143 2460 3331 2515 usque
3344 2443 3641 2499 Urbanum
3660 2441 3859 2497 comi-

2184 2539 2369 2593 tatam
2400 2536 2584 2591 fuisse
2612 2550 2680 2590 ex
2710 2534 3022 2606 ipsiusmet
3051 2531 3610 2605 pontificisepistola
3630 2531 3705 2586 ad
3734 2531 3858 2587 Hu-

2152 2678 2157 2679 γ
2186 2640 2399 2697 gonem
2430 2624 2882 2697 Lugdunensem
2914 2625 3047 2695 post
3075 2619 3311 2693 aliquod
3343 2625 3581 2693 tempus
3600 2620 3855 2692 scripta,

2186 2712 2380 2785 colligi
2412 2716 2624 2785 potest,
2652 2710 2713 2767 in
2744 2728 2861 2783 qua
2890 2726 3098 2783 nempe
3144 2709 3269 2765 haec
3319 2709 3597 2782 leguntur
3625 2726 3639 2765 :
3670 2709 3861 2783 Usque

2186 2802 2258 2859 ad
2302 2803 2496 2860 Urbem
2539 2817 2664 2857 cum
2691 2801 2971 2857 comitissa
2999 2801 3063 2855 Μ.
3093 2799 3318 2872 paciﬁce
3346 2801 3616 2865 venimus,
3651 2798 3860 2855 Urbem

2187 2892 2569 2948 honestissime
2594 2907 2717 2946 cum
2734 2889 3156 2962 praecedentium
3174 2890 3472 2960 stipatione
3517 2888 3869 2960 frequentis-

2187 2983 2333 3037 sima
2381 2980 2753 3036 introivimus.
2786 2979 2856 3034 Et
2904 2977 3142 3051 quidem
3199 2976 3543 3033 Fulcberius
3597 2979 3866 3032 testatur

2187 3069 2524 3142 pontiﬁcem
2555 3068 2823 3139 ejusdem
2845 3066 3157 3123 comitissaa
3189 3064 3405 3122 auxilio
3430 3065 3861 3136 Urbem,quam

2190 3159 2382 3215 adhuc
2413 3155 2736 3214 Guibertini
2767 3157 3064 3223 tenebant,
3094 3159 3658 3227 temperasse,un
3682 3154 3859 3227 Sigo-

2189 3247 2343 3314 nius,
2372 3245 2497 3302 loco
2527 3246 2646 3317 iam
2678 3243 2934 3313 laudato,
2975 3260 3008 3298 a
3037 3243 3316 3300 Guiberto
3345 3247 3712 3316 occupatam,
3751 3242 3860 3299 sed

2187 3337 2260 3394 ab
2290 3335 2526 3392 Urbano
2550 3334 2597 3390 II
2626 3337 3021 3406 expugnatam
3050 3333 3233 3389 fuisse
3261 3332 3455 3399 refert,
3481 3331 3861 3404 pseudopon-

2187 3425 2343 3483 tifice
2371 3424 2433 3480 in
2462 3439 2653 3480 arcem
2705 3421 3012 3495 compulso
3061 3420 3278 3478 auxilio
3323 3436 3546 3489 eorum,
3581 3436 3732 3493 quos
3782 3421 3859 3477 ad

2187 3530 2416 3572 sacram
2461 3512 2885 3585 expeditionem
2935 3510 3194 3582 pontifex
3244 3510 3624 3569 animaverat.
3686 3509 3856 3566 Idem

2188 3604 2410 3660 habent
2437 3600 2627 3658 cateri
2657 3604 2926 3656 auctores
2955 3616 3091 3655 cum
3116 3597 3550 3670 Fulcherio,qui
3574 3598 3859 3654 observat

2192 3693 2475 3752 Urbanum
2504 3706 2564 3746 eo
2592 3689 2721 3763 ipso
2750 3705 2917 3757 anno,
2957 3704 3063 3761 quo
3113 3690 3321 3744 Franci
3366 3688 3670 3744 Jerusalem
3714 3688 3863 3744 ituri

2185 3799 2285 3857 per
2329 3783 2557 3838 Romam
2602 3779 2966 3846 transierunt,
3014 3782 3182 3834 totam
3231 3779 3455 3834 omnino
3500 3777 3862 3848 apostolicam

2184 3876 2510 3944 potestatem
2534 3867 2787 3937 adeptum
2810 3882 2943 3924 esse.
2973 3867 3227 3923 Tantum
3258 3866 3415 3922 enim
3447 3864 3631 3922 fuisse
3651 3882 3862 3923 nume-

2190 3975 2326 4014 rum
2357 3955 2689 4029 principum
2739 3960 2797 4011 et
2847 3955 3107 4012 militum
3159 3956 3259 4029 qui
3310 3956 3557 4011 Romam
3597 3971 3667 4011 eo
3698 3971 3860 4011 anno

2192 4046 2465 4103 adierunt
2490 4048 2741 4101 testatur
2765 4044 3055 4101 Robertus
3086 4043 3236 4100 libro
3266 4061 3309 4100 ιι
3334 4043 3599 4101 Historiae
3620 4043 3861 4101 Jeroso-

2190 4133 2511 4208 lymitanae,
2534 4136 2599 4189 ut
2621 4150 2691 4189 ex
2721 4133 2814 4189 bis
2838 4133 3010 4190 multi
3041 4137 3203 4189 extra
3231 4135 3440 4190 urbem
3470 4149 3607 4189 cum
3638 4133 3859 4189 domus

2191 4239 2307 4279 non
2338 4222 2951 4292 suil'icerent,tentoria
2979 4223 3155 4296 figere
3185 4223 3368 4278 coacti
3400 4221 3645 4278 fuerint:
3687 4222 3858 4279 Certe

2192 4312 2513 4370 Robertum
2543 4311 2984 4368 Northmannim
3013 4312 3223 4368 ducem
3254 4315 3311 4368 et
3341 4312 3603 4369 Odonem
3632 4311 3860 4385 episco-

2192 4418 2335 4476 pum
2366 4400 2830 4473 Bajocassimum
2863 4402 3058 4457 Romae.
3075 4418 3208 4458 cum
3230 4401 3461 4457 Urbano
3491 4400 3853 4472 colloquium

2189 4495 2330 4547 tunc
2360 4490 2639 4547 habuisse
2667 4490 2834 4547 testis
2863 4495 2954 4547 est
2973 4490 3146 4546 etiam
3170 4490 3296 4562 ipse
3311 4488 3620 4547 0rdericus
3639 4489 3856 4546 Vitalis

2114 4597 2160 4663 ι)
2190 4568 2340 4637 libro
2389 4598 2447 4647 x,
2481 4596 2630 4652 quos
2677 4581 2798 4652 ejus
2838 4583 3095 4652 percepta
3143 4579 3513 4635 benedictione
3549 4580 3612 4635 in
3648 4578 3856 4651 Apulia

2189 4671 2453 4726 hiemasse
2482 4667 2704 4725 scribit.
2737 4672 2816 4723 De
2845 4667 2938 4724 bis
2974 4667 3223 4741 aliisque
3270 4667 3596 4741 peregrinis
3643 4669 3853 4724 eadem

2191 4757 2431 4815 omnino
2474 4761 2719 4813 narrant
2768 4755 2869 4813 alii
2923 4774 3155 4829 quoque
3205 4763 3497 4827 auctores,
3529 4772 3679 4829 quos
3719 4761 3858 4829 post

2191 4847 2427 4905 visitata
2485 4847 2756 4903 Romanis
2812 4846 2976 4903 urbis
3025 4846 3154 4902 loca
3208 4863 3376 4902 sacra
3422 4846 3853 4902 monasterium

2192 4937 2368 4993 etiam
2398 4935 2717 4993 Casinense
2747 4936 2964 4992 adiisse
2994 4935 3198 4992 scribit
3229 4937 3432 4993 Petrus
3463 4935 3758 4991 Diaconus
3788 4936 3850 4991 in

2189 5025 2473 5083 Chronico
2503 5024 2803 5082 Casinensi
2832 5024 2981 5081 libro
3012 5042 3087 5093 IV,
3120 5042 3250 5098 cap.
3294 5044 3355 5092 ιι,
3408 5029 3473 5081 ut
3518 5040 3583 5081 se
3620 5040 3850 5098 suaque

2190 5118 2393 5171 sancto
2424 5114 2576 5171 Patri
2596 5114 3183 5187 Benedicto,ejusque
3212 5115 3635 5171 monachorum
3658 5115 3849 5186 proci-

2188 5205 2303 5260 bus
2332 5203 2829 5261 commendarent.

2410 5292 2782 5350 CCLXXXIII.
2815 5293 3038 5350 Henrici
3061 5294 3404 5350 miserabilis
3430 5299 3623 5349 status.

2260 5382 2424 5438 Haud
2443 5381 2632 5454 magis
2649 5396 2927 5454 prospera
2957 5387 3123 5439 erant
3138 5384 3197 5439 in
3222 5382 3389 5439 Italia
3410 5381 3641 5439 Henrici
3662 5399 3843 5456 quam

2187 5470 2317 5542 ejus
2345 5469 2864 5544 pseudopontiﬁcis
2895 5472 3147 5544 negotia,
3182 5472 3283 5545 qui
3314 5471 3554 5544 quidem
3602 5471 3844 5528 absente

2188 5559 2419 5617 Urbano
2448 5560 2737 5633 Nogeram
2765 5559 3092 5631 obsederat,
3145 5562 3248 5618 sed
3297 5562 3536 5628 frustra,
3568 5564 3634 5615 ut
3668 5559 3845 5618 habet

2187 5648 2485 5719 Domnizo,
2516 5646 2615 5721 qui
2646 5647 2798 5704 hanc
2840 5648 3204 5707 obsidionem
3238 5650 3534 5708 describit.
3568 5648 3842 5708 Mathildis
