3962 6372
182 375 304 448 ﬁt

1786 386 1995 452 VITA.
2018 437 2023 443 .

3471 389 3592 459 ne

188 533 325 577 vero
353 531 499 592 quae,
525 516 700 578 verba
722 523 863 579 sunt
891 518 1164 615 Bertoldi,
1216 535 1356 615 pene
1402 522 1519 582 sola
1571 525 1837 615 cuiusuis
1865 530 1918 600 Α
1948 519 2297 580 CCLXXXV.
2345 522 2645 582 Daimbertz
2693 526 2929 615 episcopi
2962 529 3287 589 Senonensis
3316 534 3589 615 ordinatio

187 617 375 666 contra
404 611 705 667 Henricum
732 620 785 669 et
810 613 1230 671 haeresiarcham
1259 612 1575 671 Guibertum
1610 614 1832 686 compli-

188 714 378 771 cesque
402 715 594 755 eorum
611 702 734 772 jam
760 704 1039 774 septennia
1048 711 1397 776 pugnaverat
1413 722 1435 769 ;
1455 705 1691 760 tandem
1722 705 1831 761 hoc

190 804 344 844 anno
372 788 807 861 imperatorem,
838 791 1038 864 procul
1071 792 1248 849 dubio
1282 797 1370 848 tot
1417 797 1834 867 tantorumque

189 875 630 949 hominum,qui
647 878 860 935 Urbani
875 880 1107 936 hortatu
1139 881 1208 936 ad
1225 898 1419 937 sacras
1439 883 1834 955 expeditiones

190 965 604 1037 properabant,
627 967 877 1023 adventu
897 968 956 1024 in
974 969 1197 1026 Italiam
1220 972 1578 1039 exterritum,
1604 988 1840 1044 recupe-

192 1053 338 1109 ratis
368 1053 494 1110 suis
523 1055 716 1122 bonis,
758 1057 992 1128 penitus
1038 1075 1067 1112 e
1094 1059 1470 1131 Longobardia
1503 1062 1717 1132 fugavit
1734 1079 1757 1125 ,°
1786 1064 1837 1116 et

190 1143 290 1197 ille
314 1160 444 1199 cum
485 1146 682 1216 paucis
728 1147 1081 1203 Ratisbonam
1109 1150 1328 1204 veniens
1356 1152 1525 1205 totam
1552 1150 1633 1205 ibi
1658 1151 1837 1222 exegit

189 1236 460 1300 aestatem,
485 1238 539 1289 et
566 1235 715 1290 circa
751 1239 993 1291 castrum
1045 1238 1378 1309 Nuremberg
1433 1240 1568 1294 satis
1619 1240 1838 1310 private

188 1325 434 1378 moratus
460 1323 689 1380 tandem
715 1324 996 1381 Nemetum
1014 1328 1291 1398 migravit,
1320 1328 1520 1383 ibidem
1562 1330 1693 1383 satis
1717 1330 1836 1401 pri-

189 1413 318 1465 vate
342 1410 441 1466 diu
468 1417 737 1467 moratur.

234 1543 611 1601 CCLXXXIV.
657 1547 903 1603 Urbanus
931 1550 1225 1605 concilium
1254 1550 1514 1606 Laterani
1533 1552 1787 1606 celebrat.

264 1677 413 1733 Cum
445 1679 644 1751 itaque
672 1679 942 1736 Urbanus
985 1683 1180 1739 Romae
1227 1684 1578 1755 praevaleret,
1621 1684 1742 1755 ubi,
1777 1690 1842 1739 ut

192 1768 323 1841 ipse
353 1767 557 1824 scribit
594 1769 668 1825 ad
727 1756 1027 1843 Hugonem
1081 1773 1552 1846 Lugdunensem,
1603 1775 1837 1843 honeste,

191 1864 311 1913 tute
338 1859 391 1911 et
419 1858 683 1914 alacriter
706 1860 1063 1926 versabatur,
1086 1861 1277 1917 visum
1309 1867 1398 1918 est
1427 1863 1498 1931 ei,
1533 1864 1605 1919 ad
1629 1863 1836 1919 Urbem

192 1944 309 2002 sibi
340 1945 851 2019 magismagisque
866 1951 1410 2021 asserendum,ejus
1438 1955 1642 2007 civeset
1662 1955 1840 2022 regio-

190 2050 290 2091 nes
315 2050 502 2091 manes
530 2039 887 2092 sacramentis
916 2054 1023 2094 suo
1048 2040 1239 2095 officio
1268 2041 1629 2110 adstringere.
1678 2043 1843 2097 Certe

187 2123 314 2194 jam
347 2123 422 2179 ab
448 2125 577 2196 ipso
607 2126 743 2181 anni
802 2127 941 2181 1097
995 2127 1163 2184 i‘nitio
1212 2129 1587 2186 Lateranensi
1627 2130 1842 2201 palatio

193 2213 549 2286 potiebatur,
578 2218 641 2269 ut
669 2219 825 2287 patet
853 2232 922 2271 ex
950 2218 1078 2287 ejus
1104 2216 1265 2273 bulla
1287 2219 1358 2273 ad
1390 2222 1692 2291 Hugonem
1713 2218 1842 2273 Ulu-

193 2301 532 2359 niacensem
560 2303 828 2360 abbatem
857 2306 985 2362 data
1026 2307 1285 2362 Laterani
1312 2324 1349 2362 v
1395 2307 1518 2363 Idus
1563 2309 1840 2373 Januarii,

191 2390 499 2447 indictione
524 2408 577 2458 v,
612 2391 672 2446 in
703 2408 820 2463 qua
834 2392 1136 2467 privilegia
1147 2398 1205 2449 et
1229 2394 1631 2466 possessiones
1649 2412 1845 2451 mona—

190 2478 358 2534 sterii
386 2477 790 2537 Cluniacensis
820 2496 885 2535 ac
914 2480 1174 2537 locorum
1208 2483 1258 2537 ei
1291 2482 1662 2538 subditorum
1706 2499 1845 2538 con-

194 2567 453 2623 ﬁrmavit
470 2568 594 2639 :qui
608 2573 809 2641 utpote
822 2569 1314 2643 vigilantissimus
1327 2572 1583 2644 pontifex
1603 2589 1844 2628 suarum

196 2672 396 2712 rerum
427 2656 873 2730 prosperitatem
906 2659 977 2713 ad
1010 2658 1276 2716 Ecclesia:
1308 2662 1681 2716 commodum
1700 2661 1845 2717 refe-

198 2761 359 2812 rens,
390 2745 703 2802 concilium
736 2746 932 2802 statim
966 2747 1319 2816 convocavit,
1344 2750 1545 2821 procul
1575 2749 1753 2806 dubio
1784 2754 1849 2805 ut

198 2850 270 2892 ea
299 2851 430 2908 qua;
460 2834 519 2889 in
548 2833 868 2891 Gallicanis
899 2837 1139 2909 synodis
1158 2838 1476 2894 constituta
1504 2839 1752 2903 fuerant,
1784 2838 1843 2893 in

200 2922 432 2979 Italiam
464 2938 696 2995 quoque
711 2931 1077 2997 propagaret.
1112 2926 1273 2982 Istud
1307 2922 1565 2996 generate
1591 2925 1849 2999 appellat

200 3010 639 3084 Sigoniuslibro
670 3012 818 3068 1xDe
845 3028 1022 3085 regno
1039 3014 1233 3082 Italiae,
1254 3016 1490 3071 cuiOtto
1513 3016 1845 3087 Frisingen-

199 3100 283 3157 eis
312 3103 375 3156 et
403 3099 500 3156 alii
533 3104 797 3157 auctores
849 3104 1238 3160 consentiunt.
1300 3106 1429 3178 Ipse
1484 3105 1740 3177 pontifex
1787 3103 1846 3159 in

199 3187 449 3262 epistola
472 3205 608 3245 mox
635 3189 875 3247 laudata
915 3193 987 3249 ad
1046 3192 1349 3265 Hugonem
1395 3194 1848 3266 Lugdunensem

2672 598 2867 656 dilata.

2012 694 2240 752 Mortuo
2270 698 2465 753 autem
2499 696 2606 752 sub
2639 697 2816 754 ﬁnem
2830 697 3165 757 Decembris
3184 698 3585 774 praecedentis,

1941 784 2143 853 utjam
2174 786 2631 854 observavimus,
2657 786 2924 845 Ricberio
2946 789 3267 847 Senonensi
3298 792 3586 867 archiepi-

1942 888 2137 944 scopo,
2189 873 2563 930 Daimbertus
2612 874 2672 931 in
2729 878 2856 948 ejus
2902 876 3093 934 locum
3145 881 3433 938 substitue
3464 888 3588 953 est;

1941 961 2043 1018 sed
2074 978 2209 1018 cum
2239 962 2464 1031 ille,‘sui
2487 965 2811 1021 decessoris
2830 967 3077 1040 vestigia
3096 975 3355 1037 secutus,
3376 972 3596 1044 prima-

1943 1050 2029 1106 tui
2060 1052 2466 1123 Lugdunensis
2484 1052 2748 1109 Ecclesiae
2766 1055 2977 1126 subjici
2994 1056 3190 1125 nollet,
3213 1058 3378 1133 Hugo
3396 1062 3593 1121 archi-

1943 1140 2255 1211 episcopus
2285 1140 2614 1198 intercessit
2642 1159 2713 1198 ne
2735 1143 2807 1198 ab
2833 1143 3122 1218 episcopis
3134 1149 3594 1220 comprovincia-

1945 1228 2102 1285 libus
2133 1229 2523 1286 ordinaretur.
2556 1232 2680 1295 Qua
2708 1234 3011 1290 occasione
3056 1240 3152 1293 Ivo
3209 1238 3590 1309 Carnotenus,

1947 1318 2109 1389 quia
2163 1318 2514 1387 Daimberto,
2575 1325 2639 1375 ut
2687 1338 2820 1377 eum
2879 1330 3263 1394 consecraret,
3314 1326 3596 1386 invitatus

1946 1407 2154 1472 fuerat,
2182 1407 2480 1463 Urbanum
2513 1410 2652 1481 quid
2688 1412 2836 1467 facto
2885 1429 3032 1483 opus
3065 1419 3240 1481 esset,
3298 1417 3598 1474 consuluit

1947 1494 2193 1567 epistola
2225 1497 2345 1551 165.
2379 1497 2441 1551 In
2468 1513 2536 1552 ea
2564 1504 2802 1555 excusat
2822 1517 2886 1555 se
2921 1505 3014 1556 lvo
3043 1503 3196 1573 apud
3231 1505 3597 1575 pontificem,

1949 1586 2101 1657 quod
2118 1590 2248 1657 post
2261 1603 2434 1642 suum
2462 1588 2533 1649 ab
2550 1589 2679 1657 ejus
2692 1589 2971 1645 comitatu
2987 1591 3309 1649 discessum
3332 1597 3593 1652 nondum

1948 1673 2210 1730 licuisset
2238 1676 2307 1730 ad
2324 1693 2457 1731 eum
2473 1677 2787 1745 redire,aut
2803 1678 3008 1735 saltem
3025 1697 3125 1751 per
3146 1684 3381 1740 nuntios
3400 1685 3595 1757 ipsum

1951 1763 2225 1823 salutare:
2259 1769 2383 1819 tum
2416 1766 2465 1820 ei
2518 1768 2891 1822 commendat
2934 1761 3319 1827 Parisiensem
3368 1761 3595 1845 episco~

1953 1869 2093 1924 pum
2126 1853 2368 1909 Romam
2405 1855 2748 1926 profectum,
2798 1858 2893 1913 cui
2924 1858 3107 1915 abbas
3156 1848 3594 1928 Latiniacensis,

1952 1941 2062 1997 sub
2091 1943 2283 2012 specie
2314 1944 2443 1997 novi
2466 1943 2749 2017 privilegii
2770 1963 2804 2001 a
2834 1947 3106 2018 pontifice
3126 1943 3597 2021 impetrati,iobe-

1950 2031 2233 2086 dientiam
2264 2032 2607 2103 denegabat.
2642 2032 2954 2107 Certeprze
2985 2038 3259 2094 manibus
3312 2039 3600 2099 habemus

1952 2119 2319 2193 privilegium
2351 2119 2496 2176 illud
2529 2123 2951 2195 Latiniacense,
2985 2126 3161 2198 quod,
3192 2143 3326 2184 cum
3357 2129 3416 2185 in
3461 2147 3597 2203 apo-

1952 2207 2174 2280 grapho
2203 2208 2423 2265 nullam
2457 2209 2671 2267 habeat
2697 2212 3033 2270 chronicam
3054 2218 3274 2285 notam,
3307 2217 3421 2274 huc
3438 2234 3599 2275 revo-

1952 2298 2072 2353 cari
2103 2315 2274 2370 posse
2305 2315 2374 2353 ex
2405 2299 2512 2355 hac
2546 2301 2737 2356 Ivonis
2765 2303 3013 2373 epistola
3048 2319 3381 2375 censemus,
3426 2311 3600 2380 atque

1953 2387 2096 2442 adeo
2129 2389 2185 2441 in
2214 2388 2592 2460 Appendicea
2611 2389 2779 2446 nobis
2792 2391 3396 2452 exhibendum.Porro
3410 2397 3600 2452 Ivonis

1954 2475 2260 2547 epistolam
2311 2477 2478 2532 initio
2508 2477 2688 2549 hujus
2746 2479 2882 2534 anni
2924 2481 3199 2555 scriptam
3252 2483 3435 2540 fuisse
3463 2483 3600 2540 inde

1954 2562 2286 2633 colligimus
2298 2566 2452 2635 quod
2467 2566 2621 2620 nond
2633 2582 2728 2620 um
2750 2571 2890 2622 tunc
2903 2570 3136 2639 quando
3157 2570 3316 2626 illam
3341 2571 3596 2645 scripsit,

1954 2651 2221 2708 audierat
2239 2654 2378 2724 quid
2395 2653 2622 2710 Urbano
2641 2655 2885 2711 Romam
2902 2657 3246 2729 ingredienti
3269 2659 3596 2728 accidisset,

1956 2745 2022 2797 ut
2051 2741 2176 2813 ipse
2207 2744 2459 2797 testatur
2485 2742 2578 2798 his
2608 2744 2802 2800 verbis
2830 2762 2843 2800 :
2881 2751 2958 2801 De
2983 2763 3115 2817 pace
3149 2752 3356 2805 sanctae
3404 2751 3599 2806 Roma-

1956 2847 2041 2885 na
2082 2831 2340 2888 Ecclesia
2388 2838 2440 2887 et
2484 2840 2658 2888 vestra
2707 2836 3067 2905 prosperitate
3093 2839 3179 2891 det
3233 2838 3390 2893 nobis
3418 2836 3599 2894 Darni-

1956 2935 2063 2974 nus
2091 2919 2288 2975 audire
2318 2921 2458 2990 quod
2486 2926 2754 2993 Optamus.

1957 3023 2331 3082 CCLXXXVI.
2395 3027 2663 3083 Gerardus
2717 3030 2880 3156 eptiisg.
2929 3028 3260 3087 Morinorum
3287 3032 3464 3091 sedem
3509 3031 3601 3088 di-

2310 3136 2313 3139 λ
2689 3116 2770 3155 mi
2817 3117 2835 3155 ι
2867 3142 2879 3156 .

2310 3136 2313 3139 λ
2689 3116 2879 3156 γητιιιτ.

2028 3185 2193 3242 Circa
2220 3187 2423 3242 eadem
2453 3190 2719 3259 tempora
2767 3205 2902 3243 cum
2938 3189 3297 3246 Morinorum
3348 3192 3599 3249 Ecclesia

199 3276 352 3334 hanc
380 3275 573 3349 ipsam
603 3278 873 3349 synodum
898 3282 1490 3349 Latera‘nisotemniter
1518 3283 1841 3339 celebratam
1874 3266 1917 3333 C
1953 3273 2130 3329 variis
2159 3276 2347 3329 turbis
2379 3274 2717 3348 agitaretur,
2752 3278 2909 3349 quod
2942 3279 3236 3335 Gerardus
3269 3281 3396 3353 ejus
3442 3283 3602 3339 sedis

200 3366 674 3422 fuissetestatur.
709 3368 884 3424 Porro
900 3370 1008 3425 etsi
1041 3370 1236 3427 nullas
1267 3372 1534 3443 praeferat
1548 3370 1847 3427 chronolo-

200 3456 306 3529 gize
338 3459 506 3511 notas
527 3455 649 3511 haec
678 3456 941 3528 epistola,
975 3458 1165 3530 ipsam
1215 3465 1411 3515 tamen
1472 3460 1652 3532 hujus
1707 3458 1845 3516 anni

200 3543 366 3600 initio
397 3545 858 3617 consignandam
874 3561 1002 3602 esse
1014 3564 1082 3603 ex
1106 3564 1173 3603 eo
1206 3547 1371 3603 facile
1385 3547 1678 3621 colligitur
1689 3549 1844 3620 quod

199 3631 259 3688 in
286 3649 356 3689 ea
386 3631 606 3689 mentio
634 3633 740 3688 flat
774 3632 1088 3689 Daimberti
1118 3651 1320 3691 recens
1350 3634 1514 3691 electi
1547 3634 1606 3691 in
1657 3634 1844 3690 archi-

204 3721 544 3794 episcopum
575 3721 995 3790 Seuonensem,
1015 3739 1186 3794 quem
1203 3722 1312 3780 hoc
1344 3740 1495 3779 anno
1519 3724 1845 3779 intrantein

203 3809 456 3866 Richorii
484 3809 681 3866 locum
722 3811 1109 3867 substitutum
1159 3812 1341 3868 fuisse
1388 3816 1637 3868 constat.
1686 3812 1846 3868 Idem

201 3901 598 3973 probatcausa
610 3899 1037 3957 Lemovicensis
1048 3899 1216 3957 electi
1247 3900 1325 3956 ibi
1350 3905 1693 3969 memorata;
1710 3918 1845 3956 nam

202 3988 377 4061 paulo
388 3993 523 4061 post
535 3988 885 4046 Guillelmus
900 3989 1213 4062 episcopus
1224 3988 1528 4046 ordinatus
1557 3993 1663 4046 est.
1684 3990 1849 4046 Certe

202 4076 454 4150 insignis
483 4080 574 4133 est
601 4075 867 4149 epistola,
902 4079 1101 4150 utpote
1147 4094 1275 4150 quas
1321 4077 1510 4133 multa
1540 4082 1597 4134 et
1652 4079 1849 4152 gravia

202 4167 501 4223 variarum
529 4165 729 4222 Galliae
760 4165 1136 4222 ecclesiarum
1157 4167 1387 4239 negotia
1417 4166 1845 4239 complectitur,

204 4258 262 4313 et
282 4254 503 4311 Urbani
533 4253 592 4309 in
638 4255 941 4311 servandis
998 4254 1266 4311 Ecclesiae
1324 4254 1542 4327 regulis
1586 4256 1847 4311 studium

204 4344 429 4417 probat.
460 4343 591 4400 Haec
619 4343 759 4400 olim
789 4342 1026 4400 dabitur
1052 4361 1122 4400 ex
1151 4361 1261 4400 ms.
1297 4344 1613 4400 Baluziano
1631 4345 1849 4400 descri-

203 4437 320 4506 pta.
348 4433 525 4490 Porro
555 4433 665 4489 etsi
695 4449 765 4489 ex
794 4433 966 4489 dictis
998 4437 1222 4489 certum
1251 4433 1521 4489 videatur
1550 4433 1849 4490 Urbanum

204 4521 357 4579 haud
373 4520 561 4578 multo
591 4525 908 4594 postsuum
937 4522 997 4577 in
1030 4522 1231 4579 urbem
1263 4522 1515 4578 reditum
1537 4522 1849 4578 concilium

1954 3362 2264 3436 episcopus
2295 3363 2351 3417 in
2385 3365 2634 3421 concilio
2662 3365 3069 3434 Nemausensi,
3104 3371 3169 3423 ut
3217 3369 3494 3436 diximus,
3527 3372 3600 3427 ab

1953 3451 2144 3508 ofﬁcio
2169 3469 2495 3524 suspensus
2536 3453 2762 3519 fuisset,
2811 3443 3156 3512 Lambertus
3204 3459 3602 3517 Atrebatensis
3636 3517 3654 3533 ,

1955 3539 2220 3609 antistes,
2254 3541 2347 3595 cui
2400 3541 2701 3617 Manasses
2750 3543 3237 3617 metropolitanus
3286 3546 3601 3605 Remorum

1954 3629 2086 3698 ejus
2114 3626 2370 3683 ecclesia:
2417 3645 2616 3684 curam
2678 3632 3208 3698 commendaverat,
3259 3635 3315 3688 in
3363 3620 3601 3711 Gerardi

1953 3717 2201 3789 gratiam
2236 3712 2469 3772 Urbano
2499 3718 2754 3790 scripsit.
2802 3719 2948 3782 Quid
2999 3722 3365 3793 responderit
3412 3725 3602 3797 ponti-

1954 3807 2046 3862 fex
2099 3805 2459 3879 ignoramus.
2519 3808 2593 3861 At
2641 3807 2932 3865 Gerardus
2988 3813 3074 3865 tot
3129 3811 3279 3868 forte
3305 3824 3604 3870 morarum

1955 3898 2259 3968 pertaesus,
2281 3899 2338 3951 et
2368 3896 2544 3968 quod,
2571 3912 2831 3953 excusare
2858 3914 2930 3967 se,
2954 3903 3018 3953 ut
3045 3898 3223 3956 habet
3241 3906 3445 3959 auctor
3458 3902 3602 3959 Vitae

1955 3984 2201 4041 Joannis
2232 3986 2361 4057 ejus
2383 3980 2760 4055 successeris,
2796 3986 3003 4043 saltem
3023 4005 3093 4044 ex
3122 3989 3281 4067 omni
3314 3996 3606 4064 partenon

1953 4077 2151 4146 posset,
2185 4073 2523 4147 episcopatu
2577 4075 2771 4143 cessit,
2824 4080 2889 4130 ut
2941 4077 3115 4133 refert
3157 4077 3254 4134 ille
3302 4084 3503 4136 auctor
3549 4085 3606 4137 et

1956 4168 2089 4234 post
2117 4179 2251 4220 eum
2269 4162 2663 4229 Malbrancus,
2681 4170 2855 4237 atque
2869 4163 2927 4219 in
2944 4167 3366 4223 monasterium
3389 4169 3603 4226 Montis

1956 4252 2149 4307 Sancti
2181 4251 2351 4323 Eligii
2382 4248 2559 4325 prope
2588 4244 2892 4309 Atrebatas
2923 4270 2984 4310 se
3013 4256 3248 4329 recepit,
3294 4257 3415 4323 ubi,
3464 4259 3601 4315 sub-

1960 4341 2164 4397 stituto
2189 4341 2238 4396 ei
2272 4341 2446 4413 paulo
2478 4346 2697 4414 postea,
2731 4343 2817 4397 uti
2851 4341 3005 4398 infra
3031 4344 3318 4412 dicemus,
3357 4348 3602 4413 Joanne,

1959 4428 2250 4501 reliquum
2285 4430 2411 4484 vitze
2443 4447 2562 4486 suae
2594 4434 2655 4486 in
2680 4423 2812 4503 pace
2841 4431 2978 4505 egit,
3012 4433 3303 4489 Lamberti
3340 4453 3407 4491 ea
3444 4437 3516 4493 de
3547 4453 3607 4493 re

1959 4517 2264 4590 epistolam
2299 4518 2604 4574 deficiente
2652 4519 2868 4574 Urbani
2919 4518 3200 4593 responso
3244 4523 3514 4581 exhibere
3543 4525 3602 4581 in

207 4611 365 4668 istud
398 4611 553 4682 apud
586 4610 936 4667 Lateranum
959 4611 1306 4678 celebrasse,
1340 4610 1432 4666 vix
1462 4615 1654 4668 tamen
1681 4611 1849 4684 quid-
1884 4632 1930 4697 Β
1960 4606 2296 4697 Appendice
2326 4607 2515 4697 visum
2535 4610 2640 4662 est.
2667 4608 2861 4663 Eidem
2878 4598 3132 4665 Gerardo
3150 4616 3319 4667 antea
3335 4612 3603 4669 Urbanus

206 4716 382 4772 quam
413 4716 484 4756 ex
512 4700 640 4771 ejus
658 4700 817 4756 Actis
846 4701 1205 4757 autdecretis
1228 4717 1536 4773 superesse
1554 4701 1853 4756 fatendum
1884 4694 1917 4697 ”
1966 4694 2344 4765 rescripserat
2373 4695 2652 4751 adversus
2681 4712 2971 4751 canonum
3005 4703 3453 4771 contemptores,
3501 4703 3602 4757 sed

204 4792 311 4858 est,
342 4788 515 4861 quod:
532 4788 680 4845 forte
712 4788 859 4845 nihil
890 4789 1019 4846 novi
1050 4790 1130 4845 ibi
1170 4790 1462 4846 sancitum
1496 4790 1687 4846 fuerit.
1723 4791 1846 4845 Huc

206 4877 395 4935 solum
406 4878 661 4934 revocari
674 4895 846 4951 posse
858 4878 1416 4950 censemus(nullam
1445 4880 1660 4952 quippe
1671 4879 1845 4935 aliam

205 4967 473 5024 Urbanus
531 4967 819 5040 synodum
866 4968 1137 5024 Laterani
1194 4968 1421 5041 habuit)
1450 4968 1845 5041 fragmentum

204 5055 463 5130 epistolae
493 5056 565 5112 ad
585 5056 968 5114 Gothfredum
996 5057 1466 5129 Magalonensem
1485 5058 1846 5130 episcopum,

206 5145 264 5202 in
292 5162 412 5219 quo
431 5145 693 5218 pontifex
721 5147 949 5215 statuit,
984 5148 1156 5219 juxta
1201 5146 1355 5218 quod
1389 5149 1449 5202 in
1495 5149 1854 5204 Lateranensi

204 5236 433 5293 concilio
457 5237 921 5308 promulgaverat,
955 5253 1072 5308 qua
1102 5236 1325 5292 ratione
1363 5235 1684 5291 dividendae
1733 5238 1853 5293 sint

203 5324 581 5395 eleemosynaa
611 5328 974 5382 mortuorum
1009 5325 1182 5398 quiin
1215 5326 1589 5381 monasteriis
1620 5326 1851 5398 sepeliri

204 5404 694 5471 desideraverant.
730 5413 878 5471 Illud
912 5418 1221 5480 statutum,
1254 5414 1408 5486 quod
1440 5413 1499 5469 in
1548 5415 1851 5472 nonnullis

202 5501 635 5575 exemplaribus
657 5508 790 5575 post
817 5520 1100 5561 canonem
1121 5504 1187 5559 12
1199 5504 1420 5572 Questa,
1453 5504 1605 5576 apud
1631 5504 1851 5561 Gratia-

202 5609 341 5650 num
375 5593 463 5659 13,
495 5604 555 5664 q:
587 5594 625 5648 2
653 5591 920 5663 habetur,
954 5593 1106 5650 inter
1153 5591 1299 5648 alios
1327 5592 1543 5648 Urbani
1575 5593 1850 5665 epistolas

204 5702 366 5744 num.
400 5681 510 5738 210
538 5682 888 5754 proferetur.

1958 4783 2147 4842 solum
2180 4788 2446 4856 superest
2471 4784 2599 4855 ejus
2623 4784 2877 4856 epistolas
2893 4784 3283 4858 fragmentum
3307 4788 3459 4860 apud
3483 4789 3605 4846 lvo-

1955 4891 2113 4931 nem.

1958 4979 2356 5038 CCLXXXVII.
2415 4980 2723 5107 Pontiﬁcis.
2747 4981 2969 5052 affectus
3013 4982 3073 5065 in
3115 4984 3426 5053 monachos,
3473 5000 3603 5059 quos

2469 5051 2539 5107 ad
2596 5060 2861 5107 zantlates
2890 5052 3084 5107 evehit.

2469 5051 2539 5107 ad
2558 5051 2861 5122 dignitates
2890 5052 3084 5109 evehit.

2033 5150 2221 5221 Hujus
2251 5152 2388 5205 anni
2402 5148 2590 5219 initio,
2606 5154 2707 5205 aut
2719 5153 2871 5206 certe
2884 5150 2993 5206 sub
3009 5152 3388 5224 prmcedentis
3402 5154 3603 5227 linem,

1960 5257 2095 5295 nam
2130 5239 2268 5293 1096
2299 5238 2528 5309 praefert
2555 5237 2877 5294 Chronicon
2907 5243 3157 5295 Cavense
3183 5258 3292 5296 ms.
3325 5242 3605 5300 ecclesiam

1960 5329 2151 5385 Sancti
2180 5328 2347 5381 Pauli
2374 5327 2522 5382 dedit
2568 5328 2816 5383 Urbanus
2865 5346 3013 5401 papa
3047 5334 3205 5386 Petro
3253 5330 3440 5387 abbati
3464 5332 3603 5388 San-

1958 5422 2057 5475 cta
2087 5417 2369 5472 Trinitatis
2410 5415 2475 5471 de
2506 5416 2668 5472 Cava.
2726 5417 2891 5473 Haud
2950 5419 3217 5488 dubium,
3260 5425 3327 5475 ut
3373 5419 3434 5475 in
3480 5425 3599 5477 tam

1959 5505 2166 5563 celebri
2201 5504 2327 5561 loco
2375 5505 2704 5578 regularem
2761 5506 3133 5579 disciplinam
3183 5508 3460 5575 ﬁrmaret,
3503 5513 3605 5565 aut

1960 5597 2105 5653 forte
2163 5594 2534 5667 aliquantum
2569 5600 2960 5669 tepescentem
3021 5600 3392 5654 restauraret.
3444 5594 3599 5653 Nihil

1948 5686 2114 5742 enim
2146 5684 2449 5742 omittebat
2462 5684 2770 5758 religiosus
2788 5685 2946 5758 ponti
2956 5687 3136 5755 fex,ut
3156 5686 3214 5742 in
3232 5685 3601 5742 monasteriis
