3962 6392
459 477 462 482 ’
483 467 610 527 -207

1791 465 1862 528 Β.
1911 462 2211 528 ΗΒΒΑΝΙ
2255 466 2308 527 ll
2352 464 2610 527 PAPIE.

3780 462 3910 526 ’208

492 599 716 668 invisit,
752 598 850 654 ubi
884 599 1179 672 prioratus
1209 603 1302 656 est
1339 599 1562 656 ord'nis
1591 597 2012 668 Cluniacensis,
2045 597 2153 654 ibi-
2183 600 2238 668 Α
2269 614 2401 654 cum
2436 597 2566 653 aliis
2595 598 2795 653 decem
2843 595 3202 654 consecravit
3232 593 3536 653 ecclesiam
3584 593 3783 652 Sancti
3815 595 3910 654 Sa-

495 705 608 760 que
653 689 935 761 rescripto
967 689 1040 744 ad
1073 689 1376 762 Hugonem
1408 689 1663 744 Cluniaci
1713 687 1985 744 abbatem
2017 687 2152 741 dato

494 775 700 832 cellam
732 776 791 832 S.
828 777 1129 834 Michaelis
1182 779 1252 834 de
1295 779 1490 834 Monte
1514 777 1642 832 Alto
1691 793 1822 832 cum
1877 776 2154 832 omnibus

495 865 624 937 ejus
673 865 1036 938 appendieiis
1082 866 1361 923 Cluniaco
1393 883 1428 922 a
1463 865 1781 932 Willelmo,
1813 869 2014 938 postea
2061 883 2152 918 ar-

497 953 866 1028 chiepiscopo
915 955 1240 1022 Ausciensi,
1270 973 1406 1011 cum
1453 955 1778 1011 monachus
1823 955 2011 1009 factus
2043 957 2152 1017 est,

499 1041 772 1100 collatam
799 1043 1186 1100 confirmavit.
1213 1043 1360 1098 Illud
1390 1043 1736 1116 rescriptum
1762 1042 1896 1099 olim
1922 1041 2158 1097 dabitur

500 1129 654 1186 inter
681 1129 900 1186 Urbani
930 1130 1210 1204 epistolas
1262 1149 1331 1188 ex
1376 1131 1552 1188 veteri
1605 1130 1961 1204 upographo,
2013 1130 2158 1186 forte

2261 687 2484 742 turnini
2507 687 2782 760 martyris
2803 686 3023 743 Tolosae
3053 685 3332 759 episcopi,
3355 689 3413 742 et
3431 683 3614 740 altare
3646 683 3708 739 in
3739 684 3912 742 bono-

2265 792 2383 830 rcm
2417 776 2682 847 ejusdem
2718 775 2995 848 martyris
3017 772 3449 848 gloriosissimi,
3471 777 3527 828 et
3541 772 3738 830 sancti
3765 773 3915 832 Assi-

2262 863 2433 920 scecli
2463 864 2764 938 martyris;
2783 865 3097 938 posuitque
3119 863 3434 920 maximam
3461 865 3690 936 partem
3711 862 3914 936 capitis

2263 952 2671 1025 gloriosissimi
2695 953 3018 1020 Saturnini,
3041 952 3438 1026 reliquiaeque
3453 950 3652 1009 sancti.
3663 951 3914 1006 Assisce-

2263 1041 2336 1097 cli
2385 1042 2658 1114 martyris
2715 1047 2774 1097 et
2825 1042 3074 1099 aliorum
3137 1045 3494 1110 sanctorum,
3527 1044 3587 1097 et
3642 1039 3916 1112 reliquias

2265 1129 2446 1185 sancti
2482 1131 2751 1203 Exuperii
2783 1131 3038 1204 episcopi
3071 1130 3362 1187 Tolosani.
3387 1152 3416 1182 »

505 1219 883 1293 autographo,
919 1219 1303 1293 descriptum.

555 1325 820 1385 CCLXIV.
855 1327 1172 1401 Tolosaegdat
1193 1328 1547 1401 privilegium
1577 1329 1898 1400 Mcyssiaco.
1929 1328 2106 1383 Privi-

2334 1219 2540 1274 Adhuc
2570 1219 2630 1274 in
2672 1237 2740 1276 ea
2769 1221 2912 1276 urbe
2957 1219 3296 1276 morabatur
3342 1217 3628 1290 pontifex,
3661 1234 3798 1274 cum
3827 1233 3916 1272 car-

2267 1308 2457 1364 nonici
2493 1307 2844 1365 cathedralis
2873 1308 3128 1366 ecclesiae
3151 1307 3348 1364 Sancti
3374 1306 3660 1378 Stephani
3685 1305 3758 1361 ad
3789 1321 3917 1360 eum

1051 1393 1253 1472 legium
1281 1399 1336 1456 S.
1373 1393 1624 1455 Orientii.
1667 1393 1688 1400 ⁷
2187 1424 2195 1431 ~
2267 1397 2536 1470 querelas
2566 1397 2901 1453 detulerunt
2929 1397 3208 1454 adversus
3239 1395 3556 1453 monachos
3589 1393 3791 1451 Sancti
3821 1393 3918 1449 Mi-

581 1487 792 1542 Eadem
823 1487 934 1556 die,
961 1487 1008 1543 si
1033 1505 1146 1544 non
1173 1487 1380 1544 fallunt
1402 1487 1686 1543 chronicis
1711 1492 1858 1543 notae
1883 1487 1938 1542 in
1967 1503 2158 1542 exem-
2269 1486 2487 1541 cbarlis
2519 1487 2590 1540 de
2609 1485 2802 1552 Clusa,
2824 1487 2922 1558 qui
2956 1485 3261 1542 ecclesiam
3283 1485 3508 1541 Sanctae
3532 1482 3804 1550 Gavellte,
3827 1482 3918 1536 Ec-

509 1573 622 1648 plis
653 1575 889 1645 nostris,
913 1581 1015 1632 aut
1045 1580 1197 1634 certe
1237 1577 1402 1632 locus
1434 1575 1548 1632 dati
1599 1575 1864 1648 rescripti
1897 1575 2161 1631 sincerus
2270 1574 2458 1629 clcsiae
2489 1573 2786 1630 'l‘ulosana:
2819 1575 3087 1630 collatam
3132 1573 3224 1630 sui
3259 1573 3414 1645 juris
3441 1589 3573 1630 esse
3604 1571 3918 1628 contende-

509 1665 900 1736 est,Tolosam
925 1665 1158 1722 advenit
1179 1665 1460 1738 pontifex,
1484 1664 1577 1720 ubi
1603 1664 1848 1731 litteras,
1871 1680 2032 1718 num.
2061 1663 2164 1718 192
2274 1664 2434 1718 bant.
2461 1663 2745 1718 Placitum
2769 1663 2923 1736 apud
2947 1663 3218 1719 Sanctam
3243 1661 3486 1718 Mariam
3509 1661 3693 1719 Electi
3719 1657 3918 1716 indixit

501 1755 578 1815 ad
610 1753 831 1810 vicinos
859 1757 1164 1826 episcopos
1185 1753 1345 1809 dedit
1375 1753 1432 1808 in
1464 1753 1711 1826 gratiam
1741 1751 2162 1807 monachorum
2273 1752 2548 1824 pontifex,
2589 1751 2642 1806 in
2676 1768 2790 1824 quo
2821 1751 2894 1807 lis
2921 1751 3034 1808 ista
3063 1751 3463 1820 dirimeretur;
3497 1750 3601 1806 sed
3633 1747 3918 1807 renuenti-

509 1841 1053 1914 Moyssiacensium,
1085 1846 1151 1897 ut
1196 1857 1398 1898 eorum
1448 1841 1621 1912 bona,
1657 1841 1905 1914 quisque
1947 1839 2005 1895 in
2057 1857 2165 1896 sua
2274 1842 2383 1896 bus
2412 1841 2712 1897 monachis
2742 1841 2812 1896 ad
2843 1839 2988 1896 illud
3027 1841 3243 1909 venire,
3279 1841 3579 1914 negotium
3611 1845 3758 1896 tunc
3781 1836 3918 1892 infe-

511 1929 766 2000 dioecesi,
797 1933 1120 1986 tuerentur.
2192 1971 2240 2036 B
2272 1937 2431 1986 ctum
2467 1929 2766 1997 remansit,
2798 1929 2966 2000 cujus
2997 1933 3179 1985 tolam
3220 1929 3456 1997 seriem,
3481 1928 3588 1985 sed
3617 1943 3753 2000 quae
3781 1920 3918 1980 nihil

583 2017 713 2036 11,,1
764 2019 849 2036 ,|-,
928 2023 966 2036 γι
1012 2019 1079 2036 1-,
1336 2023 1368 2036 ,n
1445 2017 1458 2030 ο
1590 2019 1643 2036 ιι
1710 2017 1899 2036 κνηοκγκ
2000 2019 2155 2036 ,-,,_
2331 2019 2345 2036 ι
2541 2017 2599 2036 ιιο
2686 2023 2696 2036 ι
2742 2017 2859 2036 ,91,
2918 2018 3080 2036 ,,,A,-
3152 2010 3918 2036 ,,,n_,33,,1_,,,A-__L--_s.-.l

583 2017 722 2074 Post
751 2019 974 2091 aliquot
995 2019 1122 2075 dies
1143 2017 1563 2076 monasterium
1590 2017 2017 2090 Moyssiacense
2039 2019 2163 2088 ipse
2193 2010 2240 2036 ”
2277 2019 2348 2074 ad
2374 2036 2478 2072 nos
2501 2017 2724 2084 attinet,
2740 2017 2934 2074 videre
2954 2022 3042 2074 est
3067 2018 3126 2072 in
3150 2017 3327 2074 veteri
3359 2017 3755 2073 instrumento
3777 2010 3918 2085 apud

514 2107 776 2182 pontifex
824 2106 1042 2176 invisit,
1077 2107 1276 2180 ibique
1305 2124 1368 2163 ιιι
1403 2107 1538 2162 ldus
1570 2105 1706 2163 Maii
1755 2106 1900 2162 alias
1946 2105 2168 2162 litteras
2276 2107 2560 2164 Catellum
2594 2107 2740 2162 libro
2770 2125 2804 2162 v
2823 2107 3385 2164 Commentariorum
3416 2104 3681 2163 historia
3707 2101 3918 2160 Oscita-

516 2201 716 2252 sancto
739 2195 968 2270 Hugoni
989 2195 1224 2270 scripsit
1247 2197 1306 2252 in
1329 2197 1578 2270 gratiam
1603 2195 2024 2252 monachorum
2043 2194 2168 2250 Clu-
2279 2197 2407 2262 nias,
2446 2214 2574 2269 pag.
2609 2199 2733 2252 875.
2761 2197 2924 2252 Certe
2955 2196 3192 2252 Clusino
3233 2196 3592 2252 monasterio
3631 2189 3918 2264 conplura

519 2285 882 2341 niacensium
933 2285 990 2341 S.
1035 2285 1276 2341 Orientii
1325 2302 1504 2358 prope
1549 2285 1750 2340 urbem
1800 2285 2165 2352 Ausciorum,
2277 2287 2486 2342 harum
2512 2283 3918 2357 partiummonasteriasubjectaerant,interque

519 2372 756 2446 quibus,
789 2378 855 2429 ut
875 2374 1002 2445 jam
1035 2391 1068 2428 a
1089 2373 1275 2430 Leone
1297 2375 1362 2429 ΙΧ
1398 2373 1686 2430 sancitum
1723 2374 1932 2442 fuerat,
1959 2373 2167 2430 contir-
2279 2393 2348 2430 ex
2366 2373 2580 2431 Urbani
2601 2373 2764 2430 bulla
2784 2393 2910 2448 quae
2933 2375 3167 2444 excidit,
3187 2378 3491 2430 recensent
3508 2368 3918 2430 monasterium

519 2464 642 2519 mat
665 2463 768 2534 jus
799 2461 1132 2518 cmmeterii.
1158 2463 1274 2518 Has
1307 2462 1530 2519 litteras
1573 2462 1729 2518 idem
1773 2463 2028 2536 pontifex
2059 2461 2170 2518 alio
2281 2463 2467 2520 Mansi
2501 2464 2760 2520 Garnerii
2805 2481 2982 2537 prope
3012 2463 3340 2519 Virdunum
3385 2463 3458 2520 ad
3487 2461 3848 2519 Garumnam
3874 2455 3918 2510 in

520 2547 798 2624 rescripto
831 2552 1215 2619 conﬁrmavit,
1243 2559 1309 2606 ut
1336 2551 1580 2607 inferius
1613 2568 1719 2607 suo
1741 2551 1866 2606 loco
1886 2551 2168 2608 dicemus.
2280 2552 2514 2609 dioecesi
2537 2552 2847 2622 Tolosana,
2871 2551 3044 2610 hodie
3065 2553 3500 2625 congregationi
3525 2549 3727 2608 Sancti
3752 2542 3918 2603 Mauri

519 2637 797 2714 Ejusdem
821 2641 1161 2696 monasterii
1188 2641 1367 2696 altare
1389 2641 1446 2696 S.
1471 2639 1790 2696 Salvatoris
1817 2639 2174 2696 consecravit
2281 2641 2601 2699 addictum.

517 2729 810 2798 Urbanus,
827 2729 876 2786 si
899 2719 1181 2785 Chronico
1213 2730 1525 2786 credamus
1553 2729 1709 2802 quod
1740 2729 2081 2802 Aymericus
2103 2729 2172 2786 de

517 2817 731 2890 Peyrae
773 2817 951 2889 hujus
996 2817 1106 2874 loci
1157 2817 1340 2874 abbas
1385 2817 1751 2891 conscripsit.
1795 2819 1950 2874 Idem
2001 2818 2174 2874 refert

523 2905 751 2964 Urbano
781 2905 999 2962 ibidem
1031 2905 1312 2963 existente
1343 2923 1528 2962 unum
1555 2906 1910 2963 cardinalem
1933 2907 2172 2976 obiisse,

2388 2775 2658 2831 CCLXVI.
2694 2779 3087 2832 Carrassonam
3116 2775 3235 2830 adit
3267 2775 3518 2832 Urbanus
3555 2773 3867 2858 ponti/ex.”

2355 2906 2576 2964 Relicta
2621 2905 2853 2974 Tolosa,
2895 2908 3314 2964 Carcassonam
3362 2907 3627 2979 pontifex
3657 2901 3816 2966 adiit,
3848 2895 3918 2952 uti

2283 2997 2509 3068 exigere
2531 2995 2760 3052 videtur
2778 2995 3038 3052 locorum
3071 2996 3221 3054 situs
3241 3001 3298 3052 et
3318 2996 3548 3052 dierum
3581 2991 3782 3051 series.
3814 2986 3918 3084 Hui

2281 3103 2416 3142 vero
2447 3089 2656 3156 quarta
2689 3084 2849 3152 feria,
2873 3085 2966 3141 die
3011 3086 3073 3142 11
3121 3083 3283 3140 Junii
3313 3085 3644 3154 advenisse,
3679 3083 3846 3150 atquo
3873 3087 3918 3127 In

521 2990 588 3050 ac
621 2995 678 3050 in
711 3011 847 3052 arcu
880 2995 1222 3052 monasterii
1265 2995 1446 3052 fuisse
1485 2996 1867 3068 tumulatum,
1901 2998 1972 3052 ad
2003 2998 2175 3068 cujus

520 3083 829 3156 sepulcrum
860 3101 921 3141 se
950 3085 1168 3141 vidisse
1217 3089 1468 3141 testatur
1508 3087 1565 3141 in
1597 3086 1774 3141 altum
1815 3085 2047 3158 pendere
2083 3101 2174 3141 ca-

523 3173 728 3242 pellam
754 3191 936 3242 suum,
966 3175 1144 3230 nimia
1192 3178 1452 3231 vetustate
1478 3176 1639 3248 quasi
1678 3176 1898 3248 penitus
1926 3191 2174 3232 consum-
2285 3191 2353 3231 ea
2376 3174 2518 3230 urbe
2539 3173 2798 3246 exegisse
2819 3173 3080 3246 quinque
3101 3173 3228 3230 dies
3252 3173 3540 3230 discimus
3560 3189 3631 3230 ex
3649 3164 3918 3226 veteribus

519 3265 700 3335 ptum.
2288 3262 2546 3320 historiae
2575 3263 2844 3336 ejusdem
2869 3263 3033 3319 urbis
3063 3263 3546 3336 centonibus,qui
3578 3261 3662 3317 sic
3685 3253 3918 3315 habent:

527 3368 784 3444 CCLXV.
835 3370 1031 3444 Tolosa;
1087 3370 1182 3427 ('at
1233 3371 1586 3444 privilegium
1643 3372 1910 3444 Belliloci.
1965 3372 2147 3428 Dedica

2289 3354 2443 3408 Anno
2495 3353 2796 3410 Dominij
2851 3353 3252 3408 Incarnationis
3301 3351 3460 3419 1096,
3512 3349 3811 3407 indictione
3856 3355 3918 3406 IV:

597 3441 878 3513 ecclesiam
907 3439 962 3498 S.
997 3439 1303 3498 Saturnini.
1337 3439 1451 3498 Lis'
1473 3445 1759 3500 canonicos
1810 3443 2004 3499 Tolosae
2033 3445 2176 3500 inter
2288 3459 2448 3498 Lxxw
2496 3443 2674 3513 Πανία,
2721 3441 2855 3496 luna
2882 3441 3036 3510 XXIV]
3065 3441 3210 3512 feria
3260 3447 3476 3510 quarta,
3507 3439 3758 3498 Urbanus
3796 3443 3918 3504 ραρο

597 3515 648 3569 et
680 3512 945 3570 Clusinos.
2287 3512 2680 3588 Carcassonam
2708 3531 2990 3602 ingressus
3030 3537 3124 3596 est,
3159 3536 3208 3584 et
3244 3529 3440 3584 missas
3469 3527 3673 3584 ibidem
3698 3520 3918 3581 celebrv

2282 3624 2392 3686 vit;
2422 3624 2570 3678 viros
2605 3629 2657 3676 et
2685 3620 2964 3692 defunctos
3012 3615 3326 3674 benedicens
3373 3618 3627 3686 absolvit,
3658 3615 3821 3672 etiam
3845 3619 3918 3662 εει

2284 3713 2467 3769 etesiae
2493 3711 2648 3767 Beati
2687 3709 2936 3776 Namrii,
2974 3707 3029 3762 id
3071 3711 3160 3762 est
3206 3707 3578 3777 cathedralis,
3613 3721 3749 3762 saxa
3778 3701 3918 3756 bem-

2283 3801 2459 3863 dixit;
2489 3816 2616 3871 quae
2649 3796 2891 3864 scilicet,
2915 3800 2982 3852 ut
3007 3797 3426 3868 interpretatur
3445 3795 3696 3862 Bcslius,
3717 3789 3788 3847 ad
3809 3799 3918 3858 per-

2284 3889 2594 3945 ﬁciendam
2625 3886 2776 3943 hanc
2807 3885 3111 3942 ecclesiam
3129 3885 3488 3958 jamdudum
3508 3889 3684 3942 antea
3707 3876 3918 3935 inchoo;

2283 3982 2426 4044 tam,
2455 3979 2658 4049 parata
2687 3975 2946 4042 fuerant”;
2977 3979 3028 4030 et
3055 3974 3404 4047 subsequenti
3425 3979 3586 4032 sexta
3611 3971 3756 4046 [cria
3776 3975 3918 4049 sape?

2286 4048 2470 4123 beatae
2485 4066 2678 4122 Mariae
2703 4081 2917 4136 semper
2942 4065 3176 4136 virginis
3216 4065 3499 4136 sanctique
3525 4056 3824 4120 Saluatoris
3849 4048 3918 4104 ali

2285 4163 2403 4211 tare
2429 4156 2626 4210 missas
2673 4154 2981 4222 celebravit,
3012 4169 3316 4210 sermonem
3354 4153 3507 4209 nobis
3551 4151 3705 4224 fecit,
3750 4153 3918 4201 camit-

2284 4246 2485 4300 terium
2509 4245 2750 4316 propriis
2775 4243 3032 4298 manibus
3072 4243 3206 4298 salis
3249 4244 3563 4315 aspersione
3593 4233 3852 4296 absolvit;
3874 4226 3918 4316 et

2284 4335 2362 4389 sic
2389 4315 2579 4390 diebus
2608 4315 2850 4405 quinque
2876 4333 3159 4389 nobiscum
3185 4340 3570 4399 commoratus,
3597 4329 3738 4386 vivis
3763 4335 3826 4378 ac
3849 4315 3918 4371 ἀι·

2283 4425 2488 4495 functis
2536 4425 2873 4492 consignatis
2927 4439 3052 4478 cum
3103 4421 3264 4477 laude
3291 4429 3340 4477 et
3366 4423 3675 4492 gratiarum
3731 4409 3918 4495 actione

595 3619 864 3676 Tolosam
896 3637 1162 3678 reversus
1192 3621 1450 3694 pontifex
1483 3619 1857 3677 Bellilocense
1890 3625 2177 3678 monaste-

523 3708 677 3767 rium
708 3710 862 3782 apud
910 3709 1270 3779 Lemovices,
1301 3711 1458 3782 quod
1510 3709 1670 3766 nulla
1717 3711 1799 3766 ibi
1849 3715 2178 3768 servaretur

523 3796 836 3870 disciplina
890 3795 1194 3870 regularis,
1254 3797 1624 3854 Cluniacensi
1682 3800 1871 3855 ordini
1930 3801 2174 3868 addixit,

521 3881 674 3942 datis
706 3902 774 3941 ea
802 3885 874 3940 de
905 3903 965 3941 re
995 3885 1208 3943 litteris
1241 3887 1312 3942 ad
1345 3892 1616 3942 sanctum
1648 3887 1951 3960 Hugonem
1985 3889 2077 3945 die
2106 3891 2176 3946 23

520 3973 700 4044 hujus
732 3973 973 4028 mensis.
1305 3988 1312 3996 ·
1454 4042 1456 4045 τ
1591 4027 1599 4035 ,

591 4063 694 4120 Die
725 4065 920 4118 autem
953 4063 1244 4134 sequenti,
1271 4062 1326 4118 id
1357 4067 1447 4120 est
1476 4081 1533 4118 IX
1555 4062 1845 4121 Kalendas
1865 4065 2044 4136 Junii,
2069 4067 2175 4123 Ur-

519 4153 708 4209 banus
739 4149 1043 4208 ecclesiam
1076 4151 1274 4207 Sancti
1323 4151 1622 4208 Saturnini
1674 4152 1731 4208 in
1780 4155 1984 4211 eadem
2033 4157 2177 4212 urbe

516 4240 855 4298 solemniter
885 4239 1190 4307 dedicavit,
1209 4244 1272 4295 ut
1303 4240 1444 4295 varii
1475 4245 1743 4297 auctores
1767 4244 2175 4325 observarunt,

516 4331 758 4403 ipseque
781 4327 1035 4401 pontifex
1057 4329 1116 4385 in
1137 4327 1300 4384 bulla
1323 4331 1391 4386 ad
1425 4330 1692 4402 ejusdem
1717 4332 1981 4389 Ecclesiae
2004 4353 2178 4394 cano-

519 4421 683 4475 nicos
713 4423 844 4492 post
873 4417 1094 4490 aliquot
1144 4436 1376 4476 menses
1407 4420 1545 4476 data
1591 4424 1846 4477 testatus
1876 4428 1982 4480 est.
2016 4425 2178 4482 Certe
2283 4425 2488 4495 functis
2536 4425 2873 4492 consignatis
2927 4439 3052 4478 cum
3103 4421 3264 4477 laude
3291 4429 3340 4477 et
3366 4423 3675 4492 gratiarum
3731 4417 3898 4500 action

519 4507 816 4565 Paschalis
851 4509 896 4563 ΙΙ
928 4509 988 4562 in
1019 4507 1266 4582 epistola
1299 4509 1366 4565 ad
1402 4511 1741 4582 Aragonum
1773 4528 1968 4584 regem
1992 4515 2072 4570 ait
2093 4533 2177 4572 ec-
2284 4513 2550 4569 discessit.
2583 4512 2687 4568 His
2715 4511 3092 4567 consentiunt
3129 4508 3356 4566 Bcslius
3408 4511 3464 4564 in
3519 4502 3774 4566 Historia
3816 4509 3918 4592 ep."

517 4597 755 4656 clesiam
791 4597 986 4654 Sancti
1021 4597 1320 4653 Saturnini
1368 4598 1440 4653 ab
1472 4597 1704 4656 Urbano
1731 4600 2034 4659 decessore
2065 4622 2171 4662 suo
2286 4619 2594 4676 scoporum
2638 4601 3229 4666 Carcassoncnsium,
3281 4605 3340 4655 et.
3395 4587 3828 4655 Sammarthani
3873 4587 3918 4636 in

515 4695 648 4744 cum
683 4687 1097 4776 septemdecim
1130 4686 1588 4776 archiepiscopis
1625 4695 1680 4744 et
1719 4690 2007 4764 episcopis
2033 4710 2167 4750 eon-
2199 4711 2246 4776 Β
2282 4691 2620 4748 earumdem
2679 4689 2940 4762 catalogo
2997 4693 3156 4744 torno
3220 4688 3268 4743 ll
3325 4687 3522 4744 Galliae
3575 4677 3918 4776 Christian?

516 4783 823 4846 secretam,
848 4781 904 4832 et
938 4774 1252 4850 privilegiis
1284 4775 1620 4848 apostolicis
1645 4779 1933 4836 munitam
1966 4781 2164 4852 fuisse,
2199 4770 2237 4776 ⁷
2279 4782 2453 4837 Porro
2487 4780 2720 4836 abbatia
2755 4781 2978 4834 Sanctae
3026 4777 3222 4832 Mariae
3271 4781 3327 4832 et
3374 4776 3572 4832 Sancti
3602 4770 3918 4830 Salvatom:

512 4873 568 4922 et
588 4866 849 4922 Amelius
871 4865 1198 4921 Tolosanus
1221 4865 1462 4920 antistes
1483 4867 1847 4922 confirmavit
1867 4869 2168 4944 privilegia

511 4973 547 5011 a
577 4955 851 5028 Gregorio
883 4955 1004 5021 VII,
1034 4955 1262 5010 Urbano
1285 4959 1335 5008 II
1365 4959 1422 5008 et
1451 4953 1710 5010 Paschali
1745 4961 1792 5012 Il
1823 4958 1887 5014 de
1918 4959 2170 5018 libertate

509 5046 749 5102 ecclesiae
790 5044 975 5100 Sancti
1015 5045 1309 5100 Saturnini
1338 5061 1634 5099 concessa.
1661 5044 1768 5100 Sed
1805 5064 1923 5102 rem
1979 5049 2166 5106 fusius

509 5133 745 5206 exponit
765 5133 988 5206 antiqui
1004 5133 1268 5189 Chronici
1297 5136 1502 5187 auctor
1525 5134 1674 5204 apud
1692 5135 1997 5209 Catullum,
2019 5139 2164 5195 libro

511 5241 550 5279 ιι
582 5223 845 5279 Historiae
870 5223 1150 5278 comitum
1173 5221 1415 5286 Tolosae,
1440 5237 1564 5294 cap.
1592 5221 1644 5292 3,
1671 5227 1728 5278 et
1753 5223 1812 5279 in
1832 5227 2165 5298 Appendice

509 5330 577 5369 ex
607 5312 796 5368 Veteri
818 5313 922 5368 cod
949 5329 1083 5374 ms.,
1107 5315 1165 5366 in
1189 5327 1305 5382 quo
1327 5309 1446 5365 haec
1479 5311 1752 5384 leguntur
1775 5330 1824 5368 τα
1849 5316 2014 5370 Anno
2046 5316 2160 5372 Do-

509 5401 654 5457 mini
678 5403 833 5470 1096,
855 5400 1172 5457 indictione
1190 5415 1262 5466 Iv,
1287 5416 1438 5455 nono
1463 5400 1940 5459 Kalendas.Junii
1967 5405 2160 5460 domi-

507 5508 621 5546 nus
650 5508 802 5563 papa
826 5489 1096 5546 L'rbanus
1120 5503 1252 5542 cum
1277 5487 1713 5563 archiepisc0po
1737 5492 2014 5548 Toletano
2037 5493 2160 5548 Ber-

502 5581 707 5647 nardo,
732 5585 789 5635 et
819 5579 1022 5633 Amato
1053 5576 1394 5650 Burdegalis
1437 5579 1870 5652 archiepiscopo
1917 5581 2156 5638 Pisano-

499 5687 612 5744 que
641 5668 1074 5739 archiepiscopo
1097 5671 1154 5722 et
1175 5667 1386 5723 Tisano
1409 5668 1748 5742 (Albancnsi)
1773 5668 2132 5744 archiepisco

495 5777 589 5844 po,
615 5757 842 5817 Gallero
867 5756 1122 5820 Albiensi
1147 5763 1204 5818 et
1225 5757 1388 5816 Petro
1411 5757 1850 5836 Pampilonensi
1877 5759 2160 5841 episcopo

2277 4872 2448 4942 cujus
2483 4869 2576 4925 hic
2605 4867 2789 4923 altare
2821 4870 3203 4933 memoratur,
3229 4865 3286 4919 in
3321 4865 3602 4920 suburbio
3627 4861 3915 4950 ϐαι-εαξεο-

2277 4957 2444 5016 nensi
2471 4959 2602 5025 sita,
2638 4955 2846 5013 saeculo
2891 4953 3160 5028 sequenti
3207 4953 3444 5008 transiit
3497 4953 3570 5010 ad
3619 4949 3916 5007 canonicos

2276 5047 2614 5114 szeeulares;
2650 5064 2777 5119 quae
2821 5048 3022 5116 postea
3052 5044 3109 5098 in
3141 5042 3544 5116 Albigensium
3577 5034 3794 5096 bellicis
3822 5032 3910 5120 tu:

2275 5138 2560 5193 mallibus
2598 5111 2917 5202 destructa,
2951 5133 3208 5199 tandem,
3237 5111 3340 5188 seu
3384 5132 3600 5204 potius,
3631 5127 3792 5182 locus
3821 5111 3911 5171 ιὼί

2273 5225 2385 5281 sita
2413 5229 2558 5294 erat,
2577 5225 2846 5280 Patribus
2876 5221 3190 5296 Capucinis
3215 5221 3520 5294 cessit,qui
3557 5217 3639 5275 ibi
3677 5219 3908 5296 convenr-

2270 5317 2396 5370 tum
2430 5292 2666 5371 habent.
2686 5312 2833 5369 Huic
2855 5292 3001 5382 loco,
3021 5311 3108 5368 uti
3129 5311 3401 5368 observat
3419 5292 3666 5372 Bcslius,
3684 5292 3912 5390 prestat

2269 5419 2422 5460 anno
2447 5404 2584 5458 1085
2605 5403 2846 5459 Pontius
2867 5401 3082 5469 abbas;
3109 5401 3208 5458 sed
3231 5417 3305 5456 an
3327 5404 3468 5456 tunc
3489 5397 3679 5455 adhuc
3701 5391 3756 5446 in
3777 5383 3910 5441 vivis

2268 5496 2442 5561 esset,
2471 5493 2707 5566 quando
2738 5490 3008 5548 Urbanus
3039 5489 3154 5546 huc
3195 5487 3462 5556 accessit,
3495 5478 3908 5570 incompel‘l/“fn

2266 5587 2373 5638 est.
2399 5583 2603 5639 Petrus
2643 5597 2776 5638 vero
2819 5579 3089 5636 Ecclesia
3117 5575 3604 5636 Carcassonensis
3631 5576 3769 5628 tunc

2267 5689 2483 5746 scopus
2515 5677 2657 5727 erat.
2685 5672 2885 5726 Exstat
2909 5669 2968 5724 in
2995 5669 3262 5741 ejusdem
3285 5668 3450 5725 urbis
3471 5659 3700 5722 dioecesi
3727 5644 3903 5754 nubi-10

2265 5763 2693 5821 monasterium
2739 5765 2926 5820 Beata:
2975 5758 3168 5821 Mariae
3214 5757 3286 5816 de
3327 5757 3567 5826 Crasse;
3597 5749 3690 5810 cui
3734 5746 3898 5804 etiam
