3962 6360
473 375 594 445 311

1802 385 1871 448 Β.
1919 382 2212 451 UHBANI
2257 383 2310 448 Il
2359 383 2601 448 ΡΛΡιΕ.

3763 380 3888 472 ω

480 512 724 584 duntur,
755 517 818 573 at
847 513 974 589 ejus
1005 515 1145 574 Acta
1193 515 1508 592 perierunt.
1570 520 1756 586 Quare
1804 523 1871 576 ut
1899 518 2120 593 aliquid
2153 523 2207 592 Α
2236 516 2432 576 Sancti
2489 516 2811 588 Saturnini,
2866 517 3192 593 Utrumque
3244 531 3350 576 suo
3408 515 3532 576 loco
3581 518 3883 576 referetur.

477 609 689 679 prater
720 610 1076 664 memoratos
1105 624 1376 674 canones,
1411 609 1509 682 qui
1561 627 1695 666 cum
1729 609 1860 666 aliis
1905 609 2123 666 Urbani

479 693 746 752 conciliis
776 694 914 752 olim
945 695 1262 762 dabuntur,
1297 697 1392 752 hic
1416 698 1814 765 exhibeamus,
1841 701 2010 770 juvat
2029 699 2124 754 hic

477 798 548 840 ea
576 783 787 839 referre
819 783 1018 855 queein
1036 786 1214 842 variis
1245 787 1503 858 antiquis
1517 787 1996 844 monumentisde
2017 787 2125 843 hac

478 871 700 946 synodo
731 873 982 945 reperire
1007 872 1190 930 licuit.
1241 875 1308 930 Et
1341 875 1527 947 primo
1570 876 1807 948 quidem
1859 875 2124 932 nonnulli

478 965 856 1019 recensentur
885 963 1175 1019 antistites
1205 981 1274 1020 ex
1302 963 1394 1020 his
1425 964 1526 1036 qui
1559 965 1939 1021 Nemausensi
1990 981 2125 1020 con-

479 1049 612 1108 cilio
642 1050 1054 1120 interfuerunt,
1075 1051 1132 1107 in
1151 1053 1352 1110 charta
1371 1053 1700 1127 Raymundi
1732 1052 1982 1122 comitis,
2010 1069 2128 1125 qua

480 1137 834 1196 monasterio
845 1140 1454 1214 SanctiEgidiivallem
1471 1142 1802 1198 Flavianum
1826 1142 2129 1197 confirma-

481 1227 586 1284 vit.
620 1227 665 1284 Ii
697 1231 836 1284 sunt
863 1229 1298 1301 metropolitani
1327 1231 1566 1286 omnino
1589 1248 1708 1292 sex,
1761 1229 2127 1286 Daimbertus

483 1317 773 1384 Pisarum,
805 1321 970 1392 Hugo
1003 1319 1292 1392 Lugduni,
1325 1321 1568 1375 Amatus
1593 1318 1940 1392 Burdigalae,
1989 1319 2125 1373 Ber-

483 1407 706 1463 nardus
735 1406 940 1474 Toleti,
975 1408 1204 1480 quitres
1225 1407 1554 1480 apostolicae
1569 1409 1724 1464 sedis
1741 1407 1914 1480 legati
1940 1411 2125 1475 erant,

482 1495 652 1568 Hugo
682 1494 1028 1552 Bisuntinus
1048 1500 1105 1552 et
1125 1496 1312 1552 Guido
1324 1495 1670 1553 Viennensis
1683 1496 2124 1568 archiepiscopi:

483 1583 740 1657 episcopi
773 1585 1035 1657 quinque
1083 1585 1328 1652 scilicet,
1389 1586 1703 1642 Gauterius
1757 1585 2126 1648 Albanensis,

483 1671 678 1729 Bruno
710 1673 1035 1746 Signensis.
1081 1674 1416 1730 Gotofridus
1468 1675 1917 1747 Magalonensis,
1965 1675 2128 1745 Hugo

478 1759 857 1834 (Humbaldus)
885 1761 1411 1819 Antissiodorensis
1421 1768 1477 1819 et
1489 1763 1866 1819 Bertramnus
1880 1763 2127 1817 Nemau-

481 1850 695 1918 sensis;
727 1850 1054 1908 cardinales
1085 1868 1200 1907 non
1217 1851 1474 1925 episcopi
1507 1852 1958 1924 quinque,inter
1977 1867 2126 1922 quos
2159 1892 2203 1958 Β

479 1942 606 1995 erat
637 1938 962 1997 Richardus
987 1941 1170 1997 abbas
1203 1941 1605 1998 Massiliensis.
1637 1941 1907 1997 Chartam
1933 1941 2122 2013 ipsam

481 2043 553 2084 ex
583 2027 1225 2103 SpicilegioAcheriano
1249 2031 1345 2086 ubi
1361 2030 1921 2103 integriorhabetur,
1946 2045 2123 2102 quam

479 2115 544 2174 in
575 2115 836 2174 conciliis
869 2118 1217 2184 Labbeanis,
1248 2119 1431 2175 habes
1463 2120 1520 2174 in
1549 2119 1900 2192 Appendice.
1951 2119 2123 2174 Porro

479 2208 603 2262 trcs
632 2205 812 2262 etiam
831 2205 977 2263 alios
1006 2207 1308 2278 episcopos
1331 2208 1637 2280 Hispanos,
1662 2207 1884 2264 scilicet
1913 2213 2124 2263 Beren-

479 2295 714 2369 garium
745 2295 1635 2366 Tarraconensem,Bernardum
1663 2297 2122 2362 Gerundensem,

480 2386 540 2442 et
565 2382 873 2442 Artaldum
902 2383 1282 2442 Helenensem
1308 2403 1322 2454 ;
1353 2391 1412 2442 et
1440 2385 1683 2442 totidem
1725 2387 1988 2453 abbates,
2019 2385 2116 2440 Pc-

478 2477 639 2530 trum
687 2475 1102 2545 Coxanensem,
1152 2475 1530 2532 Benedictum
1579 2474 2018 2532 Balneolensem
2067 2479 2126 2530 et

477 2561 840 2620 Bernardum
854 2563 1304 2637 Rivipollensem
1330 2565 1400 2620 ad
1413 2565 1679 2621 eamdem
1692 2565 1913 2638 synodu
1923 2581 1979 2620 m
1993 2581 2126 2620 con-

475 2651 709 2710 venisse
721 2651 922 2709 scribit
934 2653 1138 2710 Petrus
1168 2653 1446 2710 deMarca
1475 2653 1534 2708 in
1567 2655 1762 2710 Mai-ca
1789 2653 2124 2726 Hispanica,

477 2742 588 2800 col.
622 2743 727 2798 472
755 2745 812 2798 et
839 2757 909 2798 ex
935 2758 1002 2798 eo
1035 2741 1348 2798 cardinalis
1368 2742 1643 2815 Aguirius
1671 2747 1790 2798 tom
1827 2743 1901 2799 lll
1933 2743 2126 2799 Conci-

474 2829 692 2888 liorum
721 2829 1032 2904 Hispaniis.
1063 2832 1131 2886 At
1161 2831 1360 2904 plures
1377 2848 1445 2887 ex
1471 2831 1659 2902 ipsius
1689 2831 1902 2888 Urbani
1937 2831 2122 2904 diplo-

477 2923 635 2978 mate
661 2918 719 2976 in
768 2935 946 2976 causa
986 2919 1245 2994 episcopi
1292 2919 1563 2976 Tolosani
1609 2925 1665 2976 et
1707 2920 2123 2977 canonicorum

479 3009 541 3068 S.
575 3008 878 3066 Saturnini
910 3009 1046 3066 dato
1074 3007 1379 3064 habemus.
1400 3008 1546 3064 Nam
1565 3009 1886 3080 ibi,pra3ter
1899 3015 2122 3082 septem

479 3093 962 3169 metropolitanos
990 3111 1170 3168 supra
1198 3101 1572 3164 memoratos,
1619 3095 1715 3152 alii
1751 3101 1867 3152 tres
1897 3097 2119 3154 archie-

479 3182 730 3259 piscopi,
786 3199 996 3256 nempe
1043 3182 1330 3241 Radulfus
1389 3185 1767 3253 Turonensis,
1820 3185 2122 3243 Gibelinus

477 3271 858 3341 Arelatensis,
873 3273 1374 3330 etEbredunensis
1403 3273 1802 3343 nominantur,
1827 3291 1974 3346 quos
1991 3292 2123 3331 cum
2157 3261 2199 3328 C

481 3365 745 3437 episcopis
776 3370 830 3419 et
854 3361 1140 3419 abbatibus
1170 3363 1241 3417 86
1285 3362 1475 3418 eidem
1525 3361 1768 3418 concilio
1815 3368 2129 3436 praesentes

484 3453 670 3510 fuisse
699 3455 948 3509 testatur
977 3451 1255 3524 pontifex.
1301 3451 1564 3507 Aliorum
1613 3451 1852 3508 nomina
1899 3469 1968 3508 ex
1995 3452 2126 3509 aliis

479 3541 898 3611 monumentis,
922 3557 1172 3614 quorum
1188 3541 1469 3597 nonnulla
1481 3559 1606 3614 quae
1637 3547 1956 3614 supersunt
1976 3541 2127 3598 infra

475 3633 874 3701 laudabimus,
933 3631 1057 3688 erui
1119 3634 1411 3702 poterunt.
1471 3629 1632 3686 Certe
1670 3629 1916 3702 exempli
1947 3646 2126 3687 causa

475 3739 670 3793 nemo,
703 3726 770 3779 ut
801 3721 1040 3794 quidem
1084 3719 1230 3775 mihi
1287 3719 1540 3785 videtur,
1601 3719 1837 3790 negabit
1889 3718 2122 3775 Ivonem

473 3817 866 3872 Carnotenum
896 3809 1085 3866 eidem
1115 3806 1360 3864 concilio
1391 3806 1744 3874 interfuisse,
1777 3805 1874 3879 qui
1927 3808 2120 3880 seipso

466 3905 617 3960 teste
644 3901 706 3956 in
725 3897 991 3972 epistolis
1015 3895 1572 3968 superiuslaudatis,
1605 3895 1960 3968 colloquium
1978 3901 2118 3953 tunc

465 3989 750 4063 temporis
779 4004 915 4045 cum
947 3985 1180 4042 Urbano
1197 3983 1401 4041 habuit
1419 3984 1572 4058 apud
1592 3985 2113 4058 Montempessula-

465 4097 610 4138 num
638 4079 710 4135 de
761 4075 1043 4135 electione
1098 4071 1393 4129 Guillelmi
1425 4073 1484 4130 in
1543 4073 1931 4131 Parisiensem
1991 4074 2111 4146 epi-

463 4185 730 4244 scepum.

534 4261 658 4326 Quo
689 4261 888 4314 autem
917 4255 1008 4311 die
1037 4251 1338 4326 incoeperit
1368 4252 1454 4308 vel
1487 4251 1756 4309 absoluta
1804 4251 1980 4308 fuerit
2009 4250 2111 4308 illa

463 4348 746 4424 synodus,
778 4362 969 4415 nemo,
1001 4343 1158 4416 quod
1191 4343 1428 4416 quidem
1452 4342 1654 4409 sciam,
1691 4341 1905 4398 diserte
1936 4341 2110 4398 adno-

460 4435 624 4496 tavit.
655 4439 728 4492 At
744 4433 1076 4508 pontiﬁcem
1100 4437 1260 4489 sexta
1288 4431 1382 4487 die
1401 4431 1620 4488 mensis
1649 4429 1788 4486 Julii
1807 4430 1925 4500 jam
1951 4431 2108 4501 apud

461 4528 822 4586 Nemausum
850 4523 1143 4580 exstitisse
1190 4539 1259 4578 ex
1291 4519 1628 4578 domesticis
1675 4519 1928 4575 ecclesiae
1979 4519 2105 4590 ejus

459 4617 626 4675 urbis
652 4612 1004 4672 cathedralis
1033 4608 1442 4668 instrumentis
1473 4608 1775 4672 discimus,
1799 4607 1856 4662 in
1888 4607 2104 4678 quibus
2137 4626 2180 4689 υ

457 4723 588 4765 eam
617 4703 925 4762 ecclesiam
946 4699 1306 4773 hacipsadie
1335 4699 1407 4754 ab
1441 4697 1670 4754 Urbano
1701 4699 2098 4752 consecratam

454 4797 638 4852 fuisse
653 4790 1219 4868 legitur,astantibus
1232 4785 1634 4858 compluribus
1651 4783 2102 4856 archiepiscopis

455 4889 513 4942 et
541 4881 852 4956 episcopis,
893 4896 1027 4936 cum
1085 4877 1297 4933 comite
1355 4873 1715 4946 Raymundo.
1772 4873 1937 4928 Forte
1993 4871 2099 4928 hac

455 4971 825 5030 solemnitate
850 4965 1359 5041 synodusinitium
1388 4963 1639 5036 accepit;
1660 4966 1813 5016 certe
1841 4978 1918 5016 vn
1939 4961 2096 5030 Idus,

451 5061 512 5118 id
545 5065 633 5117 est
659 5059 752 5115 die
779 5060 813 5114 8
840 5055 982 5114 Julii
1012 5055 1071 5111 in
1113 5071 1180 5110 ea
1212 5057 1406 5109 actum
1461 5055 1549 5106 est
1575 5051 1648 5104 de
1704 5049 2098 5106 controversia

453 5167 582 5226 quae
615 5139 1876 5221 interepiscopumTolosanumetcanonicos
1898 5138 2093 5194 Sancli

450 5239 748 5298 Saturnini
770 5235 1124 5310 jamdudum
1155 5231 1506 5295 vertebatur,
1541 5243 1806 5299 quisque,
1841 5233 1904 5282 ut
1932 5231 2104 5283 testa-

451 5336 554 5389 tur
581 5327 975 5403 ipsepontifex
997 5325 1054 5378 in
1087 5314 1782 5394 superiuslaudatabulla
1803 5317 1893 5373 die
1910 5333 1944 5372 v
1967 5317 2102 5374 ldus

452 5421 718 5494 ejusdem
753 5416 972 5474 mensis
1005 5418 1133 5485 post
1183 5409 1371 5464 varias
1414 5406 1818 5462 altercationes
1861 5406 2102 5463 deﬁnita

452 5511 581 5568 fuit.
643 5510 850 5564 Totam
907 5518 1039 5558 vero
1083 5499 1262 5570 hujus
1317 5495 1716 5551 controversia:
1763 5497 1972 5552 seriem
2005 5495 2099 5552 hic

451 5611 737 5672 exponere
770 5593 986 5664 superll
999 5607 1134 5644 uum
1153 5593 1326 5653 esset,
1344 5603 1409 5641 cu
1420 5603 1474 5640 Ill
1493 5584 1775 5641 habeatur
1795 5585 1852 5640 in
1866 5585 2098 5640 laudato

451 5687 665 5744 Urbani
699 5681 1036 5753 diplomate,
1069 5684 1118 5734 et
1155 5679 1211 5735 in
1233 5675 1346 5732 alia
1367 5675 1492 5748 ejus
1512 5674 1670 5731 bulla
1691 5675 1760 5731 ad
1786 5675 2096 5731 canonicos

2232 611 2513 664 Caeterum
2542 608 2756 664 Urbani
2775 609 2996 680 judicio
3019 625 3166 681 aegre
3183 608 3555 665 consensisse
3570 606 3886 664 canonicos

2233 697 2491 752 ecclesiae
2523 697 2873 754 cathedralis
2904 697 3202 754 Tolosanie
3233 700 3394 770 patet
3433 713 3503 753 ex
3531 697 3709 754 veteri
3751 695 3887 754 illo-

2235 803 2366 842 rum
2399 786 2468 841 de
2500 787 2699 842 eadem
2739 803 2798 842 re
2845 787 3257 850 instrumento,
3321 787 3476 859 quod
3525 785 3804 851 Catellus,
3833 791 3888 841 et

2236 878 2366 947 post
2395 891 2526 929 eum
2563 875 2998 931 Labbeustomo
3028 875 3075 930 Χ
3103 873 3490 930 Conciliorum
3514 875 3768 938 edidere,
3789 873 3888 930 ubi

2235 961 2519 1018 Calixtum
2552 963 2602 1018 Il
2636 963 2991 1035 pontificem,
3035 963 3134 1035 qui
3186 963 3566 1019 Nemausensi
3618 963 3884 1030 concilio,

2235 1055 2360 1106 tum
2394 1050 2868 1124 archiepiscopus
2898 1051 3272 1117 Viennensis,
3305 1051 3667 1118 interfuerat,
3709 1053 3885 1108 indu-

2235 1145 2377 1196 cunt
2431 1138 2512 1194 ita
2584 1157 2652 1196 ea
2699 1141 3124 1196 disserentem:
3202 1143 3324 1210 Ego
3381 1142 3442 1196 in
3497 1143 3726 1198 concilio
3782 1143 3884 1198 Ne-

2233 1230 2538 1284 mausensis
2595 1229 2652 1285 in
2685 1245 2788 1300 quo
2839 1229 3094 1286 dominus
3135 1230 3384 1287 Urbanus
3441 1246 3588 1302 papa
3628 1232 3886 1303 praefuit,

2234 1334 2359 1372 cum
2389 1318 2582 1373 multis
2603 1319 2734 1373 aliis
2765 1320 3017 1390 interfui,
3067 1319 3254 1391 ibique
3307 1321 3530 1376 clericos
3569 1319 3759 1376 Sancti
3787 1320 3886 1377 Sa-

2237 1407 2455 1462 turnini
2481 1407 2769 1463 dominum
2792 1423 2997 1480 papam
3027 1407 3470 1479 interpellantem
3495 1407 3720 1471 audivi;
3752 1425 3887 1481 qua-

2236 1503 2394 1550 tenus
2421 1499 2679 1568 quartam
2700 1505 2918 1568 partem
2974 1497 3315 1553 oblationum
3361 1497 3558 1553 altaris
3602 1497 3748 1553 beati
3787 1499 3888 1553 Sa-

2236 1586 2453 1639 turnini
2475 1587 2719 1657 episcopo
2779 1588 2986 1650 Isarno,
3049 1592 3143 1657 qui
3171 1589 3303 1640 tunc
3357 1589 3612 1657 temporis
3668 1603 3792 1641 eam
3831 1589 3890 1641 in

2235 1672 2480 1728 dominio
2509 1690 2609 1730 suo
2637 1675 2872 1741 tenebat,
2935 1675 3200 1745 auferret,
3231 1677 3280 1730 et
3334 1674 3444 1730 sibi
3471 1675 3660 1736 daret;
3712 1679 3765 1732 et
3795 1675 3888 1730 do-

2237 1763 2419 1817 minus
2445 1780 2589 1834 papa
2614 1765 2968 1834 petitionibus
2995 1779 3184 1819 eorum
3201 1763 3555 1820 condescemli
3581 1763 3886 1831 videbatur,

2237 1851 2434 1922 quibus
2457 1853 2734 1923 episcopus
2764 1852 2984 1908 Isarnus
3007 1853 3442 1921 magnanimiter
3469 1851 3886 1920 resistebat,etc,

2231 1943 2377 1994 Tum
2410 1941 2780 2014 subjungunt
2810 1940 3133 1996 Guidonem
3169 1941 3365 2013 ipsum
3399 1957 3534 1996 cum
3566 1939 3745 1996 fratre
3783 1957 3887 1996 suo

2233 2025 2668 2101 archiepiscopo
2726 2023 3052 2095 Briassensi,
3115 2028 3428 2102 legendum
3495 2031 3886 2092 Bisontinensi,

2232 2117 2416 2173 Isarni
2450 2125 2644 2190 partes
2673 2117 2902 2192 egregie
2933 2119 2994 2173 in
3027 2119 3157 2190 ipsa
3171 2119 3392 2192 synodo
3416 2117 3889 2187 sustinuisse,ita

2236 2210 2300 2262 ut
2326 2205 2480 2263 idem
2516 2208 2752 2265 Isarnus
2781 2208 3016 2265 nonnisi
3048 2213 3180 2280 post
3204 2207 3540 2264 absolutum
3572 2207 3885 2264 concilium

2235 2295 2449 2352 Urbani
2471 2297 2696 2368 judicio
2727 2297 3111 2366 consenserit,
3136 2297 3424 2370 promisso
3454 2296 3506 2353 ei
3539 2297 3693 2370 quod
3725 2297 3886 2356 decc-

2231 2385 2396 2440 clesia
2427 2386 2615 2441 Sancti
2635 2386 2931 2442 Saturnini
2959 2402 3169 2457 semper
3185 2403 3311 2441 cum
3331 2387 3447 2442 suis
3472 2387 3677 2442 victum
3724 2386 3888 2444 habe-

2232 2475 2332 2541 ret,
2366 2474 2504 2545 quod
2532 2477 2584 2530 et
2602 2475 2734 2530 dum
2761 2477 2904 2532 vixit
2921 2475 3133 2531 habuit.
3168 2475 3448 2532 Fatentur
3476 2479 3670 2532 tamen
3703 2475 3886 2533 iidem

2233 2562 2494 2618 canonici
2513 2563 2903 2634 quod,rursus
2915 2563 3247 2620 examinata
3267 2564 3640 2636 postmodum
3660 2563 3721 2620 in
3739 2582 3881 2638 prac-

2233 2651 2424 2706 sentia
2456 2651 2768 2724 ipsiusmet
2793 2652 2998 2710 Calixti
3031 2653 3143 2710 ista
3172 2653 3587 2720 controversia,
3635 2653 3886 2712 ecclesia

2232 2739 2584 2796 cathedralis
2641 2745 2773 2813 post
2827 2741 3018 2798 varias
3076 2741 3540 2798 concertationes
3597 2757 3667 2798 ea
3726 2743 3800 2800 de
3829 2759 3888 2798 re

2234 2827 2437 2884 multis
2461 2830 2521 2884 in
2547 2828 2690 2886 locis
2720 2829 2952 2887 habitas
2983 2829 3129 2886 nihil
3161 2830 3421 2888 obtinere
3451 2831 3806 2904 potuerit.At
3829 2831 3883 2887 id

2232 2909 2596 2990 negligentiie
2627 2919 2906 2992 episcopi,
2942 2919 3042 2992 qui
3075 2925 3216 2976 tunc
3266 2919 3535 2976 Ecclesia
3584 2919 3886 2978 Tolosanae

2232 3012 2492 3078 praeerat,
2519 3008 2898 3066 tribuendum
2927 3025 3055 3066 esse
3085 3013 3434 3067 asschrant.
3490 3008 3602 3066 Sed
3647 3011 3722 3066 ad
3749 3027 3881 3068 con-

2230 3095 2434 3152 cilium
2466 3101 2848 3154 revertamur.

2307 3221 2370 3277 In
2401 3237 2467 3278 eo
2497 3223 2840 3279 confirmata
2855 3228 2996 3279 sunt
3007 3223 3206 3278 omnia
3218 3221 3520 3296 privilegia
3533 3224 3746 3295 etjura
3757 3241 3880 3298 quae

2237 3308 2505 3366 Urbanus
2533 3316 2590 3368 et
2620 3312 3000 3384 Raymundus
3027 3327 3224 3366 comes
3243 3310 3432 3367 eidem
3465 3310 3662 3368 Sancti
3684 3313 3882 3370 Satur-

2237 3397 2359 3454 nini
2390 3399 2648 3456 ecclesize
2681 3401 2739 3454 in
2770 3401 2898 3470 ejus
2928 3399 3293 3456 dedicatione
3316 3399 3700 3457 indulserant.
3723 3404 3880 3469 Quod

2235 3503 2350 3543 non
2383 3488 2574 3544 solum
2606 3505 2674 3544 ex
2705 3487 3020 3560 pontiﬁciis
3044 3487 3247 3557 bullis,
3281 3489 3380 3544 sed
3413 3489 3590 3544 etiam
3640 3505 3714 3544 ex
3757 3490 3885 3548 aliis

2231 3577 2528 3632 veteribus
2583 3576 2992 3632 instrumentis
3051 3581 3296 3633 constat.
3352 3581 3505 3632 Duas
3559 3593 3629 3633 ea
3695 3579 3769 3635 de
3825 3596 3886 3634 re

2232 3663 2467 3720 chartas
2496 3664 2728 3721 exhibet
2759 3664 3014 3720 Catellus
3044 3665 3103 3719 in
3123 3665 3376 3721 Historia
3407 3664 3687 3722 comitum
3722 3668 3886 3724 Tolo-

2229 3768 2530 3820 sanorum,
2566 3752 2623 3806 in
2653 3770 2904 3824 quarum
2943 3751 3120 3824 priori
3171 3754 3528 3810 Bertrandus
3570 3771 3770 3813 comes
3803 3757 3884 3813 sic

2227 3840 2508 3908 decernit,
2542 3857 2674 3913 pag.
2711 3841 2848 3896 153:
2884 3839 3200 3896 Ecclesiam
3232 3841 3428 3896 Sancti
3479 3842 3782 3900 Saturnini
3819 3846 3883 3900 li-

2227 3931 2412 3988 beram
2458 3929 2525 3984 ab
2567 3930 2820 3986 omnibus
2867 3934 3066 3996 statuo,
3115 3932 3255 3986 sicut
3311 3931 3506 3986 melius
3560 3932 3723 3990 illam
3749 3936 3879 4006 fecit

2223 4021 2457 4076 liberam
2481 4036 2626 4090 papa
2688 4019 2936 4075 Urbanus
2984 4034 3106 4073 cum
3162 4021 3278 4075 suis
3322 4021 3608 4092 episcOpis,
3635 4022 3701 4091 iet
3721 4027 3878 4096 pater

2220 4124 2374 4166 meus
2408 4107 2761 4178 Raymundus
2789 4123 2965 4162 comes
2994 4109 3055 4162 in
3109 4111 3516 4165 consecralione
3570 4111 3746 4182 ipsius
3791 4129 3872 4168 ec-

2217 4199 2419 4265 clesiae,
2451 4200 2502 4252 et
2526 4197 2586 4251 in
2611 4197 2842 4252 concilio
2870 4198 3246 4254 Nemausensi.
3283 4199 3438 4254 [dem
3463 4198 3726 4256 omnimo
3766 4200 3868 4257 ha-

2218 4287 2334 4356 bet,
2368 4303 2499 4358 pag.
2535 4285 2660 4351 463,
2692 4285 3032 4342 Willelmus
3079 4302 3276 4342 comes
3335 4286 3694 4344 Pictavensis
3737 4307 3872 4345 cum

2217 4391 2396 4430 uxore
2427 4391 2536 4430 sua
2550 4373 2860 4447 Philippis,
2882 4374 2940 4429 in
2965 4374 3147 4430 altera
3161 4373 3384 4432 charta.
3415 4393 3542 4446 qua:
3559 4393 3713 4433 anno
3735 4378 3756 4434 -Ι
3769 4379 3875 4434 098

2215 4464 2352 4520 data
2381 4468 2491 4520 est.

2287 4578 2383 4634 Dic
2404 4578 2656 4642 vuldus,
2677 4577 2731 4631 id
2764 4576 3286 4644 est9,Juliiactum
3319 4583 3408 4635 est
3437 4579 3495 4635 in
3527 4581 3854 4636 conciliode

2210 4666 2601 4724 controversia
2630 4665 2780 4720 inter
2823 4665 3187 4738 Figiacenses
3239 4672 3295 4722 et
3325 4666 3696 4724 Conchenses
3743 4686 3863 4724 mo-

2211 4755 2428 4812 nachos
2486 4753 2788 4810 occasione
2843 4755 3270 4824 conjunctionis
3329 4755 3495 4811 factis
3546 4756 3855 4814 amborum

2211 4843 2697 4901 monasteriorum
2721 4843 2830 4899 sub
2863 4843 3034 4900 unico
3076 4843 3287 4901 abbate
3336 4848 3512 4915 mota,
3563 4863 3691 4918 quae
3723 4847 3864 4902 unio

2208 4933 2528 4990 mu'torum
2558 4932 2936 4988 dissidiorum
2969 4932 3132 5005 origo
3170 4932 3378 4988 fuerat.
3411 4933 3558 4999 Quid
3589 4949 3660 4990 ea
3700 4935 3773 4991 de
3806 4952 3864 4991 re

2206 5023 2278 5079 ab
2309 5022 2541 5078 Urbano
2589 5021 2881 5076 sancitum
2941 5020 3002 5077 in
3033 5018 3276 5078 concilio
3333 5022 3528 5088 fuerit,
3593 5023 3861 5080 dicemus

2205 5112 2376 5172 infra,
2411 5111 2506 5166 ubi
2543 5111 2752 5178 deejus
2780 5109 3060 5181 rescripto
3085 5111 3239 5182 apud
3265 5109 3489 5166 Vallem
3524 5111 3860 5168 Flavianum

2211 5219 2277 5257 ea
2309 5202 2612 5258 occasione
2643 5199 2778 5253 dato
2807 5198 3097 5270 agendum
3130 5199 3256 5254 erit.

2280 5317 2379 5373 Dic
2414 5319 2478 5372 12
2505 5313 2648 5372 Julii
2677 5313 2952 5370 laudatus
2982 5330 3178 5370 comes
3209 5314 3615 5388 Raymundus,
3666 5332 3859 5372 coram

2209 5406 2481 5480 pontiﬁce
2493 5409 2548 5460 et
2562 5403 2831 5459 universo
2845 5401 3091 5458 concilio
3103 5401 3326 5460 Vallem
3357 5403 3713 5471 Flavianum,
3727 5419 3858 5460 cum

2209 5495 2484 5551 omnibus
2514 5491 2837 5548 honoribus
2859 5495 2914 5547 et
2931 5492 3635 5564 consuetudinibus,quas
3661 5493 3719 5550 in
3735 5493 3862 5564 ipsa

2215 5585 2355 5639 Villa
2389 5582 2660 5637 Flaviana
2689 5583 2737 5635 et
2767 5581 3092 5636 e.rlrinsecis
3121 5585 3234 5636 tam
3255 5582 3402 5653 juste
3447 5597 3614 5654 quam
3661 5582 3861 5652 injuste

2207 5675 2451 5740 tenerat,
2485 5667 2707 5726 Odiloni
2744 5669 2938 5724 abbati
2971 5674 3028 5725 et
3058 5671 3410 5727 monasterio
3440 5670 3630 5727 Sancti
3670 5669 3854 5742 Egidii
