3962 6410
160 433 308 499 143

1786 444 1968 510 VITA
1981 486 1993 504 .

3442 424 3443 429 χ
3472 437 3588 524 1M

186 571 437 646 dimisit,
468 576 555 637 uti
583 583 742 654 patet
768 595 838 640 ex
867 581 1128 656 ejusdem
1161 583 1393 643 comitis
1409 583 1822 649 instrumento,
1854 581 1911 649 Α
1954 594 2133 640 causa
2151 584 2273 642 haec
2295 586 2784 663 Gerardoinjuria
2812 581 2973 647 illata
2995 587 3187 657 fuerit,
3215 602 3319 643 nec
3350 582 3427 663 ibi
3484 592 3587 635 nec

186 671 247 725 et
272 667 494 727 Urbani
525 670 687 729 bulla
711 670 855 730 illud
887 675 1309 733 conﬁrmantis.

255 759 477 816 Eodem
509 762 624 818 fere
656 764 830 819 modo
855 764 1136 821 satisfecit
1161 767 1546 838 Berengarius
1565 768 1835 822 Tarraco-

186 849 393 906 nensis
427 851 674 909 antistes
713 853 1004 910 Bernardo
1060 856 1257 911 abbati
1305 855 1705 928 Rivipullensi,
1733 857 1830 928 qui

186 938 471 995 adversus
509 939 849 1013 episcopum
877 943 1143 1016 querelas
1173 946 1244 1001 ad
1277 944 1588 1001 concilium
1621 945 1838 1001 detule-

185 1032 296 1095 rat,
312 1029 469 1100 quod
488 1029 731 1102 insuper
745 1031 962 1088 habitis
975 1033 1133 1090 sedis
1155 1033 1484 1106 apostolicae
1496 1034 1834 1107 privilegiis,

184 1116 468 1174 ecclesias
510 1118 896 1192 Rivipullensi
929 1122 1285 1179 monasterio
1333 1124 1625 1195 subjectas
1655 1123 1837 1179 inter-

190 1206 456 1262 dixisset.
492 1207 879 1279 Berengarius
911 1211 1128 1283 quippe
1158 1211 1268 1268 hoc
1312 1229 1373 1268 se
1402 1212 1587 1268 inscio
1618 1212 1836 1267 factum

187 1295 373 1351 fuisse
417 1295 754 1352 declaravit.
794 1298 962 1354 Forte
990 1299 1047 1355 id
1082 1301 1338 1356 fecerant
1393 1318 1459 1356 eo
1506 1300 1838 1355 inconsulto

188 1383 383 1440 clerici
414 1385 829 1453 Ausonienses,
865 1388 925 1443 in
958 1405 1207 1460 quorum
1250 1389 1504 1457 dioecesi,
1536 1389 1705 1445 hodie
1733 1389 1837 1444 Vi-

183 1473 372 1540 censi,
407 1490 535 1546 quae
566 1476 986 1533 Tarraconensi
1017 1477 1276 1534 ecclesiae
1308 1483 1449 1534 tunc
1502 1479 1665 1534 unita
1693 1482 1836 1544 erat,

182 1562 371 1618 situm
403 1567 495 1619 est
540 1561 935 1636 Rivipullense
969 1569 1411 1624 monasterium.
1447 1570 1636 1634 Quare
1697 1567 1840 1623 satis

185 1651 297 1707 fuit
317 1651 589 1724 episcopo
613 1653 871 1725 polliceri
903 1671 1031 1711 sese
1054 1657 1124 1712 de
1149 1660 1354 1712 caetero
1380 1655 1682 1728 privilegia
1704 1673 1838 1728 apo-

181 1739 394 1797 stolica
410 1740 657 1797 fideliter
679 1744 1132 1800 oustoditurum.
1154 1744 1212 1800 Id
1238 1751 1433 1801 narrat
1449 1746 1843 1802 illust.Petrus

183 1828 259 1885 de
278 1829 476 1885 Marce
500 1829 650 1886 libro
679 1849 731 1887 IV
755 1832 958 1887 Marcze
993 1833 1342 1907 Hispanicze,
1379 1839 1431 1891 et
1459 1852 1527 1890 ex
1557 1852 1622 1890 eo
1655 1835 1840 1891 cardi-

1941 663 2011 732 in
2044 676 2174 736 aliis
2203 678 2466 753 epistolis
2486 683 2528 736 t.
2545 683 2595 735 V
2614 677 3061 759 Baluzianorum
3084 674 3589 735 Miscellaneorum

1943 767 2119 824 editis
2137 786 2390 841 usquam
2415 770 2777 842 exprimitur.
2800 768 3217 825 Malbranchus
3248 767 3347 835 ait,
3374 765 3593 824 librorx

1943 857 2024 914 De
2037 856 2301 929 Morinis,
2317 876 2442 932 cap.
2481 861 2536 924 7,
2551 859 2873 915 Gerardum
2895 860 2965 914 de
2976 857 3238 914 Simonia
3253 860 3591 912 accusatum

1944 946 2148 1011 fuisse,
2186 963 2251 1001 ac
2309 947 2480 1002 etiam
2537 947 2866 1003 convictum
2912 947 3067 1019 quod
3098 945 3364 1016 pecunia,
3398 945 3498 1001 sed
3526 961 3593 1000 eo

1943 1033 2148 1093 inscio.
2184 1035 2256 1091 ad
2288 1036 2723 1107 procurandum
2755 1035 2807 1091 ei
2838 1035 2999 1090 hunc
3030 1035 3431 1107 episcopatum
3456 1034 3597 1088 data

1945 1123 2139 1179 fuerit.
2158 1127 2298 1179 Rem
2323 1124 2581 1196 apertius
2598 1125 2834 1197 eXponit
2858 1130 3061 1179 auctor
3078 1123 3221 1178 Vitae
3250 1123 3405 1178 beati
3417 1122 3592 1179 Joan-

1918 1234 1923 1239 ·
1945 1211 2058 1279 nis,
2075 1213 2175 1284 qui
2196 1213 2451 1268 Gerardo
2475 1213 2532 1268 in
2555 1231 2622 1269 ea
2643 1215 2780 1269 sede
2804 1212 3106 1269 successit.
3131 1213 3235 1268 Hic
3267 1228 3476 1283 nempe
3517 1211 3596 1266 ait

1946 1302 2267 1357 Gerardum
2301 1319 2336 1357 a
2357 1301 2515 1358 clero
2546 1302 2782 1374 quidem
2808 1302 3058 1359 electum
3088 1306 3147 1357 et
3177 1320 3211 1356 a
3241 1300 3455 1374 populo
3505 1317 3595 1356 ex-

1948 1390 2193 1462 petitum
2250 1390 2467 1458 fuisse;
2512 1391 2610 1447 sed
2667 1391 2821 1464 regis
2870 1408 3179 1447 assensum
3230 1407 3296 1446 eo
3355 1390 3593 1462 quidem

1946 1478 2155 1545 inscio,
2173 1480 2436 1551 pactione
2455 1480 2712 1551 pecuniae
2733 1480 3034 1535 obtentum
3059 1481 3258 1541 fuisse,
3286 1496 3463 1551 quam
3497 1497 3593 1551 pe-

1950 1568 2183 1624 cuniam
2213 1569 2503 1624 Gerardus
2534 1573 2735 1640 postea
2765 1569 2982 1640 solvere
3015 1573 3250 1623 coactus
3290 1568 3497 1623 fuerat.
3534 1568 3592 1622 ld

1949 1656 2148 1728 procul
2178 1657 2355 1712 dubio
2381 1638 3084 1730 ignoraverat’Gregorius
3112 1657 3232 1719 VII,
3261 1657 3359 1728 qui
3390 1657 3493 1711 lib.
3530 1675 3591 1722 ιι,

1950 1744 2119 1817 epist.
2147 1747 2172 1801 1
2200 1747 2447 1802 Roberto
2468 1746 2747 1803 Flandrim
2780 1746 2976 1802 comiti
2999 1746 3320 1802 Gerardum
3339 1746 3598 1801 canonice

1950 1836 2177 1891 electum
2223 1843 2272 1890 et
2301 1852 2401 1907 per
2457 1837 2653 1891 ostium
2709 1835 2768 1890 in
2827 1834 2974 1890 ovile
3016 1834 3229 1890 Christi
3262 1834 3595 1907 ingressum

185 1916 345 2024 nalis
375 1917 651 2024 {tguirius
681 1923 843 2021 temo
874 1923 948 1977 Ill
983 1922 1378 1980 Conciliorum
1428 1924 1736 1996 Hispaniae.
1773 1927 1843 1980 At
1871 1958 1919 2024 B
1953 1925 2403 1979 commendavit.
2429 1925 2500 1980 Ut
2525 1930 2586 1980 ut
2608 1926 2705 1991 sit;
2720 1941 2958 1980 causam
2991 1925 3119 1996 ejus
3147 1923 3402 1994 episcopi
3429 1923 3600 1993 judi—

185 2004 360 2080 plura
385 2007 680 2064 habentur
707 2008 768 2064 in
788 2011 964 2066 veteri
989 2012 1256 2083 ejusdem
1277 2011 1386 2068 loci
1412 2012 1689 2083 Historia,
1715 2030 1840 2084 quae

82 2139 95 2146 -
188 2096 348 2153 edita
377 2101 467 2152 est
516 2098 575 2152 in
633 2099 965 2171 Appendice
1016 2101 1284 2172 ejusdem
1317 2102 1524 2158 Marem
1574 2103 1843 2173 Hispan.,

189 2202 357 2241 num.
409 2187 496 2242 44.
532 2187 914 2258 Berengarius
975 2189 1209 2263 quippe,
1242 2196 1309 2246 ut
1366 2191 1447 2246 ibi
1503 2192 1738 2260 dicitur,
1774 2207 1845 2245 ne

189 2273 333 2347 quid
365 2274 556 2331 simile
604 2276 661 2330 in
696 2281 996 2348 posterum
1055 2283 1464 2345 attentaretur,
1507 2278 1842 2336 monasterii

183 2362 491 2437 privilegia
547 2364 812 2429 laudavit,
863 2369 1231 2424 corroboravit
1287 2377 1339 2424 et
1381 2371 1611 2440 propria
1674 2384 1847 2424 manu

187 2451 452 2523 firmavit,
493 2452 645 2508 facta
674 2470 741 2509 ea
770 2454 841 2510 de
868 2469 927 2510 re
959 2455 1181 2512 charta.
1216 2460 1285 2512 Et
1315 2457 1491 2529 paulo
1527 2462 1661 2530 post
1690 2458 1845 2512 idem

187 2539 376 2596 abbas
406 2540 738 2598 Bernardus
768 2541 1071 2615 Urbanum
1101 2546 1170 2600 ad
1206 2547 1633 2601 monasterium
1653 2545 1845 2601 Sancti

189 2629 376 2699 Egidii
400 2635 639 2687 secutus
664 2632 845 2689 fuisse
871 2633 1226 2699 dicitur,ubi
1262 2635 1495 2708 insigne
1529 2636 1601 2691 ab
1633 2652 1698 2691 eo
1729 2633 1847 2707 pri-

187 2718 471 2791 vilegium
493 2720 762 2788 obtinuit,
788 2738 903 2795 quo
934 2723 1132 2779 omnia
1162 2725 1291 2796 ejus
1310 2725 1451 2795 jura
1475 2730 1530 2781 et
1550 2727 1704 2781 bona
1718 2742 1852 2782 con-

195 2807 538 2863 ﬁrmantur.

266 2895 639 2969 Conquestus
686 2899 861 2955 etiam
932 2905 1021 2955 est
1077 2900 1136 2956 in
1187 2902 1407 2976 synodo
1465 2906 1847 2960 Nemausensi

193 2985 363 3059 Hugo
388 2985 659 3057 Lugduni
693 2988 934 3045 antistes
965 2991 1246 3047 adversus
1306 2992 1639 3049 Ricberium
1672 2999 1846 3051 Seno-

199 3089 442 3130 nensem
468 3076 998 3148 metropolitanum,
1015 3080 1112 3151 qui
1133 3082 1396 3137 nondum
1426 3083 1635 3138 adduci
1654 3088 1850 3155 potue-

199 3167 291 3218 rat
310 3165 573 3235 ut,juxta
588 3164 965 3224 conciliorum
991 3171 1370 3226 Arvernensis
1403 3175 1459 3226 et
1490 3172 1847 3228 Turonensis

198 3251 452 3318 decreta,
478 3252 796 3325 primatum
820 3255 1088 3313 Ecclesiae
1114 3258 1521 3331 Lugdunensis
1542 3277 1847 3334 cognosce-

1953 2017 2083 2068 catu
2118 2012 2418 2069 difficilem
2440 2013 2619 2069 fuisse
2646 2030 2713 2069 ex
2730 2014 2984 2070 laudatis
3005 2011 3270 2086 epistolis
3286 2010 3596 2084 colligitur,

1953 2118 2021 2157 ex
2050 2101 2266 2174 quibus
2292 2119 2507 2174 nempe
2544 2106 2703 2174 patet
2750 2103 3077 2159 Gerardum
3118 2101 3186 2156 ab
3218 2102 3370 2157 omni
3398 2102 3598 2172 episco-

1949 2192 2071 2262 pali
2093 2192 2273 2262 ofﬁcio
2302 2208 2627 2264 suspensam
2666 2190 2927 2263 quidem,
2962 2190 3062 2245 sed
3104 2207 3219 2245 non
3268 2194 3601 2244 exauctora-

1952 2284 2081 2335 tum
2115 2280 2493 2336 fuisse.Unde
2514 2280 2639 2352 ipse
2665 2281 3007 2334 Lambertus
3028 2277 3423 2334 Atrebatensis
3449 2293 3600 2333 anno

1955 2369 2221 2440 sequenti
2251 2370 2378 2440 ejus
2396 2385 2633 2424 causam
2656 2367 2914 2441 pontifici
2939 2367 3353 2423 commendare
3374 2366 3597 2422 veritus

1956 2473 2069 2512 non
2103 2461 2210 2522 est,
2234 2462 2299 2512 ut
2318 2458 2476 2512 infra
2503 2457 2850 2513 videbimus.

2027 2546 2286 2602 Similem
2320 2547 2498 2602 ferme
2528 2550 2743 2601 sortem
2776 2562 2841 2600 eo
2873 2546 2932 2601 in
2965 2544 3209 2600 concilio
3238 2544 3443 2600 habuit
3485 2545 3598 2599 An-

1957 2634 2083 2691 selli
2107 2634 2525 2691 Bellovacensis
2544 2633 2705 2690 electi
2745 2650 3086 2706 causa,qua3
3108 2632 3187 2688 ibi
3221 2633 3438 2706 agitata
3469 2634 3598 2705 qui-

1959 2724 2227 2793 dem,sed
2251 2725 2496 2779 minime
2519 2722 2759 2779 definita
2789 2722 2916 2777 fuit.
2934 2722 3376 2788 Quamvisenim
3405 2721 3596 2790 multi,

1956 2812 2108 2869 inter
2127 2830 2276 2886 quos
2298 2817 2421 2869 erat
2437 2813 2603 2886 Hugo
2628 2810 2897 2884 Lugduni
2934 2811 3199 2878 antistes,
3234 2827 3337 2883 pro
3368 2809 3601 2866 Ansello

1955 2901 2397 2969 intercederent,
2415 2902 2598 2957 noluit
2618 2906 2813 2957 tamen
2838 2900 3095 2975 pontifex
3116 2899 3244 2971 ejus
3265 2899 3602 2955 electionem

1958 2992 2279 3064 approbare
2305 3010 2318 3059 ;
2345 2992 2443 3047 sed
2470 3007 2573 3047 nec
2601 3008 2728 3046 eam
2758 2988 3024 3056 irritavit,
3054 2991 3118 3043 ut
3149 3005 3217 3044 ex
3248 2988 3436 3044 lvonis
3483 2986 3603 3060 epi-

1959 3081 2106 3136 stola
2133 3083 2204 3136 55
2233 3081 2546 3153 colligitur,
2581 3081 2639 3135 in
2672 3097 2790 3150 qua
2818 3078 3119 3134 Urbanum
3166 3077 3509 3133 adhortatur
3540 3080 3607 3132 ut

1954 3169 2188 3225 Ansello
2218 3170 2406 3225 favere
2437 3171 2657 3242 pergat.
2691 3170 3111 3238 succurratque
3132 3165 3401 3221 Ecclesiae
3431 3165 3607 3221 Bello-

1954 3259 2187 3314 vacensi
2219 3260 2376 3314 hunc
2408 3258 2689 3314 ambienti
2722 3274 2785 3312 ac
2812 3259 3051 3329 propter
3077 3256 3205 3325 ejus
3221 3254 3607 3311 ordinationis

197 3344 306 3406 ret,
325 3344 383 3396 et
403 3341 644 3413 quidem
685 3344 1065 3402 conﬁrmatus
1095 3328 1308 3422 iterum
1342 3348 1449 3403 fuit
1478 3328 1707 3420 Hugoni
1741 3349 1851 3422 pri-
1881 3328 1925 3394 (ἶ
1962 3348 2409 3420 suspensionem
2443 3347 2675 3420 magnis
2717 3345 2910 3401 turbis
2942 3344 3192 3418 agitatae,
3217 3348 3319 3399 aut
3348 3361 3471 3400 rem
3504 3361 3607 3416 per

192 3434 391 3485 matus
424 3429 483 3485 in
510 3429 617 3486 hac
650 3434 892 3505 synodo,
919 3435 1020 3491 sed
1053 3418 1356 3508 nunquam
1390 3436 1439 3491 ei
1474 3418 1601 3493 sese
1646 3418 1846 3493 Itiche-

190 3517 315 3574 rius
334 3519 608 3591 subjecit,
627 3521 727 3593 qui
746 3539 812 3578 ea
833 3523 905 3578 de
930 3540 1110 3579 causa
1132 3525 1481 3581 inter-dictus
1515 3525 1689 3599 paulo
1722 3532 1851 3600 post

193 3622 223 3660 e
252 3608 397 3663 vivis
431 3609 702 3678 excessit,
729 3614 793 3666 ut
821 3628 887 3668 ex
920 3612 1136 3668 Urbani
1170 3612 1359 3687 ipsius
1393 3613 1673 3688 rescripto
1698 3633 1849 3672 anno

198 3696 329 3750 1099
361 3696 499 3753 dato
526 3696 799 3772 colligere
830 3700 991 3757 licet.

268 3785 330 3840 In
352 3786 557 3841 eodem
576 3787 819 3845 concilio
833 3789 1148 3848 Guibertus
1167 3792 1361 3847 Sancti
1379 3791 1645 3848 Germani
1660 3791 1853 3851 Antis-

196 3872 520 3930 siodorensi
555 3875 736 3931 abbas
767 3876 839 3933 ab
869 3878 1198 3935 Humbaldo
1231 3880 1497 3952 ejusdem
1533 3880 1695 3937 urbis
1725 3882 1850 3952 epi-

194 3978 372 4034 scopo
396 3962 607 4020 citatus
620 3966 693 4020 ob
709 3966 866 4022 varia
877 3967 1124 4024 crimina
1136 3985 1263 4040 quas
1279 3969 1329 4024 ei
1352 3967 1848 4042 impingebantur,

193 4049 320 4108 loco
343 4052 547 4108 cedere
571 4058 809 4110 coactus
826 4059 943 4124 est;
978 4057 1106 4128 ejus
1126 4056 1401 4113 baculum
1435 4058 1702 4114 Urbanus
1730 4059 1850 4131 epi-

195 4156 371 4212 scopo
400 4140 659 4209 tradidit,
683 4158 748 4199 eo
772 4148 942 4216 pacto
963 4151 1030 4200 ut
1050 4145 1187 4201 huic
1212 4146 1564 4203 monasterio
1595 4146 1849 4219 aliquem

190 4229 393 4285 eCasa
440 4230 565 4300 Dei,
600 4235 705 4287 aut
763 4233 964 4307 Majori
1019 4235 1392 4301 Monasterio,
1425 4241 1527 4291 aut
1576 4236 1850 4292 Cluniaco

194 4318 554 4375 monachum
585 4322 921 4392 praeficeret,
944 4323 1041 4396 qui
1074 4324 1130 4378 in
1160 4323 1285 4380 loco
1346 4330 1463 4380 tam
1500 4327 1732 4388 illustri,
1768 4326 1849 4381 sic

190 4411 250 4463 et
274 4407 483 4464 merito
505 4407 744 4481 quidem
761 4411 1496 4485 appellatur,disciplinam
1522 4414 1845 4489 regularem

195 4502 527 4553 restaurare
545 4498 843 4555 niteretur.
858 4501 921 4556 Id
943 4501 1132 4557 fusius
1153 4508 1352 4557 narrat
1375 4503 1561 4559 Guido
1583 4504 1845 4574 ejusdem

192 4585 305 4642 loci
339 4586 523 4641 abbas
546 4585 606 4641 in
637 4588 819 4660 gestis
841 4594 1276 4646 antecessorum
1313 4608 1553 4647 suorum
1612 4597 1770 4647 tomo
1826 4597 1849 4647 Ι

1962 3437 2222 3509 seipsum
2250 3437 2625 3498 absolvendo,
2649 3440 2747 3491 aut
2770 3439 2924 3490 certe
2949 3434 3339 3506 permittendo
3370 3433 3498 3504 ejus
3508 3433 3605 3502 ju-

1959 3526 2179 3581 dicium
2211 3525 2656 3597 metropolitano
2691 3523 3031 3594 czeterisque
3061 3522 3371 3595 provinciae
3392 3522 3608 3594 episco-

1960 3615 2071 3687 pis.
2089 3615 2167 3670 De
2185 3615 2383 3670 eodem
2400 3613 2670 3669 Ansclmo
2690 3611 3205 3684 scripsitUrbanus
3217 3611 3288 3666 ad
3302 3610 3604 3683 Hugonem

1959 3703 2128 3778 epist.
2163 3705 2287 3759 200.

2032 3793 2091 3849 Si
2111 3791 2398 3848 Chronico
2429 3788 2797 3847 Malleacensi
2824 3788 2996 3843 [idem
3033 3787 3375 3854 habeamus,
3394 3784 3608 3859 Philip-

1962 3899 2071 3956 pus
2094 3900 2191 3938 rex
2210 3883 2563 3938 Francorum
2579 3879 2713 3936 eoin
2739 3876 2982 3933 concilio
3008 3877 3079 3933 ab
3094 3875 3607 3932 UrbanoEcclesiaa

1960 3972 2367 4027 reconciliatus
2415 3974 2521 4027 est.
2577 3970 2692 4024 Nec
2749 3967 3025 4023 dissentit
3090 3965 3416 4033 Bertoldus,
3476 3966 3611 4021 licet

1959 4061 2152 4118 locum
2187 4060 2283 4117 ubi
2342 4060 2400 4115 id
2437 4060 2652 4115 factum
2708 4057 2881 4112 fuerit
2911 4072 3024 4112 non
3059 4056 3369 4128 exprimat,
3398 4055 3519 4110 haec
3550 4055 3607 4110 in

1961 4150 2246 4206 Chronico
2281 4149 2543 4204 scribens
2577 4164 2589 4202 :
2638 4147 2927 4217 Philippus
2978 4162 3077 4200 rem
3121 4144 3452 4211 Galliarum,
3471 4145 3613 4217 jam-

1958 4239 2164 4294 dudum
2186 4255 2285 4310 pro
2309 4238 2581 4293 adulterio
2610 4236 3109 4291 excommunicatus
3147 4233 3366 4289 tandem
3393 4232 3611 4289 domino

1954 4328 2277 4399 papm,dum
2307 4328 2482 4382 adhuc
2513 4329 2568 4381 in
2591 4326 2785 4382 Galliis
2810 4331 3138 4390 moraretur,
3161 4323 3296 4378 satis
3326 4322 3611 4377 humiliter

1960 4417 2051 4488 [ad
2058 4416 2071 4489 ἶ
2085 4420 2215 4473 satis
2219 4418 2420 4488 [action
2428 4432 2511 4471 em
2526 4416 2648 4471 veni
2653 4419 2689 4468 t2
2704 4418 2754 4469 et
2768 4414 3017 4485 abjurata
3031 4412 3101 4468 ad
3112 4412 3292 4467 altera
3305 4413 3361 4467 in
3372 4412 3609 4484 gratiam

1957 4513 2197 4576 receptus
2234 4510 2330 4571 est,
2357 4520 2519 4575 seque
2568 4505 2627 4557 in
2682 4503 2968 4559 servitium
3011 4502 3229 4557 domino
3281 4516 3440 4573 papae
3475 4503 3609 4556 satis

1953 4598 2273 4666 promptum
2301 4594 2569 4648 exhibuit.
2606 4592 2683 4646 Ex
2715 4590 2930 4662 quibus
2956 4589 3145 4645 verbis
3177 4587 3443 4644 nonnulli
3470 4589 3605 4644 infe-

191 4674 566 4765 Bibliothecas
592 4675 1128 4753 Labbeanaa.Atque
1143 4696 1209 4735 ea
1234 4681 1462 4736 occasio
1490 4680 1601 4736 fuit
1616 4680 1846 4737 clunia-
1881 4699 1928 4765 D
1960 4687 2097 4738 runt
2115 4680 2448 4755 Philippum
2466 4680 2741 4736 Nemausi
2775 4679 2995 4752 synodo
3026 4680 3370 4750 praesentem
3400 4678 3604 4765 fuisse,

191 4779 399 4820 censes
426 4764 485 4819 in
506 4763 616 4820 hoc
639 4768 1061 4823 monasterium
1089 4768 1429 4838 inducendi,
1457 4771 1537 4826 uti
1558 4769 1852 4841 colligitur
1882 4763 1914 4765 ⁷
1960 4772 2111 4845 quod
2146 4775 2363 4835 tamen,
2402 4768 2710 4825 silentibus
2741 4766 3100 4833 auctoribus,
3132 4763 3449 4822 verisimile
3488 4783 3605 4821 non

188 4867 257 4908 ex
280 4852 499 4908 Urbani
523 4854 824 4927 rescripto,
843 4856 912 4911 de
935 4873 1048 4930 quo
1075 4857 1322 4913 inferius
1347 4859 1633 4915 dicemus.
1656 4859 1842 4915 Aliam

189 4938 751 5014 causam'insignem
784 4944 842 4999 in
867 4946 1070 5001 eadem
1101 4948 1324 5019 synodo
1358 4948 1636 5020 agitatam
1672 4949 1847 5004 disci-

186 5046 321 5086 mus
346 5048 415 5086 ex
446 5031 693 5104 epistola
711 5034 1003 5090 Lambcrti
1037 5036 1295 5109 episcopi
1330 5038 1739 5094 Atrebatensis
1775 5041 1845 5093 ad

187 5119 605 5200 Paschalemll
630 5123 940 5194 papa‘m,in
972 5140 1091 5196 qua
1120 5125 1203 5180 ait
1234 5125 1560 5181 Gerardum
1598 5127 1847 5183 Morino-

190 5210 690 5283 rum'episcopum
723 5212 783 5267 in
813 5213 1031 5268 Nemau
1047 5213 1200 5269 sensi
1238 5215 1458 5287 synodo
1476 5216 1543 5270 ab
1559 5220 1711 5271 omni
1735 5219 1849 5289 cpi-

192 5300 396 5370 scopali
425 5301 607 5372 ofﬁcio
664 5298 989 5374 suspensum
1019 5321 1051 5357 a
1099 5303 1265 5360 beata?
1296 5306 1579 5361 memoriae
1639 5307 1849 5361 Urbano

190 5389 386 5461 fuisse.
414 5390 483 5445 Et
512 5390 752 5462 quidem
785 5391 1088 5449 Monaeses
1122 5394 1437 5448 Remorum
1472 5393 1854 5467 archiepisco-

190 5491 307 5550 pus
338 5477 526 5533 eidem
546 5480 851 5536 Lamberto
875 5480 1132 5554 scripsit,
1159 5485 1222 5536 ut
1251 5480 1302 5537 ei
1335 5498 1537 5537 curam
1598 5483 1852 5540 Morino-

188 5581 323 5623 rum
342 5566 603 5624 ecclesice
629 5569 699 5625 ad
728 5585 811 5637 se,
838 5568 1054 5642 inquit,
1084 5569 1416 5627 devolutum
1440 5571 1850 5639 committeret,

188 5656 342 5729 quod
371 5658 706 5731 exsequendi
764 5657 940 5731 ofﬁcii
990 5660 1084 5714 sui
1132 5663 1372 5731 potestas
1416 5660 1674 5715 Gerardo
1726 5662 1853 5732 cju:

1957 4866 2066 4927 est,
2088 4860 2340 4916 maxime
2370 4876 2502 4913 cum
2535 4859 2663 4929 ejus
2696 4855 2931 4912 nomine
2961 4856 3056 4911 Ivo
3075 4854 3285 4910 adierit
3305 4854 3603 4910 Urbanum

1958 4955 2129 5024 atque
2162 4967 2294 5005 cum
2328 4966 2392 5004 eo
2416 4947 2570 5020 apud
2604 4943 3245 5017 Montempcssulanum
3280 4949 3419 4999 tunc
3438 4943 3608 5001 collo-

1959 5045 2130 5095 cutus
2180 5039 2369 5095 fuerit.
2408 5038 2528 5092 lmo
2586 5034 2889 5107 Philippus
2932 5039 3063 5089 ante
3115 5034 3252 5089 anni
3308 5035 3606 5106 sequentis

1961 5128 2128 5183 initio
2160 5145 2275 5183 non
2324 5123 2739 5196 videturplene
2790 5123 2971 5179 fuisse
3001 5122 3237 5179 Eclesiee
3271 5123 3605 5179 reconcilia-

1959 5222 2076 5282 tus,
2114 5216 2194 5270 uti
2230 5220 2389 5288 patet
2420 5233 2487 5270 ex
2544 5212 2857 5286 ipsiusmet
2905 5210 3198 5284 pontiﬁcis
3257 5212 3503 5284 cpistola
3535 5213 3604 5268 ad

1961 5306 2012 5360 Μ
2024 5322 2289 5359 nnassem
2317 5304 2663 5359 ltemensem
2679 5304 3028 5373 cmterosque
3043 5300 3293 5357 Francia:
3306 5301 3608 5374 episcopos

1961 5412 2029 5450 ea
2047 5394 2349 5450 occasione
2382 5394 2536 5460 data,
2567 5408 2694 5463 quae
2726 5390 2785 5445 in
2817 5389 3165 5446 Collectione
3195 5389 3449 5446 dabitur.
3506 5391 3608 5446 His

1962 5482 2109 5538 adde
2131 5497 2413 5538 canonem
2450 5482 2517 5536 10
2546 5480 2726 5552 hujus
2757 5479 2982 5535 concilii
3014 5484 3215 5536 contra
3252 5479 3608 5535 adulterinas

1964 5572 2218 5644 nuptias,
2254 5570 2354 5643 qui
2404 5569 2746 5642 Philippum
2806 5574 3042 5642 tangere
3072 5570 3319 5626 videtur.
3357 5568 3607 5625 Fabulas

1962 5665 2161 5717 narrat
2184 5658 2500 5716 canonicus
2530 5658 2968 5714 Turonensisin
3004 5658 3326 5725 Chronicis,
3361 5675 3490 5713 cum
3528 5658 3609 5711 ait

194 5746 461 5803 Ecclesia;
491 5746 789 5822 episcopo,
814 5765 923 5805 non
957 5750 1094 5804 esset
1122 5765 1393 5804 concessa.
1424 5752 1545 5817 Qua
1577 5753 1771 5804 autem
1792 5751 1861 5806 de
1966 5750 2301 5823 Philippum
2333 5765 2399 5803 ea
2419 5747 2720 5803 occasione
2747 5745 3015 5802 amisisse
3049 5764 3253 5802 omnes
3301 5744 3463 5819 regni
3514 5746 3606 5800 sui
