3962 6374
393 367 541 446 ω

1721 375 1792 442 Β.
1837 372 2133 446 URBANI
2167 373 2230 438 ἸΙ
2272 373 2524 438 ΡΑΡᾹΞ.

3675 362 3828 432 ’3Ἱῦ

419 508 864 582 episcopatuum
886 501 1296 576 electiones,ac
1315 508 1652 568 electionem
1686 513 2056 585 Andegaven-
2081 513 2144 585 ,Α
2173 509 2330 566 sticus
2348 507 2660 565 abbatissae
2683 505 2744 564 in
2773 504 3013 564 dioecesi
3041 499 3391 574 Trevirensi,
3422 501 3578 578 quod
3608 502 3819 562 lauda-

415 597 502 656 sis
519 596 777 670 episcopi
806 597 1006 654 comiti
1037 595 1274 656 Fulconi
1305 605 1430 656 tum
1462 599 1734 657 collatam
1766 601 1968 658 fuisse.

490 686 911 767 Monachorum
971 688 1148 743 etiam
1200 693 1393 760 partes
1442 690 1897 762 monasticzeque
1937 689 2066 744 vitae

419 775 763 849 dignitatem
786 779 844 832 et
855 776 1305 832 sanctimoniam
1319 779 1546 848 egregie
1561 778 1696 834 tuiti
1709 782 1850 834 sunt
1869 777 2068 833 Patres

419 863 836 922 Nemausensis
861 863 1091 920 concilii
1125 865 1402 920 adversus
1433 883 1634 920 eorum
1675 865 2062 930 aemulatores,

425 951 524 1026 qui
555 953 714 1026 ipsos
741 956 1030 1010 temerario
1060 971 1220 1024 ausu,
1253 958 1320 1010 ut
1347 954 1746 1026 antiquiorum
1803 954 2065 1026 exemplo

427 1041 614 1113 aiunt,
632 1058 668 1097 a
685 1040 1051 1098 clericalibus
1076 1043 1472 1099 functionibus
1494 1060 1686 1100 arcere
1710 1044 2064 1099 nitebantur.

429 1129 494 1188 Id
519 1129 750 1187 duobus
792 1130 1166 1204 potissimum
1205 1131 1528 1187 canonibus
1573 1132 1904 1204 praestitum
1952 1135 2066 1186 est.

432 1219 562 1274 Hac
594 1220 666 1275 de
693 1219 940 1275 concilio
971 1219 1374 1275 Nemausensi.

498 1307 1014 1386 Solutum_erat,ut
1035 1307 1264 1363 videtur
1284 1308 1470 1380 pridie
1494 1309 1550 1364 Id
1562 1326 1628 1364 us
1647 1308 1812 1374 Julii,
1833 1326 1952 1382 qua
1977 1309 2070 1365 die

432 1395 701 1454 Urbanus
749 1395 1174 1452 monasterium
1231 1397 1427 1452 Sancti
1485 1397 1718 1452 Martini
1758 1415 1792 1452 a
1834 1396 2068 1469 Campis

433 1501 610 1559 prOpe
629 1484 882 1540 Parisios
911 1484 1098 1540 ordini
1132 1484 1498 1541 Cluniacensi
1529 1486 1798 1551 asseruit,
1825 1487 2070 1559 ejusque

411 1573 852 1646 .possessiones,
865 1589 1014 1646 quas
1026 1571 1370 1644 singillatim
1385 1578 1665 1638 recenset,
1682 1575 2068 1640 conﬁrmavit,

429 1660 656 1719 indulto
686 1678 753 1718 ea
771 1661 842 1718 de
865 1677 924 1718 re
945 1661 1244 1734 privilegio
1267 1662 1421 1733 quod
1447 1661 1674 1734 Hugoui
1701 1662 2067 1718 Cluniacensi

431 1751 630 1808 abbati
653 1751 999 1823 inscriptum
1029 1754 1140 1806 est.

428 1857 696 1915 CCLXXI.
719 1857 966 1916 Urbanus
1003 1856 1149 1928 apud

499 1945 602 2002 pro
632 1930 866 2000 Figiaco.
901 1928 1261 2000 Privilegium
1290 1929 1676 2000 Rivipultense.
1711 1928 2071 1999 Privz‘légium

505 2000 878 2056 Balneolense.

551 2017 858 2057 ameownse
866 2042 878 2055 .

504 2107 623 2164 Hac
639 2107 767 2179 ipsa
787 2106 880 2162 die
897 2111 998 2162 aut
1016 2109 1169 2162 certe
1184 2107 1470 2178 sequenti,
1490 2107 1780 2164 Nemauso
1801 2125 2074 2180 egressus

434 2195 712 2269 pontifex,
743 2194 975 2252 divertit
1003 2196 1074 2251 ad
1113 2199 1392 2251 Sanctum
1439 2195 1733 2269 {Egidium
1793 2198 1854 2252 in
1913 2196 2074 2253 Valle

433 2283 726 2353 Flaviana,
747 2283 940 2356 ibique
961 2300 1028 2340 ea
1058 2301 1184 2356 quae
1201 2283 1260 2340 in
1287 2285 1506 2357 synodo
1527 2285 1914 2341 Nemausensi
1934 2302 2073 2341 san-

435 2374 550 2430 cita
578 2373 809 2429 fuerant
838 2373 908 2428 de
938 2373 1330 2429 controversia
1386 2373 1538 2429 inter
1587 2373 1958 2445 Figiacenses
2007 2378 2076 2428 .et

436 2461 804 2518 Cenabenses
824 2461 1141 2517 monachos
1163 2462 1444 2534 rescripto
1465 2461 1849 2527 conﬁrmavit,
1865 2464 1996 2518 dato
2013 2463 2075 2518 in

419 2549 565 2624 ipso
598 2549 951 2606 monasterio
975 2550 1172 2606 Sancti
1189 2549 1400 2623 Egidii
1423 2550 1623 2606 Idibus
1642 2551 1804 2617 Julii,
1831 2553 1986 2624 quod
2009 2569 2078 2608 ex

417 2639 614 2700 -veteri
645 2639 988 2696 membrana
1016 2639 1200 2695 edidit
1229 2643 1425 2696 noster
1439 2640 1701 2696 Joannes
1724 2641 2077 2697 Mabilonius

436 2729 580 2785 Stcc.
606 2729 681 2785 III
723 2729 962 2796 Bened.,
998 2733 1160 2800 parte
1193 2745 1255 2793 η,
1281 2745 1412 2801 pag.
1436 2730 1560 2794 448,
1589 2729 1685 2784 ubi
1717 2728 1930 2802 legitur
1955 2735 2076 2785 sta-

437 2819 632 2874 tutum
654 2815 835 2872 fuisse
858 2821 921 2872 ut
941 2822 1186 2889 uterque
1210 2816 1374 2872 locus
1399 2817 1726 2889 proprium,
1749 2835 1875 2883 seu,
1909 2823 1974 2874 ut
1996 2817 2074 2873 ibi

437 2902 701 2976 loquitur
729 2903 1002 2976 pontifex,
1034 2905 1375 2961 cardinalem
1403 2905 1671 2962 abbatem
1705 2905 1964 2974 haberet,
1997 2905 2079 2961 ita

419 2995 634 3051 .tamen
656 2996 722 3048 ut
739 2992 1059 3066 Figiacum,
1080 2994 1238 3066 quod
1259 2993 1668 3049 Cluniacenses
1699 2994 2070 3064 repetierant,

438 3081 552 3138 sub
578 3098 718 3142 cura
734 3086 803 3137 et
831 3081 1161 3154 provisione
1190 3081 1590 3138 Cluniacensis
1615 3082 1846 3138 abbatis
1886 3099 2078 3138 rema-

437 3173 616 3228 neret.
634 3171 706 3226 At
724 3169 783 3225 in
804 3169 917 3226 alio
938 3170 1467 3243 apograpbo,quod
1499 3187 1570 3225 ex
1607 3171 1838 3226 archivo
1885 3172 2073 3246 Figia-

1167 1857 1224 1913 S.
1582 1858 2072 1942 Ejusnprmceptum
2105 1876 2152 1941 Β

2171 601 2298 654 tum
2329 597 2439 653 fuit
2490 597 2549 653 in
2599 596 2958 668 placitatione
2985 613 3080 652 an.
3106 595 3245 652 1128
3297 595 3449 650 inter
3487 595 3824 651 Lanzonem

2174 687 2444 742 abbatem
2459 687 2654 741 Sancti
2680 685 2978 741 Michaelis
3010 685 3083 741 ad
3115 685 3338 742 Mosam
3363 687 3426 742 et
3455 681 3824 740 Handuidem

2175 776 2534 831 abbatissam
2565 775 2871 841 Juviniaci,
2905 791 2939 830 ο.
2971 773 3200 832 Baluzio
3229 774 3388 832 adita
3413 778 3572 830 Immo
3603 773 3683 830 [ν
3712 771 3822 831 Mi-

2173 863 2438 931 scellan.,
2483 858 2552 918 ex
2584 880 2700 934 qua
2756 862 3050 936 colligitur
3077 862 3436 919 Harduidem
3468 879 3622 918 anno
3680 863 3824 918 1124

2177 951 2420 1008 electam
2437 952 2618 1008 fuisse
2647 952 2847 1008 decem
2877 957 2936 1007 et
2963 951 3290 1007 octo-annis
3320 957 3452 1022 post
3477 951 3821 1024 Walburgis

2175 1047 2444 1106 mortem,
2479 1057 2606 1113 quae
2659 1041 2902 1113 proinde
2957 1056 3108 1096 anno
3156 1041 3296 1096 1106
3325 1039 3541 1096 abiisse
3569 1040 3826 1097 dicenda

2179 1137 2286 1187 est.
2566 1154 2572 1159 ο
3677 1143 3684 1148 ’
3757 1142 3766 1150 '

2248 1220 2526 1292 Sequenti
2549 1219 2642 1274 die
2664 1219 2931 1275 Urbanus
2954 1217 3146 1274 adhuc
3171 1218 3232 1274 in
3252 1219 3820 1276 monasterioSaccti

2176 1308 2388 1382 Egidii
2442 1307 2804 1375 versabatur,
2833 1309 2920 1363 uti
2975 1307 3197 1363 indicat
3244 1307 3374 1379 ejus
3400 1307 3662 1380 diploma
3717 1318 3822 1380 p’ro

2177 1397 2420 1454 ecclesia
2459 1397 2653 1452 Sancti
2701 1396 3020 1465 Saturnini,
3053 1397 3113 1453 in
3143 1413 3261 1470 quo
3292 1398 3546 1470 pontifex
3577 1413 3824 1454 causam

2178 1487 2330 1542 inter
2375 1487 2686 1542 canonicos
2716 1487 2844 1556 ejus
2875 1486 3132 1542 ecclesias
3159 1490 3220 1542 et
3274 1487 3543 1542 Isarnum
3595 1487 3829 1544 Tolosae

2177 1576 2538 1648 episcopum,
2564 1575 2620 1630 in
2651 1574 2896 1630 concilio
2926 1574 3332 1643 Nemausensi,
3355 1576 3440 1632 uti
3473 1587 3653 1648 supra
3678 1577 3828 1632 dixi-

2183 1680 2334 1729 mus,
2369 1663 2644 1737 agitatam
2676 1664 2806 1719 fuse
2835 1664 3090 1736 exponit.

2179 1770 2475 1845 CCLXXII.
2511 1771 2963 1845 Avenioneqaliad
2990 1771 3188 1845 datum
3247 1772 3314 1826 ab
3378 1773 3592 1828 Urbano
3645 1775 3830 1845 privi-

2253 1843 2474 1914 legium.
2502 1845 2630 1898 Ilem
2657 1859 2757 1914 pro
2783 1843 2837 1896 S.
2870 1843 3107 1910 .‘Egidio.
3153 1845 3285 1899 Item
3333 1858 3436 1913 pro
3491 1843 3830 1900 monasterio

2251 1913 2578 2039 3.;1ndreae.
2599 1913 2890 1970 Ai’vent'om's
2919 1915 3146 1969 ecclesia
3173 1915 3452 1970 canonicis
3472 1915 3832 1985 regularibus

2290 2002 2322 2038 a
2350 2003 2401 2038 α.

2290 2002 2401 2038 ala.

2254 2091 2468 2146 Eadem
2498 2091 2677 2146 ferme
2705 2091 2912 2162 repetit
2941 2091 2999 2145 in
3033 2090 3194 2147 bulla
3221 2091 3292 2148 ad
3323 2093 3636 2150 canonicos
3665 2095 3828 2164 ejus-

2182 2178 2314 2234 dem
2341 2179 2594 2234 ecclesiae
2616 2184 2750 2252 post
2768 2179 2917 2234 duos
2929 2179 3054 2236 dies
3069 2180 3206 2236 data
3225 2182 3380 2253 apud
3400 2183 3828 2242 monasterium

2185 2268 2397 2324 Montis
2416 2267 2850 2336 Andacnis,seu
2892 2267 3346 2326 SenctiAndreas
3369 2271 3548 2327 situm
3598 2272 3658 2327 in
3691 2273 3834 2328 sub-

2185 2357 2352 2412 urbio
2365 2356 2770 2423 Avenionensi,
2790 2356 2941 2428 quod
2967 2355 3138 2412 hodie
3155 2357 3460 2414 Villanova
3475 2359 3830 2433 appellatur.

2184 2449 2309 2512 Qua
2328 2445 2501 2500 etiam
2524 2445 2652 2518 ipsa
2671 2443 2784 2506 die.
2808 2445 3026 2502 scilicet
3046 2448 3116 2500 22
3143 2445 3308 2516 Julii,
3331 2449 3698 2507 conﬁrmavit
3729 2450 3835 2507 do-

2186 2535 2476 2590 nationem
2500 2533 2667 2590 vallis
2712 2533 2991 2590 Flaviana:
3027 2551 3061 2590 a
3087 2535 3434 2608 Raymundo
3467 2537 3678 2594 comite
3704 2555 3838 2596 mo-

2187 2620 2440 2676 nasterio
2469 2620 2663 2675 Sancti
2694 2619 2906 2692 [Egidii
2937 2621 3150 2677 factam
3182 2621 3241 2678 in
3269 2624 3516 2680 concilio
3576 2625 3838 2683 Nemau-

2185 2708 2461 2778 sensi,uti
2495 2726 2600 2764 suo
2639 2709 2764 2764 loco
2786 2708 3066 2766 diximus.
3092 2709 3173 2766 Ne
3202 2727 3337 2768 vero
3371 2713 3496 2784 ipse
3520 2730 3660 2787 erga
3685 2731 3836 2772 suos

2186 2797 2447 2870 hospites
2474 2795 2740 2870 ingratus
2769 2797 3078 2867 videretur,
3113 2799 3206 2855 die
3229 2801 3497 2873 sequenti
3531 2808 3838 2860 monaste-

2188 2887 2341 2941 rium
2371 2887 2567 2942 Sancti
2599 2887 2863 2955 Andreae,
2884 2887 2941 2942 in
2969 2904 3084 2960 quo
3108 2891 3250 2944 tunc
3269 2889 3518 2963 degebat
3547 2891 3657 2953 sub
3687 2909 3838 2964 apo-

2187 2975 2394 3030 stolica
2409 2975 2654 3030 tuitione
2677 2975 2936 3048 suscepit
2960 2993 3026 3032 ac
3048 2976 3364 3050 privilegiis
3387 2979 3656 3048 munivit,
3689 2982 3838 3038 data

2185 3081 2253 3120 ea
2281 3064 2442 3137 deire
2473 3062 2632 3120 bulla
2660 3065 2824 3120 Petro
2875 3065 3070 3121 abbati
3113 3065 3416 3139 inscripta.
3449 3068 3630 3125 Aiunt
3653 3075 3828 3127 Sam-

2189 3153 2480 3210 martbani
2507 3157 2664 3209 torno
2697 3157 2716 3209 Ι
2744 3153 2938 3210 Gallias
2971 3153 3312 3211 Christianas
3343 3159 3674 3228 (ax-publicis
3723 3165 3836 3217 Ec-

437 3241 1296 3330 censidescriptumnobiscum
1319 3241 2152 3316 communicavitvirclaris.‘c
2187 3243 2365 3298 εῖθδίέε
2393 3241 2811 3300 Ammonem“
2839 3244 3042 3299 ίαίηιιίδ
3067 3244 3116 3315 ej
3129 3245 3332 3304 “adem
3357 3245 3520 3301 urbis
3543 3247 3840 3320 PriMiPa'

434 3348 766 3421 Stephanus
779 3346 1072 3415 Baluzius,
1089 3347 1483 3420 praatermissa
1499 3348 1728 3404 abbatis
1745 3347 2080 3405 Cluniacen-

432 3437 517 3494 sis
570 3437 883 3504 mentione,
915 3436 1222 3492 deﬁnitum
1253 3435 1312 3490 in
1353 3434 1596 3491 concilio
1654 3435 1871 3492 dicitur
1899 3436 2080 3494 fuisse

431 3529 497 3582 ut
521 3530 837 3598 utrumque
867 3522 1290 3580 monasterium
1323 3525 1555 3580 sisteret
1583 3525 1692 3580 sub
1727 3525 1943 3597 proprii
1982 3526 2076 3582 sui

429 3615 660 3672 abbatis
690 3631 852 3670 cura.
886 3613 1020 3670 Utra
1049 3616 1246 3668 autem
1274 3611 1442 3668 lectio
1473 3612 1550 3668 sit
1577 3615 1952 3686 praeferenda-
1977 3614 2075 3677 alii

430 3704 712 3771 viderint;
737 3707 797 3759 at
811 3707 1031 3758 certum
1049 3707 1142 3758 est
1161 3700 1494 3774 Figiacense
1517 3703 1940 3762 monasterium
1964 3704 2074 3760 s‘ub

431 3791 802 3849 Cluniacensi
833 3790 1033 3846 ordine
1062 3807 1460 3862 perseverasse
1490 3807 1677 3862 usque
1709 3793 1780 3847 ad
1795 3791 2074 3848 saeculum

430 3899 547 3949 xw,
579 3897 695 3952 quo
749 3880 876 3951 ejus
932 3878 1040 3935 loci
1099 3879 1394 3948 monachi,
1427 3880 1670 3950 abjectis
1713 3879 1980 3947 cucullis,
2012 3881 2072 3937 in

430 3967 738 4026 saeculares
755 3969 1063 4024 canonicos
1096 3967 1302 4024 mutati
1335 3973 1492 4024 sunt.
1528 3969 1893 4041 Rescriptum
1929 3969 2070 4026 illud

427 4075 564 4116 cum
587 4056 904 4114 lectionum
935 4057 1312 4117 varietatibus
1345 4056 1491 4113 inter
1525 4056 1739 4112 Urbani
1791 4057 2070 4128 epistolas

427 4146 685 4203 dabitur.

470 4238 598 4294 Die
619 4253 736 4293 xvu
757 4234 1048 4293 Kalendas
1077 4235 1345 4308 Augusti,
1369 4234 1674 4294 occasione
1709 4252 1909 4290 eorum
1941 4253 2068 4307 quae

425 4327 704 4383 adversus
737 4324 1154 4395 Rivipullensis
1193 4323 1536 4379 monasterii
1585 4323 1859 4379 ecclesias
1918 4325 2070 4382 facta

425 4415 674 4480 fuerant,
685 4414 763 4470 uti
779 4413 952 4487 paulo
969 4419 1142 4470 antea
1156 4411 1790 4481 dicebamus,Urbanus
1802 4413 2066 4483 ejusdem

423 4502 761 4560 monasterii
815 4501 1136 4576 privilegia,
1167 4500 1470 4558 recensitis
1513 4501 1688 4556 etiam
1720 4500 2061 4574 singulatim

2189 3331 2302 3388 lem
2336 3330 2639 3389 ecclesiam
2669 3333 2741 3388 ab
2775 3332 3006 3388 Urbano
3039 3332 3086 3389 II
3118 3333 3415 3400 canonicis
3463 3335 3842 3408 regularibus

2189 3419 2466 3476 traditam
2501 3420 2700 3487 fuisse,
2734 3437 2801 3476 ac
2833 3421 2984 3476 inter
3013 3420 3143 3478 illos
3171 3421 3478 3481 Alfonsum
3523 3425 3838 3497 Aragom'as

2187 3508 2517 3582 regem,qui
2544 3513 2682 3563 tunc
2712 3509 3024 3580 provinciae
3061 3526 3259 3566 comes
3288 3516 3430 3577 erat,
3452 3515 3836 3570 annumerari

2188 3595 2629 3668 voluisse;quod
2649 3596 2896 3652 inﬁciari
2931 3596 3285 3665 nolimus,at
3305 3616 3422 3672 qua
3441 3600 3500 3656 id
3527 3600 3840 3660 occasione

2188 3685 2402 3746 factum
2428 3685 2601 3741 fuerit
2623 3702 2736 3742 non
2761 3687 3038 3753 referunt,
3063 3704 3167 3743 nec
3193 3693 3357 3744 vacat
3383 3689 3661 3746 divinare.

2379 3791 2710 3847 CCLXXIII.
2733 3795 2816 3848 An
2833 3794 3088 3864 pontifex
3113 3795 3383 3851 Arelatem
3412 3797 3632 3852 adierit.

2255 3879 2419 3936 Haud
2443 3881 2632 3952 magis
2651 3879 2835 3952 liquet
2854 3898 2925 3936 an
2953 3898 3211 3954 unquam
3233 3882 3384 3938 idem
3407 3884 3661 3956 pontifex
3690 3888 3839 3944 Are-

2181 3967 2357 4024 latem
2387 3968 2615 4039 adierit,
2649 3969 2749 4024 ubi
2781 3973 2976 4025 tamen
3005 3986 3038 4025 a
3069 3971 3335 4028 Gibelino
3365 3973 3629 4044 ejusdem
3663 3975 3837 4032 urbis

2181 4056 2635 4130 archiepiscopo,
2655 4058 2754 4129 qui
2786 4063 2912 4114 tum
2939 4058 2998 4114 in
3031 4060 3328 4131 pontificio
3359 4061 3638 4118 comitatu
3673 4071 3827 4132 erat,

2180 4162 2312 4202 cum
2344 4164 2374 4202 e
2400 4146 2580 4202 Gallis
2601 4146 2661 4203 in
2685 4146 2909 4203 Italiam
2929 4148 3163 4216 rediret,
3191 4149 3503 4222 magniﬁco
3533 4159 3826 4224 apparatu

2177 4241 2449 4307 exceptus
2480 4236 2661 4292 fuisse
2689 4237 2922 4292 dicitur.
2960 4237 3076 4292 Hoc
3105 4237 3342 4310 quidem
3375 4239 3640 4295 nonnulli
3685 4259 3826 4299 cum

2177 4325 2348 4382 Saxio
2370 4331 2425 4380 et
2456 4325 2925 4381 Sammartbanis
2946 4325 3229 4392 scribunt,
3263 4328 3365 4382 sed
3401 4345 3514 4384 non
3547 4345 3618 4385 ex
3645 4333 3828 4388 certis

2177 4415 2761 4470 monumentis.certe
2784 4413 2945 4468 nulla
2965 4413 3200 4471 omnino
3231 4417 3291 4470 in
3321 4416 3452 4488 ejus
3511 4417 3588 4473 rei
3617 4421 3831 4476 conﬁr-

2175 4503 2491 4558 mationem
2518 4503 2727 4557 ferunt.
2748 4502 2988 4558 Constat
3008 4503 3246 4575 quidem
3269 4521 3340 4560 ex
3357 4505 3667 4576 ipsiusmet
3681 4525 3827 4580 pon-

423 4593 552 4665 ejus
573 4591 1066 4665 possessionibus,
1087 4589 1339 4646 ﬁrmavit
1357 4587 1573 4662 insigni
1596 4588 1778 4659 bulla,
1797 4590 1852 4645 in
1869 4609 2065 4646 niona-
2099 4611 2142 4676 ο
2175 4590 2746 4663 tiﬁcisepistolajam
2775 4607 2891 4646 non
2913 4590 3095 4648 semel
3117 4591 3355 4649 laudata
3378 4595 3446 4650 ad
3483 4595 3823 4654 llicberium

421 4681 600 4740 sterio
612 4681 671 4737 S.
690 4679 1066 4754 1Egidiidata.
1083 4679 1386 4745 Postridie,
1403 4678 1556 4734 idem
1571 4678 1838 4736 Urbanus
1861 4697 2062 4736 mona-

421 4770 666 4828 sterium
722 4769 1099 4827 Balneolense
1151 4765 1467 4839 apostolico
1524 4767 1844 4842 privilegio,
1907 4770 2061 4842 quod

419 4857 729 4918 Benedicto
761 4858 955 4915 abbati
987 4857 1334 4928 inscriptum
1371 4861 1478 4922 est,
1513 4856 1730 4912 ibidem
1791 4857 2058 4913 munivit.

419 4946 594 5004 Porro
615 4947 772 5003 istud
796 4946 1189 5018 privilegium,
1213 4944 1366 5000 sicut
1394 4950 1451 5000 et
1499 4946 1851 5017 praecedens,
1877 4945 2058 5002 illust.

417 5036 622 5092 Petrus
645 5035 714 5092 de
727 5033 1081 5091 Marcalibro
1099 5051 1155 5090 1v
1169 5034 1373 5089 Mares;
1402 5033 1727 5106 Hispanicee
1751 5035 1822 5090 ad
1840 5053 2061 5090 annum

417 5125 555 5182 1097
587 5123 806 5180 retulit.
841 5124 953 5180 Sed
1008 5129 1158 5179 nota:
1211 5121 1337 5178 aliis
1395 5122 1836 5194 chronologiczn,
1864 5140 2060 5179 rerum

409 5219 710 5289 gestarum
739 5213 919 5270 series
938 5217 996 5270 et
1016 5212 1251 5268 locusin
1275 5229 1390 5284 quo
1403 5212 1540 5267 data
1564 5217 1820 5276 ruerunt,
1850 5211 2062 5265 invicte

413 5305 759 5378 probantes.
813 5303 886 5358 ad
929 5319 1148 5358 annum
1205 5303 1342 5357 1096
1373 5300 1694 5356 revocanda
1743 5317 1892 5366 esse,
1931 5299 2064 5354 licet

417 5393 556 5449 1097
585 5392 920 5464 praeferunt,
941 5392 1112 5463 juxta
1162 5389 1453 5446 calculum
1495 5388 1792 5452 Pisanum,
1828 5404 1963 5459 quo,
1998 5393 2062 5446 ut

398 5485 529 5555 jam
555 5498 672 5537 non
701 5480 880 5538 semel
893 5480 1348 5546 observavimus,
1371 5477 1508 5534 anni
1537 5474 1770 5530 initium
1802 5492 1835 5530 a
1855 5476 2060 5532 Martio

409 5570 767 5644 praecedente
794 5569 1140 5625 desumitur.

478 5658 580 5716 Die
597 5676 688 5714 xxv
715 5658 1097 5731 Kal.Augusti
1118 5657 1349 5728 insigne
1373 5651 1739 5724 privilegium
1765 5655 2056 5712 concessit

409 5748 689 5819 Galburgi
718 5764 818 5803 seu
841 5741 1551 5816 WalburgiJuviniaccnsi
1574 5742 1796 5798 Sancta:
1821 5743 2058 5801 Schola-

2173 4686 2232 4735 et
2250 4680 2396 4736 alios
2430 4679 2734 4752 episcopos
2771 4678 3122 4749 Gallicanos,
3147 4683 3434 4754 synodum
3467 4698 3596 4740 eam
3628 4685 3687 4740 in
3720 4703 3826 4742 ur-

2173 4769 2306 4826 bem
2347 4769 2418 4824 ab
2476 4784 2543 4824 eo
2574 4767 2853 4824 indictam
2885 4769 3088 4826 fuisse.
3117 4773 3190 4826 At
3219 4770 3376 4826 baud
3407 4771 3604 4830 minus
3634 4772 3825 4847 liquet

2173 4873 2301 4912 eam
2333 4855 2620 4929 synodum
2651 4856 2729 4912 ibi
2762 4874 2876 4913 non
2910 4857 3092 4914 fuisse
3122 4859 3493 4930 celebratam,
3515 4862 3824 4935 quodqui-

2173 4945 2305 5000 dem
2328 4944 2658 5000 conﬁrmari
2683 4951 2872 5018 potest
2887 4963 2956 5002 ex
2985 4947 3176 5004 Ivonis
3203 4949 3449 5021 epistola
3475 4950 3548 5008 56
3576 4967 3824 5024 respon-

2173 5033 2363 5089 dentis
2388 5033 2652 5107 Pbilippo
2673 5035 2793 5108 regi
2816 5037 3193 5109 conquerenti
3217 5039 3499 5096 adversus
3511 5039 3821 5112 Hugonem

2171 5121 2643 5194 Lugdunensem,
2665 5123 2816 5194 quod
2843 5130 2975 5194 post
2995 5124 3111 5180 duo
3134 5124 3242 5180 hoc
3265 5143 3425 5182 anno
3445 5125 3506 5180 in
3528 5125 3731 5182 Galliis
3745 5129 3820 5186 ab

2173 5209 2297 5281 ipso
2325 5213 2600 5283 pontiﬁce
2635 5212 2832 5269 habita
2864 5213 3132 5283 concilia,
3167 5214 3226 5270 id
3257 5219 3347 5271 est
3393 5215 3730 5272 Turonense
3755 5223 3821 5274 et

2172 5300 2588 5366 Ncmauseuse,
2631 5303 2890 5368 tertium,
2929 5301 3195 5360 videlicet
3226 5309 3360 5378 post
3384 5303 3602 5361 Urbani
3627 5305 3819 5364 disce-

2171 5405 2302 5444 sum
2335 5395 2726 5447 convocasset.
2761 5391 2924 5448 Unde
2971 5392 3284 5464 conjicitur
3334 5395 3624 5468 synodum
3685 5413 3815 5469 quae

2169 5477 2457 5536 Arelatem
2483 5479 2555 5536 ab
2595 5479 2825 5536 Urbano
2855 5488 3170 5538 convocata
3199 5484 3408 5550 fuerat,
3440 5483 3590 5540 hanc
3607 5483 3816 5558 ipsam

2168 5585 2298 5624 esse
2332 5585 2508 5640 quam
2534 5569 2684 5624 idem
2709 5569 2962 5639 pontifex
2981 5571 3256 5628 Nemausi
3281 5571 3609 5629 celebravit.
3644 5573 3814 5631 Haud

2168 5662 2362 5712 tamen
2387 5658 2554 5729 plane
2581 5656 2825 5711 inﬁciari
2864 5657 3138 5717 nolumus
3169 5659 3467 5720 Urbanum
3498 5660 3814 5732 Arelatem,

2168 5765 2201 5803 a
2226 5765 2341 5819 qua
2369 5749 2509 5802 urbe
2543 5749 2676 5801 tunc
2708 5744 2859 5800 baud
2895 5749 3092 5818 procul
3125 5750 3342 5822 aberat,
3377 5751 3660 5810 invisissc.
