3962 6382
378 379 528 447 nili)

1701 383 1773 447 B.
1819 381 2137 449 URBANI'
2158 382 2215 448 ll
2258 386 2505 451 PARE.

3663 375 3817 443 “220

407 521 467 576 et
494 515 801 576 Novariam
827 514 889 574 in
918 511 1133 576 ducatu
1164 514 1602 587 Mediolanensi,
1630 532 1797 593 prope
1828 516 2059 593 Papiam
2084 516 2141 587 Α
2169 537 2505 599 compressa
2535 526 2659 581 erat
2685 517 2993 598 protervis,
3008 513 3446 595 peregrinorum
3479 516 3551 574 ad
3582 513 3812 573 Vatica-

405 608 725 666 solemniter
750 608 1382 682 celebravit,multosque
1404 611 1673 683 episcopos
1698 617 1751 666 et
1773 611 2057 683 principes

379 747 383 751 .
409 700 473 754 in
499 713 596 754 suo
623 698 888 755 comitatu
914 696 1124 754 habuit.

483 784 661 842 Paulo
690 788 841 858 post,
886 784 943 839 id
987 788 1078 840 est
1122 803 1222 842 vm
1248 785 1371 842 Kal.
1423 786 1709 854 Octobris,
1757 804 1825 843 ex
1880 786 2056 842 veteri

409 874 672 948 catalogo
703 874 855 946 apud
890 873 1186 930 Mabillon.
1214 879 1372 932 tome
1397 876 1419 931 Ι
1451 875 1634 932 Musei
1664 875 1847 931 Italici
1878 876 2052 941 edito,

407 962 688 1020 Arnulfus
735 961 1048 1018 Mediolani
1096 965 1341 1020 antistes
1388 965 1636 1021 excessit.
1680 981 1711 1021 e
1762 965 1901 1031 vita,
1961 965 2053 1020 cui

406 1051 722 1116 Anselmus
750 1052 822 1107 de
851 1051 990 1106 Buiz
1019 1052 1375 1108 substitutus
1404 1051 1617 1109 stolam
1658 1069 1761 1109 seu
1813 1052 2054 1125 pallium

407 1139 902 1213 archiepiscopale
918 1157 1017 1213 per
1037 1141 1273 1211 legatum
1291 1142 1504 1198 domini
1521 1159 1675 1214 papa
1689 1143 1799 1198 sibi
1817 1141 2057 1198 delatam

408 1231 611 1299 induit,
643 1234 709 1286 ut
730 1233 931 1285 narrat
957 1230 1278 1287 Laudulfus
1327 1231 1399 1285 de
1444 1235 1653 1287 Sancto
1693 1230 1869 1286 Paulo
1900 1230 2053 1302 apud

409 1318 760 1376 Puriccllum
792 1323 849 1375 et
877 1318 1185 1392 Ughellum
1222 1325 1378 1375 tomo
1411 1320 1483 1375 ιν
1516 1318 1689 1375 Italiae
1719 1336 1912 1374 sacras.
1944 1319 2051 1374 Ve-

409 1425 540 1465 reor
564 1412 760 1464 tamen
793 1425 863 1463 ne
887 1408 1008 1463 haec
1038 1407 1198 1479 pallii
1229 1425 1333 1480 per
1360 1406 1618 1480 legatum
1648 1406 1860 1463 delatio
1882 1408 1952 1463 ad
1978 1408 2056 1462 al-

405 1502 596 1554 terum
625 1495 989 1561 Ansclmum,
1023 1496 1094 1549 de
1120 1512 1236 1567 quo
1262 1497 1520 1551 diximus
1551 1496 1618 1551 ad
1662 1513 1882 1551 annum
1918 1497 2056 1551 1093

407 1584 729 1641 revocanda
754 1583 923 1654 sit,ut
952 1600 1017 1638 ex
1049 1584 1333 1640 Pandulfo
1366 1584 1423 1639 in
1454 1584 1670 1641 Urbani
1697 1583 1830 1639 Vita
1858 1584 1936 1639 ibi
1960 1585 2056 1639 ob-

407 1673 789 1730 servavimus.

494 1761 824 1818 CCLXXIX.
858 1763 1142 1819 Cremonae
1165 1763 1521 1834 privilegium
1547 1763 1638 1817 dat
1669 1763 1723 1818 S.
1760 1763 1967 1819 Basolo.

478 1851 671 1956 Pridie
698 1851 857 1951 ldus,
884 1867 987 1906 seu
1018 1851 1110 1956 die
1147 1852 1208 1905 14
1238 1850 1525 1956 octobris,
1568 1850 1872 1956 Cremp‘ua:
1903 1867 2050 1956 pon-
2087 1891 2134 1956 Β

406 1941 627 1996 tiﬂcem
640 1939 998 2011 hospitatum
1023 1939 1203 1995 fuisse
1227 1937 1561 2011 colligimus
1572 1957 1641 1995 ex
1658 1939 1818 1995 bulla
1836 1939 2056 1997 ibidem

406 2044 687 2085 concessa
717 2028 1070 2083 monasterio
1098 2027 1292 2084 Sancti
1315 2027 1506 2084 Basoli
1523 2029 1582 2084 in
1603 2045 1742 2102 agro
1761 2028 2054 2084 Remensi.

405 2117 529 2173 Etsi
543 2115 700 2173 enim
714 2133 936 2172 annum
960 2115 1096 2171 1098
1122 2117 1180 2172 in
1209 2116 1385 2172 veteri
1414 2116 1935 2189 apographo,quod
1966 2116 2057 2172 usi

406 2204 1098 2278 fuimus,prieferat,hanc
1126 2209 1323 2263 tamen
1356 2205 1430 2260 ad
1462 2209 1804 2277 praesentem
1835 2221 2056 2261 annum

406 2293 608 2352 referri
634 2293 845 2350 debere
874 2294 1246 2366 persuadent,
1277 2298 1486 2367 praeter
1512 2293 1771 2350 locorum
1800 2295 2057 2350 circum-

407 2383 685 2440 stantiam
717 2398 918 2438 omnes
966 2387 1114 2443 notae
1162 2382 1583 2456 ohronologicas
1633 2383 1715 2440 ibi
1755 2383 2055 2455 appositae.

408 2472 473 2528 In
505 2488 593 2541 ea,
619 2471 771 2527 sicut
798 2475 855 2527 et
883 2470 941 2526 in
974 2471 1377 2543 praesenti,pro
1406 2472 1714 2543 Scriptura:
1745 2472 2056 2539 sententia,

407 2560 531 2617 hinc
559 2560 735 2616 verba
764 2559 1096 2615 referuntur
1123 2559 1449 2616 intersertis
1477 2561 1773 2626 crucibus,
1805 2562 2056 2631 legimus,

407 2651 714 2721 ﬁrmamus,
744 2652 930 2704 sancte
978 2649 1185 2718 Basole,
1221 2666 1348 2721 quae
1399 2649 1543 2705 forte
1592 2648 1851 2721 pontifex
1890 2649 2060 2705 adhi-

409 2736 603 2794 buerit
649 2736 721 2793 ob
767 2736 1124 2810 singularem
1175 2737 1304 2808 eius
1354 2737 1625 2793 affectum
1674 2736 1733 2793 in
1782 2742 2055 2795 Sanctum

410 2825 708 2892 Basolum,
751 2825 808 2880 in
856 2826 1029 2897 cujus
1075 2826 1419 2905 monasterii
1465 2825 1678 2882 vicinia
1729 2830 1905 2884 natus
1960 2832 2063 2884 aut

413 2918 567 2971 certe
595 2915 878 2971 educatus
908 2915 1117 2970 fuerat.
1149 2915 1229 2970 Ea
1262 2931 1474 2987 nempe
1494 2915 1756 2971 advocati
1780 2917 1909 2989 ejus
1931 2933 2060 2972 mo-

410 3003 652 3060 nasterii
682 3002 995 3060 saeculares
1011 3003 1245 3076 penitus
1270 3004 1767 3077 abrogantur;qui
1797 3004 2057 3076 quidem,

411 3091 460 3150 si
490 3092 761 3150 Urbanus
786 3109 855 3149 ex
882 3092 1396 3149 Castilionensium
1428 3092 1801 3148 dominorum
1841 3092 2065 3149 familia

378 3181 605 3248 .fuerit,
637 3181 729 3237 sui
764 3180 950 3254 ipsius
979 3180 1315 3238 consobrini
1338 3184 1524 3237 erant.

539 3270 844 3326 CCLXXX.
874 3270 1064 3325 Latini
1091 3268 1553 3396 armaarma
1584 3270 1645 3326 in
1676 3270 1932 3327 Calabria

1083 3357 1110 3395 s
1187 3358 1211 3395 s
1236 3358 1256 3395 ι
1283 3357 1319 3394 u
1347 3358 1384 3396 ι.

1083 3357 1384 3397 suosutuu.

482 3430 586 3486 His
614 3428 979 3501 temporibus
1012 3433 1241 3485 mortuo
1271 3429 1426 3501 apud
1475 3427 1718 3486 Calabro
1757 3430 2059 3487 Theodoro

410 3516 800 3591 Squillacensi
831 3516 1128 3588 episcopo,
1154 3516 1439 3591 Rogerius
1473 3535 1668 3576 comes
1702 3518 1758 3574 in
1794 3519 2059 3575 animum

410 3607 524 3666 sibi
539 3604 771 3663 induxit
794 3604 902 3660 hac
922 3605 981 3659 in
1002 3598 1793 3675 ecclesia,omissisGracis,e
1808 3623 2060 3683 quorum

408 3699 583 3770 gente
614 3693 858 3751 ultimus
889 3693 1004 3748 fuit
1029 3696 1369 3754 Theodorus
1398 3696 1739 3770 episcopum
1765 3696 2059 3764 Latinum,

386 3785 554 3858 quia
601 3782 787 3839 multo
846 3781 1041 3855 plures
1098 3784 1310 3853 Latini,
1371 3784 1594 3842 scilicet
1648 3786 2059 3855 Northmanni,

351 3867 362 3879 “
410 3888 590 3945 quam
620 3871 823 3940 Graeci,
849 3875 976 3927 tum
1008 3872 1089 3928 ibi
1122 3872 1488 3940 habitabant,
1520 3874 1848 3930 instituere.
1899 3875 2061 3941 Quod

409 3965 468 4019 et
512 3959 704 4032 reipsa
758 3960 1048 4033 praestitit,
1081 3962 1537 4018 assentientibus
1590 3962 1723 4018 aliis
1772 3962 2062 4035 episcopis

408 4048 652 4118 Latinis,
686 4065 835 4123 quos
864 4065 933 4105 ea
961 4050 1031 4105 de
1060 4066 1241 4106 causa
1268 4066 1299 4106 e
1338 4050 1537 4106 Sicilia
1578 4051 1976 4118 advocaverat,
2008 4056 2067 4108 et

408 4137 783 4212 potissimum
816 4138 1042 4194 Saxone
1062 4154 1165 4194 seu
1187 4134 1440 4196 Sassone
1470 4141 1813 4196 Cassanensi
1839 4141 2062 4213 episco-

408 4225 612 4301 po,qui
644 4226 859 4282 Urbani
883 4225 942 4281 in
964 4225 1231 4283 Calabria
1253 4231 1379 4283 erat
1404 4227 1940 4285 vicarius.Joannes
1963 4233 2066 4284 ita-

407 4330 522 4386 que
551 4313 752 4369 statim
786 4331 818 4369 e
846 4314 1066 4370 decano
1090 4314 1365 4392 Militensi
1384 4315 1521 4372 huic
1544 4315 1812 4372 Ecclesia;
1837 4318 2066 4390 praefec-

392 4407 506 4475 _tus
525 4406 633 4466 est,
668 4402 755 4457 uti
779 4402 995 4476 legitur
1016 4403 1325 4477 inRogerii
1349 4404 1551 4461 charta
1571 4422 1749 4478 quam
1786 4405 2064 4478 Ughellus

407 4496 569 4548 temo
595 4491 665 4547 IX
697 4488 878 4548 italiae
909 4509 1086 4548 sacras
1118 4509 1251 4566 pag.
1283 4495 1384 4549 591
1410 4494 1749 4551 edidit.Haec
1771 4496 1971 4552 omnia
1990 4500 2062 4552 ab

409 4579 639 4638 Urbano
670 4580 1017 4638 conﬁrmata
1054 4582 1234 4649 fuere,
1266 4582 1366 4655 qui
1417 4584 1595 4640 etiam
1646 4600 1714 4640 ea
1759 4585 2064 4641 occasione

407 4670 561 4729 hanc
589 4669 911 4726 Ecclesium
942 4670 1216 4726 Romanae
1265 4672 1412 4743 sedi,
1445 4673 1664 4730 omisso
1711 4690 2063 4747 quocunque

409 4759 875 4831 metropolitano,
907 4760 1171 4833 proxime
1218 4761 1488 4832 subjecit,
1521 4763 1604 4819 uti
1653 4779 1723 4820 ex
1766 4763 2063 4820 Paschalis

410 4847 572 4903 bulla
600 4847 815 4903 ibidem
850 4864 980 4921 pag.
1013 4850 1117 4903 597
1149 4850 1333 4906 relata
1363 4850 1748 4924 intelligimus
1790 4869 1926 4908 nam
1958 4852 2062 4908 Ur-

410 4935 547 4992 bani
562 4953 631 4993 ea
652 4935 722 4992 de
752 4953 813 4993 re
837 4937 1097 5010 diploma
1112 4937 1398 4994 amissum
1420 4944 1527 4996 est.

483 5042 806 5100 CCLXXXI.
843 5048 995 5101 Luem
1030 5045 1305 5102 Urbanum
1331 5050 1695 5120 crueesignati
1725 5051 1987 5117 invisum.

482 5136 625 5189 Cum
655 5150 789 5189 vero
819 5132 947 5207 ipse
968 5135 1177 5191 Lucam
1200 5136 1420 5192 Tusciae
1446 5138 1653 5194 urbem
1681 5138 2059 5210 pervenisset,

411 5236 546 5279 eum
572 5220 687 5278 huc
699 5222 891 5280 adiere
904 5223 1191 5279 Robertus
1213 5224 2063 5300 NorthmanniaaetStephanus

411 5308 714 5367 Blesarum
746 5311 1116 5384 comites,qui
1145 5329 1249 5386 per
1278 5312 1503 5371 lialiam
1532 5316 1603 5371 ad
1635 5333 1859 5373 sacram
1890 5331 2060 5387 expe-

412 5398 692 5456 ditionem
725 5403 1131 5473 properabant.
1165 5402 1283 5459 Hoc
1321 5404 1505 5460 secuti
1556 5404 1890 5479 complures
1938 5402 2058 5471 alii,

413 5493 480 5544 ut
512 5492 711 5544 narrat
740 5490 1104 5561 Fulcherius,
1138 5490 1241 5563 qui
1270 5496 1328 5547 et
1356 5492 1482 5566 ipse
1511 5510 1580 5550 ex
1609 5494 1728 5551 illis
1775 5498 1919 5560 erat,
1966 5509 2060 5549 ac-

410 5581 577 5649 cepta
606 5578 898 5650 pontificis
929 5578 1350 5649 benedictione,
1366 5583 1564 5639 statim
1599 5584 1844 5640 Romam
1867 5599 2060 5656 perre-

409 5673 640 5725 xerunt.
672 5670 741 5723 At
773 5668 1119 5739 Guibertini,
1154 5687 1406 5742 quorum
1438 5677 1577 5730 tunc
1621 5674 1884 5732 nondum
1915 5674 2061 5730 bene

2164 631 2300 670 nam
2356 613 2662 671 basilicam
2721 610 3122 669 accedentium
3179 605 3421 665 donaria
3483 605 3812 679 rapiebant,

2164 702 2373 760 occisis
2400 703 2572 759 etiam
2606 699 2908 759 nonnullis
2938 717 3088 773 quos
3118 698 3350 755 Urbano
3373 692 3818 752 sciebantaddi-

2165 798 2287 848 ctos
2316 809 2466 848 esse.
2494 792 2710 848 Verum
2757 790 2841 846 illi
2889 787 3203 846 latrunculi
3251 790 3387 859 post
3432 783 3727 857 pontiﬁcis
3755 782 3817 837 in

2164 879 2375 936 Urbem
2410 880 2721 935 adventum
2745 878 2903 934 brevi
2932 876 3113 950 fugati
3135 874 3523 946 dissipatique
3552 871 3816 927 fuerunt.

2410 968 2770 1024 CCLXXXII.
2805 968 3021 1024 Urbano
3049 965 3231 1021 obviat
3259 961 3564 1019 lathildis.

2232 1057 2433 1113 Eidem
2457 1073 2488 1113 e
2509 1056 2696 1114 Gallia
2710 1056 2974 1112 redeunti
2998 1054 3224 1109 obviam
3245 1052 3420 1107 ivisse
3449 1048 3817 1105 comitissam

2164 1146 2503 1203 Mathildem
2535 1145 2703 1203 testis
2732 1148 2821 1201 est
2849 1142 3147 1208 Domnizo,
3181 1141 3283 1214 qui
3312 1142 3444 1208 ejus
3473 1137 3726 1195 reditum
3758 1136 3822 1191 in

2162 1234 2392 1292 Italiam
2422 1241 2479 1292 et
2509 1236 2568 1290 in
2610 1234 2822 1291 Urbem
2863 1233 3181 1288 adventum
3230 1228 3501 1286 barbaris
3547 1225 3825 1283 versibus

2164 1322 2466 1394 expressit.
2516 1320 2792 1395 Sigonius
2843 1319 2991 1375 libro
3041 1336 3097 1373 ιχ
3146 1318 3227 1373 De
3274 1333 3454 1389 regno
3500 1313 3701 1379 Italia,
3740 1313 3829 1368 ait

2164 1410 2464 1466 Urbanum
2485 1426 2518 1464 a
2538 1408 2819 1464 Mathilde
2847 1407 3189 1477 ceterisque
3210 1405 3267 1460 in
3291 1401 3637 1459 Lombardia
3660 1417 3829 1457 sum-

2165 1498 2280 1553 mis
2310 1497 2634 1554 honoribus
2661 1495 2956 1552 excultum
2993 1495 3239 1549 Romam
3262 1493 3577 1549 adiisse.At
3603 1489 3829 1546 Bertol-

2165 1588 2278 1642 dus
2318 1587 2445 1657 ejus
2497 1586 2553 1640 in
2603 1585 2808 1640 urbem
2857 1583 3110 1639 reditum
3167 1580 3469 1653 triumpho
3499 1582 3827 1651 comparat,

2164 1692 2387 1731 annum
2428 1675 2559 1728 1097
2590 1690 2693 1745 pro
2719 1688 2880 1727 more
2912 1688 3018 1727 suo
3066 1690 3101 1727 a
3142 1670 3450 1727 Natalihus
3488 1660 3702 1725 Christi
3735 1668 3827 1722 in-

2166 1764 2382 1820 choans
2414 1762 2507 1818 his
2534 1761 2727 1818 verbis
2760 1779 2773 1816 :
2809 1761 3069 1816 Dominus
3092 1776 3243 1831 papa
3261 1758 3486 1813 tandem
3510 1756 3583 1813 ad
3613 1758 3831 1828 aposto-

2166 1855 2330 1909 licam
2357 1852 2538 1907 sedem
2564 1867 2687 1905 eum
2717 1865 2924 1920 magna
2974 1849 3155 1918 gloria
3185 1851 3237 1904 et
3265 1846 3509 1919 tripudio
3554 1861 3829 1911 reversus,

2165 1942 2518 1997 Nativitatem
2572 1940 2790 1994 Domini
2836 1938 3022 1994 Romae
3084 1954 3208 1992 cum
3267 1938 3382 1992 suis
3447 1934 3833 1990 cardinalibus

2165 2031 2553 2100 gloriosissime
2597 2029 2923 2089 celebravit;
2971 2028 3174 2099 quippe
3223 2029 3336 2081 tota
3396 2028 3643 2081 Romana
3688 2024 3835 2079 urbe

2164 2134 2301 2192 pene
2322 2118 2432 2174 sibi
2457 2119 2769 2189 subjugata,
2796 2120 3004 2188 preter
3031 2116 3236 2171 turrim
3273 2115 3593 2181 Crescentii,
3627 2115 3690 2170 in
3717 2129 3835 2184 qua

2165 2207 2342 2263 adhuc
2361 2206 2654 2262 latitabant
2675 2203 3359 2261 Guibertini.Guibertum
3384 2203 3579 2275 ipsum
3602 2217 3638 2258 a
3657 2199 3834 2274 plebe

2168 2295 2403 2369 pulsum
2437 2296 2619 2351 fuisse
2647 2294 2804 2350 canit
2824 2293 3302 2364 Domnizo,cujus
3333 2307 3401 2347 ea
3426 2292 3503 2347 de
3533 2306 3593 2346 re
3613 2306 3828 2346 versus

2168 2384 2384 2441 videsis
2413 2384 2472 2439 in
2504 2381 2859 2455 Appendice.
2892 2380 3231 2438 Mathildem
3252 2396 3412 2446 vero,
3435 2379 3590 2452 quod
3623 2382 3831 2435 tamen

2168 2490 2284 2529 non
2314 2472 2494 2529 habet
2511 2470 2609 2527 ille
2631 2470 3104 2536 auctor,Romam
3124 2486 3312 2541 usque
3325 2469 3622 2525 Urbanum
3643 2467 3835 2523 comi-

2166 2566 2349 2618 tatam
2381 2561 2565 2617 fuisse
2593 2576 2661 2616 ex
2692 2560 3003 2632 ipsiusmet
3032 2558 3326 2631 pontificis
3342 2556 3591 2630 epistola
3612 2557 3684 2613 ad
3709 2556 3833 2612 Hu-

2136 2704 2139 2707 .
2167 2666 2379 2724 gonem
2411 2649 2861 2722 Lugdunensem
2894 2650 3027 2721 post
3056 2645 3292 2719 aliquod
3325 2651 3563 2719 tempus
3582 2646 3830 2718 scripta,

2167 2738 2361 2812 colligi
2393 2742 2605 2811 potest,
2634 2735 2694 2792 in
2724 2754 2842 2808 qua
2870 2753 3079 2809 nempe
3125 2735 3250 2791 haec
3300 2735 3579 2809 leguntur
3606 2752 3620 2790 :
3652 2735 3837 2808 Usque

2166 2828 2238 2885 ad
2282 2828 2477 2886 Urbem
2520 2843 2645 2882 cum
2672 2827 2951 2883 comitissa
2980 2827 3044 2881 Η.
3074 2826 3299 2898 paci/tce
3327 2827 3597 2891 venimus,
3632 2824 3837 2881 Urbem

2169 2918 2549 2974 honestissime
2574 2932 2698 2972 eum
2715 2915 3137 2987 praecedentium
3155 2916 3453 2986 stipatione
3498 2915 3845 2986 frequentis-

2167 3008 2312 3063 sima
2361 3006 2733 3061 introivimus.
2767 3005 2837 3060 Et
2885 3003 3123 3077 quidem
3180 3002 3523 3059 Fulcherius
3578 3005 3843 3059 testatur

2168 3094 2505 3168 pontiﬁcem
2535 3094 2804 3165 ejusdem
2826 3092 3138 3149 comitissm
3170 3090 3386 3148 auxilio
3410 3091 3837 3163 Urbem,quam

2170 3184 2362 3242 adhuc
2393 3181 2717 3239 Guibertini
2747 3182 3045 3249 tenebant,
3074 3184 3641 3253 temperasse,quam
3663 3180 3836 3253 Sigo-

2169 3273 2324 3339 nius,
2352 3271 2478 3327 loco
2507 3272 2627 3343 iam
2658 3270 2916 3339 laudato,
2955 3286 2989 3325 a
3017 3269 3296 3326 Guiherto
3326 3273 3694 3342 occupatam,
3726 3270 3837 3324 sed

2168 3363 2240 3420 ab
2271 3361 2507 3418 Urbano
2530 3360 2577 3416 Il
2606 3362 3001 3431 expugnatam
3031 3358 3213 3414 fuisse
3240 3358 3436 3425 refert,
3461 3357 3839 3431 pseudopon-

2168 3451 2323 3508 tifice
2352 3449 2414 3506 in
2443 3465 2634 3506 arcem
2686 3446 2993 3521 compulso
3043 3446 3258 3504 auxilio
3303 3463 3528 3515 eorum,
3562 3462 3712 3519 quos
3757 3448 3837 3503 ad

2167 3555 2396 3597 sacram
2442 3537 2867 3611 expeditionem
2916 3536 3174 3609 pontifex
3223 3536 3604 3592 animaverat.
3666 3536 3835 3592 Idem

2169 3629 2391 3685 habent
2418 3625 2607 3682 cieteri
2638 3630 2907 3681 auctores
2936 3641 3071 3680 cum
3096 3624 3530 3696 Fulcherio,qui
3554 3624 3838 3680 observat

2173 3718 2456 3777 Urbanum
2484 3731 2544 3772 eo
2572 3714 2702 3788 ipso
2731 3730 2899 3782 anno,
2938 3730 3043 3787 quo
3094 3715 3300 3770 Franci
3346 3714 3651 3770 Jerusalem
3695 3716 3842 3769 ituri

2166 3824 2266 3881 per
2311 3808 2537 3863 Romam
2582 3805 2947 3872 transierunt,
2994 3807 3163 3860 totam
3212 3805 3435 3860 omnino
3480 3803 3841 3874 apostolicam

2166 3902 2491 3970 potestatem
2515 3893 2767 3964 adeptum
2791 3909 2923 3950 esse.
2954 3893 3209 3948 Tantum
3238 3892 3395 3948 enim
3427 3890 3611 3947 fuisse
3630 3907 3841 3948 nume-

2171 4001 2306 4040 rum
2339 3982 2669 4055 principum
2720 3987 2777 4038 et
2828 3981 3088 4038 militum
3139 3981 3238 4054 qui
3291 3982 3537 4037 Romam
3578 3996 3647 4037 eo
3678 3997 3840 4037 anno

2172 4073 2445 4129 adierunt
2471 4076 2721 4127 testatur
2744 4071 3036 4127 Robertus
3067 4069 3216 4126 libro
3247 4087 3289 4126 ιι
3315 4069 3580 4126 Historias
3600 4069 3841 4127 Jeroso-

2171 4160 2492 4235 lymitanm,
2514 4163 2579 4216 ut
2602 4176 2672 4216 ex
2701 4159 2795 4216 his
2819 4159 2991 4216 multi
3022 4162 3184 4215 extra
3212 4160 3420 4215 urbem
3451 4174 3587 4215 cum
3619 4159 3840 4217 domus

2172 4266 2287 4306 non
2319 4247 2932 4318 sufficerent,tcntoria
2961 4249 3136 4322 figere
3165 4249 3348 4304 coacti
3381 4247 3625 4304 fuerint:
3667 4248 3839 4306 Certe

2172 4339 2493 4396 Rohertum
2524 4337 2965 4394 Northmannize
2994 4339 3203 4394 ducem
3235 4342 3291 4393 et
3321 4338 3583 4395 Odonem
3612 4338 3841 4411 episco-

2173 4445 2317 4502 pum
2347 4427 2811 4499 Bajooassimum
2844 4427 3039 4483 Romae
3056 4444 3189 4483 cum
3210 4428 3441 4483 Urbano
3472 4426 3834 4499 colloquium

2171 4522 2312 4573 tunc
2341 4517 2620 4574 habuisse
2647 4517 2814 4573 testis
2844 4520 2935 4572 est
2954 4516 3127 4572 etiam
3151 4516 3277 4588 ipse
3291 4514 3601 4572 0rdericus
3619 4515 3837 4572 Vitalis

2094 4624 2142 4690 Β
2171 4596 2321 4663 libro
2371 4624 2428 4673 ιι,
2462 4623 2611 4678 quos
2658 4608 2779 4679 ejus
2818 4609 3076 4678 percepta
3124 4605 3493 4661 benedictione
3530 4606 3593 4661 in
3629 4604 3837 4677 Apulia

2170 4698 2435 4754 hiemasse
2463 4694 2685 4752 scribit.
2717 4699 2796 4750 De
2827 4693 2920 4751 his
2955 4693 3204 4767 aliisque
3251 4693 3577 4767 peregrinis
3624 4694 3835 4750 eadem

2171 4785 2412 4843 omnino
2454 4788 2700 4840 narrant
2750 4782 2849 4839 alii
2904 4800 3136 4855 quoque
3186 4788 3477 4852 auctores,
3510 4798 3661 4854 quos
3699 4789 3841 4854 post

2172 4874 2408 4931 visitata
2466 4874 2736 4929 Romana:
2791 4873 2957 4929 urbis
3006 4872 3135 4929 loca
3189 4889 3357 4928 sacra
3403 4873 3836 4929 monasterium

2173 4964 2349 5020 etiam
2379 4962 2696 5019 Casinense
2729 4961 2945 5019 adiisse
2975 4961 3179 5018 scribit
3209 4963 3413 5018 Petrus
3444 4960 3738 5017 Diaconus
3768 4961 3833 5018 in

2170 5052 2455 5110 Chronico
2484 5051 2783 5108 Casinensi
2812 5050 2963 5107 libro
2993 5068 3068 5119 IV,
3103 5068 3230 5125 cap.
3275 5069 3336 5118 ιι,
3388 5056 3454 5107 ut
3499 5067 3563 5107 se
3601 5065 3835 5124 suaque

2171 5144 2374 5197 saneto
2406 5140 2556 5197 Patri
2576 5140 3164 5212 Benedicto,ejusque
3193 5141 3616 5197 monachorum
3639 5141 3834 5212 preci-

2169 5232 2284 5287 bus
2313 5229 2810 5286 commendarent.

2391 5318 2763 5375 CCLXXXIII.
2795 5319 3019 5376 Henrici
3042 5320 3385 5376 miserabilis
3412 5326 3604 5376 stabis.

2242 5407 2406 5464 Haud
2425 5407 2614 5481 magis
2629 5423 2908 5480 prospera
2937 5414 3105 5465 erant
3120 5410 3179 5465 in
3202 5408 3370 5465 Italia
3391 5407 3622 5465 Henrici
3643 5424 3827 5482 quam

2168 5496 2298 5568 ejus
2327 5496 2845 5570 pseudopontiﬁcis
2875 5498 3128 5571 negotia,
3164 5498 3265 5572 qui
3295 5498 3534 5570 quidem
3582 5497 3829 5556 absente

2169 5585 2400 5643 Urbano
2428 5587 2718 5658 Nogeram
2745 5585 3074 5657 obsederat,
3126 5588 3230 5644 sed
3278 5588 3517 5654 frustra,
3549 5590 3615 5641 ut
3648 5586 3830 5645 habet

2169 5676 2465 5745 Domnizo,
2496 5673 2595 5747 qui
2627 5673 2778 5730 hanc
2820 5674 3185 5733 obsidionem
3221 5676 3515 5734 describit.
3549 5675 3828 5735 Mathildis
