3962 6380
199 386 308 459 Ml

1794 398 2003 464 VITA.
2026 450 2031 455 .

3479 400 3600 472 ΞΞΞ

203 544 329 589 vero
359 543 506 604 quae,
530 529 708 590 verba
731 536 870 591 sunt
898 529 1173 627 Bertoldi,
1224 547 1364 627 pene
1410 533 1526 593 sola
1579 536 1845 627 cumsuis
1873 543 1927 612 Α
1956 532 2305 592 CCLXXXV.
2352 534 2653 595 Daimberti
2700 537 2937 627 episcopi
2970 541 3295 601 Senonensis
3325 545 3597 627 ordinatio

201 628 381 678 contra
410 623 712 679 Henricum
739 632 793 681 et
817 625 1239 682 haeresiarcham
1267 623 1584 683 Guibertum
1618 626 1840 699 compli~

203 725 386 782 aesque
410 727 600 767 eorum
618 714 742 784 jam
768 716 1047 786 septennia
1056 723 1404 788 pugnaverat
1421 734 1444 781 ;
1462 717 1699 772 tandem
1730 717 1839 773 hoc

203 816 349 856 anno
378 800 815 873 imperatorem,
845 802 1046 875 procul
1078 804 1256 860 dubio
1290 808 1378 860 tot
1424 809 1841 879 tantorumque

203 887 638 961 hominum,qui
653 890 866 946 Urbani
882 891 1114 948 hortatu
1147 893 1216 948 ad
1233 910 1427 949 sacras
1446 895 1841 967 expeditiones

203 977 611 1048 properabant,
635 979 885 1035 adventu
905 980 964 1036 in
982 981 1205 1037 Italiam
1227 983 1586 1051 exterritum,
1611 1001 1742 1040 recu
1752 1000 1847 1057 pe-

204 1065 345 1121 ratis
375 1064 500 1121 suis
530 1066 723 1134 bonis,
765 1068 999 1140 penitus
1046 1086 1075 1125 e
1102 1071 1477 1142 Longobardia
1510 1074 1765 1144 fugavit;
1794 1077 1845 1128 et

204 1155 298 1209 itte
323 1171 451 1211 cum
491 1158 688 1227 paucis
735 1159 1089 1215 Ratisbonam
1116 1163 1335 1217 veniens
1363 1164 1533 1217 totam
1560 1162 1640 1217 ibi
1666 1164 1845 1234 exegit

202 1248 467 1312 aestatem,
491 1249 546 1301 et
573 1247 722 1302 circa
758 1250 1000 1303 castrum
1053 1250 1386 1321 Nuremberg
1440 1253 1576 1307 satis
1627 1252 1845 1323 private

200 1337 440 1390 πων-αἰτίης
466 1335 695 1391 tandem
721 1334 1003 1392 Nemetum
1022 1340 1298 1410 migravit,
1329 1340 1527 1395 ibidem
1570 1342 1701 1396 satis
1723 1342 1843 1413 pri-

202 1425 323 1476 vate
348 1422 447 1477 diu
475 1429 744 1479 moratur.

245 1555 618 1613 CCLXXXIV.
664 1559 909 1615 Urbanus
938 1561 1233 1625 concilium
1262 1563 1521 1618 Laterani
1541 1564 1795 1619 celebrat.

271 1690 419 1746 Cum
451 1691 650 1763 itaque
679 1691 949 1748 Urbanus
993 1694 1187 1751 Romae
1234 1696 1586 1768 praevaleret,
1630 1697 1749 1767 ubi,
1784 1702 1849 1751 ut

202 1780 328 1853 ipse
359 1778 564 1835 scribit
601 1781 675 1836 ad
734 1770 1034 1855 Hugonem
1089 1785 1559 1857 Lugdunensem,
1610 1787 1845 1854 haneste,

203 1876 317 1925 tute
343 1872 397 1923 et
426 1870 689 1925 alacriter
712 1872 1071 1939 versabatur,
1094 1873 1285 1929 visum
1316 1879 1405 1930 est
1435 1875 1506 1942 ei,
1540 1877 1613 1931 ad
1638 1875 1844 1931 Urbem

204 1956 314 2014 sibi
347 1957 539 2030 magis
550 1958 858 2031 magisque
873 1962 1418 2033 asserendum,ejus
1445 1966 1588 2019 cives
1598 1972 1650 2019 et
1668 1966 1847 2033 regio-

202 2061 296 2103 nes
320 2062 510 2103 omnes
536 2051 894 2104 sacramentis
923 2065 1030 2105 suo
1056 2051 1246 2106 officio
1276 2053 1637 2122 adstringere.
1685 2055 1850 2109 Certe

198 2135 320 2206 jam
355 2136 429 2192 ab
454 2136 585 2209 ipso
614 2138 751 2193 anni
810 2139 949 2193 1097
1002 2139 1171 2196 initio
1220 2141 1594 2197 Lateranensi
1635 2142 1850 2213 palatio

204 2225 555 2298 potiebatur,
585 2230 648 2281 ut
675 2231 832 2299 patet
860 2244 929 2283 ex
957 2230 1085 2299 ejus
1112 2228 1273 2284 bulla
1294 2231 1365 2285 ad
1398 2234 1698 2302 Hugonem
1720 2231 1848 2284 Clu-

203 2313 539 2370 niacensem
566 2315 835 2372 abbatem
864 2317 992 2373 data
1034 2319 1293 2374 Laterani
1319 2336 1357 2375 v
1388 2318 1526 2374 ldus
1569 2321 1847 2386 Januarii,

201 2401 506 2458 indictione
532 2419 584 2470 ν,
618 2402 679 2457 in
709 2419 827 2474 qua
839 2404 1143 2478 privilegia
1155 2409 1213 2461 et
1236 2406 1637 2477 possessiones
1656 2424 1852 2463 mona-

201 2489 365 2546 sterii
393 2488 796 2548 Cluniacensis
827 2508 893 2547 ac
923 2492 1181 2549 locorum
1216 2495 1266 2550 ei
1299 2494 1670 2550 subditorum
1713 2511 1852 2550 con-

203 2578 460 2634 ﬁrmavit
478 2580 599 2652 :qui
614 2584 816 2652 utpote
829 2581 1323 2654 vigilantissimus
1334 2584 1590 2655 pontifex
1610 2601 1850 2640 suarum

205 2683 403 2724 rerum
434 2668 880 2741 prosperitatem
913 2670 983 2725 ad
1018 2670 1283 2728 Ecclesiae
1315 2673 1688 2728 commodum
1707 2673 1852 2728 refe-

208 2772 368 2824 rens,
398 2757 710 2815 concilium
742 2757 939 2814 statim
974 2759 1326 2827 convocavit,
1352 2762 1553 2832 procul
1582 2762 1760 2817 dubio
1791 2766 1856 2817 ut

208 2861 279 2903 ea
306 2862 438 2919 quae
467 2846 527 2901 in
554 2845 875 2904 Gallicanis
907 2849 1145 2921 synodis
1164 2849 1484 2905 constituta
1512 2851 1759 2915 fuerant,
1792 2850 1850 2905 in

208 2934 440 2991 Italiam
471 2950 702 3007 quoque
718 2943 1085 3009 propagaret.
1120 2938 1281 2993 Istud
1314 2934 1571 3007 generale
1598 2937 1856 3011 appellat

209 3021 647 3096 Sigoniuslibro
677 3040 733 3080 ιι
745 3023 825 3080 De
853 3040 1029 3097 regno
1046 3025 1240 3094 Italiae,
1261 3027 1497 3083 cuiOtto
1522 3028 1853 3099 Frisingen-

207 3111 292 3168 sis
322 3115 383 3168 et
410 3111 506 3167 alii
540 3116 805 3169 auctores
857 3106 1245 3172 consentiunt.
1307 3117 1436 3189 Ipse
1491 3117 1748 3189 pontifex
1793 3116 1853 3171 in

208 3199 456 3273 epistola
480 3216 615 3257 mox
643 3200 882 3259 laudata
923 3205 995 3260 ad
1053 3204 1355 3278 Hugonem
1403 3206 1854 3279 Lugdunensem

2679 610 2873 669 dilata.

2019 707 2248 764 Mortuo
2279 712 2474 765 autem
2506 709 2614 765 sub
2647 709 2823 766 ﬁnem
2838 710 3173 770 Decembris
3192 710 3593 787 precedentis,

1948 797 2150 866 utjam
2183 797 2639 866 observavimus,
2665 799 2932 857 Richerio
2954 802 3275 860 Senonensi
3306 805 3594 880 archiepi-

1950 901 2144 957 scOpo,
2196 886 2570 943 Daimbertus
2620 887 2680 943 in
2737 890 2863 959 ejus
2910 888 3101 946 locum
3152 893 3441 951 substitus
3471 901 3596 965 est;

1949 974 2051 1031 sed
2082 991 2217 1030 cum
2246 974 2471 1043 ille,-sui
2495 977 2818 1034 decessoris
2838 980 3084 1053 vestigia
3104 987 3363 1049 secutus,
3384 985 3603 1057 prima-

1950 1063 2036 1118 tui
2066 1065 2473 1135 Lugdunensis
2492 1065 2755 1122 Ecclesia:
2773 1068 2984 1140 subjici
3003 1069 3197 1139 nollet,
3220 1071 3386 1146 Hugo
3404 1075 3600 1133 archi-

1951 1152 2263 1224 episcopus
2291 1153 2622 1210 intercessit
2650 1172 2721 1211 ne
2742 1156 2814 1211 ab
2841 1156 3129 1230 episcopis
3141 1162 3601 1233 comprovincia-

1953 1240 2109 1297 libus
2141 1241 2530 1299 ordinaretur.
2564 1245 2687 1307 Qua
2716 1246 3019 1303 occasione
3063 1253 3159 1305 Ivo
3216 1251 3597 1321 Carnotenus,

1955 1330 2116 1401 quia
2170 1331 2522 1401 Daimberto,
2583 1338 2647 1388 ut
2694 1351 2827 1390 eum
2886 1343 3270 1406 consecraret,
3322 1340 3603 1398 invitatus

1953 1419 2161 1483 fuerat,
2190 1420 2488 1476 Urbanum
2521 1422 2660 1493 quid
2695 1424 2844 1480 facto
2893 1442 3040 1496 opus
3073 1432 3247 1494 esset,
3305 1429 3606 1487 consuluit

1955 1507 2201 1579 epistola
2232 1510 2353 1563 165.
2386 1510 2449 1564 In
2475 1526 2544 1565 ea
2573 1516 2810 1567 excusat
2830 1530 2894 1568 se
2928 1518 3021 1569 Ivo
3051 1516 3203 1585 apud
3238 1518 3604 1588 pontificem,

1957 1598 2108 1669 quod
2126 1602 2441 1669 postsuum
2469 1600 2540 1661 ab
2559 1601 2685 1670 ejus
2700 1603 2978 1658 comitatu
2994 1603 3317 1661 discessum
3340 1609 3601 1665 nondum

1955 1686 2217 1743 licuisset
2246 1688 2316 1742 ad
2330 1705 2463 1743 cum
2480 1689 2795 1757 redire,aut
2811 1690 3016 1747 saltem
3033 1709 3132 1764 per
3153 1696 3389 1753 nuntios
3407 1697 3603 1769 ipsum

1958 1775 2233 1839 salutare;
2264 1781 2391 1831 tum
2423 1778 2472 1832 ei
2525 1780 2898 1835 commendat
2940 1774 3326 1840 Parisiensem
3375 1774 3603 1857 episco~

1961 1881 2101 1936 pum
2133 1865 2375 1921 Romam
2412 1868 2756 1938 profectum,
2805 1870 2900 1925 cui
2931 1871 3114 1926 abbas
3163 1860 3602 1941 Latiniac'ensis,

1960 1954 2069 2009 sub
2098 1954 2290 2025 specie
2321 1956 2450 2010 novi
2475 1955 2756 2029 privilegii
2778 1974 2812 2013 a
2841 1959 3113 2031 pontifice
3132 1960 3447 2033 impetrati,
3471 1965 3605 2021 obe-

1958 2043 2239 2099 dientiam
2271 2044 2614 2116 denegabat.
2649 2045 2814 2102 Certe
2844 2064 2961 2119 prae
2992 2050 3267 2106 manibus
3319 2051 3607 2111 habemus

1960 2130 2326 2204 privilegium
2358 2131 2503 2188 illud
2537 2135 2958 2207 Latiniacense,
2991 2138 3167 2209 quod,
3198 2156 3333 2196 cum
3364 2141 3424 2197 in
3468 2159 3605 2215 apo-

1959 2219 2180 2292 grapho
2210 2220 2430 2276 nullam
2463 2221 2678 2279 habeat
2705 2224 3040 2282 chronicam
3060 2230 3281 2297 notam,
3314 2229 3429 2286 huc
3446 2247 3606 2287 revo-

1959 2309 2080 2364 cari
2111 2326 2281 2381 posse
2312 2328 2381 2365 ex
2411 2311 2519 2366 hac
2552 2312 2743 2368 Ivonis
2772 2315 3020 2385 epistola
3055 2332 3388 2387 censemus,
3434 2324 3606 2392 atque

1961 2399 2103 2454 adeo
2134 2400 2192 2453 in
2222 2400 2599 2472 Appendicea
2618 2401 2786 2458 nobis
2799 2403 3212 2461 exhibendum.
3228 2407 3402 2464 Porro
3418 2408 3607 2465 Ivonis

1961 2487 2266 2560 epistolam
2318 2488 2484 2544 initio
2515 2488 2696 2561 hujus
2753 2491 2889 2546 anni
2931 2493 3206 2566 scriptam
3259 2495 3442 2552 fuisse
3470 2496 3608 2552 inde

1962 2574 2293 2645 colligimus
2306 2577 2459 2646 quod
2475 2578 2735 2633 nondum
2756 2583 2897 2634 tunc
2910 2582 3143 2652 quando
3158 2581 3324 2637 illam
3348 2584 3603 2657 scripsit,

1961 2662 2227 2720 audierat
2246 2665 2385 2736 quid
2402 2665 2629 2722 Urbano
2648 2667 2892 2723 Romam
2910 2668 3253 2742 ingredienti
3276 2672 3603 2740 accidisset,

1963 2756 2029 2808 ut
2058 2753 2183 2825 ipse
2212 2756 2465 2809 testatur
2492 2754 2585 2810 his
2615 2756 2809 2811 verbis
2838 2774 2850 2812 :
2889 2762 2966 2813 De
2990 2774 3122 2828 pace
3156 2763 3362 2817 sanctae
3411 2762 3606 2818 Roma-

1962 2859 2048 2897 nw
2090 2844 2347 2900 Ecclesiae
2395 2851 2446 2899 et
2490 2852 2665 2900 vestra
2714 2848 3074 2917 prosperitate
3099 2850 3186 2903 det
3240 2850 3397 2905 nobis
3425 2850 3607 2906 Domi-

1962 2947 2070 2986 nus
2098 2931 2295 2987 audire
2325 2933 2465 3003 quod
2493 2938 2760 3004 Optamus.

1963 3035 2338 3094 CCLXXXVI.
2402 3039 2670 3096 Gerardus
2725 3043 2887 3168 εῃῖὶςξ.
2935 3041 3266 3099 Morinorum
3295 3045 3471 3103 sedem
3516 3044 3608 3101 di-

2074 3125 2078 3129 ‘
2316 3148 2319 3151 -
2696 3128 2777 3168 mi
2825 3129 2842 3167 τ
2874 3154 2886 3168 .

2074 3125 2078 3129 ‘
2316 3148 2319 3151 -
2696 3114 2886 3168 mittit.

2035 3197 2201 3254 Circa
2228 3199 2429 3254 eadem
2460 3202 2726 3272 tempora
2773 3217 2909 3256 cum
2944 3201 3304 3259 Morinorum
3355 3204 3606 3261 Ecclesia

206 3288 359 3346 hanc
389 3287 581 3360 ipsam
610 3290 1496 3361 synodum‘Lateranisolemniter
1526 3295 1841 3351 celebratam

1981 3285 2136 3341 fariis
2165 3288 2354 3341 turbis
2386 3287 2724 3360 agitaretur,
2758 3290 2916 3361 quod
2949 3291 3243 3348 Gerardus
3276 3294 3403 3365 ejus
3449 3295 3609 3351 sedis

207 3377 391 3433 fuisse
414 3381 681 3434 testatur.
715 3380 890 3436 Porro
906 3382 1015 3438 etsi
1049 3382 1243 3438 nullas
1274 3384 1542 3455 praeferat
1555 3383 1854 3439 chronolo-

206 3467 314 3540 giaa
345 3470 514 3523 notas
534 3467 656 3523 hinc
685 3468 948 3540 epistola,
984 3470 1171 3542 ipsam
1221 3475 1418 3527 tamen
1479 3472 1659 3544 hujus
1713 3471 1853 3528 anni

204 3554 373 3612 initio
404 3556 865 3629 consignandam
881 3573 1009 3614 esse
1021 3575 1090 3614 ex
1113 3576 1180 3615 eo
1213 3559 1378 3615 facile
1392 3559 1686 3633 colligitur
1696 3561 1850 3632 quod

204 3642 265 3699 in
293 3660 363 3700 ea
394 3643 614 3703 mentio
644 3643 747 3698 ﬂat
781 3644 1094 3701 Daimberti
1124 3663 1327 3703 recens
1357 3646 1521 3703 electi
1555 3647 1613 3702 in
1663 3646 1851 3702 archi-

209 3732 552 3805 episcopum
583 3733 1003 3801 Senonensem,
1022 3751 1193 3805 quem
1210 3734 1319 3792 hoc
1351 3752 1502 3791 anno
1524 3735 1852 3791 intrantein

207 3820 463 3878 Rioherii
493 3821 689 3877 locum
729 3822 1116 3879 substitutum
1165 3824 1347 3880 fuisse
1395 3828 1644 3880 constat.
1692 3824 1853 3880 ldem

205 3912 417 3984 probat
424 3927 605 3967 causa
617 3910 1044 3969 Lemovicensis
1056 3911 1222 3968 electi
1252 3912 1332 3968 ibi
1356 3928 1411 3967 m
1420 3917 1699 3981 emorata;
1716 3930 1851 3968 nam

206 4000 384 4073 paulo
398 4003 530 4073 post
541 3999 648 4057 Gui
658 3998 892 4057 llelmus
907 4000 1103 4072 episco
1110 4018 1218 4073 pus
1231 4001 1535 4057 ordinatus
1563 4005 1671 4057 est.
1690 4002 1857 4057 Certe

204 4087 460 4162 insignis
489 4092 581 4144 est
608 4087 874 4161 epistola,
909 4091 1108 4161 utpote
1154 4106 1282 4161 quae
1328 4088 1517 4145 multa
1546 4094 1604 4145 et
1659 4091 1856 4163 gravia

204 4178 507 4234 variarum
535 4176 737 4235 Galliae
767 4176 1143 4234 ecclesiarum
1165 4178 1395 4251 negotia
1424 4179 1852 4251 complectitur,

204 4269 267 4324 et
288 4266 509 4323 Urbani
539 4265 599 4321 in
645 4267 948 4323 servandis
1005 4265 1273 4323 Ecclesiae
1331 4266 1549 4339 regulis
1592 4268 1854 4323 studium

205 4356 437 4428 probat.
467 4354 597 4411 Haec
627 4354 766 4411 olim
795 4354 1032 4412 dabitur
1059 4373 1128 4411 ex
1158 4373 1268 4412 ms.
1303 4355 1618 4412 Baluziano
1637 4357 1856 4412 descri-

204 4448 327 4517 pta.
354 4444 532 4501 Porro
562 4443 671 4500 etsi
702 4460 771 4501 ex
801 4444 973 4500 dictis
1005 4448 1229 4500 certum
1259 4445 1527 4501 videatur
1555 4445 1855 4503 Urbanum

204 4533 363 4590 haud
379 4531 567 4589 multo
597 4537 916 4606 postsuum
946 4533 1004 4589 in
1036 4534 1239 4590 urbem
1269 4534 1521 4590 reditum
1543 4534 1856 4591 concilium

209 4621 371 4679 istud
405 4622 560 4693 apud
593 4622 944 4678 Lateranum
967 4622 1313 4690 celebrasse,
1348 4623 1438 4678 vix
1468 4627 1661 4679 tamen
1687 4623 1855 4696 quid-

207 4727 389 4784 quam
420 4727 491 4767 ex
519 4711 647 4783 ejus
663 4711 824 4767 Actis
854 4712 1212 4768 autdecretis
1234 4728 1543 4785 superesse
1560 4713 1859 4768 fatendum

203 4804 317 4869 est,
348 4800 687 4873 quod-forte
718 4800 865 4856 nihil
897 4800 1026 4857 novi
1058 4800 1137 4857 ibi
1177 4802 1468 4858 sancitum
1503 4801 1694 4858 fuerit.
1729 4803 1853 4857 Huc

205 4888 402 4947 solum
414 4890 668 4946 revocari
681 4906 854 4962 posse
864 4891 1193 4961 censemus(
1200 4890 1422 4946 nullam
1451 4891 1666 4964 quippe
1678 4890 1851 4947 aliam

206 4978 479 5035 Urbanus
538 4978 827 5051 synodum
874 4978 1143 5036 Laterani
1202 4979 1427 5051 habuit)
1457 4980 1852 5053 fragmentum

204 5067 469 5141 epistolae
499 5067 572 5123 ad
591 5067 975 5125 Gotbfredum
1003 5067 1473 5140 Magalonensem
1491 5070 1853 5142 episcopum,

205 5156 268 5214 in
296 5173 419 5230 quo
436 5156 700 5229 pontifex
729 5158 956 5227 statuit,
991 5159 1163 5230 juxta
1207 5158 1362 5230 quod
1395 5159 1456 5213 in
1502 5160 1860 5216 Lateranensi

204 5247 438 5304 concilio
464 5248 927 5319 promulgaverat,
961 5264 1079 5320 qua
1108 5247 1331 5303 ratione
1369 5246 1691 5303 dividendae
1740 5250 1859 5304 sint

203 5336 587 5407 eleemosyuaa
617 5340 981 5393 mortuorum
1015 5336 1189 5409 quiin
1222 5337 1596 5392 monasteriis
1627 5337 1857 5409 sepeliri

205 5426 700 5483 desideraverant.
738 5424 886 5482 Illud
918 5429 1227 5492 statutum,
1260 5425 1415 5497 quod
1446 5425 1506 5480 in
1555 5426 1857 5483 nonnullis

203 5513 641 5586 exemplaribus
663 5519 796 5586 post
824 5531 1107 5573 canonem
1128 5515 1193 5569 l2
1206 5516 1426 5583 Questa,
1459 5515 1612 5587 apud
1638 5515 1857 5572 Gratia-

204 5620 347 5661 num
380 5604 469 5670 13,
502 5616 561 5675 q;-
593 5607 630 5658 2
659 5603 927 5674 habetur,
960 5604 1113 5661 inter
1160 5602 1304 5659 alias
1334 5604 1549 5660 Urbani
1581 5604 1857 5677 epistolas

205 5713 372 5755 num.
406 5693 516 5749 2l0
544 5693 895 5765 proferetur.

1961 3374 2271 3447 episcopus
2302 3375 2358 3429 in
2392 3376 2641 3433 concilio
2669 3376 3076 3447 Nemausensi,
3110 3383 3175 3436 ut
3223 3381 3500 3449 diximus,
3534 3384 3607 3439 ab

1960 3463 2151 3520 officio
2176 3481 2501 3537 suspensus
2542 3464 2769 3531 fuisset,
2819 3456 3162 3525 Lambertus
3211 3472 3609 3529 Atrebatensis
3643 3530 3660 3545 ,

1962 3551 2226 3622 antistes,
2260 3553 2353 3608 cui
2407 3554 2708 3629 Manasses
2756 3556 3243 3629 metropolitanus
3292 3558 3608 3618 Remorum

1961 3640 2092 3711 ejus
2120 3638 2377 3696 ecclesiae
2423 3657 2622 3697 curam
2684 3644 3214 3711 commendaverat,
3264 3647 3321 3701 in
3370 3650 3608 3723 Gerardi

1960 3729 2207 3801 gratiam
2242 3724 2475 3785 Urbano
2506 3730 2760 3803 scripsit.
2808 3731 2954 3794 Quid
3006 3734 3372 3805 responderit
3419 3737 3609 3810 ponti-

1961 3819 2053 3874 fex
2106 3818 2465 3890 ignoramus.
2526 3820 2599 3874 At
2646 3820 2938 3877 Gerardus
2995 3825 3080 3877 tot
3136 3823 3285 3880 forte
3313 3841 3611 3882 morarum

1962 3910 2266 3980 pertaesus,
2287 3911 2344 3963 et
2374 3908 2550 3980 quod,
2577 3924 2838 3965 excusare
2864 3926 2937 3979 se,
2959 3915 3025 3965 ut
3052 3910 3451 3971 habet'auctor
3463 3915 3610 3972 Vitae

1961 3992 2207 4052 Joannis
2238 3998 2367 4069 ejus
2389 3992 2766 4067 successeris,
2801 3998 3009 4056 saltem
3029 4017 3099 4057 ex
3128 4002 3287 4080 omni
3320 4008 3484 4076 parte
3500 4022 3613 4062 non

1959 4088 2157 4158 posset,
2191 4085 2528 4158 episcopatu
2583 4087 2776 4156 cessit,
2830 4093 2895 4142 ut
2947 4090 3121 4145 refert
3164 4089 3261 4146 ille
3310 4096 3510 4149 auctor
3556 4098 3612 4150 et

1962 4179 2095 4246 post
2123 4191 2257 4233 eum
2275 4172 2669 4241 Malbrancus,
2688 4182 2861 4249 atque
2875 4176 2934 4231 in
2950 4180 3373 4236 monasterium
3395 4182 3610 4238 Montis

1962 4264 2156 4320 Sancti
2188 4263 2357 4335 Eligii
2388 4259 2565 4336 prope
2594 4255 2899 4321 Atrebatas
2929 4283 2991 4345 se
3020 4269 3255 4342 recepit,
3300 4270 3422 4335 ubi,
3470 4272 3608 4328 sub-

1966 4353 2171 4408 stituto
2196 4352 2245 4408 ei
2279 4353 2453 4425 paulo
2483 4357 2704 4427 postea,
2738 4355 2823 4410 uti
2858 4355 3011 4429 infra
3038 4356 3324 4425 dicemus,
3363 4361 3608 4425 Joanne,

1966 4439 2256 4513 reliquum
2291 4441 2416 4496 vitae
2449 4459 2569 4498 suae
2600 4446 2661 4499 in
2686 4460 2819 4515 pace
2847 4444 2985 4517 egit,
3019 4446 3310 4503 Lamberti
3347 4467 3413 4504 ea
3451 4450 3522 4505 de
3553 4466 3613 4506 re

1964 4529 2271 4601 epistolam
2305 4530 2611 4587 deficiente
2660 4532 2875 4587 Urbani
2926 4550 3207 4606 responso
3251 4536 3521 4594 exhibere
3550 4538 3608 4594 in

1890 4644 1936 4708 Ι)
1967 4617 2301 4708 Appendice
2331 4618 2521 4708 visum
2541 4622 2648 4674 est.
2673 4620 2868 4675 Eidem
2885 4610 3138 4679 Gerardo
3156 4628 3324 4680 antea
3341 4625 3610 4683 Urbanus

1972 4705 2350 4777 rescripserat
2379 4706 2659 4763 adversus
2687 4724 2977 4763 canonum
3012 4716 3460 4783 contemptores,
3508 4716 3608 4770 sed

1964 4795 2153 4854 solum
2185 4799 2452 4867 superest
2476 4796 2605 4867 ejus
2629 4795 2884 4868 epistolis
2900 4797 3289 4871 fragmentum
3314 4801 3465 4873 apud
3490 4802 3612 4860 Ivo-

1962 4902 2119 4943 nem.

1964 4991 2362 5050 CCLXXXVII.
2422 4993 2729 5119 Pontiﬁcis
2753 4992 2975 5065 affectus
3020 4995 3080 5078 in
3122 4996 3432 5065 monachos,
3480 5013 3609 5071 quos

2475 5063 2545 5119 ad
2603 5073 2868 5119 zanztates
2897 5065 3091 5119 evehit.

2475 5063 2545 5119 ad
2564 5063 2868 5134 dignitates
2897 5065 3091 5121 evehit.

2039 5162 2228 5233 Hujus
2257 5160 2596 5231 anminitio,
2612 5166 2713 5217 aut
2725 5166 2878 5218 certe
2891 5163 3000 5219 sub
3016 5165 3393 5237 praecedentis
3408 5166 3608 5241 finem,

1966 5269 2101 5306 nam
2136 5251 2275 5305 1096
2305 5250 2534 5322 praefert
2562 5249 2883 5306 Chronicon
2913 5254 3164 5308 Cavense
3188 5270 3297 5309 ms.
3331 5255 3611 5313 ecclesiam

1966 5341 2158 5397 Sancti
2186 5340 2353 5393 Pauli
2381 5339 2528 5394 dedit
2574 5340 2822 5396 Urbanus
2872 5358 3019 5413 papa
3054 5347 3212 5399 Petro
3259 5343 3446 5400 abbati
3471 5345 3609 5402 San-

1964 5434 2063 5486 ctae
2094 5429 2375 5484 Trinitatis
2416 5427 2482 5483 de
2513 5428 2673 5485 Cava.
2732 5428 2897 5485 Haud
2956 5431 3223 5502 dubium,
3267 5438 3333 5489 ut
3381 5432 3440 5488 in
3488 5438 3606 5490 tam

1966 5516 2173 5575 celebri
2208 5515 2334 5572 loco
2383 5517 2709 5591 regularem
2768 5518 3139 5592 disciplinam
3190 5521 3467 5590 firmaret,
3510 5527 3611 5579 aut

1966 5608 2112 5665 forte
2170 5606 2540 5679 aliquantum
2575 5612 2966 5681 tepescentem
3026 5614 3399 5667 restauraret.
3451 5608 3606 5667 Nihil

1954 5697 2121 5753 .enim
2153 5696 2457 5753 omittebat
2468 5697 2777 5770 religiosus
2795 5699 3142 5771 pontifex,ut
3163 5700 3220 5755 in
3239 5699 3608 5756 monasteriis
