3962 6356
329 378 450 443 Ξ23

1629 375 1699 440 Β.
1747 375 2040 442 ΠΗΒΑΝῙ
2079 377 2136 441 II
2181 375 2435 443 ΡΑΡΑΞ.

3615 365 3747 440 211³

323 509 1063 590 potissimumBenedictini
1077 509 1302 570 ordinis
1314 510 1525 588 regulae
1547 510 1870 569 observatio
1883 529 1970 568 ac-

2155 530 2234 572 no
2264 513 2392 588 ipso
2425 515 2481 569 in
2509 511 2730 570 Italiam
2762 513 3057 584 reductus;
3085 513 3180 571 ille
3208 527 3342 568 vero
3366 511 3465 586 qui
3499 509 3573 567 ab
3597 511 3743 566 Ead-

323 608 525 664 eurata
550 606 898 674 servaretur,
919 600 1072 677 quod
1088 600 1337 676 probant
1365 601 1534 659 variae
1557 601 1684 674 ejus
1704 599 1895 672 bullis,
1913 602 1970 659 in

324 696 619 770 quibusso
641 693 1016 767 potissimum
1030 692 1226 748 animo
1251 710 1312 748 se
1345 691 1648 764 privilegia
1681 696 1969 747 monaste-

325 785 428 840 riis
440 783 743 857 indulgere
756 781 1030 842 declarat,
1052 785 1116 836 ut
1130 781 1394 838 monachi
1407 823 1418 848 ,
1446 799 1480 836 a
1491 781 1832 836 sazcularibu
1843 799 1869 836 s
1883 798 1970 835 re-

324 872 872 937 bu-setcurisliberi,
901 871 1301 926 ferventiusad
1317 869 1574 926 caelestia
1606 870 1966 926 anhelarent.

325 963 554 1020 Sciebat
593 960 807 1033 quippe
820 960 1109 1030 ejusmodi
1127 958 1254 1014 loca
1269 975 1453 1024 sacra,
1474 975 1604 1014 cum
1623 958 1971 1014 amonachis

323 1051 559 1124 bonis-et
572 1049 685 1123 piis
716 1048 1140 1114 inhabitantur,
1175 1047 1819 1104 essevelutiseminaria
1851 1064 1973 1101 ma-

324 1155 574 1214 gnorum
588 1139 866 1207 virorum,
898 1138 994 1210 qui
1017 1136 1279 1193 Ecclesia:
1316 1135 1831 1192 laborantiauxilio
1846 1151 1972 1190 esse

324 1232 582 1302 possent.
619 1225 1007 1299 thuidemid
1026 1226 1275 1280 maxime
1304 1225 1732 1290 attendebatut,
1761 1223 1808 1279 si
1829 1223 1971 1277 forte

325 1315 535 1374 alicubi
549 1313 1054 1386 lateretejusmodi
1069 1312 1282 1384 aliquis
1298 1330 1389 1367 mo
1399 1312 1784 1378 nachus,eum
1799 1312 1974 1366 adEc-

324 1404 841 1478 clesizedignitates
857 1406 1235 1474 promoveret.
1270 1401 1399 1456 Jam
1433 1399 1748 1454 nonnullos
1779 1416 1847 1454 ex
1876 1399 1970 1454 his

321 1493 712 1559 laudavimus,
731 1493 828 1547 sed
868 1492 980 1545 'Iuo
1011 1490 1180 1545 nobis
1211 1490 1496 1561 praecipue
1526 1495 1843 1542 occurrunt
1875 1488 1968 1542 hic

322 1579 683 1638 memorandi
708 1598 720 1634 :
744 1579 1013 1634 Albertus
1038 1595 1246 1650 nempe
1271 1577 1392 1650 qui,
1410 1581 1471 1632 ut
1496 1577 1772 1650 Ughellus
1797 1579 1971 1632 refert

322 1677 480 1728 temo
510 1670 609 1726 VII
642 1668 816 1724 Italia:
851 1684 1048 1738 sacris,
1082 1667 1190 1723 hoc
1209 1684 1361 1723 anno
1379 1684 1445 1721 ex
1468 1667 1749 1721 monacho
1772 1665 1967 1721 Sancti

320 1759 516 1817 Savini
547 1759 619 1814 de
648 1757 942 1814 Placentia
955 1757 1257 1828 presbyter
1287 1754 1618 1821 cardinalis,
1646 1771 1711 1809 ac
1733 1755 1969 1809 tandem

319 1847 796 1921 archiepiscopus
819 1844 1163 1918 Sipontinus
1203 1844 1392 1899 tactus
1418 1849 1524 1912 est,
1551 1844 1695 1899 alter
1721 1843 1967 1897 fuitsan-
2002 1886 2050 1950 Β

322 1943 451 1994 ctus
483 1936 836 2000 Bernarrlus,
869 1951 936 1989 ex
968 1933 1315 1988 Ubertorum
1345 1932 1569 1986 familia
1604 1930 1814 1986 nobilis
1847 1930 1970 1986 Flo-

321 2027 608 2096 rentinus,
641 2040 814 2096 quem
851 2021 1030 2078 semel
1085 2026 1143 2076 et
1173 2022 1384 2076 iterum
1436 2020 1706 2075 Urbanus
1757 2020 1973 2074 frustra

322 2115 766 2182 commonitum,
782 2112 1018 2168 tandem
1043 2110 1323 2166 adhibitis
1341 2125 1516 2165 censu
1527 2110 1607 2164 ris
1620 2107 1971 2164 ecclesiasti-

321 2206 426 2274 cis,
461 2209 526 2260 ut
553 2203 610 2258 in
670 2203 800 2274 ejus
841 2201 974 2255 Vita
1028 2199 1260 2272 legitur,
1293 2199 1366 2254 ad
1425 2215 1486 2254 se
1516 2197 1708 2253 venire
1763 2197 1972 2268 coegit,

323 2310 575 2366 eumque
605 2292 716 2347 hoc
745 2290 921 2346 etiam
977 2288 1103 2360 ipso
1163 2305 1317 2343 anno
1366 2288 1768 2360 presbyterum
1820 2285 1973 2340 tituli

324 2383 506 2440 sancti
541 2378 894 2454 Chrysogoni
928 2376 1285 2433 cardinalem
1317 2375 1550 2430 creavit.
1598 2373 1797 2430 Multis
1841 2374 1972 2429 fun-

322 2478 454 2528 ctus
510 2468 926 2544 legationibus,
987 2481 1122 2522 cum
1155 2466 1372 2520 Parmae
1424 2463 1734 2536 episcopus
1781 2463 1972 2518 factus

323 2562 551 2626 fuisset,
585 2557 886 2614 miraculis
915 2559 974 2610 et
1003 2554 1314 2610 sanctitate
1336 2551 1584 2608 illustris
1614 2569 1681 2607 ex
1719 2553 1827 2606 hac
1859 2551 1976 2606 vita

323 2649 591 2724 migravit
625 2648 734 2704 sub
763 2643 1056 2702 Paschalis
1088 2643 1135 2698 Il
1169 2641 1529 2715 pontificatu.
1560 2641 1660 2696 His
1702 2641 1819 2696 duo
1875 2640 1973 2695 alii

325 2737 563 2810 adjungi
597 2739 866 2809 possunt;
901 2731 1056 2799 Milo,
1109 2747 1176 2786 ex
1220 2731 1505 2786 monacho
1551 2730 1746 2786 Sancti
1779 2729 1972 2784 Albini

323 2824 774 2898 Andegavensis,
805 2823 876 2878 de
905 2837 1023 2894 quo
1047 2822 1174 2892 jam
1207 2819 1486 2886 diximus,
1518 2819 1615 2891 qui
1645 2819 1798 2874 circa
1817 2819 1974 2874 hunc

326 2931 545 2970 annum
574 2914 645 2969 ab
679 2910 919 2984 Ughello
940 2909 1460 2964 diciturBernardo
1480 2907 1832 2962 Praenestino
1852 2907 1973 2978 epi-

325 3019 498 3075 scopo
529 2999 884 3058 substitutus
933 2998 1114 3053 fuisse
1157 2999 1364 3050 contra
1409 2996 1712 3067 Hugonem
1761 2993 1972 3049 Album

328 3087 926 3163 pseudocardinalem,
948 3085 1239 3140 famosum
1254 3082 1972 3151 schismaticum,etJoan-

326 3195 429 3235 nes
459 3177 834 3244 Marticanus,
869 3190 1043 3247 quem
1071 3173 1144 3228 ab
1166 3172 1397 3228 Urbano
1427 3170 1827 3228 Tusculanum
1852 3171 1970 3244 epi-

325 3284 566 3341 scOpum
599 3270 858 3322 creatum
892 3263 1072 3318 fuisse
1103 3260 1383 3333 Ughellus
1397 3259 1590 3316 tradit.
1617 3260 1671 3315 Is
1693 3259 1972 3332 forteipse
2003 3251 2046 3318 C
2075 3289 2078 3292 ⁴

325 3361 414 3414 est
441 3357 696 3412 Joannes
710 3351 1235 3422 monachus,quem
1249 3349 1415 3420 Hugo
1444 3347 1897 3405 Flaviniacensis
1911 3349 1968 3402 in

326 3444 610 3501 Chronico
638 3443 941 3498 memorat.
986 3439 1088 3493 Hic
1119 3442 1337 3505 tamen,
1387 3436 1434 3492 si
1467 3437 1693 3493 sincera
1737 3437 1815 3493 sit
1843 3439 1971 3509 ejus

325 3531 580 3590 auctoris
610 3526 1347 3599 narratio,a1iquantopost
1364 3526 1518 3582 hunc
1549 3527 1972 3582 annumfactus

326 3626 414 3678 est
443 3619 926 3694 episcopus,'nam
940 3616 1012 3672 ab
1046 3615 1489 3684 Urbano,cume
1509 3615 1712 3672 Galliis
1727 3616 1972 3671 Romam

325 3709 556 3778 rediret,
589 3723 786 3764 secum
803 3706 1091 3760 adductus
1105 3703 1287 3760 dicitu
1298 3724 1343 3773 r,
1369 3709 1426 3761 et
1443 3705 1700 3776 primum
1714 3705 1970 3770 abbatis,

323 3802 451 3854 tum
481 3797 816 3869 episcopatu
851 3795 1121 3850 donatus.
1156 3795 1239 3849 En
1269 3794 1398 3866 ipsa
1443 3794 1705 3866 Hugonis
1760 3794 1971 3850 verba:

327 3887 478 3941 Anno
508 3884 908 3940 Incarnationis
945 3884 1249 3940 ﬂaminicae
1279 3883 1437 3951 1181,
1486 3885 1718 3939 Joannes
1774 3884 1970 3937 Tuscu-

329 3975 489 4029 lanus
528 3975 806 4045 episcopus
837 3989 870 4026 a
895 3989 1042 4043 papa
1071 3973 1129 4026 in
1185 3972 1442 4042 Angliam
1486 3973 1690 4026 missus
1737 3974 1814 4026 est
1857 3987 1980 4042 pro-

321 4073 444 4138 pter
465 4079 685 4119 censum
714 4063 769 4118 S.
800 4063 972 4117 Petri.
1008 4063 1105 4117 Hie
1151 4063 1447 4117 eanonieus
1490 4060 1676 4115 Sancti
1727 4062 1980 4129 Quintini

327 4151 724 4206 Bellovaeensis
776 4149 1044 4220 regularis
1095 4149 1435 4220 pro/essione
1505 4149 1730 4214 violata,
1788 4148 1980 4204 habitu

327 4241 582 4311 deposito,
615 4237 685 4294 ad
704 4239 969 4295 saeculum
981 4237 1144 4294 rediit
1163 4254 1183 4297 ,·
1212 4241 1398 4292 etcum
1427 4238 1816 4308 improperium
1834 4241 1980 4309 ferre

328 4330 595 4402 nequiret,
630 4329 784 4383 Becci
812 4327 1106 4381 monachus
1158 4329 1359 4398 factus,
1408 4343 1534 4381 cum
1570 4333 1716 4382 esset
1754 4328 1981 4382 natione

330 4419 623 4486 Romanus,
651 4433 797 4488 papa
839 4416 1052 4472 Urbano
1106 4415 1176 4470 ad
1209 4414 1412 4470 Gallias
1433 4417 1687 4471 veniente
1734 4417 1980 4486 familia-

330 4508 550 4562 ritatem
570 4506 684 4577 ejus
713 4505 937 4576 adeptus
966 4508 1063 4569 est,
1127 4505 1452 4576 Romamque
1500 4504 1770 4572 reductus,
1813 4509 1864 4562 el
1889 4506 1977 4562 de-

2083 619 2242 660 mero
2274 601 2566 673 laudatur,
2600 619 2778 660 causa
2807 601 2980 660 studii
2999 601 3310 660 litterarum
3338 599 3396 658 in
3429 599 3740 658 Franciam

2082 695 2308 750 venisse
2338 694 2572 761 dicitur,
2610 710 2674 750 ac
2702 693 2863 750 fama
2918 690 3178 749 Anselmi
3229 694 3531 764 permotus
3569 687 3742 746 Becci

2084 783 2467 838 monasticam
2500 783 2676 838 vitam
2738 783 3089 855 suscepisse,
3145 781 3300 836 unde
3358 783 3491 853 post
3519 778 3745 858 aliquot

2083 889 2266 926 annos
2299 872 2369 927 ab
2401 871 2634 927 Urbano
2664 871 2982 926 accersitus
3014 871 3222 940 fuerat,
3258 873 3321 924 ul
3350 885 3484 924 eum
3534 883 3739 923 mona-

2083 959 2254 1016 sterio
2286 959 2550 1015 Telesino
2581 960 2915 1032 praeficeret.
2950 960 3134 1025 Certe,
3171 975 3237 1014 ex
3266 957 3362 1012 his
3394 962 3553 1029 patet
3589 955 3742 1010 nihil

2082 1049 2354 1105 omisisse
2387 1049 2685 1104 Urbanum
2719 1054 2784 1104 ut
2809 1049 2962 1105 viros
2985 1047 3289 1121 religiosos
3312 1047 3382 1101 ad
3407 1035 3468 1102 se
3493 1061 3561 1100 ex
3578 1043 3741 1100 omni

2082 1143 2242 1211 parte
2270 1141 2610 1206 accerseret,
2642 1155 2892 1212 quorum
2925 1130 3097 1210 opera
3130 1137 3187 1191 i-n
3231 1133 3598 1191 difﬁcillimis
3630 1151 3732 1189 ne-

2079 1227 2253 1300 gotiis
2287 1231 2564 1295 uteretur,
2599 1244 2716 1298 qua
2737 1228 2808 1282 de
2841 1244 2919 1288 re,
2940 1230 3003 1280 ut
3024 1228 3150 1297 jam
3183 1221 3739 1290 observavimus,ad

2080 1317 2274 1389 ipsum
2304 1316 2645 1372 Anselmum
2673 1321 2798 1370 tum
2830 1314 2993 1372 Becci
3016 1315 3284 1370 abbatem
3312 1309 3644 1384 scripserat,
3675 1315 3741 1366 ut

2081 1406 2127 1459 si
2163 1404 2418 1478 aliquem
2449 1405 2738 1476 ejusmodi
2773 1405 2830 1459 in
2863 1422 2972 1460 sua
2992 1401 3441 1476 congregatione
3475 1400 3736 1466 haberet,

2079 1511 2212 1548 eum
2246 1500 2345 1550 aut
2377 1493 2688 1549 adduceret
2720 1511 2942 1562 secum,
2977 1497 3076 1548 aut
3108 1499 3281 1556 certe,
3308 1490 3354 1542 si
3394 1490 3517 1562 ipse
3540 1487 3738 1543 venire

2080 1600 2192 1637 non
2228 1587 2443 1654 posset,
2469 1583 2538 1636 ad
2574 1599 2634 1637 se
2666 1582 2942 1637 mitteret.
2978 1582 3132 1636 Idem
3188 1579 3446 1651 pontifex
3493 1576 3742 1649 epistola

2082 1674 2148 1726 48
2178 1673 2466 1727 Joannem
2499 1671 2837 1744 quemdam,
2864 1687 2932 1725 ex
2962 1669 3170 1747 clerico
3187 1669 3450 1723 Romano
3480 1664 3739 1722 ecclesia:

2081 1759 2431 1816 monachum
2446 1760 2605 1815 Becci
2626 1760 2842 1814 factum
2863 1759 3086 1830 repetit.
3104 1753 3362 1828 Denique
3413 1755 3741 1811 Eadmerus

2080 1850 2140 1904 in
2172 1849 2306 1904 Vita
2335 1849 2520 1904 sancti
2553 1848 2813 1905 Anselmi
2847 1847 3053 1902 laudat
3072 1847 3304 1902 Petrum
3321 1841 3501 1900 alium
3533 1860 3740 1899 mona-

2087 1938 2262 1993 chum
2293 1937 2753 2004 Cluniacensem,
2787 1950 3008 2005 magna?
3030 1935 3375 1990 auctoritatis
3391 1933 3604 2000 virum,
3638 1932 3741 2004 qui

2084 2026 2296 2083 Urbani
2332 2043 2397 2081 ac
2429 2029 2628 2098 postea
2657 2023 2953 2079 Paschalis
2985 2023 3330 2096 pontiﬁcum
3377 2021 3740 2076 camerarius

2083 2114 2488 2185 fuerat.Hunc
2519 2111 2805 2180 nonnulli,
2839 2113 2940 2168 sed
2996 2109 3310 2181 immerito,
3359 2109 3742 2182 suspicantur

2080 2203 2266 2259 fuisse
2297 2207 2534 2258 Petrum
2567 2201 2874 2266 celebrem,
2905 2206 3108 2274 postea
3136 2201 3410 2256 abbatem
3448 2197 3739 2264 Cluniaci,

2081 2291 2485 2348 Venerabilem
2519 2291 2762 2347 dictum.
2798 2291 2851 2346 Is
2884 2305 3092 2362 nempe
3125 2306 3276 2344 anno
3323 2288 3462 2343 1092
3486 2288 3611 2359 jam
3646 2303 3739 2344 se-

2082 2382 2254 2437 dente
2287 2379 2518 2436 Urhano
2554 2384 2726 2435 natus
2757 2383 2865 2434 est.

2332 2469 2750 2524 CCLXXXVIII.
2791 2468 3098 2524 Concilium
3129 2467 3480 2522 Santonense.

2155 2557 2440 2613 Interhzec
2467 2559 2709 2614 Amatus
2728 2555 3167 2630 Burdigalensis
3189 2555 3665 2628 archiepiscopus
3677 2557 3741 2609 et

2081 2646 2308 2718 legatus
2331 2647 2486 2702 sedis
2515 2644 2851 2718 apostolicis
2882 2663 2936 2700 v1
2968 2645 3162 2701 Nonas
3191 2643 3388 2700 Martii
3419 2642 3738 2699 concilium

2086 2737 2240 2808 apud
2271 2737 2561 2792 Santones
2591 2733 2925 2801 celebravit,
2961 2751 2994 2790 a
3043 2734 3270 2789 Labbeo
3323 2737 3382 2789 et
3411 2732 3543 2788 aliis
3580 2747 3738 2787 anno

2083 2825 2428 2898 praecedenti
2465 2823 2892 2897 consignatum,
2926 2824 3080 2894 quod
3113 2823 3306 2895 reipsa
3355 2821 3738 2877 indictionem

2083 2932 2139 2970 ιν
2163 2917 2220 2969 et
2249 2909 2470 2968 annum
2505 2914 2644 2968 1096
2665 2913 2722 2967 in
2753 2913 2954 2968 charta
2985 2911 3424 2979 Vindocinensi;
3450 2911 3605 2966 unde
3629 2909 3738 2965 ha-

2083 3003 2272 3069 betur,
2327 3001 2598 3058 exhibeat
2655 3002 2806 3073 (Vid.
2863 3002 3057 3057 Aneed.
3094 3001 3240 3057 Thes.
3275 3005 3318 3055 t.
3351 2999 3439 3066 IV,
3475 3017 3530 3071 p.
3581 2998 3737 3071 423).

2082 3094 2171 3158 At,
2207 3095 2270 3146 ut
2298 3095 2364 3146 ut
2394 3090 2566 3146 fuerit
2594 3091 2665 3146 de
2696 3089 3032 3159 indictione,
3065 3106 3192 3162 quae
3211 3089 3305 3145 hic
3321 3089 3601 3144 mendosa
3622 3091 3735 3155 est,

2084 3181 2132 3236 si
2163 3179 2367 3236 nullus
2397 3180 2629 3236 errorin
2660 3179 3217 3251 annumirrepserit,
3243 3177 3622 3251 repetendum
3641 3181 3739 3232 est

2083 3270 2142 3324 in
2174 3287 2241 3326 ea
2271 3269 2492 3336 charta,
2526 3269 2678 3324 sicut
2710 3268 2931 3342 passim
2963 3267 3086 3323 ﬁeri
3119 3267 3285 3336 solet,
3317 3268 3446 3338 ejus
3495 3265 3736 3321 initium

2082 3376 2117 3414 a
2144 3357 2410 3414 Pasc'hali
2465 3357 2798 3414 festivitate.
2842 3359 3002 3413 Certe
3060 3374 3280 3412 annum
3323 3356 3470 3411 54097
3517 3355 3736 3410 diserte

2085 3446 2315 3520 prefert
2346 3446 2802 3502 instrumentum
2833 3445 2999 3501 Silvae
3022 3445 3280 3517 Majoris,
3299 3445 3357 3500 in
3391 3460 3456 3499 eo
3486 3441 3733 3499 concilio

2084 3537 2324 3602 factum,
2383 3552 2486 3607 pro
2549 3534 2913 3590 restitutione
2975 3542 3140 3591 terrae
3195 3534 3261 3588 de
3317 3535 3510 3590 Doeria
3568 3521 3736 3587 etde

2086 3625 2238 3679 Tosco
2268 3640 2444 3696 quam
2477 3622 2795 3679 Acbelmus
2825 3623 3090 3695 ejusdem
3145 3621 3254 3677 loci
3287 3622 3468 3677 abbas
3518 3619 3739 3675 ibidem

2085 3710 2437 3784 impetravit.
2495 3709 2620 3766 Non
2680 3709 2954 3766 dissentit
3011 3709 3279 3765 Chronici
3336 3706 3740 3764 Melicae-ensis

2088 3805 2312 3868 auctor,
2344 3797 2464 3871 qui,
2503 3797 2636 3855 licet
2665 3799 2736 3855 ad
2769 3799 3147 3854 annum4096
3161 3797 3314 3852 hanc
3346 3795 3744 3869 synodumre-

2087 3892 2273 3955 vocat,
2307 3904 2438 3944 eam
2490 3891 2685 3944 tamen
2717 3888 2952 3943 nonnisi
3011 3887 3121 3943 sub
3149 3887 3327 3942 finem
3376 3885 3556 3956 hujus
3595 3882 3740 3938 anni

2087 3976 2258 4048 locat,
2291 3981 2423 4048 post
2480 3977 2769 4032 recensita
2826 3975 3048 4032 scilicet
3079 3974 3266 4030 multa
3323 3973 3437 4029 alia
3479 3988 3610 4044 quae
3637 3986 3746 4044 per

2089 4070 2277 4121 totum
2312 4065 2440 4137 ejus
2469 4066 2782 4121 decursum
2817 4065 3204 4137 contigerant.
3239 4063 3361 4118 Uno
3389 4061 3585 4128 verbo,
3615 4075 3743 4116 om-

2090 4153 2227 4210 nino
2261 4157 2485 4210 certum
2517 4158 2606 4209 est
2636 4153 2787 4210 hanc
2811 4153 3102 4227 synodum
3130 4167 3332 4207 mense
3363 4149 3570 4205 Martio
3592 4144 3744 4203 anni

2092 4244 2228 4298 1096
2257 4242 2609 4299 celebratam
2635 4260 2758 4298 non
2819 4242 3022 4298 fuisse.
3074 4243 3239 4296 Tunc
3287 4239 3441 4295 enim
3471 4240 3744 4303 Amatus,"
3824 4283 3826 4285 .

2091 4331 2192 4405 qui
2222 4331 2272 4387 ei
2306 4331 2637 4403 praefuissse
2661 4331 2896 4395 dicitur,
2929 4330 3082 4402 apud
3115 4330 3405 4384 Santonas
3450 4341 3577 4382 esse
3625 4341 3742 4380 non

2090 4421 2297 4493 potuit,
2333 4425 2530 4492 utpote
2550 4419 2649 4492 qui
2681 4436 2747 4475 eo
2769 4420 3104 4492 temporein
3137 4416 3431 4490 pontificis
3463 4413 3745 4470 comitatu

2090 4509 2406 4582 aegrotabat
2431 4508 2587 4580 apud
2636 4509 2918 4574 Turonos,
2974 4507 3070 4562 ubi
3133 4505 3444 4561 concilium
3503 4503 3574 4558 ab
3615 4500 3747 4574 ipso

329 4597 514 4668 functo
535 4595 803 4650 Lauicano
835 4596 1100 4666 episeopo,
1133 4610 1256 4648 eum
1264 4595 1384 4664 jam
1412 4593 1479 4648 de
1507 4594 1724 4650 abbatia
1745 4596 1980 4667 quadam
2013 4617 2058 4682 Π
2091 4597 2323 4653 Urbano
2374 4595 2795 4664 celebrabatur,
2827 4600 2891 4650 ut
2914 4595 3109 4650 videre
3140 4601 3227 4650 est
3256 4594 3312 4648 in
3339 4595 3736 4650 instrumento

331 4692 650 4740 muneratus
696 4687 850 4752 esset,
891 4683 955 4739 de
1015 4683 1201 4738 abbate
1232 4684 1293 4737 in
1347 4684 1657 4756 episcopum
1700 4694 1979 4756 promotus
2014 4679 2045 4682 Ὺ
2089 4685 2472 4742 dedicationis
2504 4683 2758 4740 basilica:
2789 4685 3024 4757 Majoris
3053 4683 3406 4751 Monasterii,
3427 4685 3579 4738 et'ex
3609 4679 3746 4737 aliis

331 4777 426 4830 est.
459 4774 520 4830 Si
551 4790 684 4830 vero
716 4772 764 4829 is
791 4774 916 4845 ipse
945 4773 1023 4827 sit
1052 4772 1308 4827 Joannes
1339 4772 1521 4828 abbas
1551 4773 1747 4830 Sancti
1780 4774 1980 4830 Salva-

333 4863 478 4919 toris
508 4879 684 4934 prope
711 4862 1040 4918 Telesinam
1073 4860 1298 4930 urbem,
1333 4862 1486 4932 apud
1515 4879 1688 4934 quem
1743 4866 1981 4919 sanctus

335 4950 650 5008 Anselmus
684 4950 934 5019 divertit,
995 4954 1241 5006 utanno
1302 4953 1567 5024 sequenti
1617 4969 1685 5008 ex
1717 4953 1983 5009 Eadmeri

334 5041 484 5096 libro
516 5037 567 5094 II
596 5039 883 5094 Novarum
900 5038 1181 5108 dicemus,
1197 5039 1290 5097 vix
1306 5039 1416 5096 dici
1437 5046 1626 5114 potest
1656 5043 1727 5097 ab
1753 5042 1983 5098 Urbano

337 5131 527 5187 factus
560 5127 1095 5202 fuisse-episcopus,
1129 5146 1261 5186 cum
1298 5129 1353 5186 id
1399 5131 1740 5197 Eadmerus,
1775 5136 1840 5187 ut
1857 5132 1982 5204 qui-

339 5219 472 5275 dem
499 5217 782 5289 conjicere
811 5221 919 5286 est,
954 5218 1194 5274 reticere
1214 5236 1327 5275 non
1359 5219 1858 5276 debuisset.Nonn
1871 5220 1986 5275 ulla

339 5313 532 5364 autem
567 5313 863 5363 momenta
893 5308 1184 5376 eumdem,
1221 5308 1334 5363 alia
1355 5308 1612 5364 diversos
1636 5309 1817 5364 fuisse
1839 5311 1988 5380 ejus-

339 5398 473 5454 dem
490 5395 760 5453 nominis
789 5397 944 5452 viros
977 5397 1220 5469 probare
1237 5398 1528 5453 videntur.
1554 5397 1718 5453 Certe
1744 5401 1987 5470 uterque

343 5489 614 5544 Romanus
642 5489 766 5542 erat
790 5501 1001 5556 genere,
1036 5491 1090 5540 et
1119 5487 1282 5543 Becci
1305 5487 1649 5554 monachus,
1675 5490 1729 5541 et
1751 5486 1985 5558 quidem

342 5575 1072 5648 unoeodem'temporesub
1104 5575 1620 5632 abbateAnselmo.
1644 5577 1715 5632 At
1733 5576 1987 5633 Joannes

343 5666 626 5744 Iiugonis,
660 5665 973 5723 canonicus
1004 5663 1427 5722 Bellovacensis
1460 5664 1663 5733 fuerat,
1700 5668 1756 5721 et
1786 5667 1856 5722 ab
1891 5666 1988 5722 Ur-

2095 4772 2496 4831 monumcntis
2515 4772 3346 4830 indubitatisconstatﬂeinde
3365 4769 3750 4842 Raymundus

2093 4865 2176 4919 Au
2185 4861 2430 4920 sciensis
2448 4861 2942 4935 archiepiscopus,
2961 4861 3061 4934 qui
3074 4860 3260 4917 eidem
3271 4858 3750 4934 synodoSanoto-

2092 4952 2259 5008 nensi
2289 4949 2628 5006 interfuisse
2673 4951 2910 5018 dicitur,
2971 4950 3232 5006 nondum
3283 4963 3482 5005 mense
3540 4945 3751 5002 Martio

2092 5041 2227 5097 anni
2261 5040 2399 5096 1096
2427 5041 2498 5096 ad
2532 5039 2683 5096 hanc
2713 5040 3017 5097 ecclesiam
3050 5043 3353 5113 promotus
3377 5038 3750 5103 fuerat,anno

2096 5131 2235 5185 1097
2266 5147 2299 5186 a
2323 5129 2598 5202 pontifice
2633 5128 2807 5203 pallio
2841 5131 3112 5186 donatus.
3163 5129 3383 5184 Deinde
3430 5125 3750 5182 Marbodus

2097 5237 2249 5275 unus
2282 5218 2460 5276 etiam
2492 5236 2560 5274 ex
2589 5219 2860 5275 Patribus
2888 5219 3352 5274 Santonensibus
3383 5216 3443 5270 in
3463 5215 3591 5287 ipso
3610 5229 3750 5268 con-

2096 5307 2226 5364 cilio
2252 5308 2576 5364 Turonensi
2610 5308 2680 5362 ab
2713 5307 2945 5363 Urbano
2977 5307 3087 5362 fuit
3109 5308 3486 5362 consecratus
3510 5320 3524 5370 ;
3549 5301 3750 5357 eidem

2097 5397 2317 5469 synodo
2349 5397 2616 5452 interfuit
2658 5395 3029 5452 Hildebertus
3078 5395 3388 5468 episcopus
3425 5397 3754 5447 Cenoman-

2097 5487 2320 5554 nensis,
2353 5487 2452 5560 qui
2480 5485 2708 5542 Johello
2741 5503 2892 5541 anno
2927 5486 3085 5552 1098,
3119 5503 3176 5541 1x
3205 5484 3330 5541 Kal.
3355 5479 3605 5555 Augusti
3647 5479 3751 5534 de-

2097 5577 2294 5633 functo
2325 5574 2629 5641 successit,
2665 5579 2730 5630 ut
2751 5574 2968 5631 habent
2995 5576 3124 5647 ejus
3138 5573 3392 5630 ecclesias
3409 5573 3571 5638 Acta,
3589 5571 3752 5625 tomo

2097 5666 2172 5724 III
2201 5666 2458 5722 Analect.
2495 5662 2815 5732 Mabillon.,
2869 5680 3001 5736 pag.
3033 5665 3156 5720 302.
3217 5664 3292 5719 Ex
3323 5679 3440 5734 quo
3497 5659 3644 5724 loco,
3697 5657 3750 5712 si
