3962 6368
316 435 432 491 227
443 435 452 442 ’

1617 426 1688 488 Β.
1737 423 2029 488 URBANI
2077 424 2128 485 II
2173 425 2422 486 PAPr‘E.

305 579 508 620 eorum
537 565 870 632 temporum
902 559 1234 634 scriptores.
1263 560 1512 633 Legendi
1543 575 1610 614 ea
1638 560 1708 614 de
1740 575 1801 614 re
1831 556 1958 612 Ful-
1991 558 2041 624 Α
2075 559 2134 612 in.
2163 561 2382 630 Sagana
2429 563 2480 614 et
2527 557 2760 614 borariis
2811 558 3062 627 ﬂuminis
3099 554 3314 622 Salliae;
3351 569 3530 626 quam
3561 552 3726 610 litem

305 649 470 708 conis
499 649 806 721 cujusdam
837 651 1018 721 postea
1049 649 1176 718 ejus
1206 648 1391 704 aetatis
1421 665 1644 712 versus,
1668 647 1764 720 qui
1799 652 1959 702 tomo

305 739 382 796 III
422 736 657 795 Chesnii
713 736 978 793 Historiae
1030 737 1386 793 Francorum
1435 737 1788 808 scriptorum
1819 733 1957 791 editi

304 833 464 885 sunt.
495 827 560 884 In
589 826 661 882 iis
692 825 808 894 ille,
841 826 996 881 sicut
1045 829 1102 882 et
1146 826 1244 882 alii
1278 826 1500 899 passim
1531 830 1818 891 auctores,
1849 823 1958 880 hos

303 917 481 973 etiam
512 915 716 971 laudat
744 913 846 986 qui
877 913 992 968 alia
1011 914 1106 969 via
1118 931 1222 988 per
1240 914 1614 970 Germaniam
1635 928 1956 984 perrexere.

304 1004 611 1062 Bertoldus
639 1005 1015 1060 commendat
1034 1003 1312 1060 comitem
1333 1003 1713 1059 Harduanum
1735 1001 1807 1057 de
1835 1001 1958 1058 Ale-

301 1096 554 1161 mannia,
600 1096 659 1148 et
705 1091 978 1148 Ottonem
1025 1092 1543 1166 Strasburgensem
1592 1091 1955 1162 episcopum,

302 1182 440 1239 licet
467 1179 930 1252 schismaticum,
959 1180 1112 1252 quod
1163 1197 1298 1236 cum
1343 1179 1570 1236 ceteris
1619 1179 1766 1234 hanc
1801 1177 1956 1233 viam

302 1271 520 1327 inierit.
551 1271 607 1326 1s
636 1273 725 1324 est
754 1269 898 1342 ipse,
930 1269 1042 1324 nisi
1075 1268 1267 1334 fallor,
1299 1269 1399 1341 qui
1449 1285 1518 1324 ex
1571 1267 1773 1323 eodem
1821 1269 1954 1322 Ber-

305 1359 485 1428 toldo,
531 1367 596 1414 ut
643 1375 824 1430 supra
874 1357 1150 1424 diximus,
1186 1357 1416 1414 Urbano
1465 1372 1619 1412 anno
1669 1353 1954 1427 superiori

305 1447 712 1506 reconciliatus
741 1450 850 1502 est.
882 1445 1140 1502 Celebris
1183 1451 1272 1502 est
1315 1443 1491 1500 etiam
1541 1443 1614 1500 ob
1646 1442 1798 1498 hanc
1828 1458 1952 1498 rem

305 1537 532 1594 Ulricus
577 1534 888 1607 episcopus
935 1533 1254 1602 Curiensis,
1303 1532 1426 1605 qui,
1477 1531 1678 1588 relicta
1709 1530 1952 1587 Geroldo

303 1624 590 1682 monacho
616 1621 948 1680 Fabariensi
980 1639 1098 1678 sua:
1129 1621 1398 1678 dimcesis
1443 1637 1602 1688 cura,
1637 1635 1772 1676 cum
1823 1617 1954 1675 aliis

303 1713 506 1771 multis
535 1712 608 1768 ad
640 1709 802 1767 illam
833 1709 1261 1782 expeditionem
1293 1709 1591 1782 profectus
1621 1711 1729 1764 est.

300 1817 680 1877 CCXClll-IV.
714 1817 891 1872 Romae
917 1832 1017 1888 pro
1040 1816 1434 1884 crucesignatis
1472 1815 1664 1888 scribit
1706 1812 1954 1869 Urbanus

457 1890 650 1947 Alexio
679 1887 1018 1960 imperatori.
1049 1887 1354 1958 Privilegia
1383 1887 1580 1942 Casini
1607 1891 1790 1954 auget.

373 1979 520 2037 Cum
535 1993 669 2033 vero
694 1975 798 2032 has
818 1973 1558 2048 expeditiones,instigante
1577 1972 1952 2046 potissimum

301 2067 502 2125 Alexio
531 2062 1175 2136 Constantinopolitano
1207 2059 1953 2135 imperatore,promulgas-

302 2163 392 2213 set
421 2155 710 2220 Urbanus,
742 2152 934 2208 visum
965 2157 1054 2208 est
1099 2151 1151 2208 ei
1201 2151 1271 2207 de
1317 2150 1472 2208 felici
1513 2151 1642 2222 ejus
1672 2164 1948 2205 successu

301 2245 577 2311 scribere,
602 2247 668 2298 ut
695 2240 918 2298 scilicet
945 2239 1382 2313 crucesignatos
1411 2238 1464 2294 ei
1493 2237 1946 2294 commendaret.

300 2341 377 2390 At
405 2349 568 2406 spem
599 2329 1064 2387 Christianorum
1087 2328 1289 2386 fefellit
1309 2326 1634 2401 versipellis
1655 2325 1752 2382 ille
1773 2327 1950 2398 impe-
1991 2351 1999 2362 ι

300 2427 460 2480 rator
490 2438 505 2477 :
535 2421 751 2476 veritus
781 2419 996 2492 quippe
1027 2435 1098 2474 ne
1123 2436 1157 2474 a
1189 2422 1351 2474 tanta
1380 2415 1685 2472 hominum
1725 2419 1948 2471 extero-

300 2529 432 2569 rum
451 2508 828 2566 multitudine
865 2505 1560 2580 opprimeretur,insidias
1590 2504 1674 2560 eis
1690 2502 1949 2560 occultas

299 2599 543 2676 paravit,
575 2602 634 2652 et
661 2596 969 2654 subductis
999 2595 1220 2668 passim
1252 2611 1380 2668 quae
1407 2595 1478 2652 ad
1512 2593 1727 2649 victum
1751 2608 1945 2649 neces-

299 2689 453 2746 saria
481 2691 647 2743 erant
677 2684 982 2756 subsidiis,
1011 2683 1069 2740 in
1100 2700 1280 2740 causa
1309 2682 1420 2738 fuit
1468 2687 1534 2738 ut
1579 2681 1748 2738 multi
1780 2697 1848 2736 ex
1873 2679 1946 2736 iis

298 2776 594 2852 perierint.
619 2773 796 2830 Paulo
821 2778 1017 2828 tamen
1051 2778 1254 2845 postea
1282 2771 1622 2827 societatem
1644 2786 1776 2826 cum
1800 2770 1944 2842 ipsis

298 2872 619 2936 utcumque
651 2861 838 2928 inivit,
869 2866 1180 2934 postquam
1213 2861 1288 2930 ei,
1320 2865 1385 2916 ut
1414 2860 1588 2916 refert
1619 2875 1944 2932 anonymus

297 2949 969 3019 Barensis,securitatem
1003 2951 1074 3006 de
1093 2965 1199 3004 suo
1225 2947 1386 3004 illius
1416 2965 1592 3022 regno
1621 2947 1946 3004 Constantis

296 3042 492 3116 nopoli
527 3041 816 3098 fecissent.
850 3039 1034 3095 Multa
1061 3038 1300 3094 demum
1330 3038 1415 3094 eis
1437 3036 1682 3094 contulit
1709 3037 1946 3106 dona,et

295 3131 528 3204 navigia
555 3127 1396 3202 suppeditavit,quibuscumin
1414 3127 1468 3182 in
1479 3125 1736 3183 fidelium
1757 3131 1944 3182 terras

294 3223 684 3294 penetrarent.
717 3221 902 3289 Atque
944 3216 1064 3271 haec
1112 3217 1272 3273 fuere
1315 3216 1674 3271 fumosarum
1707 3213 1940 3270 illarum

2070 653 2417 718 prosecutus
2446 647 2634 703 fuerat
2683 645 2744 702 in
2789 645 2951 702 curia
2997 643 3230 702 comitis
3278 641 3729 700 Matisconensis

2070 735 2236 810 Hugo
2283 736 2540 792 Cluniaci
2588 734 2881 792 cellarius.
2934 737 3008 791 At
3052 750 3187 790 cum
3233 731 3726 790 Trenorchienses

2071 825 2230 881 nullo
2266 825 2491 896 judicio
2541 824 2877 896 acquiscere
2922 821 3157 890 vellent,
3191 838 3283 878 res
3317 821 3388 877 ad
3421 820 3726 878 Urbanum

2067 912 2261 970 delata
2289 918 2397 981 est,
2433 912 2534 981 qui
2563 911 2759 968 statim
2795 910 3023 983 Hugoni
3079 907 3452 983 Lugdunensi
3501 907 3724 964 archie-

2068 1005 2306 1077 piscopo
2337 1001 2641 1074 rescripsit
2670 1005 2737 1056 ut
2765 999 2932 1056 Petro
2961 998 3411 1056 Trcnorchiensi
3458 1000 3523 1054 in
3547 996 3726 1054 cathe—

2065 1094 2167 1149 dra
2205 1091 2472 1148 abbatiali
2514 1090 2700 1147 sedere
2745 1089 3140 1156 interdiceret,
3189 1088 3374 1144 donec
3399 1086 3724 1144 satisfecis-

2066 1188 2154 1240 set
2182 1178 2797 1236 Cluniacensibus.Cui
2832 1177 3109 1233 mandato
3137 1175 3234 1232 hic
3257 1175 3496 1231 tandem
3527 1173 3726 1246 paruit

2065 1288 2220 1328 anno
2252 1269 2412 1338 4097,
2448 1267 2764 1324 indictione
2789 1283 2843 1334 v,
2875 1263 3262 1322 ordinationis
3314 1263 3576 1336 Hugonis
3628 1261 3718 1330 49,

2064 1367 2130 1416 ut
2177 1359 2354 1416 habet
2399 1362 2565 1414 vetus
2615 1355 3074 1412 instrumentum
3099 1370 3168 1410 ex
3195 1369 3310 1424 quo
3347 1351 3472 1408 haec
3500 1349 3720 1409 descri-

2064 1451 2312 1522 psimus.

2222 1535 2495 1593 CCXCVI.
2533 1533 2896 1605 Privilegium
2927 1533 3166 1589 ecclesiae
3192 1531 3564 1588 Arvernensis.

2135 1626 2294 1682 Idem
2325 1623 2580 1698 pontifex
2611 1621 2702 1678 die
2733 1623 2799 1677 18
2829 1621 3045 1694 Aprilis
3073 1621 3289 1694 insigni
3312 1618 3474 1676 bulla
3503 1617 3718 1676 conﬁr-

2063 1715 2244 1771 mavit
2288 1712 2488 1769 omnia
2533 1709 2836 1784 privilegia
2884 1726 2950 1766 ac
2994 1708 3398 1781 possessiones
3443 1704 3717 1763 Ecclesia:

2063 1803 2475 1870 Arvernensis;
2511 1799 2832 1871 statuitque
2883 1802 2949 1854 ut
2995 1799 3125 1870 ejus
3172 1796 3444 1856 Ecclesiae
3471 1794 3720 1854 antistes

2063 1893 2124 1948 in
2154 1891 2518 1949 ordinatione
2567 1887 2995 1962 metropolitani
3045 1885 3426 1944 Bituricensis
3456 1885 3718 1958 primum

2061 1981 2256 2038 locum
2287 1979 2594 2036 obtineret.

2166 2067 2464 2126 CCXCVII.
2491 2072 2641 2124 Bona
2676 2067 2952 2122 Theatinm
2981 2065 3234 2121 Ecclesiae
3263 2064 3602 2135 conﬁrmata.

2129 2158 2402 2230 Sequenti
2435 2157 2526 2213 die
2557 2154 2794 2228 scripsit
2822 2155 2976 2210 idem
3007 2153 3266 2226 pontifex
3294 2151 3367 2227 ad
3398 2149 3620 2208 clerum
3651 2154 3714 2208 et

2058 2263 2324 2320 proceres
2355 2244 2666 2302 comitatus
2693 2243 2984 2312 Theatini,
3009 2244 3079 2298 de
3109 2241 3204 2298 his
3234 2258 3362 2314 quas
3389 2256 3584 2297 coram
3608 2255 3712 2313 po-

2057 2337 2367 2407 situs,cum
2395 2333 2600 2390 Theati
2631 2349 2833 2389 mense
2864 2331 3072 2388 Martio
3103 2330 3365 2404 proxime
3397 2327 3597 2402 elapso
3618 2345 3714 2386 es-

2057 2429 2164 2491 set,
2188 2423 2586 2481 constituerat.
2621 2421 3010 2494 Rescriptum,
3042 2436 3146 2476 seu
3177 2419 3372 2492 potius
3401 2419 3530 2490 ejus
3549 2417 3711 2492 frag-

2057 2517 2322 2570 mentum
2344 2511 2576 2568 exhibet
2605 2507 3012 2582 Ughellus,sed
3035 2507 3274 2564 omnino
3303 2505 3616 2574 mutilum;
3649 2509 3714 2563 at

2056 2602 2221 2659 facile
2251 2599 2510 2674 suppleri
2550 2602 2740 2670 potest
2769 2614 2838 2653 ex
2885 2595 3048 2652 bulla
3093 2595 3394 2678 Paschalis
3425 2594 3494 2662 lI,
3527 2611 3710 2668 quam

2055 2691 2210 2747 idem
2232 2695 2434 2746 auctor
2456 2687 2632 2744 refert
2647 2690 2806 2742 tomo
2823 2686 2898 2740 VI
2920 2685 2979 2740 in
2995 2684 3258 2758 catalogo
3285 2682 3710 2743 Theatinorum

2054 2779 2484 2852 episcoporum,
2517 2776 2577 2830 in
2609 2791 2726 2848 qua
2753 2791 2824 2830 ea:
2873 2775 3080 2832 Urbani
3113 2774 3314 2846 scripto
3361 2771 3709 2846 singillatim

2055 2871 2313 2925 recenset
2342 2865 2532 2922 varias
2563 2863 2963 2936 possessiones
3013 2881 3048 2919 a
3093 2861 3407 2920 comitibus
3457 2861 3710 2920 Roberto

2053 2962 2109 3014 et
2147 2955 2427 3013 Tassione
2472 2955 2601 3026 ejus
2651 2953 2828 3008 fratre
2877 2953 3180 3008 restitutas
3206 2955 3308 3008 aut
3335 2953 3522 3018 datas,
3557 2966 3708 3022 quas

2057 3045 2338 3120 Raynulfo
2369 3043 2725 3116 episcopo,et
2751 3043 2880 3114 ejus
2908 3041 3176 3098 Ecclesiae
3206 3057 3340 3097 cum
3371 3039 3501 3098 aliis
3532 3039 3606 3096 ab
3635 3055 3708 3096 eo

2053 3133 2358 3208 acquisitis
2389 3132 2660 3188 Urbanus
2690 3131 3152 3188 confirmaverat.

2319 3220 2649 3277 CCXCVlIl.
2683 3219 2974 3292 Philippus
3004 3235 3108 3275 rex
3129 3219 3428 3274 absolutus.

291 3291 728 3382 expeditionum
760 3304 945 3372 initia,
977 3321 1105 3376 qua:
1137 3320 1240 3378 per
1283 3309 1369 3360 tot
1411 3321 1699 3360 annorum
1750 3303 1938 3376 spatia
1968 3291 2010 3356 C
2119 3313 2198 3368 Eo
2227 3315 2488 3383 tempore
2522 3291 3098 3380 nuntiusaPhilippo
3127 3305 3450 3364 Galliarum
3469 3322 3604 3380 rege
3625 3307 3698 3366 ad

291 3397 445 3454 inter
470 3396 662 3453 varias
695 3395 959 3451 fortunas
987 3393 1329 3449 continuata
1357 3395 1630 3463 deinceps
1679 3393 1932 3450 fuerunt.

289 3489 362 3543 At
385 3487 458 3543 de
487 3502 687 3542 earum
719 3483 1020 3557 eventibus
1052 3482 1240 3538 fusius
1273 3499 1441 3556 agere
1471 3500 1586 3538 non
1618 3489 1707 3538 est
1751 3483 1932 3538 nostri

289 3571 820 3646 instituti.Legendi
854 3575 1140 3639 auctores,
1177 3575 1241 3628 ut
1275 3573 1400 3643 jam
1444 3589 1558 3628 non
1599 3571 1779 3628 semel
1807 3589 1934 3628 mo-

289 3665 548 3731 nuimus,
579 3663 680 3736 qui
731 3659 907 3718 simul
958 3661 1071 3717 sub
1116 3659 1284 3716 titulo
1334 3660 1642 3718 Gestorum
1698 3661 1796 3717 Dei
1835 3677 1937 3732 per

286 3754 538 3811 Francos
569 3751 709 3808 editi
743 3754 900 3807 sunt.

358 3842 644 3898 Reversus
683 3843 902 3906 autem,
943 3842 1009 3893 ut
1061 3839 1232 3894 modo
1279 3839 1640 3906 dicebamus,
1690 3839 1934 3893 Romam

287 3931 558 3988 Urbanus
588 3929 666 3983 ibi
701 3926 990 3998 insignem
1022 3925 1245 3982 bullam
1277 3927 1538 3983 Odcrisio
1568 3925 1851 3992 cardinali
1879 3931 1938 3982 et

285 4017 484 4076 abbati
514 4016 814 4074 Casinensi
847 4015 1155 4084 concessit,
1189 4015 1246 4071 iri
1277 4033 1395 4088 qua
1441 4033 1589 4072 nova
1637 4015 1938 4088 privilegia

285 4105 640 4164 monasterio
675 4104 972 4160 Casinensi
1005 4103 1207 4160 multis
1247 4107 1372 4177 jam
1425 4111 1596 4162 antea
1642 4105 1936 4161 concessis

285 4195 581 4268 adjecit,et
595 4193 998 4267 possessiones
1011 4195 1060 4265 ej
1070 4193 1510 4267 us,singillatim
1529 4198 1593 4249 ut
1614 4192 1934 4266 plurimum

284 4284 959 4352 recensitas,confirmat.
992 4283 1123 4338 Haec
1151 4283 1364 4356 partim
1388 4284 1514 4356 jam
1545 4283 1702 4338 edita
1724 4283 1781 4338 in
1805 4281 1938 4339 Bul-

284 4373 430 4430 lario
459 4371 784 4440 Casinensi,
808 4388 875 4429 ex
905 4371 1198 4428 chartario
1228 4370 1380 4426 Petri
1418 4371 1670 4438 Diaconi,
1697 4371 1851 4442 quod
1875 4372 1935 4426 in

282 4461 637 4518 bibliotheca
659 4461 940 4534 principis
953 4461 1240 4534 Pamphili
1275 4459 1774 4532 habetur,integra
1795 4459 1934 4514 olim

284 4551 438 4607 inter
470 4549 683 4606 Urbani
716 4548 993 4622 epistolas
1024 4549 1366 4622 proferetur.
1401 4549 1548 4604 Data
1576 4552 1664 4604 est
1695 4548 1800 4603 hoc
1832 4566 1933 4603 an-

290 4656 365 4696 no
395 4637 606 4696 eral.
630 4637 866 4710 Aprilis.

521 4729 764 4784 ορκον,
783 4729 1107 4784 Cluniacum
1130 4729 1362 4798 protegit
1395 4727 1662 4784 Urbanus.

351 4819 547 4875 Mense
579 4818 706 4891 ipso
735 4816 916 4890 Aprili
948 4815 1204 4888 pontifex
1229 4814 1700 4872 Cluniacensium
1734 4831 1930 4871 mona‘

281 4909 548 4978 chorum,
580 4925 730 4980 quos
759 4904 1022 4963 nonnulli
1064 4904 1507 4976 perturbabant,
1539 4903 1928 4974 patrocinium

281 4997 560 5071 suscepit,
590 4997 724 5053 dato
752 4995 1032 5067 rescripto
1063 4993 1134 5048 ad
1170 4993 1472 5066 Hugonem
1505 4993 1929 5064 abbatem,quo

282 5086 489 5144 statuit
547 5091 630 5155 ut,
678 5084 909 5142 etiamsi
959 5082 1268 5138 interdicta
1313 5080 1442 5136 loca
1488 5079 1677 5136 vicina
1711 5085 1926 5148 essent,

282 5175 578 5232 autetiam
609 5175 888 5231 dioeceses
918 5173 1154 5244 integra:
1181 5170 1240 5226 in
1273 5169 1492 5241 quibus
1519 5168 1928 5226 Cluniacenses

280 5265 520 5339 degunt,
554 5264 700 5338 ipsis
732 5263 931 5319 liceret
961 5259 1164 5332 januis
1211 5257 1462 5315 occlusis
1505 5257 1702 5314 divina
1744 5258 1933 5314 officia

282 5369 579 5427 peragere.

353 5443 682 5498 Emerserat
729 5440 933 5496 eodem
987 5441 1248 5510 tempore
1299 5436 1491 5510 gravis
1539 5439 1932 5495 controversia

279 5531 430 5588 inter
459 5531 696 5588 eosdem
745 5527 1158 5584 Cluniacenses
1190 5530 1248 5582 et
1276 5526 1509 5582 Petrum
1556 5526 1826 5584 abbatem
1876 5532 1933 5585 et

281 5620 598 5677 monachos
639 5616 1148 5674 Trenorchienses.
1207 5615 1648 5674 Contendebant
1693 5617 1932 5674 Clunia-

279 5725 482 5778 censes
511 5710 582 5768 ab
615 5707 745 5770 istis
775 5707 992 5784 injuste
1015 5712 1358 5787 usurpatam
1388 5705 1570 5768 fuisse
1588 5709 1933 5782 pacaturam

2044 3400 2345 3456 Urbanum
2377 3398 2599 3454 missus
2630 3396 2872 3452 Romam
2905 3395 3154 3464 advenit,
3189 3393 3289 3468 qui
3321 3395 3457 3451 dato
3501 3411 3694 3451 sacra-

2045 3493 2240 3546 mento
2270 3487 2584 3544 afﬁrmavit
2633 3502 2828 3560 regem
2879 3485 2952 3541 ad
3000 3484 3363 3552 Bertradam,
3395 3500 3571 3557 quam
3595 3483 3696 3556 ju-

2043 3579 2212 3634 bente
2241 3577 2514 3651 pontifice
2543 3575 2864 3641 dimiserat,
2900 3590 3204 3646 nunquam
3233 3573 3698 3638 rediisse.Quare

2043 3667 2315 3724 Urbanus
2347 3663 2662 3721 Gallicanis
2695 3663 3006 3736 episcopis,
3029 3680 3096 3719 ac
3120 3661 3409 3736 praecipue
3437 3661 3695 3721 Manassi

2045 3754 2312 3812 Remensi
2345 3752 2800 3825 archiepiscopo,
2826 3752 2895 3806 ad
2927 3768 3102 3823 quem
3133 3751 3509 3823 potissimum
3532 3750 3698 3824 regni

2043 3845 2316 3901 diadema
2342 3841 2688 3915 pertinebat,
2721 3839 2978 3912 scripsit,
3015 3855 3207 3912 regem
3232 3839 3304 3895 ab
3335 3839 3493 3898 omni
3517 3839 3696 3896 inter-

2044 3933 2196 3990 dicto
2226 3949 2355 3988 esse
2385 3928 2718 3986 absolutum
2743 3947 2755 3998 ;
2789 3933 2964 4000 atque
2987 3929 3128 3983 adeo
3149 3945 3321 4001 posse
3352 3927 3437 3984 uti
3459 3944 3698 3995 corona,

2045 4040 2148 4096 pro
2176 4021 2409 4078 illorum
2441 4025 2774 4090 temporum
2806 4033 2986 4082 more,
3019 4016 3075 4072 in
3111 4016 3342 4090 magnis
3363 4016 3698 4074 solemnita-

2045 4111 2222 4168 tibus.
2247 4110 2376 4165 Htec
2405 4105 2802 4182 epistola,quae
2835 4106 2894 4162 in
2927 4105 3236 4180 Spicilegio
3268 4105 3542 4162 chronica
3562 4111 3704 4162 nota

2043 4200 2297 4267 carebat,
2333 4211 2431 4254 vm
2463 4196 2582 4252 Kal.
2617 4195 2766 4262 Maii,
2802 4196 3061 4252 Laterani
3078 4195 3204 4252 data
3229 4195 3448 4251 dicitur
3476 4195 3534 4250 in
3568 4211 3701 4251 nos-

2042 4296 2131 4346 tro
2164 4289 2290 4344 cod.
2324 4303 2435 4342 ms.

2365 4374 2636 4430 CCXCIX.
2672 4375 2728 4430 S.
2759 4375 2996 4431 Orientii
3013 4375 3149 4446 jura
3171 4379 3372 4430 tuetur.

2117 4465 2294 4522 Paulo
2327 4475 2477 4536 post,
2505 4464 2560 4518 id
2597 4469 2684 4520 est
2717 4463 2884 4520 tertio
2917 4463 3039 4518 Kal.
3082 4463 3262 4534 hujus
3315 4463 3555 4534 mensis,
3592 4461 3700 4519 Ur-

2044 4557 2236 4612 banus
2269 4551 2737 4626 Raymundo,qui
2761 4551 2870 4608 hoc
2895 4569 3047 4607 anno
3078 4551 3457 4608 Ausciensem
3481 4555 3698 4607 metro-

1965 4662 2012 4725 Β
2047 4643 2224 4717 polim
2258 4643 2566 4717 regendam
2602 4645 2955 4713 susceperat,
2989 4641 3225 4712 scripsit
3275 4646 3339 4696 ut
3387 4640 3698 4698 audaciam

2044 4733 2307 4805 ejusdem
2368 4730 2635 4788 Ecclesiae
2695 4730 3036 4786 clericorum
3096 4729 3333 4802 reprimi
3386 4733 3699 4803 satageret,

2039 4822 2137 4895 qui
2169 4825 2372 4876 contra
2402 4819 2610 4876 Leonis
2642 4836 2824 4892 papae,
2858 4823 2914 4874 et
2945 4819 3037 4874 sui
3069 4818 3245 4874 etiam
3275 4818 3463 4890 ipsius
3499 4818 3698 4874 decre-

2041 4908 2591 4979 tum,cmmeterium
2615 4908 2836 4964 Sanctii
2867 4908 3086 4964 Orienti
3116 4906 3490 4964 violaverant.

2563 4998 2706 5054 CCC.
2745 4997 2988 5055 Udalrici
3015 5015 3178 5054 mors.

2109 5091 2224 5145 Sub
2260 5090 2434 5144 finem
2465 5087 2731 5144 Octobris
2764 5085 3070 5142 Udalricus
3119 5103 3336 5154 comes,
3386 5083 3604 5141 Urbani
3637 5086 3696 5141 in

2039 5177 2349 5236 Germania
2379 5177 2633 5250 partium
2667 5180 3068 5249 propugnator
3113 5175 3456 5240 acerrimus,
3487 5191 3518 5230 e
3548 5173 3696 5232 vivis

2039 5264 2316 5332 excessit;
2349 5265 2448 5337 qui
2497 5281 2552 5319 v1
2601 5261 2992 5319 Kalendarum
3023 5262 3434 5319 Novembrium
3475 5261 3570 5318 die
3599 5277 3691 5318 se-

2039 5353 2242 5427 pultus
2271 5357 2360 5409 est
2389 5351 2543 5426 apud
2584 5350 3100 5423 Brigantium,ubi,
3132 5354 3280 5407 teste
3320 5349 3690 5420 Bertoldo,ad

2039 5444 2197 5499 hunc
2229 5458 2473 5508 annum,
2500 5439 2820 5496 monachos
2851 5439 3200 5495 instituerat.

2173 5531 2340 5588 CCCI.
2374 5529 2735 5586 Narbonensis
2767 5527 3022 5584 Ecclesiae
3041 5527 3177 5600 jura
3207 5528 3548 5600 conﬁrmata.

2115 5620 2395 5678 Defuncto
2443 5618 2617 5674 etiam
2652 5617 2758 5672 hoc
2799 5633 2950 5673 anno
2999 5617 3436 5691 archiepiscopo
3467 5616 3690 5673 Narbo-

2043 5711 2232 5782 nensi,
2264 5709 2531 5772 Urbanus
2562 5707 2972 5781 Bertrandum,
3005 5723 3178 5783 quem
3207 5711 3376 5768 antea
3407 5707 3532 5785 ipse
3574 5706 3692 5769 Ne.
