3962 6398
127 410 232 467 229

1711 408 1922 475 Vl'I‘A.

3402 416 3558 486 230

130 513 306 600 mansi
337 544 680 619 episcopum
713 551 1164 616 consecraverat,
1197 547 1270 604 ad
1301 547 1448 604 hanc
1481 553 1766 622 metropo-
1795 551 1850 616 Α
1881 546 1976 602 ille
2024 549 2092 603 ad
2145 550 2339 606 sedem
2372 550 2751 623 apostolicam
2799 550 3133 625 appellavit,
3163 568 3228 607 ac
3277 552 3522 609 Romam

125 631 216 688 lim
244 631 525 690 electione
565 635 1141 708 comprovincialium
1181 636 1609 710 episcoporum,
1642 639 1755 693 emi-

122 725 267 790 gente
288 725 612 779 necessitate
650 724 973 791 transtulit,
1007 725 1160 797 quod
1193 725 1339 781 nulli
1385 742 1447 782 se
1489 726 1762 798 deinceps

121 809 539 881 permissurum
569 815 840 868 testatur.
874 812 936 867 Id
975 831 1044 868 ex
1081 814 1208 885 ejus
1240 813 1556 886 diplomate
1587 815 1762 870 disci-

122 916 263 965 mus,
296 915 412 971 quo
445 899 555 972 ipsi
590 900 912 957 Bertrando
938 901 1395 974 metropolitante
1425 903 1762 959 Narbonen-

122 988 195 1044 sis
225 987 488 1044 Ecclesiaz
513 990 674 1061 jura,
700 993 756 1045 et
786 991 913 1063 ejus
939 1009 998 1046 1n
1027 993 1359 1063 Aquensem
1395 991 1762 1064 metmpolim

121 1076 427 1149 primatum
458 1078 843 1136 conﬁrmavit.
877 1079 1092 1136 Datum
1123 1080 1339 1136 dicitur
1371 1080 1634 1137 Laterani
1661 1099 1762 1137 vni

122 1167 246 1222 ldus
275 1167 641 1235 Novembris,
674 1169 828 1241 quod
866 1169 991 1241 jam
1041 1169 1114 1225 ab
1161 1167 1564 1226 illustrissimo
1594 1169 1763 1225 Petro

120 1256 185 1311 de
224 1259 413 1312 Marca
443 1255 501 1312 in
544 1257 877 1330 Appendice
925 1259 997 1314 ad
1030 1256 1248 1314 librum
1283 1257 1363 1314 De
1412 1259 1764 1330 primatibus

118 1345 330 1401 editum
361 1347 470 1401 est.
503 1346 602 1401 Isti
646 1346 761 1402 alia
805 1347 922 1403 duo
954 1347 1235 1420 rescripta
1263 1365 1333 1403 ex
1360 1347 1568 1403 iisdem
1599 1348 1762 1403 codi-

114 1434 277 1490 cibus
308 1435 762 1507 subjungentur,
795 1453 921 1508 quae
961 1436 1032 1491 ad
1077 1437 1344 1492 eamdem
1394 1435 1762 1508 metropolim

113 1522 420 1594 pertinent,
469 1527 524 1579 et
584 1523 777 1580 nullas
840 1525 1154 1597 praeferunt
1209 1525 1514 1582 chronicas
1571 1529 1760 1582 notas.

114 1610 434 1684 Utrumque
459 1613 738 1671 adversus
759 1617 1090 1686 Aquensem
1116 1614 1762 1687 archiepisc0pum,qui

111 1700 468 1758 Narbonensi
491 1702 728 1774 primati
752 1703 990 1759 obedire
1013 1704 1393 1769 detrectabat,
1418 1705 1619 1758 datum
1643 1710 1760 1772 est;

113 1807 293 1846 unum
317 1791 427 1864 ipsi
452 1793 732 1864 Aquensi,
759 1783 1012 1847 alterum
1035 1792 1260 1866 Hugoni
1287 1793 1664 1864 Lugdunensi
1689 1792 1766 1846 vi-

113 1879 264 1935 cario
296 1881 454 1936 sedis
483 1881 818 1953 apostolicae
851 1881 1224 1953 inscriptum.

307 1968 506 2025 CCCII.
541 1971 906 2042 Privilegi-um
935 1971 1192 2028 Ecclesiae
1223 1973 1563 2026 Verulensis.

180 2058 263 2114 Ad
296 2058 450 2114 idem
478 2075 712 2131 quoque
763 2064 990 2132 tempus
1039 2060 1426 2116 revocandum
1466 2065 1553 2115 est
1579 2059 1762 2114 Veru-

114 2146 274 2203 lense
320 2147 713 2220 privilegium,
766 2149 917 2221 quod
970 2148 1241 2204 Urbanus
1297 2149 1514 2215 Albani,
1550 2149 1598 2204 si
1649 2166 1764 2203 non

113 2236 260 2291 fallit
289 2237 418 2309 ejus
448 2237 783 2310 exemplum
815 2238 887 2293 ab
921 2236 1161 2310 Ughello
1200 2237 1442 2303 editum,
1475 2237 1582 2293 hoc
1613 2253 1766 2293 anno

113 2330 170 2381 et
198 2325 437 2398 quidem
469 2325 794 2394 desinente,
820 2327 900 2382 uti
950 2328 1158 2399 probat
1187 2326 1426 2381 indictio
1477 2331 1640 2382 sexta
1683 2326 1763 2382 ibi

113 2413 401 2487 apposita,
431 2413 670 2470 Alberto
715 2415 979 2486 ejusdem
1025 2414 1292 2471 Ecclesiae
1323 2415 1596 2488 episcopo
1627 2432 1762 2470 con-

107 2503 299 2560 cessit.
325 2503 488 2558 Certe
518 2493 656 2559 huic
686 2503 984 2577 privilegio
1015 2504 1174 2560 sicut
1203 2507 1260 2560 et
1285 2505 1670 2573 Narbonensi,
1695 2505 1766 2560 de

105 2609 220 2664 quo
259 2609 506 2648 numero
553 2593 898 2664 praecedenti
943 2591 1220 2661 diximus,
1254 2594 1594 2665 Lanfrancus
1623 2595 1764 2648 vices

105 2698 295 2753 gerens
361 2681 683 2736 canceltarii
753 2681 1136 2754 subscripsit,
1199 2683 1354 2738 unde
1420 2680 1766 2752 conjicimus

109 2775 424 2842 utrumque
455 2770 656 2825 eodem
683 2770 862 2826 ferme
891 2774 1176 2842 tempore,
1202 2787 1411 2843 nempe
1433 2771 1586 2826 circa
1609 2788 1766 2827 men-

107 2873 230 2912 sem
253 2856 658 2925 Novembrem,
684 2857 922 2913 absente
940 2861 1041 2913 aut
1063 2863 1375 2930 aegrotante
1394 2859 1615 2930 Joanne
1637 2876 1767 2916 can-

109 2945 368 3013 cellario,
393 2945 575 3001 fuisse
605 2945 1022 3019 conscriptum.

216 3051 445 3109 CCCIII.
477 3054 738 3109 Robertus
767 3054 931 3109 abbas
963 3056 1315 3123 Remigianus
1345 3055 1414 3110 ab
1445 3055 1656 3112 Urbano

749 3141 844 3180 con
850 3126 886 3196 ﬁ
893 3130 1120 3181 rmatus.

181 3212 299 3268 Hoc
331 3213 458 3285 ipso
488 3212 662 3270 etiam
697 3231 870 3281 anno,
904 3218 969 3269 ut
1000 3213 1214 3270 diserte
1257 3214 1434 3270 habet
1477 3220 1643 3270 vetus
1675 3215 1764 3269 in-

1871 636 2073 708 petivit
2101 655 2269 694 suam
2320 657 2560 696 causam
2611 641 2982 698 defensurus.
3017 643 3088 697 Et
3132 641 3391 714 quidem,
3424 641 3524 696 illo

1871 724 2090 793 audito,
2126 728 2384 798 pontifex
2432 746 2500 785 ea
2548 747 2674 802 quae
2730 735 2854 784 tum
2908 747 2941 784 a
2992 729 3302 798 Bernardo,
3335 735 3459 785 tum
3493 749 3526 785 a

1871 813 2098 868 concilii
2134 815 2437 873 Rcmensis
2486 818 2759 874 Patribus
2791 819 2941 873 facta
2989 820 3219 874 fuerant
3250 819 3521 888 rescidit;

1871 918 2137 958 asserens
2170 905 2546 974 monachum,
2571 906 2770 962 statim
2820 911 2992 978 atque
3041 906 3281 963 alterius
3321 925 3521 963 mona-

1871 988 2030 1044 sterii
2062 991 2246 1048 abbas
2287 994 2475 1050 factus
2519 999 2628 1062 est,
2659 997 3061 1067 emancipatam
3106 1012 3254 1064 esse,
3287 1012 3393 1052 nec
3422 996 3522 1051 de-

1871 1077 2006 1133 bere
2038 1081 2294 1154 amplius
2327 1083 2538 1155 prioris
2588 1083 2928 1140 monasterii
2959 1084 3155 1139 abbati
3198 1084 3521 1156 subjacere.

1872 1165 2000 1222 Haec
2031 1171 2227 1226 omnia
2254 1187 2319 1227 ex
2365 1171 2601 1228 laudato
2653 1173 3044 1229 instrumento
3075 1177 3132 1229 et
3177 1173 3368 1230 tribus
3397 1173 3524 1245 epi-

1872 1254 2036 1312 stolis
2065 1273 2133 1313 ea
2162 1259 2235 1313 de
2265 1276 2325 1314 re
2356 1260 2590 1332 scriptis
2639 1261 2942 1316 discimus.
2979 1261 3238 1317 Primum
3289 1261 3528 1334 scripsit

1870 1343 2214 1402 Lambertus
2235 1348 2637 1405 Atrebatensis
2659 1350 2970 1422 episcopus
3001 1351 3072 1405 ad
3107 1350 3429 1418 Urbanum,
3462 1350 3523 1408 in

1872 1449 1988 1503 qua
2017 1433 2196 1505 hujus
2218 1437 2411 1492 omnis
2435 1437 2648 1510 negotii
2679 1439 2958 1494 rationem
2991 1440 3040 1494 ei
3077 1439 3297 1506 reddit;
3321 1456 3525 1495 secun-

1871 1521 1945 1574 da
1961 1526 2048 1576 est
2070 1522 2257 1595 ipsius
2278 1525 2570 1596 pontificis
2588 1525 2815 1582 concilii
2840 1528 3188 1582 sententiam
3206 1527 3518 1597 irritantis;
3611 1542 3616 1546 '

1870 1610 2042 1665 tertia
2071 1612 2324 1686 denique
2356 1614 2586 1671 Roberti
2622 1616 2692 1670 ad
2743 1615 3141 1683 Lambertum,
3175 1620 3238 1671 ut
3281 1632 3417 1671 eum
3449 1617 3521 1671 ad

1871 1715 1991 1753 sua:
2023 1717 2234 1765 causae,
2270 1719 2444 1774 quam
2479 1703 2738 1775 pontifex
2767 1705 2976 1759 bonam
3002 1705 3386 1776 judicaverat,
3421 1719 3521 1776 pa-

1875 1788 2187 1845 trocinium
2236 1792 2680 1864 suscipiendum
2729 1792 3019 1848 invitaret.
3050 1793 3166 1848 Has
3205 1809 3410 1849 omnes
3461 1793 3522 1848 in

1871 1877 2199 1948 Appendice
2231 1881 2444 1936 referre
2472 1880 2662 1936 visum
2708 1885 2816 1938 est.
2841 1882 3016 1937 Porro
3045 1882 3117 1936 ad
3148 1881 3299 1938 hanc
3345 1881 3523 1938 etiam

1873 1968 2347 2034 controversiam,
2403 1969 2453 2024 si
2514 1975 2666 2026 recte
2717 1969 2939 2041 judico,
2998 1970 3253 2026 revocari
3312 1969 3528 2026 debent

1875 2053 2118 2110 Baldrici
2175 2057 2576 2131 Burguliensis
2627 2059 2855 2115 abbatis
2893 2076 3093 2115 versus
3142 2060 3215 2114 ad
3263 2059 3524 2115 Odonem
3573 2109 3575 2111 ,

1873 2143 2198 2200 Ostiensem
2232 2147 2569 2219 episcopum
2604 2153 2661 2203 et
2704 2147 3058 2204 cardinalem
3088 2151 3247 2204 tomo
3279 2147 3350 2202 ιν
3378 2147 3526 2204 Che-

1874 2231 1985 2286 snii
2024 2233 2166 2288 llist.
2209 2235 2562 2291 Francorum
2595 2237 2754 2304 editi,
2788 2236 3003 2308 quibus
3049 2237 3100 2292 ei
3151 2237 3527 2293 commendat

1874 2337 2112 2377 causam
2144 2324 2372 2380 abbatis
2419 2325 2765 2398 Remigiani,
2801 2343 2995 2397 quem,
3029 2326 3139 2383 etsi
3181 2343 3214 2382 a
3251 2327 3526 2398 pontifice

1875 2411 2312 2479 confirmatum,
2339 2413 2654 2469 Remorum
2687 2414 3160 2486 archiepiscopus
3184 2431 3215 2471 e
3237 2419 3526 2471 monaste-

1876 2497 1958 2552 rio
1996 2499 2314 2572 expulerat.
2335 2502 2498 2558 Certe
2541 2520 2655 2559 non
2687 2503 2916 2558 videtur
2944 2502 3227 2558 Robertus
3259 2519 3523 2576 unquam

1874 2587 1930 2641 in
1965 2604 2132 2642 suam
2165 2588 2510 2660 dignitatem
2533 2591 2840 2646 restitutus
2862 2593 3072 2658 fuisse;
3097 2591 3197 2662 qui
3224 2592 3368 2647 forte
3398 2607 3525 2663 per-

1874 2679 2048 2731 tmsus
2087 2677 2161 2732 ob
2201 2676 2308 2734 bas
2367 2679 2569 2734 turbas
2629 2679 2962 2735 Burchardo
3021 2678 3214 2735 locum
3266 2679 3422 2747 fecit,
3455 2695 3521 2735 ac

1871 2764 2427 2836 Jerosolymitanum
2462 2767 2570 2823 iter
2608 2767 2886 2839 suscepit,
2915 2769 3085 2838 cujus
3129 2772 3188 2824 et
3217 2785 3520 2824 sacrm-ex-

1874 2852 2185 2924 peditionis
2231 2856 2566 2924 Historiam,
2600 2856 2661 2910 in
2710 2856 2858 2912 cella
2904 2857 3250 2929 Remigiana
3294 2858 3522 2914 Senuco

1873 2933 2028 2989 dicta
2047 2933 2103 2989 in
2129 2935 2429 2991 Franciam
2456 2953 2719 2992 reversus
2743 2943 2945 3008 postea
2964 2936 3334 3009 conscripsit.
3353 2939 3520 2994 Anno

1871 3026 2068 3094 tamen
2101 3025 2232 3078 illi
2271 3024 2327 3079 in
2359 3025 2603 3081 concilio
2651 3025 2996 3092 Pictavensi,
3031 3029 3095 3080 ut
3132 3025 3309 3082 habet
3355 3027 3521 3099 Hugo

1876 3109 2324 3168 Flaviniacensis
2368 3112 2427 3168 in
2457 3113 2761 3180 Chronico,
2795 3131 3000 3170 rursus
3031 3114 3103 3170 de
3148 3116 3266 3186 ejus
3315 3116 3523 3188 injusta

1872 3201 2189 3270 expulsione
2225 3206 2274 3256 et
2322 3202 2521 3258 illicita
2549 3201 2860 3258 Burchardi
2884 3203 3268 3259 substitutione
3308 3207 3518 3260 tracta-

105 3306 506 3357 strumentum
537 3304 692 3374 quod
725 3320 792 3358 ex
822 3320 933 3358 ms.
960 3303 1343 3359 Mauriacensi
1379 3302 1665 3358 habemus

1955 3305 1992 3342 η
2015 3293 2124 3351 est;
2155 3291 2277 3359 sed,
2311 3289 2445 3346 licet
2489 3293 2617 3364 ejus
2643 3293 2907 3363 promotio
2935 3291 3252 3348 aulhentica
3271 3300 3323 3348 et
3357 3308 3519 3350 cano-

102 3407 171 3445 ex
199 3389 492 3447 tabulario
542 3391 1061 3448 archimonasterii
1109 3392 1433 3464 Remigiani
1473 3392 1622 3463 apud
1660 3391 1766 3447 Re-

101 3496 229 3536 mos
257 3479 411 3536 eruit
440 3479 513 3536 cl.
543 3481 837 3536 memoriae
861 3481 1117 3553 Cangius
1150 3480 1209 3536 in
1234 3480 1528 3536 Glossario
1561 3479 1766 3536 Latino

99 3567 347 3631 editum,
363 3567 633 3625 Urbanus
649 3586 679 3624 e
696 3568 911 3624 Galliis
933 3567 1176 3624 Romam
1197 3568 1766 3640 reversusjudicium

100 3656 235 3712 tulit
259 3656 321 3712 in
341 3656 574 3714 Roberti
594 3657 859 3728 ejusdem
887 3658 1230 3713 monasterii
1251 3657 1478 3713 abbatis
1495 3657 1765 3730 gratiam,

99 3746 384 3801 adversus
414 3745 775 3801 Bernardum
821 3745 1058 3817 Majoris
1103 3745 1437 3803 Monasterii
1471 3747 1762 3812 abbatem.

100 3833 394 3890 Robertus
416 3833 654 3904 Majoris
686 3835 1022 3890 Monasterii
1054 3835 1379 3891 monachus
1409 3835 1466 3890 in
1494 3835 1764 3890 abbatem

97 3940 129 3977 a
163 3923 531 3995 Remigianis
565 3924 620 3977 in
654 3923 882 3978 Henrici
916 3924 1110 3980 locum
1145 3928 1278 3980 ante
1329 3925 1553 3997 aliquot
1583 3941 1769 3980 annos

96 4011 412 4084 expetitus,
444 4029 512 4067 ea
546 4013 874 4068 conditione
898 4014 1244 4069 aBernardo
1281 4030 1594 4070 concessus
1640 4014 1767 4068 fue-

97 4105 206 4168 rat,
234 4103 320 4168 ut,
348 4099 397 4155 si
429 4100 743 4173 aliquando
773 4100 866 4158 ille
897 4102 1277 4174 professionis
1305 4120 1424 4158 suae
1457 4103 1771 4159 immemor

95 4193 307 4244 contra
339 4189 600 4262 regulam
655 4191 974 4263 quidquam
1012 4196 1231 4264 ageret,
1257 4192 1596 4248 correctioni
1646 4193 1766 4250 Ma-

87 4276 245 4347 joris
270 4277 609 4334 Monasterii
642 4280 871 4335 abbatis
903 4280 1272 4336 subderetur.
1303 4281 1416 4337 Res
1447 4281 1528 4336 ita
1558 4282 1764 4337 evenit.

96 4366 394 4422 Robertus
415 4383 623 4439 nempe
643 4368 828 4423 factus
853 4368 1034 4423 abbas
1055 4367 1503 4425 Claromontano
1521 4370 1764 4426 concilio

95 4472 235 4511 cum
283 4457 507 4511 caeteris
540 4456 822 4524 interfuit,
859 4474 924 4512 ac
975 4459 1356 4529 postea,jure
1405 4476 1478 4514 an
1529 4460 1744 4530 injuria

99 4546 399 4600 incertum
451 4544 594 4599 mihi
641 4550 748 4610 est,
785 4544 934 4600 male
965 4546 1114 4618 apud
1150 4546 1509 4602 Bernardum
1559 4541 1764 4633 audiit:

1875 3378 2021 3446 nica,
2068 3378 2345 3435 introitus
2392 3381 2689 3450 legitimus,
2722 3384 2779 3435 et
2819 3382 3150 3437 conversatio
3196 3385 3384 3438 sancta
3433 3382 3522 3437 in-

1872 3472 2044 3521 venta
2065 3467 2331 3536 fuissent,
2365 3468 2771 3537 nihilominus,
2796 3487 2951 3534 cum,
2976 3471 3278 3526 occasione
3299 3470 3522 3527 litteras

1873 3571 2005 3610 rum
2037 3556 2489 3628 apostolicarum
2520 3575 2644 3629 qua:
2678 3557 2978 3612 nonnullis
3007 3559 3197 3614 dubia:
3228 3559 3362 3616 ﬁdei
3393 3576 3523 3617 esse

1873 3645 2627 3711 videbantur,difﬁcultates
2648 3645 2872 3718 aliquot
2896 3647 3294 3716 emersissent,
3319 3663 3522 3704 earum

1875 3734 2138 3790 examine
2169 3735 2238 3790 ad
2272 3737 2472 3790 sedem
2494 3735 2871 3808 apostolicam
2895 3734 3163 3806 remisso,
3188 3752 3278 3791 res
3309 3736 3521 3793 infecta
3580 3777 3584 3786 .-

1874 3825 2186 3892 remansit;
2220 3825 2594 3882 Burchardus
2620 3829 2815 3880 tamen
2843 3824 3014 3897 paulo
3046 3829 3180 3897 post
3207 3824 3402 3881 locum
3432 3842 3520 3881 ce—
3579 3845 3582 3848 ί

1875 3913 2011 3969 dere
2041 3920 2276 3970 coactus
2296 3919 2403 3983 est,
2426 3915 2528 3971 secl
2561 3932 2673 3971 non
2707 3915 2834 3970 ideo
2867 3914 3174 3970 restitutus
3202 3919 3292 3970 est
3312 3915 3521 3972 Rober-
3582 3943 3588 3957 ε

1872 4009 1989 4058 tus.
2024 4004 2167 4060 Nam
2199 4003 2308 4060 boc
2357 4006 2482 4076 ipso
2513 4022 2665 4060 anno
2697 4005 3011 4059 Azenarius
3057 4020 3127 4059 ex
3173 4002 3519 4061 Trimolien-

1875 4093 2028 4146 sium
2061 4093 2434 4149 dominorum
2483 4093 2662 4150 nobili
2708 4093 2930 4148 familia
2976 4093 3162 4150 factus
3207 4099 3298 4148 est
3339 4095 3521 4151 abbas

1877 4184 2274 4256 Remigianus,
2311 4184 2393 4238 uti
2427 4184 2707 4240 Marlotus
2749 4183 2806 4238 in
2849 4182 3184 4255 metropolis
3215 4182 3522 4240 Remensis

1877 4273 2130 4329 Historia
2159 4290 2227 4328 ex
2257 4273 2429 4329 variis
2461 4272 2678 4328 chartis
2711 4271 3113 4345 colligit.0uin
3147 4277 3204 4328 et
3235 4272 3530 4330 Robertus-

1873 4363 2050 4417 etiam
2081 4363 2432 4418 Senucensis
2463 4361 2618 4417 cellar
2651 4361 3179 4428 administratione,
3213 4379 3339 4435 qua
3365 4361 3417 4417 ei
3447 4361 3520 4417 ad

1875 4453 2051 4506 vitam
2109 4452 2547 4524 transigendam
2607 4451 2836 4506 indulta
2892 4451 3097 4516 fuerat,
3146 4451 3522 4523 postmodum
3579 4491 3582 4494 .

1875 4540 2133 4613 privatus
2163 4545 2269 4608 cst,
2307 4544 2369 4594 ut
2402 4538 2556 4594 idem
2590 4544 2792 4594 auctor
2830 4539 3035 4610 probat
3064 4538 3281 4594 Callisti
3315 4541 3521 4595 rescri-

92 4634 222 4702 qui,
251 4637 317 4688 ut
347 4633 470 4704 ipse
501 4634 749 4700 dicebat,
784 4634 1102 4690 inordinata
1149 4643 1201 4689 et
1246 4637 1577 4706 irregvularia
1611 4655 1656 4693 at

1954 4631 2163 4702 Lquod
2199 4635 2288 4685 est
2325 4630 2528 4684 datum
2554 4628 2836 4695 Laterani,
2861 4644 2995 4681 xvm
3022 4625 3309 4682 Kalendas
3336 4627 3518 4696 Junii,

91 4724 277 4777 multa
335 4723 459 4794 ﬁeri
515 4727 834 4794 acceperat.
872 4723 1188 4778 Robertum
1250 4725 1446 4797 itaque
1504 4727 1758 4798 primum

92 4811 316 4867 litteris
349 4811 598 4880 monuit,
625 4827 756 4866 cum
790 4811 934 4867 nihil
984 4813 1244 4884 responsi
1280 4814 1582 4886 acciperet,
1608 4816 1762 4873 diem

85 4916 191 4970 per
221 4900 451 4958 idoneas
474 4917 731 4972 personas
760 4901 810 4956 ei
843 4901 1007 4967 dixit,
1033 4905 1098 4957 ut
1139 4902 1211 4957 ad
1245 4902 1436 4975 Majus
1471 4905 1760 4962 Monaste-

90 4991 257 5046 rium
289 4989 532 5058 veniret,
554 4990 619 5045 de
641 5007 741 5046 sua
776 4993 885 5047 vita
916 4994 966 5046 et
993 4993 1399 5048 conversatione
1428 4993 1484 5048 in
1510 4995 1763 5067 capitulo

95 5079 395 5136 rationem
415 5079 772 5136 redditurus.
789 5079 921 5143 Quae
940 5097 1092 5148 cum,
1113 5081 1566 5152 insupcrhabitis
1586 5086 1761 5141 etiam

90 5168 529 5242 archiepiscopi
586 5169 677 5226 sui
737 5170 1007 5239 monitis,
1070 5169 1252 5225 nihilo
1307 5169 1404 5226 ille
1463 5173 1760 5243 penderet,

91 5256 654 5314 excommunicatus
684 5275 718 5314 a
757 5257 1052 5315 Bernardo
1083 5257 1214 5326 fuit,
1246 5264 1300 5314 et
1331 5259 1484 5315 hanc
1527 5267 1760 5319 senten-

89 5346 244 5402 tiam
292 5345 598 5404 Manasses
647 5347 1129 5419 metropolitanus
1179 5351 1237 5404 et
1283 5349 1471 5406 caateri
1522 5350 1761 5424 Belgicae

87 5434 415 5506 provinciae
448 5435 705 5509 episcOpi
743 5440 801 5493 et
830 5437 1069 5493 abbates
1101 5436 1159 5491 in
1199 5436 1444 5494 concilio
1477 5441 1630 5512 apud
1660 5441 1763 5498 Re-

87 5540 226 5580 mos
289 5525 737 5592 contirmarunt,
789 5529 1260 5598 censueruntque
1315 5527 1630 5585 Robertum
1687 5532 1760 5587 ad

85 5613 376 5670 abbatem
402 5631 580 5670 suum
601 5614 817 5672 remitti
840 5615 1068 5681 debere,
1095 5615 1252 5688 quod
1279 5617 1407 5690 ejus
1438 5617 1759 5694 disciplinae

85 5704 274 5763 etiam
304 5707 448 5764 tunc
481 5721 550 5770 ex
597 5704 775 5783 priori
824 5709 956 5763 voto
999 5705 1306 5780 subjectus
1336 5713 1511 5768 esset.
1544 5709 1758 5770 Verum

1873 4720 2229 4793 proindeque
2261 4724 2392 4790 post
2423 4734 2643 4772 annum
2669 4719 2806 4773 1120
2835 4733 2949 4788 quo
2976 4717 3231 4788 primum
3263 4715 3522 4772 Calixtus

1872 4810 2116 4864 Romam
2149 4825 2350 4865 mense
2379 4807 2552 4862 Junio
2581 4805 2832 4861 advenit.

2217 4941 2439 4998 CCClV.
2477 4941 2783 4996 Con-cilium
2813 4939 3170 4995 Gerundense.

1942 5077 2058 5132 Sub
2090 5078 2378 5134 currentis
2411 5075 2546 5132 anni
2580 5075 2776 5142 finem,
2813 5073 2871 5128 id
2919 5077 3008 5129 est
3054 5071 3256 5128 Idibus
3288 5072 3524 5128 Decem-
3589 5110 3591 5112 -

1870 5167 2013 5234 bris,
2048 5167 2378 5222 Bernardus
2420 5164 2603 5222 Toleti
2653 5164 2919 5231 antistes,
2954 5162 3053 5234 qui
3109 5161 3167 5217 in
3225 5161 3525 5234 Hispaniis

1873 5255 2088 5314 Urbani
2108 5257 2357 5312 vicarius
2379 5260 2526 5324 erat,
2551 5252 2862 5311 concilium
2889 5251 3098 5307 habuit
3121 5251 3274 5324 apud
3299 5251 3522 5307 Gerun-

1871 5346 2028 5414 dam,
2057 5345 2141 5400 uti
2171 5344 2230 5399 in
2263 5345 2455 5401 Marca
2478 5344 2812 5417 Hispanica,
2836 5346 2894 5398 et
2922 5341 2981 5398 in
3014 5339 3362 5397 Collectione
3384 5357 3521 5397 con-

1870 5435 2138 5491 ciliorum
2171 5433 2482 5490 cardinalis
2527 5434 2749 5507 Aguirii
2799 5431 3123 5506 legitur,ad
3169 5431 3522 5487 corroboran-

1868 5528 1997 5582 dam
2023 5525 2402 5582 ecclesiastica
2440 5523 2707 5579 libertatis
2735 5523 3080 5596 dignitatem.
3106 5519 3249 5576 Huic
3302 5520 3522 5593 synodo

1869 5620 2079 5691 praeter
2127 5613 2490 5672 Bernardum
2538 5613 2849 5669 interfuere
2898 5610 3354 5669 Tarraconensis
3401 5625 3522 5666 me-

1868 5706 2278 5784 tropolitanus,
2307 5703 2601 5776 Rotensis,
2636 5701 3082 5762 Barcinonensis
3111 5702 3168 5758 et
3191 5699 3524 5758 Gerunden-
