3962 6392
385 428 499 563 εξι

1685 427 1757 492 Β.
1805 429 2099 494 URBANI
2143 420 2197 489 ΙίΙ
2240 425 2492 487 ΡΑΡιΕ.

3677 415 3799 501 ass
3828 446 3831 449 -

384 549 469 623 sis
495 564 774 638 episcopi,
807 581 873 619 ac
918 549 1069 621 forte
1108 565 1205 620 alii
1257 580 1506 636 quorum
1552 563 1837 621 memoria
1882 563 2032 619 exci-
2064 564 2112 630 Α
2148 560 2307 617 aliud
2340 558 2416 614 sit
2448 575 2481 613 a
2512 556 2797 613 Chronico
2822 552 3245 620 Cameracensi,
3274 551 3429 624 quod
3461 566 3663 606 omnes
3695 565 3800 605 no-

392 655 496 711 dit.

558 741 760 798 CCCV.
794 741 1083 797 Baldricus
1105 742 1173 814 ﬁt
1210 742 1485 814 episcopus
1522 742 1771 797 Noviomi
1811 745 1861 796 ot

1087 813 1331 868 Tornaei.

455 924 520 975 In
545 917 755 974 Galliis
808 917 1068 974 Ecclesia
1122 917 1545 984 Noviomensis,
1575 933 1725 991 quae
1754 920 1876 972 toto
1927 915 2036 971 hoc

384 1023 538 1064 anno
578 1008 756 1063 variis
808 1005 1027 1077 agitata
1069 1006 1260 1061 turbis
1308 1006 1517 1070 fuerat,
1549 1021 1749 1078 pacem
1799 1005 2031 1077 recepit.

381 1097 513 1153 Jam
549 1096 784 1167 quidem
818 1094 891 1148 ab
920 1093 1099 1165 hujus
1131 1093 1269 1149 anni
1299 1094 1533 1150 exordio
1564 1094 1625 1149 iu
1657 1093 1847 1148 locum
1882 1094 2033 1149 Rab-

380 1184 516 1242 bodi
545 1181 802 1238 defuncti
850 1181 1146 1237 Baldricus
1185 1198 1217 1237 e
1256 1186 1492 1238 cantore
1540 1182 1858 1237 Morinensi
1904 1184 2034 1255 ejus

377 1268 646 1329 Ecclesia
675 1270 988 1342 episcopus
1026 1269 1244 1326 electus
1290 1271 1498 1337 fuerat,
1529 1270 1772 1341 diesque
1803 1271 1873 1325 ad
1905 1273 2034 1343 ejus

380 1358 878 1431 consecrationpm
921 1363 1124 1414 octava
1173 1357 1603 1439 Pentecostes’a
1631 1358 1898 1414 Manasse
1925 1359 2035 1414 Re-

380 1447 569 1504 mensi
601 1446 1046 1519 metropolitano
1078 1447 1266 1502 fuerat
1303 1444 1544 1515 indicta,
1575 1450 1642 1500 ut
1670 1463 1738 1501 ex
1766 1447 2031 1518 ejusdem

380 1535 806 1609 archiepiscopi
836 1535 1047 1591 litteris
1075 1535 1147 1590 ad
1180 1534 1554 1591 Lambertum
1592 1536 2031 1592 Atrebatensem

382 1629 560 1697 patet.
607 1625 841 1691 Verum,
904 1623 1399 1679 intercedentibus
1445 1622 1764 1691 nonnullis,
1816 1624 1913 1696 qui
1963 1641 2033 1680 ex

379 1713 593 1772 Urbani
624 1713 818 1768 nescio
850 1711 1068 1784 quibus
1098 1711 1308 1767 litteris
1348 1713 1736 1768 autumabant
1765 1728 1832 1767 ea
1861 1728 2031 1767 occa-

378 1801 541 1856 sione
563 1799 923 1855 reddendum
951 1816 1081 1855 esse
1103 1800 1596 1867 Tornacensibus,
1617 1805 1681 1855 ut
1699 1801 2032 1857 Atrebaten-

377 1888 543 1944 sibus
571 1883 865 1942 indultum
915 1887 1122 1955 fuerat,
1157 1890 1459 1961 proprium
1506 1889 1864 1961 episcopum,
1898 1888 2027 1944 Bal-

378 1974 557 2031 dcrici
587 1974 877 2031 ordinatio
896 1977 969 2031 ad
992 1983 1332 2049 sequentem
1359 1994 1581 2033 annum
1604 1977 1788 2033 dilata
1813 1978 1941 2033 fuit.
1964 1978 2032 2034 Et

374 2064 619 2137 quidem.
645 2080 761 2118 non
791 2069 919 2120 erat
944 2066 1167 2139 absque
1210 2065 1415 2139 aliquo
1464 2066 1842 2122 fundamento
1874 2072 2033 2121 mota

374 2152 479 2208 illa
524 2149 865 2209 difﬁcultas.
898 2154 1357 2210 Tornacensium
1390 2155 1609 2227 quippe
1656 2154 1857 2211 civitas
1901 2161 2034 2212 ante

378 2257 549 2297 suam
582 2241 814 2296 ruinam
865 2241 1172 2315 proprium
1204 2243 1489 2299 habuerat
1535 2243 1893 2316 episcopum,
1928 2260 2034 2300 nec

377 2329 490 2386 nisi
523 2328 855 2402 provisoriaa
905 2330 1309 2387 Noviomensis
1358 2332 1638 2388 antistitis
1687 2348 1835 2387 cura;
1874 2349 2031 2388 com-

376 2418 564 2475 missa
619 2418 804 2474 tuisse
851 2418 1186 2486 videbatur;
1242 2419 1452 2475 deinde
1510 2419 1630 2475 haec
1678 2421 1820 2477 urbs
1877 2419 2030 2475 haud

377 2506 578 2563 minus
605 2505 804 2578 ampla
832 2510 933 2562 aut
962 2505 1247 2579 populosa
1284 2513 1431 2573 erat,
1460 2524 1639 2580 quam
1668 2510 2030 2575 Atrebatum,

375 2594 490 2661 cui,
524 2600 732 2669 agente
776 2594 1030 2659 Urbano,
1063 2596 1337 2667 proprius
1382 2596 1699 2668 episcopus
1729 2597 2033 2653 restitutus

374 2684 569 2739 fuerat
598 2701 612 2740 :
642 2688 701 2739 et
731 2684 966 2756 quidem
1000 2681 1153 2737 hanc
1193 2699 1361 2739 suam
1394 2700 1526 2740 esse
1555 2684 1747 2757 ipsius
1776 2691 2031 2741 mentem

375 2771 704 2827 declarasse
752 2771 1055 2826 videbatur
1098 2770 1225 2843 ipse
1272 2773 1552 2845 pontifex,
1593 2774 1653 2828 in
1701 2775 1910 2831 litteris
1958 2776 2029 2830 ad

376 2858 811 2925 Neviomenses,
840 2859 939 2913 ubi
982 2876 1050 2914 ea
1092 2865 1323 2916 tantum
1354 2860 1663 2935 privilegia
1688 2851 2032 2920 Noviomen-

374 2946 540 3002 sibus
568 2946 860 3018 episcopis
889 2949 1283 3015 conﬁrmarat,
1307 2966 1435 3021 quis
1461 2968 1494 3005 a
1521 2950 1805 3023 legitimis
1837 2954 2031 3025 ponti-

376 3033 585 3089 ﬁcibus
620 3034 847 3091 indulta
895 3036 1142 3092 fluerent.
1174 3038 1361 3101 Quare
1389 3037 1584 3094 visum
1636 3044 1727 3095 est
1759 3041 2031 3098 Remensi

374 3120 811 3195 archiepiscopo
855 3123 1189 3180 Baldrioum
1238 3126 1434 3198 ipsum
1484 3126 1735 3183 electum
1785 3130 2029 3185 Romam

383 3210 634 3279 mittere,
658 3215 724 3266 ut
751 3211 877 3283 ipse
909 3211 1172 3269 Ecclesia
1195 3231 1313 3270 sua
1345 3231 1579 3271 causam
1614 3233 1807 3272 coram
1838 3220 2030 3290 ponti-

2145 652 2304 707 runt.

2227 735 2453 793 CCCVI.
2490 736 2738 793 Urbanus
2764 736 2945 790 Romae
2974 722 3136 804 degit,
3177 722 3423 803 fugiente
3451 717 3725 805 Guiberto.

2215 827 2482 881 Dominus
2534 840 2700 896 papa,
2750 823 2835 878 uti
2886 821 3062 876 habet
3109 818 3413 875 Bertoldus
3455 817 3526 874 ad
3574 832 3803 872 annum

2144 915 2305 979 1098,
2334 929 2508 985 quem
2541 928 2643 984 pro
2674 927 2780 967 suo
2813 926 2972 966 more
3001 927 3035 965 a
3066 907 3374 964 Nativitate
3393 905 3606 962 Christi
3637 904 3799 961 ordi-

2142 1008 2259 1070 tur,
2293 1005 2473 1059 Iloma:
2500 1001 2752 1058 Natalem
2779 1001 3002 1057 Domini
3038 986 3357 1066 celebravit,
3388 997 3805 1064 maximamque

2137 1108 2328 1164 pacem
2354 1094 2411 1147 in
2442 1093 2563 1163 ipsa
2591 1090 2726 1146 urbe
2753 1094 2807 1145 et
2835 1090 2951 1163 ejus
2997 1088 3198 1159 ﬁnibus
3238 1086 3552 1157 ﬁrmissime
3581 1098 3800 1154 compo-

2140 1182 2284 1243 suit;
2316 1180 2622 1253 ibidemque
2653 1178 2971 1234 Paschalem
3008 1176 3408 1231 solemnitatem
3443 1189 3569 1228 cum
3594 1187 3802 1242 magna

2140 1270 2326 1350 gloria
2354 1268 2542 1324 itidem
2591 1266 2992 1323 solemnimvit.
3047 1263 3219 1318 Addit
3248 1262 3403 1318 idem
3435 1264 3636 1317 auctor
3664 1257 3805 1315 Gui-

2141 1359 2375 1413 bertum
2424 1354 3003 1429 pseudopontiflcem,
3043 1356 3169 1407 tum
3219 1351 3280 1406 in
3329 1350 3611 1406 Ravennae
3662 1364 3801 1421 par-

2139 1447 2319 1512 tibus,
2354 1462 2470 1518 quo
2514 1461 2596 1511 se,
2645 1448 2710 1498 ut
2757 1441 2915 1499 canit
2965 1440 3262 1508 Domnizo,
3293 1438 3637 1496 adveniente
3681 1437 3803 1493 Ro-

2140 1552 2297 1590 mam
2347 1533 2583 1589 Urbano
2642 1534 2954 1603 receperat,
2989 1552 3017 1579 «
3051 1522 3474 1595 demorantem,
3523 1525 3803 1582 amisisse

2140 1623 2528 1680 munitionem
2560 1621 2878 1693 quamdam
2923 1634 3103 1691 supra
3150 1614 3396 1681 Padum,
3428 1614 3663 1671 nomine
3693 1614 3798 1671 Ar-

2138 1717 2381 1782 gentum,
2414 1713 2473 1766 in
2513 1727 2629 1782 qua
2659 1709 2977 1765 maximam
3010 1722 3242 1779 semper
3272 1721 3436 1778 spem
3485 1704 3798 1772 habuerat,

2139 1801 2292 1872 quod
2324 1817 2393 1856 ex
2440 1816 2507 1855 ea
2553 1798 2679 1854 suis
2711 1795 2878 1852 facile
2926 1799 3082 1851 esset
3127 1784 3500 1850 transeuntes
3546 1790 3801 1848 distrin-

2060 1928 2107 1995 B
2138 1906 2288 1963 gere.
2318 1912 2344 1939 ››
2367 1887 2638 1961 Sigonius
2694 1891 2889 1941 tamen
2948 1884 3151 1940 scribit
3207 1881 3550 1939 Guibertum
3610 1881 3801 1936 Roma

2142 1977 2289 2033 clam
2322 1976 2587 2049 elapsum
2641 1973 2850 2030 Albam
2882 1973 3208 2029 Marsorum
3239 1975 3379 2026 tunc
3421 1968 3700 2041 temporis
3735 1984 3800 2025 se

2141 2067 2448 2139 recepisse,
2469 2064 2567 2120 ubi
2605 2063 2841 2118 ﬁrmum
2887 2062 3229 2135 praesidium
3259 2059 3530 2117 habebat.
3552 2059 3634 2139 At
3663 2052 3801 2113 ubi-

2140 2137 2371 2228 cunque
2417 2153 2677 2209 locorum
2722 2151 2900 2208 fuerit
2938 2150 3272 2218 Guibertus,
3306 2137 3685 2215 certum'est,
3731 2151 3802 2202 ut

2140 2250 2341 2300 narrat
2367 2244 2686 2298 Eadmerus
2720 2240 2867 2296 libro
2896 2258 2933 2295 ιι
2956 2239 3249 2295 Novorum
3282 2238 3381 2309 qui
3413 2241 3470 2293 et
3497 2236 3625 2309 ipse
3649 2235 3803 2308 peri-

2140 2331 2340 2388 culum
2358 2331 2502 2386 illud
2522 2331 2712 2386 fuerat
2727 2334 3021 2401 expertus,
3038 2344 3172 2383 eum
3193 2333 3334 2383 tunc
3353 2326 3536 2381 Roma
3553 2322 3797 2398 pulsum

2141 2423 2291 2477 omni
2319 2422 2595 2491 religiosae
2622 2433 2867 2490 personae
2896 2420 3121 2474 Romam
3144 2418 3353 2489 petenti
3372 2430 3474 2487 per
3494 2430 3548 2470 se
3565 2428 3802 2486 suosque

2143 2525 2491 2582 quocunque
2517 2506 2747 2563 valebat
2776 2506 2948 2562 modo
2988 2498 3221 2561 insidias
3263 2503 3546 2560 struxisse
3571 2520 3584 2558 :
3614 2492 3797 2570 unde,

2142 2598 2335 2670 inquit
2368 2598 2521 2653 idem
2553 2601 2776 2663 auctor,
2803 2594 3027 2666 quidam
3056 2595 3314 2664 episcopi,
3350 2591 3605 2647 monachi
3631 2598 3682 2647 et
3712 2607 3801 2647 re-

2142 2687 2325 2758 ligiosi
2351 2686 2539 2742 clerici
2566 2701 2630 2741 ea
2658 2686 2913 2739 sa'viente
2938 2684 3315 2754 persecutione
3349 2681 3517 2752 capti,
3547 2680 3795 2751 spoliati,

2139 2776 2431 2845 multisque
2457 2772 2801 2829 contumeliis
2829 2772 3013 2844 a/Tecti
3034 2772 3219 2825 necati
3244 2773 3392 2824 sunt.
3426 2768 3573 2824 Huic
3598 2767 3701 2834 rei,
3728 2772 3802 2825 ut

2142 2864 2463 2918 Eadmerus
2509 2859 2902 2933 prosequitur,
2951 2859 3195 2915 homines
3250 2856 3620 2929 potissimum
3654 2856 3798 2913 Ale-

2140 2952 2388 3007 mannici
2433 2953 2575 3020 regis
2618 2949 3047 3004 intendebant:
3089 2947 3244 3002 unde
3293 2945 3589 3019 colligitur
3634 2943 3799 3001 haud

2141 3042 2340 3097 minus
2368 3040 2430 3097 in
2460 3038 2773 3096 Germania
2817 3053 2996 3110 quam
3030 3037 3089 3092 in
3122 3035 3251 3092 istis
3300 3034 3477 3092 Italia:
3526 3033 3800 3107 partibus

2141 3130 2371 3187 saevisse
2401 3129 2561 3184 illam
2595 3126 3088 3200 persecutionem;
3123 3141 3230 3180 nec
3269 3123 3542 3180 dissentit
3570 3122 3797 3179 Bertol-

2140 3216 2271 3287 dus,
2296 3218 2396 3289 qui
2429 3218 2698 3273 observat
2738 3216 3113 3287 Manegoldum
3159 3213 3535 3287 praepositum
3563 3211 3796 3268 Marha-

373 3299 481 3354 ﬁce
502 3303 717 3371 ageret.
735 3302 807 3354 At
829 3300 1098 3357 Urbanus
1118 3303 1317 3358 nescio
1342 3320 1489 3375 quas
1519 3307 1592 3360 ob
1624 3322 1852 3374 causas,
1878 3309 2024 3364 forte
2054 3291 2098 3358 (ἶ
2138 3324 2371 3365 censem
2396 3306 2609 3363 Urbani
2636 3305 2935 3380 egregium
2959 3305 3323 3360 defensorem
3348 3306 3490 3358 tunc
3510 3294 3798 3373 temporis

373 3386 455 3442 ob
471 3402 678 3458 graves
700 3386 932 3444 labores
961 3405 1109 3461 quos
1131 3391 1435 3448 occasione
1457 3393 1845 3451 restitutionis
1876 3399 2036 3453 Atre-

373 3475 632 3531 batensis
675 3475 942 3533 Ecclesia
986 3478 1269 3535 devorare
1314 3487 1553 3538 coactus
1583 3483 1794 3551 fuerat,
1830 3492 2033 3557 partae.

372 3580 494 3631 sus,
528 3562 676 3619 nihil
707 3580 775 3620 ea
807 3565 929 3621 vice
976 3569 1327 3625 mutandum
1377 3586 1505 3627 esse
1553 3572 1738 3639 duxit,
1773 3573 1907 3630 dato
1938 3593 2028 3632 re-

372 3650 591 3722 scripto
622 3653 948 3724 provisorio
979 3655 1052 3710 ad
1099 3655 1805 3716 Manassem‘Remensem
1838 3664 2035 3720 archi-

372 3739 733 3813 episcopum,
761 3748 827 3799 ut
871 3743 1171 3800 secundum
1217 3746 1388 3803 Deum
1417 3748 1644 3804 meliori
1674 3767 1790 3821 quo
1838 3769 2011 3824 posse

372 3827 545 3884 modo
574 3830 799 3885 vacanti
840 3833 1202 3902 jamdudum
1252 3834 1515 3893 Ecclesia
1547 3840 1655 3894 hac
1684 3813 1808 3895 vice
1838 3813 2037 3913 .provif

371 3914 551 3971 deret.
579 3916 682 3972 Ille
711 3933 846 3973 vero
879 3918 1026 3974 nihil
1075 3926 1406 3990 cunctatus,
1427 3924 1791 3982 Dominicam
1843 3910 2035 3999 proxi:

373 4019 532 4060 mam
558 4011 692 4077 post
720 4006 1083 4080 TheOphania:
1113 4010 1328 4066 festum
1352 4012 1424 4068 ad
1456 4012 1707 4071 Bald-rici
1732 3994 2038 4076 consecra:

372 4091 594 4148 tionem
623 4094 824 4150 statim
853 4095 1096 4165 indixit;
1131 4097 1286 4154 datis
1317 4115 1386 4156 ea
1416 4100 1488 4156 de
1519 4118 1579 4157 re
1622 4102 1851 4172 litteris,
1886 4121 2034 4177 quas

379 4178 652 4238 Baluzius
683 4200 821 4239 cum
860 4183 992 4245 aliis
1024 4190 1279 4258 quatuor
1310 4190 1577 4260 ejusdem
1611 4194 1938 4264 argumenti
1965 4212 2034 4251 ex

375 4268 504 4325 cod.
554 4270 845 4328 Lamberti
896 4273 1082 4330 edidit
1128 4279 1285 4332 tomo
1313 4276 1361 4330 V
1391 4278 1919 4338 Miscellaneorum.
1954 4285 2033 4340 Ex

377 4356 471 4414 his
503 4357 667 4416 illam
698 4377 828 4432 qum
852 4360 1067 4418 Urbani
1092 4369 1182 4420 est
1205 4366 1278 4421 ad
1306 4366 1487 4435 huius
1508 4369 1646 4424 anni
1667 4370 1845 4426 finem
1876 4389 2033 4429 revo-

372 4445 620 4503 candam
653 4464 783 4504 esse
813 4465 882 4507 ex
930 4466 996 4506 eo
1048 4451 1401 4525 colligimus,
1429 4457 1584 4526 quod
1632 4457 1691 4512 in
1744 4459 1871 4530 ipso
1902 4463 2031 4532 ejus

371 4532 668 4606 epitaphio
689 4536 995 4596 Baldricus
1014 4541 1323 4599 defunctus
1340 4544 1569 4600 dicatur
1587 4546 1773 4617 pridie
1794 4550 2025 4606 Kalend.

2143 3398 2214 3453 ab
2246 3395 2490 3452 Henrico
2536 3395 2949 3466 interceptum,
2976 3393 3074 3449 diu
3109 3392 3167 3447 in
3209 3391 3542 3464 captivitate
3588 3390 3797 3444 deten-

2142 3492 2272 3541 tum
2302 3484 2504 3550 fuisse,
2529 3484 2683 3555 quod
2705 3483 2884 3539 nollet
2905 3481 3296 3539 schismaticis
3327 3478 3639 3535 adherere.
3672 3477 3799 3533 Hoc

2143 3575 2320 3630 etiam
2361 3574 2487 3645 ipso
2536 3589 2688 3628 anno
2748 3570 3098 3627 Rulhandus
3156 3566 3468 3641 Moguntise
3524 3565 3797 3622 antistes.

2142 3663 2386 3719 Henrico
2434 3660 2790 3733 imperatori,
2831 3664 2897 3714 ut
2944 3659 3120 3714 refert
3169 3654 3562 3723 Dodeehinus,
3606 3645 3800 3725 facere

2142 3753 2331 3808 nolens
2383 3751 2667 3824 profugus
2704 3748 2765 3803 in
2811 3746 3198 3817 Thuringiam
3259 3744 3525 3801 secedere
3555 3745 3803 3798 coactus

2144 3846 2259 3910 est;
2293 3856 2466 3913 quem
2519 3838 2785 3894 Ecclesiae
2820 3837 3098 3893 catholicae
3130 3834 3310 3890 fuisse
3339 3833 3652 3889 restitutum
3694 3847 3808 3902 per

2143 3931 2404 3986 damnum
2435 3930 2713 3985 Urbanum
2734 3925 2902 3982 testis
2923 3929 3011 3981 est
3035 3925 3159 3996 ipse
3182 3920 3480 3978 Paschalis
3510 3919 3639 3991 ejus
3670 3935 3807 3975 suc-

2143 4034 2341 4076 cessor
2374 4017 2431 4072 in
2465 4014 2713 4088 epistola
2743 4015 2813 4070 ad
2844 4012 3250 4069 Gebehardum
3289 4008 3804 4065 Constantiensem

2142 4107 2506 4181 episcopum,
2532 4121 2565 4160 a
2594 4104 2821 4160 Serario
2849 4104 2949 4159 lib.
2975 4120 3028 4169 v,
3052 4102 3269 4158 Rerum
3301 4097 3805 4171 Mogontinarum,

2142 4215 2210 4253 ex
2234 4213 2344 4252 ms.
2378 4194 2506 4250 cod.
2540 4193 2850 4265 descripta.

2198 4283 2451 4341 CCCVII.
2488 4281 2825 4339 Gebehardus
2855 4298 2926 4336 ea:
2956 4280 3147 4335 abbate
3171 4285 3343 4334 custos
3371 4276 3427 4332 S.
3460 4275 3730 4347 Sepulcri.

2212 4375 2363 4429 Tum
2393 4372 2589 4440 etiam,
2624 4377 2690 4427 ut
2718 4374 2917 4426 narrat
2949 4368 3273 4433 Bertoldus,
3300 4364 3658 4428 Gerhardus,
3691 4379 3800 4419 seu

2141 4462 2335 4534 potius
2368 4460 2744 4517 Gebehardus
2774 4460 2955 4515 abbas
2986 4455 3475 4529 Sehaphusensis,
3500 4456 3802 4510 annuente

2140 4551 2371 4607 Urbano
2396 4566 2565 4622 papa,
2592 4547 2930 4603 monasterii
2952 4545 3043 4601 sui
3068 4544 3328 4617 regimen
3352 4541 3595 4605 dimisit,
3620 4547 3801 4612 atque

370 4621 555 4727 Junii,
582 4640 736 4682 anno
764 4627 902 4727 109:?
930 4646 1049 4727 sua:
1084 4630 1436 4703 praelationis
1465 4651 1556 4700 xv,
1578 4652 1757 4706 quam
1787 4640 2028 4710 proinde
2060 4663 2105 4727 Β
2138 4656 2270 4696 cum
2313 4621 2447 4694 aliis
2491 4636 2914 4709 crucesignatis
2963 4636 3032 4690 ad
3086 4649 3315 4690 sacram
3365 4630 3800 4704 expeditionem

374 4715 509 4769 ante
558 4729 823 4771 mensem
868 4716 1115 4776 Junium
1169 4722 1307 4775 anni
1356 4722 1585 4793 inierat,
1618 4729 1674 4779 et
1730 4724 1817 4781 hie
1876 4733 2024 4783 notae

373 4800 596 4858 calculo
629 4809 828 4860 nostro
868 4808 1131 4879 apprime
1162 4812 1531 4879 conveniunt,
1567 4830 1682 4886 quo
1728 4816 2027 4873 Baldricus

371 4889 673 4946 Dominica
702 4892 892 4964 prima
933 4903 1064 4969 post
1114 4899 1497 4971 Epiphaniam
1529 4919 1561 4957 a
1595 4904 1862 4960 Manasse
1894 4922 2026 4960 con-

373 4982 636 5066 secratus
660 4982 893 5050 dicitur,
922 5003 1055 5042 cum
1090 4990 1263 5059 paulo
1292 4996 1482 5059 antea,
1508 5008 1717 5064 nempe
1740 4995 1849 5049 sub
1879 5012 2024 5066 prae-

373 5065 563 5166 sentis
589 5069 726 5166 anni
758 5072 899 5127 1097
928 5076 1128 5144 linem,
1156 5078 1520 5148 pontiﬁcium
1553 5065 1897 5153 rescriptum
1932 5101 2027 5140 su-

371 5159 670 5226 scepisset.
699 5159 753 5215 Is
774 5177 947 5232 porro
971 5170 1059 5220 est
1083 5165 1383 5224 Baldricus
1406 5174 1610 5225 auctor
1637 5170 1906 5226 Chronici
1928 5178 2026 5227 Ca-

372 5244 727 5304 meracensis
745 5254 805 5305 et
824 5252 1248 5322 Atrebatensis,
1272 5256 1332 5312 in
1360 5273 1477 5329 quo
1509 5275 1602 5313 res
1634 5276 1668 5314 a
1697 5260 1977 5317 Clodoveo
2005 5262 2028 5317 Ι

374 5331 698 5429 adaunum
732 5336 871 5429 1030
914 5348 1112 5412 gestas
1153 5352 1500 5417 prosecutus
1528 5351 1637 5403 est.
1676 5347 1875 5405 Eidem
1925 5349 2029 5405 tri-

373 5419 576 5476 buitur
604 5420 931 5484 Chronicon
974 5430 1323 5504 Morinense,
1358 5436 1514 5507 quod
1564 5436 1624 5490 in
1674 5439 2031 5495 monasterio

661 5514 1125 5608 Cenomannensi
1180 5540 1292 5581 ms.
1344 5524 1487 5579 dicit
1518 5523 1757 5581 Vossius
1803 5525 1949 5583 libro
1993 5546 2029 5584 ιι

373 5597 463 5657 De
485 5597 782 5661 historicis
808 5605 1050 5680 Latinis,
1074 5618 1130 5669 et
1159 5613 1314 5687 typis
1337 5614 1560 5670 editum
1591 5631 1718 5670 esse
1748 5615 2033 5677 Marlotus

387 5687 472 5753 ait
502 5688 563 5751 in
594 5696 900 5774 metropoli
958 5699 1250 5762 Remensi.
1283 5704 1356 5760 At
1413 5701 1582 5761 fallor
1639 5704 1688 5763 si
1730 5704 1839 5763 hoc
1887 5725 2033 5784 opus

2135 4728 2432 4801 profectus
2486 4730 2593 4781 est.
2628 4728 2805 4795 Capta
2864 4741 3018 4779 anno
3074 4720 3406 4794 sequentia
3445 4716 3805 4775 Christianis

2136 4816 2485 4874 exercitibus
2532 4812 3031 4886 Jerosolymorum
3067 4811 3226 4879 urbe,
3265 4810 3494 4882 primus
3540 4802 3805 4878 sepulcri

2136 4904 2416 4962 Dominici
2468 4908 2667 4958 custos
2713 4901 3021 4957 institutus
3053 4900 3185 4967 fuit,
3216 4903 3283 4955 ut
3311 4897 3466 4970 apud
3517 4890 3799 4951 eumdem

2135 4999 2429 5051 auctorem
2462 4992 2693 5064 legitur.
2725 4991 2827 5046 Hic
2878 4991 3032 5045 idem
3083 4990 3207 5061 ipse
3248 4992 3340 5043 est
3388 4982 3799 5053 Gebehardus,

2136 5083 2230 5139 cui
2266 5082 2599 5137 Bernardus
2637 5080 2938 5152 presbyter
2971 5078 3188 5133 librum
3222 5093 3399 5133 suum
3438 5068 3807 5144 nuncupavit

2137 5174 2219 5228 De
2233 5171 2484 5226 vitandis
2499 5168 3020 5235 excommunicatis
3039 5172 3098 5223 et
3117 5166 3301 5239 lapsis
3324 5160 3802 5227 reconciliandis,

2137 5266 2194 5318 et
2223 5262 2294 5317 de
2317 5259 2698 5315 conciliorum
2729 5274 2795 5314 ac
2815 5257 3158 5330 pontiﬁcum
3181 5253 3546 5320 auctoritate,
3569 5249 3803 5306 editum

2140 5368 2173 5406 a
2198 5345 2573 5422 Tegnagello.
2598 5346 2908 5403 Bertoldus
2938 5363 3073 5402 vero
3093 5345 3166 5403 ad
3188 5358 3410 5400 annum
3433 5342 3569 5396 1091
3595 5337 3813 5394 laudat”

2140 5439 2321 5496 alium
2349 5437 2565 5493 librum
2589 5436 2854 5507 ejusdem
2878 5435 3177 5501 Bernardi,
3201 5445 3453 5503 eumque
3473 5426 3661 5485 multa
3682 5425 3807 5483 alia

2143 5528 2235 5585 sui
2269 5525 2488 5601 ingenii
2520 5528 2902 5581 monumenta
2924 5522 3235 5595 reliquisse
3260 5519 3494 5586 scribit;
3528 5518 3629 5572 sed
3661 5531 3802 5571 eum

2143 5616 2518 5694 reprehendit
2547 5614 2701 5689 quod
2731 5630 2829 5670 eos
2855 5612 2957 5685 qui
2987 5613 3060 5669 ab
3091 5607 3616 5668 excommunicatis
3647 5605 3809 5663 ordi-

2145 5708 2267 5769 nati
2300 5708 2537 5764 fuerunt
2569 5702 2889 5761 reordinari
2922 5702 3129 5760 debere
3162 5699 3473 5759 censuerit.
