3962 6426
142 434 261 495 2331
1712 430 1757 494 ν

1906 480 1920 493 .
3400 434 3527 494 234

207 565 472 624 CCCVlII.
504 566 847 625 Daunme
873 566 1199 624 Senomnsis
1226 568 1678 639 metropolitanus
1786 572 1843 636 Α
1872 564 2078 623 litteris
2111 571 2268 638 patet
2297 565 2455 621 hunc
2479 565 2749 621 abbatem
2782 564 3306 623 Urbanomaxime
3341 504 3557 712 θ.άὲςὲ

751 646 1115 712 εοηδεεναιιιν-
1868 658 2028 709 ctum
2052 653 2252 712 fuisse.
2277 655 2448 712 cuius
2469 654 2889 711 monasterium
2903 659 3165 712 tempore
3182 655 3398 712 schism
3469 656 3520 712 is

751 646 1115 712 consecratur.

1906 658 2028 709 tum
2052 653 2252 724 fuisse,
2277 655 2448 726 cujus
2469 654 2889 711 monasterium
2903 659 3165 728 tempore
3182 646 3520 717 schismaﬁb

199 728 413 799 Interea
442 727 816 793 Daimbertus
850 727 1206 799 jamdudum
1254 727 1315 783 in
1364 728 1759 784 Senonensem
1869 760 2182 799 commune
2211 743 2634 799 catholicorum
2665 744 2891 816 asylum
2913 727 3055 805 erat",

140 817 630 890 metropolitanum
659 815 897 883 electus,
932 816 1033 889 qui
1061 821 1193 888 post
1222 815 1440 872 multas
1484 816 1758 889 tergiver-
2189 833 2438 888 cccxu,
2474 833 2696 889 ordinis
2726 815 2972 889 ἀίειθνσίί
3002 836 3188 891 initia,

138 906 373 962 εθίίοηθε
416 906 747 995 Primam“?
787 904 1052 995 ΕθοῙθδίω
1082 904 1490 995 Ῑέυὲἀυηθηείε
1521 905 1760 960 tandem
1940 921 2095 976 Nihil
2125 939 2259 978 vero
2291 922 2480 995 magis
2530 939 2752 978 annum
2791 908 3137 995 praesentem
3184 922 3525 980 illustrasse

136 998 449 1069 agnoverat.
483 995 677 1051 Ριοῐηδὲ
704 994 776 1082 ab
806 993 932 1066 ipso
956 993 1230 1082 Ροηῐῆθθθ
1255 996 1628 1082 εφηεθθτθαίυδ
1650 996 1756 1082 θὲδφ
1868 1010 2115 1078 videtur,
2149 1027 2326 1082 quam
2356 993 2755 1067 Cisterciensis
2793 993 3139 1075 monasterii
3191 1016 3250 1069 et
3295 1013 3535 1069 ordinis

136 1090 187 1139 et
211 1084 464 1141 Senonas
495 1100 631 1140 cum
663 1081 839 1156 pallio
869 1080 1346 1154 archiepiscopali
1368 1098 1654 1170 reversus,
1678 1080 1760 1136 ibi
1868 1080 2208 1170 primordia,
2239 1105 2475 1167 amiare
2504 1105 2706 1156 sancto
2736 1100 2984 1157 Roberto
3018 1100 3380 1158 Mousmengi
3424 1102 3532 1158 ab-

135 1190 221 1229 xxv
246 1171 528 1228 Kalendas
560 1171 693 1228 Maii
745 1170 992 1227 solemni
1038 1186 1253 1243 pompa
1290 1170 1350 1224 in
1381 1169 1623 1227 ecclesia
1654 1186 1757 1225 sua

1902 1193 2017 1243 ate.
2069 1187 2171 1243 Hic
2219 1188 2464 1244 dimisso
2510 1189 2602 1245 sui
2646 1189 2987 1246 monasterii
3031 1191 3334 1263 regimine
3382 1206 3518 1247 cum

136 1265 384 1335 receptus
399 1260 531 1316 fuit.
553 1262 625 1316 At
647 1276 760 1316 non
783 1259 876 1315 hic
899 1260 1009 1314 fuit
1029 1259 1363 1350 depriinatu
1384 1258 1759 1331 Lugdunensi
1863 1276 2069 1348 viginti
2118 1277 2350 1333 duobus
2407 1294 2440 1333 θ
2496 1277 2621 1333 suis
2678 1278 2986 1350 discipulis
3012 1279 3072 1334 in
3100 1258 3533 1341 ἐοιίωάίηθηι,

135 1350 520 1415 controversiae
549 1350 703 1405 ﬁnis:
739 1366 866 1421 qua
899 1364 1107 1420 nempe
1139 1347 1295 1403 brevi
1328 1352 1531 1419 postea
1561 1364 1757 1404 recru-

1902 1347 2300 1421 isterciensem
2316 1366 2480 1421 initio
2496 1367 2678 1438 hujus
2691 1347 3302 1442 anni—transmigravit,
3316 1367 3516 1441 ibique

133 1439 269 1509 duit,
298 1455 446 1511 agre
477 1438 800 1494 ferentibus
849 1437 1203 1494 Senonensis
1250 1436 1516 1492 Ecclesia
1569 1436 1757 1493 archi-

133 1527 401 1555 Αηεηηλνιει.
436 1526 597 1555 Albus
625 1525 831 1555 ...ει-ἀξιιῖ
885 1525 981 1555 ηυξ
1007 1525 1116 1555 ξηηῗ
1143 1525 1338 1555 (Σ..“Ιιξ.κ
1359 1530 1410 1555 ιιι
1434 1525 1756 1555 αηνηνιηιηξηιι

1908 1455 1956 1509 ie
1980 1456 2037 1508 '21
2069 1454 2280 1554 Martii,
2315 1460 2514 1511 sancto
2536 1436 2691 1510 Patri
2711 1457 3022 1513 Benedicto
3045 1436 3238 1529 sacra,
3266 1436 3515 1555 celebrip

129 1527 402 1621 episcopis
435 1526 601 1621 aitef‘i
623 1525 862 1621 subjici.
883 1525 985 1598 (ἰαί
1007 1525 1119 1598 ίΡεί
1143 1525 1340 1583 (ἶΞῙῙίεΒ
1357 1530 1414 1580 et
1434 1525 1757 1581 Germaniae
1867 1544 2092 1599 ordinis
2125 1543 2313 1615 prima
2371 1545 2752 1600 fundamenta
2772 1545 2917 1616 jecit
2945 1525 3518 1605 annuente.Walerib
3578 1548 3637 1621 ,Ι

130 1617 408 1689 primatus
438 1615 608 1672 titulo
638 1614 1056 1689 gloriabantur-
1864 1614 2187 1689 diacesano
2218 1631 2487 1704 episcopo
2518 1614 3260 1706 Cabilonensi,-suppetias
3298 1634 3531 1692 ferente

235 1724 456 1780 CCCIX.
489 1725 828 1795 Rescriptum
849 1738 950 1793 pro
980 1720 1034 1776 8.
1069 1721 1295 1778 Andreae
1330 1724 1642 1778 Viennensis
1774 1756 1782 1764 -
1865 1721 2063 1778 Odone
2082 1723 2229 1776 duce
2246 1721 3110 1793 Burgundionum,omniavero
3134 1723 3523 1780 conﬁrmante

789 1795 1087 1849 monachis.

1902 1815 2105 1883 [agone
2141 1810 2509 1883 Lugdunensi
2535 1810 3002 1883 metropolitano,
3029 1829 3138 1868 sua
3168 1816 3225 1869 et
3270 1812 3531 1879 Urbani,-

193 1885 272 1940 Ad
318 1884 497 1974 huluf
540 1899 778 1974 9°09?"
820 1882 970 1974 anni
1006 1881 1240 1974 initium
1288 1883 1563 1974 revocari
1587 1899 1759 1955 P0359
1793 1942 1837 1974 η
1868 1881 2039 1970 cujus
2071 1881 2322 1955 vicarius
2350 1899 2408 1953 in
2439 1898 2643 1955 Galliis
2673 1881 2742 1956 et
2757 1900 3088 1972 apostolica
3119 1900 3276 1957 sedis
3294 1900 3537 1974 legatus

128 1990 425 2031 censemus
456 1972 674 2028 Urbani
704 1971 927 2028 litteras
956 1970 1014 2025 in
1046 1970 1294 2043 gratiam
1341 1971 1760 2027 monachorum
1793 1942 1838 2006 Β
1869 1942 2012 2055 εει-ξι,
2062 1987 2424 2043 auctoritate.
2473 1988 2738 2061 Hugonis
2793 1942 3115 2061 lepistolam
3182 2006 3265 2045 ea.
3324 1942 3395 2046 dae
3458 2004 3533 2046 ι-θ,

128 2062 315 2119 Sancti
335 2062 576 2118 Andreae
596 2060 1135 2151 Viennensis,quos
1156 2064 1432 2151 eteorum
1454 2059 1683 2151 bajulos
1702 2061 1760 2114 in
1870 2077 2131 2132 Labbeus
2162 2078 2372 2132 tomoi
2422 2059 2653 2145 Biblii—m
2698 2059 2877 2147 “mg,
2925 2079 3260 2151 Mauriun
3306 2082 3367 2135 et
3421 2074 3537 2134 alii.

126 2156 349 2206 tantum
360 2151 605 2206 vexabat
615 2150 800 2205 Guido
813 2149 1076 2220 ejusdem
1092 2148 1256 2204 urbis
1267 2147 1757 2220 archiepiscopus,

1903 2165 2195 2220 diderunt.
2220 2164 2366 2230 Quid
2390 2165 2595 2222 exinde
2616 2167 2863 2223 Roberto
2887 2147 3213 2240 contigerit,
3230 2166 3363 2224 suis
3376 2166 3522 2226 locis

128 2244 188 2296 ut
215 2240 387 2295 etiam
424 2256 494 2295 ex
522 2239 595 2294 iis
646 2237 963 2294 nonnullos
990 2237 1049 2292 in
1082 2253 1310 2293 carcere
1341 2238 1636 2293 retineret.
1664 2238 1764 2295 Da-

124 2336 247 2399 tum
275 2333 366 2398 est
396 2328 504 2385 hoc
535 2328 881 2399 rescriptum
916 2328 1173 2383 Laterani
1201 2343 1253 2381 vn
1295 2327 1418 2382 Idus
1448 2327 1757 2393 Februarii,

125 2419 220 2474 sed
262 2434 457 2473 annus
506 2434 620 2473 non
668 2416 1050 2488 exprimitur;
1102 2417 1259 2475 unde
1307 2432 1441 2471 cum
1498 2432 1760 2472 mensem

124 2507 499 2563 Februarium
532 2505 801 2561 Urbanus
832 2505 1093 2561 Laterani
1119 2523 1273 2561 anno
1298 2505 1434 2560 1097
1455 2509 1511 2561 et
1531 2505 1761 2560 duobus

122 2595 503 2669 sequentibus
531 2594 759 2667 exigere
788 2594 1058 2666 potuerit,
1094 2594 1250 2649 haud
1294 2595 1531 2651 omnino
1580 2593 1763 2666 liquet

121 2686 354 2743 cuinam
381 2700 450 2740 ex
473 2683 567 2739 bis
594 2682 781 2739 tribus
813 2682 985 2739 annis
1006 2683 1415 2756 consignanda
1438 2684 1555 2739 sint
1576 2682 1763 2754 ponti-

121 2775 259 2831 ﬁcia
289 2772 403 2829 illa
433 2772 657 2829 littera.
693 2772 752 2828 Si
789 2776 986 2828 tamen
1035 2772 1388 2843 conjecturis
1437 2773 1519 2827 uti
1568 2772 1758 2839 liceat,

117 2880 249 2933 cum
281 2861 556 2919 monachi
585 2861 945 2918 Viennenses
976 2861 1219 2919 Romam
1253 2862 1467 2918 adiisse
1492 2862 1764 2917 dicantur

116 2952 385 3025 querelas
416 2969 557 3008 suas
585 2954 789 3006 contra
818 2950 1318 3023 archiepiscopum
1349 2951 1421 3006 ad
1462 2950 1760 3006 Urbanum
1822 2979 1826 2983 -

115 3042 388 3111 delatori,
422 3041 483 3096 in
514 3040 651 3098 anni
688 3042 825 3095 1097
854 3040 1037 3107 initio,
1072 3056 1187 3112 quo
1211 3040 1302 3093 vix
1325 3040 1566 3095 Romam
1594 3040 1764 3111 perti-

114 3135 279 3203 gerat
312 3131 590 3203 pontifex,
623 3131 843 3184 factum
874 3128 1055 3184 fuisse
1086 3146 1199 3184 non
1231 3128 1475 3183 videtur.
1512 3129 1761 3184 Mediam

116 3221 268 3275 viam
293 3219 591 3292 eligimus;
616 3217 697 3273 ita
716 3221 909 3273 tamen
927 3216 1070 3273 illud
1088 3216 1435 3288 rescriptum
1456 3234 1606 3272 anno
1632 3218 1764 3271 1098

1869 2270 2249 2326 exponemus.

2179 2343 2448 2409 CCCXIII,
2476 2346 2844 2416 Privilegium
2877 2345 3202 2418 Urgeitense.

1940 2433 2101 2498 Quod
2125 2437 2319 2488 autem
2346 2434 2417 2488 ad
2442 2433 2889 2506 resHispanicas
2906 2435 3131 2504 attinet,
3164 2433 3522 2508 Urgellensiis

1871 2520 2134 2577 Ecclesia
2182 2522 2581 2593 possessiones
2618 2523 2998 2578 conﬁrmavit
3055 2524 3316 2596 pontifex
3381 2523 3534 2587 dato

1868 2609 2183 2683 diplomate
2205 2611 2283 2665 ad
2296 2610 2555 2666 Odonem
2580 2612 2842 2682 ejusdem
2866 2611 3132 2668 Ecclesia
3147 2611 3513 2684 episcopum,

1868 2717 1963 2755 vm
1995 2698 2128 2755 ldus
2159 2699 2396 2771 Aprilis,
2430 2699 2632 2755 indict.
2668 2717 2744 2771 v1,
2796 2716 2950 2757 anno
3000 2701 3204 2773 pontif.
3256 2716 3335 2768 x1,
3386 2712 3529 2772 quis.

1869 2793 2015 2843 nota
2047 2787 2183 2843 huic
2211 2805 2364 2843 anno
2393 2789 2764 2846 conveniunt.
2795 2789 2935 2861 Ejus
2956 2794 3156 2845 tamen
3183 2789 3527 2862 exemplum

1868 2878 1927 2932 in
1960 2878 2154 2933 Marca
2197 2877 2501 2950 hispanica
2545 2879 2768 2933 editum
2819 2895 3039 2934 annum
3094 2877 3527 2935 Incarnaticinis'

1871 2967 2009 3021 1099
2038 2966 2278 3022 indicat.
2333 2967 2444 3022 Sed
2493 2967 2603 3023 hoc
2646 2971 2738 3022 est
2784 2968 3164 3024 amanuensis
3216 2971 3514 3035 erratum;

1871 3060 1973 3111 aut
2001 3060 2176 3123 certe,
2206 3060 2272 3110 ut
2304 3055 2449 3111 alias
2480 3072 2631 3128 sape
2660 3056 2880 3112 factum
2911 3062 3017 3125 est,
3043 3072 3235 3114 annus
3255 3073 3289 3113 a
3309 3056 3519 3113 Martio

1870 3144 2215 3216 praecedenti
2238 3144 2312 3199 ibi
2346 3142 2673 3200 inchoatur.
2702 3145 2881 3201 Paulo
2912 3150 3064 3218 post,
3095 3146 3152 3201 id
3186 3150 3274 3202 est
3302 3162 3340 3202 ν
3382 3145 3527 3200 Idus

1873 3234 2030 3299 Maii,
2063 3233 2377 3289 Oscensem
2406 3235 2631 3302 urbem,
2662 3251 2839 3306 quam
2885 3251 3041 3290 anno
3084 3234 3227 3290 1096
3272 3234 3525 3292 Sancius

116 3309 548 3382 consignando,
568 3311 633 3362 ut
653 3306 700 3362 si
718 3305 951 3396 cuialia
968 3305 1258 3362 sententia
1277 3305 1465 3378 magis
1482 3306 1760 3375 arriserit,
1794 3306 1837 3371 C
1875 3330 2212 3395 Aragonum
2270 3339 2368 3377 rex
2428 3323 2647 3377 Mauris
2681 3305 3021 3394 ieripuemt,
3086 3323 3146 3379 in
3210 3323 3529 3396 pristinam,

117 3398 373 3465 multum
404 3397 687 3469 refragari
717 3394 995 3452 nolimus.

182 3504 379 3561 CCCX.
412 3502 812 3561 Monasterium
840 3501 1134 3585 S._Vigori.s
1161 3502 1467 3574 subjectum
1505 3501 1560 3555 S.
1594 3503 1694 3556 Be-

850 3590 1038 3643 mgna.

184 3665 528 3741 Pontiﬁcem
554 3679 688 3719 vero
718 3662 912 3718 Romae
942 3666 1062 3718 toto
1095 3677 1294 3717 mense
1334 3660 1538 3716 Martio
1587 3661 1766 3732 hujus

115 3755 255 3809 anni
299 3752 642 3809 substitisse
687 3752 935 3824 probant
980 3750 1282 3823 privilegia
1327 3750 1544 3805 ibidem
1594 3748 1767 3806 variis

112 3842 381 3900 ecclesiis
397 3841 651 3898 indulta.
675 3841 937 3897 Primum
960 3838 1225 3896 Laterani
1248 3839 1446 3894 datum
1473 3845 1561 3895 est
1581 3839 1767 3911 pridie

115 3933 259 3987 ldus
286 3932 508 3997 Martii,
555 3947 671 4002 quo
719 3930 1101 3986 conﬁrmatur
1148 3929 1386 3984 donatio
1430 3927 1768 3985 monasterii

110 4021 315 4089 Sancti
370 4019 606 4093 Vigoris
636 4017 971 4091 Bajocensis
1002 4018 1073 4074 ab
1104 4017 1302 4074 Odone
1324 4017 1597 4089 episcopo
1620 4019 1771 4073 facta

108 4109 423 4166 Jarentoni
455 4108 654 4164 abbati
687 4108 884 4165 Sancti
923 4106 1165 4181 Benigni
1204 4106 1588 4163 Divionensis.

182 4198 406 4254 Eadem
441 4198 647 4264 die,'et
678 4197 916 4269 quidem
948 4197 1151 4252 eodem
1183 4214 1355 4261 anno,
1389 4196 1437 4251 si
1472 4196 1615 4251 bene
1640 4213 1771 4251 con-

105 4287 273 4355 jicio,
311 4286 552 4359 scripsit
578 4285 835 4358 pontifex
865 4285 1171 4357 epistolam
1203 4286 1274 4340 ad
1308 4285 1541 4340 Ivonem
1567 4284 1774 4341 Carno-

115 4382 349 4441 tensem
364 4381 417 4432 et
434 4374 770 4431 Romulium
786 4375 1110 4430 Santonum
1128 4374 1431 4446 episcopos
1451 4374 1505 4428 in
1521 4375 1768 4446 gratiam

115 4464 551 4522 monachorum
625 4463 1182 4530 Vindocinensium,
1254 4480 1400 4535 quos
1473 4464 1543 4518 ab
1610 4464 1771 4518 omni

111 4555 539 4627 episcoporum
586 4553 946 4624 subjectione
995 4553 1289 4608 immunes
1336 4569 1464 4608 esse
1494 4552 1766 4609 declarat.

1876 3409 2220 3483 dignitatem
2267 3409 2494 3465 restitui
2532 3410 2717 3466 voluit
2764 3409 3056 3480 Urbanus,
3107 3410 3161 3465 ei
3207 3407 3520 3484 episcopali

1876 3501 2031 3569 sede,
2057 3499 2425 3570 quaJaccam
2438 3497 2725 3554 translata
2738 3499 2944 3567 fuerat,
2964 3499 3210 3557 reddita.
3226 3500 3531 3572 Insignem.

1876 3605 1944 3643 ea
1975 3589 2046 3643 de
2103 3604 2162 3642 re
2211 3586 2436 3642 bullam
2484 3586 2667 3642 edidit
2709 3603 2825 3658 pra
2875 3588 3169 3643 memoria
3207 3586 3531 3645 cardinalis»

1875 3677 2149 3750 Aguirius
2182 3682 2337 3731 tomo
2360 3675 2434 3730 III
2465 3674 2680 3730 Concil.
2706 3674 2995 3747 Hispania
3021 3674 3103 3731 .In
3126 3692 3245 3748 qua
3262 3675 3529 3747 pontifex-

1875 3765 2217 3821 donationes
2248 3782 2282 3819 a
2309 3764 2486 3819 variis
2505 3765 2839 3836 Aragonum
2861 3764 3099 3837 regibus
3118 3764 3307 3820 eidem
3328 3762 3529 3820 Ecol'e-.

1875 3855 1973 3911 sia
2004 3855 2187 3911 factas
2208 3854 2551 3921 conﬁrmat;
2585 3853 2687 3908 sed
2719 3857 2776 3908 et
2804 3853 2919 3909 alia
2948 3852 3137 3911 multa
3159 3852 3323 3910 scitu
3357 3852 3518 3911 haud

1877 3944 2121 4017 indigna
2149 3942 2577 4014 complectitur.
3506 3954 3509 3957 λ

1876 4051 2142 4109 CCCXIV.
2190 4050 2433 4106 Anselmi
2478 4052 2882 4177 z'terdilomam.
2949 4049 3162 4107 Secedit
3208 4051 3269 4105 in
3325 4050 3521 4106 solitu-

2637 4139 2800 4177 mem.

2637 4139 2800 4178 ῖηεγη.

1948 4214 2079 4269 Jam
2101 4228 2234 4268 vero
2256 4218 2371 4267 tcrn
2380 4229 2489 4284 pus
2507 4215 2598 4267 est
2618 4216 2683 4267 ut
2704 4213 2774 4267 ad
2789 4211 3134 4268 Anselmum
3146 4210 3522 4269 Cantuarien-

1879 4320 2001 4359 sem
2023 4303 2354 4369 redeamus,
2379 4302 2477 4374 qui
2501 4302 2741 4358 ineunte
2772 4318 2905 4358 vere
2927 4302 3105 4373 hujus
3119 4300 3256 4357 anni
3272 4300 3526 4357 Romam

1880 4392 2140 4448 accessit.
2174 4393 2318 4447 Cum
2345 4392 2502 4446 enim
2533 4408 2711 4459 nova,
2749 4398 2817 4446 ut
2846 4391 3166 4447 Eadmerus
3196 4390 3325 4446 fuse
3353 4402 3533 4462 culpo--

1880 4482 1984 4548 nit,
2018 4481 2393 4535 difﬁcultates
2425 4480 2685 4551 quotidie
2704 4478 3527 4552 interipsumetGuillelmum

1879 4569 2100 4641 Anglia
2132 4585 2323 4640 regem
2351 4569 2661 4636 orirentur,
2694 4569 3006 4625 Anselmus
3038 4587 3072 4625 a
3099 4583 3233 4641 rege
3283 4567 3535 4640 petierat

111 4643 275 4740 {luas
289 4642 879 4740 θλυεςθωξοιξίίξίθίεί
892 4641 1114 4740 Uita?”
1136 4660 1204 4740 ei}
1224 4643 1294 4740 (le
1317 4659 1376 4697 re
1398 4646 1528 4740 P93?
1548 4642 1772 4740 δξίαηξλίξῖ
1803 4676 1849 4740 D
1880 4664 1945 4714 ut
1965 4658 2072 4714 sibi
2100 4658 2343 4712 Romam
2360 4657 2613 4712 adeundi
2634 4657 2930 4713 licentiam
2955 4658 3311 4722 concederet,
3347 4672 3524 4729 quam

110 4733 238 4789 dies
271 4733 537 4788 omnibus
565 4733 820 4788 Ecclesiae
844 4732 980 4803 ﬁliis
1011 4731 1324 4803 inscriptas
1356 4732 1530 4788 refert
1560 4732 1768 4807 Coﬁ‘ri-

112 4822 223 4891 dus
256 4822 536 4891 ejusdem
587 4819 693 4876 loci
742 4820 926 4877 abbas
973 4820 1142 4893 epist.
1197 4823 1268 4874 27
1315 4822 1386 4876 ad
1437 4821 1773 4877 Goffredum

111 4910 317 4978 Ivonis
343 4925 769 4967 successorem.

289 5015 523 5073 CCCXL
558 5018 781 5074 Litterae
805 5032 904 5089 pro
935 5016 990 5071 S.
1023 5017 1279 5072 Michaele
1307 5018 1376 5072 ad
1405 5017 1624 5073 Mosam.

176 5107 359 5163 Tunc
408 5106 588 5161 etiam
646 5106 948 5161 monachis
1003 5107 1194 5160 Sancti
1254 5105 1551 5161 Michaelis
1599 5124 1778 5178 supra

108 5195 353 5251 Mosam
386 5195 448 5249 in
481 5194 715 5250 dioecesi
740 5194 1092 5250 Virdunensi
1124 5194 1371 5249 indulsit
1405 5194 1692 5262 Urbanus,
1717 5199 1784 5249 ut

108 5284 352 5340 omissa
382 5282 853 5357 sepeliendorum
903 5284 1152 5341 fratrum
1200 5300 1444 5339 suorum
1493 5282 1555 5338 in
1602 5284 1779 5339 veteri

106 5373 490 5430 monasterio
508 5373 958 5441 consuetudine,
990 5389 1088 5429 eos
1131 5388 1310 5445 prope
1359 5373 1781 5428 monasterium

106 5479 349 5519 novum
381 5460 631 5534 sepelire
657 5460 718 5516 in
740 5465 1040 5534 posterum
1068 5460 1225 5517 licite
1244 5466 1503 5533 possent.
1529 5461 1784 5533 Epistola

103 5551 424 5623 pontiﬁcis
454 5566 527 5607 ea
552 5551 627 5606 de
652 5567 715 5607 re
740 5551 876 5606 data
917 5553 1007 5607 est
1052 5550 1318 5607 Laterani
1365 5567 1445 5607 vu
1494 5550 1783 5607 Kalendas

102 5641 343 5713 Aprilis
375 5640 488 5698 hoc
538 5656 714 5710 anno,
763 5640 1047 5713 inscripta
1076 5639 1359 5697 .Udalrico
1412 5639 1631 5710 abbati,
1683 5640 1784 5715 qui

105 5729 292 5790 illum
330 5747 402 5789 ea
431 5730 504 5788 de
534 5744 713 5789 causa
742 5728 1131 5791 consuluerat.
1184 5730 1268 5789 Ex
1313 5730 1622 5806 utriusque
1650 5746 1783 5789 vero

456 5857 733 5925 ΡΛτιιοι..
778 5856 923 5921 CLI.

1880 4749 2117 4803 tandem
2145 4749 2274 4818 post
2305 4744 2521 4800 multas
2550 4744 2704 4801 rixas
2734 4745 2990 4801 obtinuit
3018 4746 3218 4815 Idibus
3261 4743 3535 4807 Octobris

1883 4838 2019 4893 anni
2042 4833 2435 4909 pracedentis.
2460 4833 2573 4889 Nec
2596 4850 2779 4903 mora,
2799 4834 3102 4906 dispositis
3115 4833 3382 4890 Ecclesia
3407 4848 3531 4890 sua

1884 4926 2080 4994 rebus,
2113 4924 2221 4980 iter
2244 4926 2428 4996 parat,
2462 4939 2529 4978 ac
2557 4922 2838 4980 Doveram
2869 4922 3034 4990 adiit,
3057 4922 3158 4980 ubi
3173 4923 3349 4995 jussu
3374 4922 3531 4995 regis

1886 5013 2126 5069 sarcina
2156 5014 2282 5085 ejus
2313 5012 2556 5069 visitata
2588 5012 2863 5081 fuerunt;
2915 5017 3044 5069 tum
3090 5012 3424 5069 transmisit
3470 5011 3530 5067 in

1888 5103 2208 5169 Franciam,
2235 5102 2430 5175 ibique
2452 5102 2745 5158 Natalium
2767 5102 2980 5158 Christi
3003 5100 3374 5158 festivitatem
3396 5116 3532 5157 cum

1890 5196 2091 5247 sancto
2139 5193 2376 5263 Hugone
2425 5193 2634 5248 abbate
2682 5191 2945 5247 Cluniaci
2993 5190 3323 5248 celebravit.
3394 5188 3536 5246 Inde

1889 5280 2240 5353 Lugdunum
2263 5297 2629 5353 progressus,
2656 5298 2790 5338 cum
2816 5298 3029 5354 magna
3040 5297 3255 5354 pompa
3267 5280 3339 5336 ab
3354 5278 3535 5336 altero

1892 5371 2129 5442 Hugone
2159 5369 2339 5441 hujus
2370 5372 2537 5426 urbis
2559 5371 2994 5443 archiepiscopo
3024 5375 3299 5444 exceptus
3319 5373 3427 5427 est.
3449 5368 3538 5426 Ibi

1887 5460 2106 5516 veritus
2136 5476 2207 5515 ne
2228 5459 2373 5515 forte
2406 5459 2514 5516 hoc
2536 5461 2646 5517 iter
2665 5461 2926 5533 pontiﬁci
2947 5460 3305 5534 displiceret,
3327 5459 3538 5517 anxius

1889 5548 2165 5617 harebat,
2197 5551 2466 5606 nesciens
2516 5568 2587 5606 an
2640 5553 2877 5609 deberet
2925 5553 3174 5609 ulterius
3223 5550 3534 5626 progredi;

1891 5655 2071 5713 quare
2102 5641 2379 5696 nuntium
2411 5656 2545 5696 cum
2578 5640 2788 5698 litteris
2819 5643 2891 5697 ad
2924 5642 3224 5699 Urbanum
3257 5640 3437 5707 misit,
3473 5642 3542 5695 ut

1893 5730 2032 5809 quid
2054 5730 2204 5792 tacto
2236 5746 2385 5807 opus
2409 5733 2584 5803 esset,
2617 5732 2692 5791 ab
2722 5748 2788 5790 eo
2826 5731 2952 5809 ipso
3002 5733 3364 5792 edoceretur.
3406 5730 3538 5793 Hac
