3962 6434
415 425 534 484 235

421 663 597 719 quam
621 647 908 722 integram
928 649 1162 706 exhibet
1181 651 1502 708 Eadmerus
1525 651 1674 708 libro
1696 669 1736 708 ιι
1751 653 2063 723 Novorum,

421 751 555 790 cum
587 735 695 792 hac
717 737 1124 810 inscriptione:
1159 741 1387 796 Domino
1415 745 1468 796 et
1509 743 1668 798 Patri
1713 759 1838 797 cum
1883 757 2068 798 amore

417 825 732 894 reverendo,
761 835 812 883 et
837 843 963 883 cum
992 832 1289 886 reverentia
1323 830 1579 897 amando,
1621 847 1834 886 summa
1882 833 2065 902 ponti-

417 915 512 985 ﬁci
541 914 775 985 Urbano,
804 918 983 988 frater
1009 918 1312 988 Anselmus,
1335 935 1524 976 servus
1539 921 1803 977 Ecclesiae
1823 919 2062 974 Cantua-

417 1003 540 1072 riae,
571 1003 809 1061 debitam
835 1008 1223 1078 subjectionem
1259 1016 1312 1064 et
1351 1011 1663 1065 orationum
1706 1009 2060 1076 devotionem,

421 1095 528 1147 etc.
564 1092 627 1148 In
659 1110 728 1150 ea
755 1093 844 1150 vir
872 1099 1112 1151 sanctus
1131 1100 1264 1168 post
1283 1097 1576 1168 expositas
1597 1096 1854 1170 pontiﬁci
1876 1097 2064 1152 varias

419 1179 854 1252 tribulationes,
886 1183 1102 1256 quibus
1127 1187 1198 1242 ab
1231 1186 1376 1242 inito
1424 1185 1761 1259 episcopatu
1809 1185 2063 1258 agitatus

421 1273 480 1325 et
510 1287 660 1343 pene
682 1273 921 1329 attritus
966 1274 1172 1342 fuerat,
1197 1274 1340 1346 petit
1361 1275 1432 1332 ab
1453 1292 1519 1330 eo
1541 1279 1606 1328 ut
1627 1273 1738 1330 sibi
1762 1273 2060 1329 dimitten-

421 1359 507 1414 daa
538 1359 694 1416 sedis
731 1361 1027 1419 licentiam
1081 1361 1399 1436 indulgeat.
1447 1365 1517 1418 At
1548 1361 1759 1419 litteris
1790 1363 1934 1418 tanti
1958 1362 2062 1418 viri

420 1449 674 1521 acceptis
721 1451 976 1522 pontifex
1027 1451 1262 1524 gavisus
1324 1456 1436 1522 est,
1478 1450 1743 1524 nihilque
1793 1450 1952 1507 aliud
2011 1451 2061 1507 ei

420 1538 719 1610 respondit
763 1538 876 1596 nisi
925 1543 1010 1610 ut,
1059 1541 1388 1614 postposita
1435 1529 1594 1596 omni
1670 1540 2062 1596 excusationis

419 1643 615 1694 causa,
647 1629 847 1684 statim
906 1629 1152 1686 Romam
1183 1631 1501 1686 accederet.
1529 1629 1632 1703 Cui
1655 1630 1877 1702 absque
1899 1639 2064 1684 mora

417 1715 505 1772 vir
535 1721 774 1774 sanctus
804 1719 1234 1790 obtemperans,
1281 1716 1432 1774 illico
1482 1717 1776 1790 profectus
1823 1721 1940 1785 est;
1996 1735 2062 1774 ac

419 1803 724 1862 celebratis
763 1823 942 1878 prope
993 1807 1304 1878 Segusium
1354 1807 1412 1860 in
1464 1807 1818 1863 monasterio
1865 1807 2061 1863 Sancti

417 1893 1030 2000 {usti‘Vallii-asperm
1059 1897 1185 1950 tum
1216 1896 1370 2000 apud
1401 1897 1678 1996 Sanctum
1721 1895 2060 2000 litichaelem
2091 1935 2140 2000 B

421 1981 492 2038 de
534 1981 707 2038 Clusa
757 1982 1052 2040 Passionis
1109 1999 1175 2040 ac
1215 1984 1680 2041 Resurrectionis
1751 1985 2063 2040 Dominicaa

417 2069 739 2139 solemniis,
766 2071 1110 2144 evitatisque
1139 2071 1378 2128 feliciter
1407 2073 1904 2145 Guibertinorum,
1937 2090 2064 2146 quae

419 2163 632 2231 paratae
681 2159 733 2216 ei
786 2165 974 2230 erant,
1027 2160 1278 2226 insidiis,
1333 2162 1580 2218 Romam
1629 2163 1869 2218 tandem
1930 2177 2064 2217 cum

421 2249 652 2304 duobus
675 2252 906 2305 tantum
928 2247 1102 2306 sociis
1125 2251 1406 2322 pervenit.
1431 2251 1718 2306 Postridie
1739 2251 1970 2306 Urbano
2004 2250 2064 2304 in

420 2335 638 2410 palatio
671 2337 1066 2408 Lateranensi,
1099 2338 1197 2394 ubi
1229 2355 1296 2396 eo
1318 2339 1564 2410 jubente
1593 2339 1923 2412 hospitatus
1945 2338 2070 2394 fue-

419 2430 529 2492 rat,
577 2431 981 2499 praesentatus,
1031 2427 1289 2484 humiliat
1333 2445 1390 2484 se
1425 2445 1528 2500 pro
1570 2444 1722 2483 more
1767 2427 1837 2483 ad
1905 2427 2066 2499 pedes

419 2517 621 2587 summi
651 2517 948 2588 pontiﬁcis,
1011 2518 1100 2572 sed
1153 2519 1342 2573 statim
1403 2518 1470 2572 ab
1529 2520 1645 2589 ipso
1697 2519 1938 2589 erigitur
1997 2516 2066 2572 ad

419 2605 668 2661 osculum
694 2607 830 2678 ejus,
862 2614 916 2662 et
943 2609 1003 2661 in
1032 2607 1166 2661 sella
1209 2606 1394 2662 sedere
1430 2607 1678 2678 jubetur.
1731 2607 1936 2662 Aderat
1981 2605 2064 2662 ibi

419 2697 630 2750 cuncta
678 2693 952 2752 Romanae
1003 2695 1165 2750 urbis
1202 2699 1256 2750 et
1299 2694 1471 2749 curiae
1517 2693 1792 2752 nobilitas
1834 2698 2065 2750 tantum

417 2781 609 2837 virum
637 2782 871 2838 videndi
901 2781 1190 2838 desiderio
1221 2788 1548 2856 aggregata,
1583 2800 1836 2856 cumque
1877 2784 1948 2840 ab
1997 2801 2064 2840 eo

420 2870 678 2944 pontifex
699 2869 924 2928 itineris
943 2873 1072 2943 ejus
1094 2888 1304 2927 causas
1327 2872 1663 2941 audivisset,
1689 2871 2062 2947 multaquein

420 2961 550 3031 ejus
595 2959 800 3016 laudes
847 2959 1040 3032 palam
1080 2959 1284 3016 fuisset
1334 2965 1695 3032 persecutus,
1755 2963 1980 3034 plenam
2015 2965 2068 3020 ei

419 3049 827 3106 subventionem
843 3049 1124 3120 pollicitus
1149 3053 1258 3118 est,
1290 3053 1417 3105 tum
1459 3050 1759 3107 mandavit
1804 3056 1869 3108 ut
1916 3053 2066 3110 inte-

421 3138 534 3194 rim
593 3138 654 3193 in
693 3137 1065 3194 Lateranensi
1087 3137 1302 3210 palatio
1327 3154 1525 3194 secum
1545 3139 1634 3195 vir
1648 3145 1888 3198 sanctus
1907 3159 2068 3198 com-

419 3231 702 3296 maneret,
739 3228 838 3283 ubi
881 3227 1248 3284 subventionis
1275 3229 1448 3300 ipsius
1491 3227 1746 3302 effectum
1780 3235 2068 3302 praestola-

419 3323 593 3375 retur.
625 3317 1096 3374 Interimlitteras
1125 3316 1394 3373 Urbanus
1425 3318 1498 3374 ad
1520 3301 1842 3392 Anglorum
1865 3337 2062 3394 regem
2093 3301 2136 3368 Ο

420 3407 678 3480 scripsit,
704 3407 860 3478 quod
899 3411 955 3461 et
1003 3404 1137 3462 fecit
1177 3405 1508 3462 Anselmus.
1548 3409 1622 3463 At
1659 3425 1758 3464 rex
1801 3411 2064 3484 utrisque

419 3496 728 3568 susceptis,
790 3495 1098 3568 nequidem
1119 3494 1287 3566 digito
1303 3498 1524 3565 tangere
1541 3513 1640 3554 eas
1665 3513 1791 3570 quae
1802 3497 2058 3555 Anselmi

418 3591 585 3643 erant
613 3585 886 3658 dignatus
917 3588 1024 3640 est.
1057 3584 1187 3640 Haec
1225 3589 1281 3640 et
1328 3583 1443 3640 alia
1491 3603 1617 3658 quae
1665 3585 1738 3641 de
1788 3587 2061 3645 Anselmo

419 3674 746 3743 referimus,
801 3673 1122 3730 Eadmerus
1171 3675 1300 3746 ejus
1350 3673 1566 3741 socius,
1611 3679 1670 3730 et
1715 3675 1943 3732 itineris
1993 3694 2062 3734 ac

414 3763 684 3822 laborum
705 3781 900 3821 comes
922 3763 1281 3828 individuus,
1301 3763 1401 3835 qui
1425 3763 1598 3820 rebus
1609 3763 1790 3836 gestis
1803 3780 2060 3836 presens

417 3857 548 3924 fuit,
579 3855 769 3912 fusius
800 3853 1099 3910 narrat'in
1147 3853 1416 3924 ejusdem
1461 3851 1646 3908 sancti
1691 3851 1842 3921 Vita,
1891 3857 1950 3909 et
1998 3853 2058 3909 in

414 3945 582 4004 libris
613 3945 928 4010 Novorum,
960 3941 1021 3998 in
1049 3941 1268 4014 quibus
1317 3939 1504 3996 multa
1549 3939 1720 4013 plura
1771 3941 1945 3998 habet
1988 3943 2060 4000 de

417 4051 651 4093 summa
680 4032 1046 4090 veneratione
1080 4048 1208 4104 quae
1257 4030 1309 4086 ei
1358 4029 1430 4086 ab
1483 4029 1760 4086 omnibus
1807 4029 1867 4086 in
1913 4031 2058 4088 urbe

415 4125 812 4184 exhibebatur.
845 4126 920 4178 At
946 4121 1194 4178 taedebat
1222 4117 1564 4175 Anselmum
1597 4118 1690 4175 his
1737 4119 2056 4177 honoribus

413 4216 592 4274 excoli
619 4234 632 4286 ;
657 4229 857 4288 quare,
880 4211 1192 4269 transactis
1215 4209 1408 4263 Roma
1430 4207 1636 4262 diebus
1653 4208 1873 4277 decem,
1907 4209 2054 4265 invi-

414 4313 571 4365 tatus
593 4324 628 4362 a
644 4305 866 4361 Joanne
885 4301 1024 4358 olim
1048 4315 1154 4355 suo
1172 4299 1300 4368 ejus
1313 4296 1468 4368 apud
1483 4295 1728 4352 Beccum
1743 4297 2052 4370 discipulo,

411 4404 549 4454 tunc
577 4412 710 4452 vero
742 4393 950 4448 abbate
979 4387 1174 4444 Sancti
1204 4385 1518 4440 Salvatoris
1547 4402 1724 4458 prope
1760 4385 2055 4444 Telesiam

413 4488 616 4543 urbem
648 4485 708 4538 in
737 4474 1208 4541 Terra-Laboris,
1256 4475 1323 4528 ad
1375 4490 1508 4530 eum
1558 4475 1810 4548 divertit,
1859 4493 1895 4532 a
1939 4494 2054 4550 quo

410 4577 622 4632 ductus
647 4572 706 4626 in
737 4569 935 4628 villam
961 4565 1051 4622 sui
1082 4563 1442 4630 monasterii,
1477 4563 1712 4619 nomine
1741 4565 2052 4633 Sclaviam,

410 4667 470 4720 in
490 4663 676 4721 vicino
704 4662 900 4716 monte
922 4655 1118 4722 sitam,
1145 4651 1485 4724 aliquandiu
1506 4653 1582 4707 ibi
1608 4651 1808 4720 vitam,
1833 4653 2053 4710 acuriaa
2085 4675 2131 4740 Ι)

410 4751 764 4811 tumultibus
786 4743 1024 4802 omnino
1044 4743 1370 4798 immunem
1385 4741 1571 4810 duxit,
1587 4741 1876 4798 exercitiis
1889 4743 2057 4816 spiri-

410 4842 632 4900 talibus
664 4835 1018 4911 potissimun
1065 4832 1357 4898 addictus,
1409 4835 1466 4887 et
1512 4831 1709 4886 studio
1758 4848 2055 4888 sacrarum

411 4947 628 4990 rerum.
660 4928 777 4982 Hoc
807 4922 921 4980 otio
951 4923 1168 4994 optime
1199 4937 1344 4978 usus
1391 4919 1698 4976 Anselmus
1755 4921 2056 4995 egregium

409 5036 578 5095 opus,
611 5015 766 5090 quod
787 5011 1142 5086 jamdudum
1183 5009 1242 5066 in
1301 5008 1508 5083 Anglia
1530 5008 1922 5078 inchoaverat,
1943 5011 2054 5068 sub

415 5109 588 5167 titulo
615 5107 724 5163 Cur
749 5105 890 5161 Deus
911 5103 1088 5171 homo,
1123 5101 1356 5172 penitus
1414 5097 1682 5152 absolvit.
1730 5098 1869 5154 Cum
1919 5117 2054 5156 vero

409 5200 490 5256 ibi
520 5195 765 5270 penuria
792 5197 946 5251 esset
961 5208 1145 5262 aquae,
1171 5189 1389 5244 fontem
1414 5187 1608 5242 vivum
1633 5187 1756 5243 suis
1779 5189 2052 5260 precibus

405 5309 440 5350 a
465 5291 579 5346 Deo
609 5285 932 5344 obtinuisse
961 5281 1194 5344 dicitur,
1233 5275 1388 5348 quod
1433 5273 1779 5332 miraculum
1846 5277 2050 5335 Petrus

403 5377 668 5438 Divensis
699 5391 834 5432 cum
865 5368 1180 5442 aliquando
1213 5363 1375 5420 Becci
1422 5363 1835 5436 hospitaretur,
1895 5366 2050 5425 inter

403 5471 519 5527 alia
565 5468 694 5540 ejus
733 5468 898 5538 gesta
947 5456 1233 5523 versibus,
1269 5470 1416 5526 quos
1459 5453 1776 5524 aliquando
1811 5455 1871 5511 in
1929 5473 2041 5514 ms.

400 5559 597 5618 codice
643 5555 916 5630 legimus,
970 5545 1115 5606 satis
1161 5541 1452 5620 eleganter
1511 5559 1615 5618 pro
1657 5547 1916 5622 tempore
1952 5563 2044 5607 ex.

399 5647 634 5726 pressit.

1720 425 1788 491 B.
1835 425 2126 493 URBAN‘I
2169 431 2225 493 ΙΙ
2267 427 2520 494 ΡΑιιιΕ.

417 562 507 614 est
535 557 785 630 epistola
814 559 872 614 in
905 559 1156 633 vulgatis
1188 561 1542 619 editionibus
1575 565 1678 618 166
1706 563 1838 619 libri
1880 564 2056 632 tertii,
2092 567 2144 632 Α

3698 436 3826 498 236

2385 566 2628 624 CCCXV.
2667 569 2952 640 Rogerium
2979 569 3168 626 ducem
3196 569 3313 627 adit
3329 571 3600 644 pontifex.

2247 654 2563 710 Obsidebat
2593 655 2685 712 his
2715 657 3078 731 temporibus
3107 661 3362 731 Capuam
3395 660 3600 716 urbem
3634 658 3827 734 Roge-

2173 743 2296 798 rius
2327 743 2444 798 dux
2472 742 2716 816 Apuliae,
2752 744 2876 818 qui,
2907 747 3104 804 audita
3125 745 3277 804 beati
3303 747 3411 803 viri
3456 747 3634 814 fama,
3685 764 3830 804 eum

2176 835 2237 884 ut
2267 832 2337 886 ad
2371 848 2433 888 se
2463 833 2762 890 accederet
2790 833 3076 906 invitavit,
3121 835 3570 910 advenientique
3614 837 3828 894 obvius

2173 918 2394 990 ingenti
2425 919 2710 977 nobilium
2741 923 2916 980 turba
2949 924 3200 998 stipatus
3247 926 3550 998 processit.
3604 925 3830 982 Mansit

2172 1023 2306 1062 cum
2337 1025 2402 1064 eo
2433 1008 2655 1082 aliquot
2684 1011 2808 1068 dies
2836 1012 2926 1068 vir
2945 1017 3208 1080 sanctus,
3231 1013 3330 1070 sed
3353 1013 3557 1086 procul
3577 1015 3650 1069 ab
3677 1013 3831 1071 auls

2171 1097 2418 1168 strepitu
2447 1096 2506 1152 in
2557 1097 2684 1154 loco
2743 1099 3028 1168 solitario,
3081 1118 3254 1174 quem
3315 1101 3588 1176 princeps
3641 1103 3694 1158 ei
3757 1107 3829 1158 ut

2173 1183 2406 1254 faveret,
2433 1189 2744 1260 praeparari
2759 1190 3042 1261 jusserat.
3062 1190 3332 1248 Urbanus
3348 1191 3590 1260 interea,
3616 1206 3687 1248 ne
3709 1190 3827 1248 hoc

2171 1271 2322 1328 bello
2383 1274 2558 1330 [talize
2618 1293 2710 1332 res
2755 1278 3152 1346 turbarentur,
3209 1279 3282 1334 ad
3339 1284 3532 1336 castra
3584 1279 3826 1354 Rogerii

2171 1362 2358 1434 gratia
2379 1364 2538 1434 pacis
2561 1367 2976 1438 componenda:
2997 1367 3171 1424 etiam
3194 1367 3461 1439 accessit,
3485 1385 3658 1442 quam
3680 1385 3824 1426 cum

2171 1453 2311 1504 tunc
2367 1451 2676 1509 conciliare
2723 1470 2838 1509 non
2889 1455 3198 1527 potuisset,
3257 1455 3359 1524 ibi,
3413 1462 3515 1512 aut
3559 1461 3715 1512 certe
3759 1455 3829 1512 in

2171 1539 2404 1604 vicinia,
2433 1541 2514 1596 uti
2547 1542 2870 1599 Eadmerus
2904 1543 3100 1611 habet,
3131 1561 3266 1600 cum
3299 1549 3501 1600 sancto
3545 1535 3831 1603 Anselmo

2173 1644 2358 1699 usque
2401 1630 2470 1683 ad
2519 1631 2682 1686 urbis
2733 1631 3090 1688 deditionem
3141 1649 3441 1689 remanere
3490 1633 3826 1706 constituit,

2171 1715 2312 1770 dum
2343 1716 2460 1770 haec
2491 1717 2740 1773 discidia
2772 1717 3002 1774 facilius
3031 1720 3302 1792 componi
3334 1726 3593 1794 possent.
3636 1721 3830 1780 Orde-

2172 1803 2327 1859 ricus
2361 1804 2508 1860 libro
2537 1823 2573 1861 x
2599 1807 3011 1880 compendiose
3037 1807 3300 1865 Anselmi
3320 1815 3485 1883 gesta
3505 1808 3826 1883 replicans,

2173 1893 2376 1948 scribit
2406 1910 2540 1950 eum
2569 1894 2628 1950 in
2675 1895 2889 1968 Apulia
2936 1897 3237 1954 Urbanum
3280 1898 3591 1970 invenisse,
3645 1903 3830 1972 atque

2173 1998 2304 2037 cum
2338 1999 2404 2038 eo
2430 1983 2672 2040 concilio
2705 1985 2940 2042 Barensi
2972 1985 3328 2055 interfuisse,
3375 2004 3440 2044 ac
3486 1989 3641 2061 apud
3687 1987 3826 2046 Cla-

2175 2078 2565 2127 rummontem
2598 2088 2832 2130 crucem
2874 2074 3104 2130 Domini
3151 2075 3514 2148 praedicasse.
3568 2077 3680 2134 Sed
3725 2092 3830 2135 res

2177 2159 2254 2213 ibi
2287 2177 2352 2215 ac
2383 2166 2647 2232 tempora
2673 2163 2976 2219 confundit
2999 2168 3204 2220 auctor
3251 2163 3466 2238 alioqui
3507 2169 3828 2224 accuratus

2174 2253 2230 2303 et
2286 2248 2556 2322 diligens,
2615 2250 2714 2323 qui
2773 2251 3016 2308 lectores
3069 2253 3141 2309 ad
3198 2253 3552 2310 Eadmerum
3610 2255 3829 2313 merito

2175 2337 2436 2407 remittit,
2470 2338 2525 2393 in
2563 2339 2669 2395 hoc
2699 2339 2884 2396 multo
2915 2341 3106 2415 magis
3127 2341 3478 2408 audiendus,
3501 2360 3679 2417 quam
3702 2361 3832 2402 cre.

2174 2426 2402 2482 dendus
2431 2427 2490 2483 in
2522 2427 2594 2482 iis
2625 2445 2752 2501 quas
2781 2427 3032 2502 ipsemet
3060 2447 3128 2486 ea
3165 2431 3238 2486 de
3269 2446 3328 2486 re
3358 2437 3713 2488 narraverat.
3750 2435 3832 2490 At

2173 2513 2499 2572 Gaufredus
2531 2516 2863 2584 Malaterra,
2895 2522 3100 2574 auctor
3127 2519 3256 2591 ejus
3289 2520 3592 2594 temporis,
3633 2521 3736 2594 qui
3769 2527 3834 2579 et

2173 2603 2298 2676 ipse
2328 2605 2505 2660 rebus
2535 2605 2718 2677 gestis
2749 2621 3008 2680 praesens
3037 2607 3257 2676 aderat,
3291 2609 3467 2665 refert
3495 2609 3828 2681 Urbanum,

2173 2709 2306 2750 cum
2339 2693 2485 2748 nihil
2522 2695 2578 2748 in
2612 2695 2843 2767 Rogerii
2865 2697 3074 2752 castris
3094 2697 3417 2769 proﬁceret,
3441 2699 3832 2756 ecclesiasticis

2171 2785 2403 2855 negotiis
2429 2783 2723 2854 plusquam
2749 2784 3246 2855 expeditionalibus
3263 2788 3492 2858 negotiis
3521 2776 3827 2858 intentum,

2173 2871 2430 2927 totalibus
2455 2873 2778 2928 tumultibus
2805 2877 2988 2930 mente
3011 2873 3320 2944 declinatis,
3353 2876 3488 2932 data
3537 2876 3829 2952 principi-

2174 2961 2306 3028 bus,
2326 2976 2462 3014 nam
2481 2959 2560 3016 ibi
2583 2961 2868 3034 Bogerius
2889 2966 3136 3036 uterque
3148 2979 3282 3019 cum
3299 2963 3587 3022 Richardo
3603 2969 3825 3038 Capua

2175 3049 2439 3121 principe
2466 3049 2726 3118 aderant,
2758 3053 2816 3107 et
2833 3051 2990 3106 omni
3013 3052 3288 3108 exercitui
3309 3053 3628 3126 apostolica
3644 3055 3827 3114 bene.

2177 3137 2450 3208 dictione,
2487 3137 2884 3195 Beneventum
2917 3140 3254 3210 secessisse,
3302 3140 3500 3216 ibique
3541 3159 3826 3217 perseve-

2177 3242 2338 3282 rasse
2367 3225 2438 3282 ad
2473 3225 2726 3282 solutam
2757 3227 2961 3300 Capuae
2990 3229 3373 3288 obsidionem.

2490 3315 2757 3372 CCCXVI.
2790 3318 3155 3374 Beneventum
3180 3335 3238 3376 se
3279 3321 3492 3394 recipit.

2245 3404 2412 3461 Forte
2450 3405 2707 3476 pontifex
2753 3409 3015 3479 tempore
3059 3407 3239 3480 hujus
3289 3408 3634 3478 obsidionis,
3679 3427 3827 3470 cum

2171 3493 2334 3549 nulla
2361 3493 2521 3566 pacis
2546 3495 2960 3568 componendas
2993 3511 3127 3568 spes
3170 3496 3492 3571 effulgeret,
3525 3498 3828 3557 Beneven-

2167 3585 2317 3650 tum,
2372 3599 2500 3655 quae
2549 3583 2712 3651 urbs,
2766 3587 2833 3638 ut
2889 3583 3042 3640 idem
3094 3589 3298 3640 auctor
3350 3585 3638 3654 observat,
3693 3593 3832 3645 erat

2169 3670 2408 3728 ditionis
2463 3670 2814 3744 apostolicae,
2863 3672 3026 3741 adiit,
3091 3689 3157 3728 ac
3213 3674 3586 3746 postmodum
3646 3680 3830 3750 capta

2167 3765 2364 3834 Capua
2384 3761 2456 3817 ad
2479 3761 2792 3834 Rogerium
2817 3777 3083 3840 reversus
3099 3765 3207 3818 est.
3235 3763 3400 3820 Certe
3421 3763 3826 3824 Beneventum

2169 3849 2327 3906 hisce
2349 3849 2712 3922 temporibus
2729 3866 2792 3905 se
2807 3849 3079 3906 invisisse
3101 3850 3294 3906 innuit
3313 3851 3438 3924 ipse
3462 3853 3735 3912 Urbanus
3756 3855 3826 3914 in

2168 3937 2417 4011 epistola
2445 3938 2518 3994 ad
2547 3941 2844 3995 Ansonem
2876 3938 3004 4010 ejus
3038 3939 3203 3996 urbis
3229 3939 3557 4010 dominum,
3609 3959 3826 4004 mense

2165 4027 2474 4083 Novembri
2493 4031 2770 4100 sequente
2791 4025 3030 4100 scripta,
3048 4027 3121 4084 de
3145 4045 3264 4102 qua
3282 4030 3529 4088 inferius
3545 4047 3821 4106 agemus;

2165 4133 2283 4189 qua
2307 4115 2543 4188 quidem
2573 4116 2879 4172 occasione
2903 4117 3158 4189 pontifex
3189 4121 3479 4196 Ansonem
3507 4119 3566 4176 in
3600 4121 3826 4194 princi-

2166 4211 2302 4278 patu
2335 4205 2749 4262 Beneventanis
2780 4203 2945 4262 urbis
2977 4207 3364 4276 conﬁrmavit,
3412 4224 3526 4278 quo
3574 4211 3824 4267 nonnisi

2164 4297 2296 4366 post
2325 4310 2509 4350 annos
2536 4297 2654 4348 tres
2682 4311 2716 4348 a
2745 4293 3008 4348 Paschali
3042 4294 3090 4350 II
3119 4299 3328 4350 exutus
3361 4299 3470 4364 est,
3507 4295 3590 4351 uti
3619 4295 3822 4355 fusius

2164 4381 2398 4455 exponit
2413 4382 2783 4456 Peregrinius
2805 4381 2970 4438 initio
2991 4383 3344 4458 Castigation
3354 4401 3452 4440 um
3479 4385 3550 4440 ad
3573 4385 3823 4442 Chroni-

2163 4487 2296 4526 cum
2331 4470 2616 4528 Falconis.
2648 4472 2919 4543 Ejusdem
2961 4471 3190 4530 itineris
3240 4473 3582 4530 meminisse
3625 4475 3820 4533 etiam

2161 4561 2389 4618 videtur
2417 4561 2683 4618 Urbanus
2704 4561 2828 4633 ipse
2847 4561 2907 4616 in
2931 4561 3211 4635 rescripto
3233 4563 3305 4618 ad
3328 4562 3676 4620 Casiuenses
3695 4564 3818 4622 hoc

2161 4667 2315 4706 anno
2329 4653 2572 4706 exeunte
2587 4649 2723 4706 dato
2741 4651 3022 4707 adversus
3037 4649 3406 4724 Cinglensem
3420 4651 3812 4722 abbatissam,

2163 4757 2298 4796 cum
2329 4740 2410 4796 ait
2442 4739 2604 4796 litem
2635 4756 2762 4814 quae
2791 4741 2944 4796 inter
2973 4739 3126 4796 hanc
3155 4739 3516 4796 abbatissam
3537 4744 3595 4797 et
3613 4741 3820 4799 Oderi-

2162 4829 2316 4888 sium
2352 4828 2546 4886 Casini
2576 4829 2845 4886 abbatem
2873 4829 3227 4899 vertebatur,
3257 4845 3319 4886 se
3340 4831 3508 4886 Roma
3521 4845 3624 4902 pro
3643 4832 3818 4888 eccle-

2159 4921 2396 4976 siasticis
2423 4921 2604 4975 causis
2629 4935 2903 4992 egressum
2933 4921 2995 4975 in
3013 4919 3297 4992 utriusque
3309 4921 3490 4992 partis
3507 4923 3818 4992 prwsmtia

2159 5012 2460 5066 tractasse.
2519 5008 2638 5064 Hoc
2686 5006 3059 5081 rescriptum,
3117 5006 3274 5064 sicut
3318 5013 3378 5064 et
3432 5007 3682 5081 epistola
3731 5011 3814 5068 ad

2161 5099 2473 5163 Ansonem,
2524 5113 2630 5153 suo
2683 5096 2885 5153 ordine
2929 5097 3038 5153 sub
3096 5097 3272 5152 tinem
3320 5095 3500 5168 hujus
3550 5097 3686 5154 anni
3742 5099 3810 5158 in

2159 5194 2360 5244 nostra
2376 5185 2714 5242 collectione
2729 5185 2994 5242 habetur.
3017 5185 3190 5242 Porro
3207 5185 3416 5260 Capuae
3433 5185 3809 5246 obsidionem

2160 5277 2356 5349 Lupus
2407 5275 2766 5347 Protospata,
2815 5291 3141 5349 anonymus
3184 5273 3544 5344 Casinensis,
3594 5277 3650 5332 et
3697 5275 3808 5334 alii

2156 5369 2420 5422 auctores
2450 5367 2934 5432 commemorant,
2968 5364 3069 5420 sed
3099 5363 3279 5420 variis
3310 5363 3482 5420 annis
3511 5364 3586 5420 ob
3615 5363 3810 5422 diveis

2153 5472 2282 5512 sam
2311 5455 2384 5511 ab
2415 5454 2488 5510 iis
2519 5451 2842 5510 adhibitam
2863 5454 3241 5526 computandi
3274 5452 3580 5522 rationem,
3603 5453 3718 5511 nisi
3738 5453 3802 5512 id

2149 5543 2528 5603 librariorum
2560 5557 2754 5598 errore
2782 5541 3056 5610 evenerit,
3087 5545 3155 5600 ut
3179 5543 3377 5600 videre
3415 5546 3505 5601 est
3533 5542 3594 5602 in
3628 5542 3801 5605 Pere-

2148 5633 2323 5710 grinii
2364 5629 2877 5709 Castigationibus.
