3962 6428
24 390 29 423 l

199 594 440 653 CCCXII.
471 594 758 651 Anselmus
787 593 968 679 sedem
994 593 1269 651 dimittere
1298 610 1408 651 non
1433 610 1561 667 per-

749 674 1008 722 mittitur.

137 773 448 829 Eadmerus
477 778 672 830 autem
704 772 911 829 scribit
950 772 1297 828 Anselmum
1328 771 1526 827 statim
1573 773 1708 843 post

79 862 313 918 solutam
368 866 576 934 Capuae
633 862 999 918 obsidionem
1048 860 1227 917 simul
1284 877 1418 916 cum
1474 859 1707 915 Urbano

24 948 27 963 '
77 955 330 1008 Aversam
360 951 620 1023 petiisse,
648 951 748 1007 ubi
783 951 1044 1024 pontifex
1073 951 1132 1005 in
1162 949 1293 1021 ipsa
1319 949 1484 1016 urbe,
1512 948 1710 1003 Ansel-

76 1056 194 1096 mus
220 1056 350 1096 vero
380 1040 441 1095 in
471 1039 660 1095 vicino
692 1040 889 1095 Sancti
915 1038 1214 1096 Laurentii
1247 1037 1602 1093 monasterio
1623 1053 1711 1092 or-

76 1129 214 1185 dinis
242 1127 426 1185 nostri
474 1126 804 1200 hospitatus
834 1134 942 1185 est.
967 1131 1108 1183 Cum
1140 1144 1273 1183 vero
1323 1127 1404 1182 ibi
1454 1126 1708 1198 quadam

76 1218 157 1273 die
181 1216 491 1273 Anselmus
520 1233 554 1272 a
572 1217 848 1288 pontiﬁce
871 1216 1197 1288 postularet
1218 1220 1283 1271 ut
1309 1215 1441 1280 sibi,
1466 1214 1710 1270 dimisso

78 1307 418 1380 episcopatu,
452 1306 677 1379 privato
726 1305 928 1361 liceret
976 1306 1035 1361 in
1084 1304 1438 1361 monasterio
1482 1305 1710 1376 degere,

76 1412 175 1451 non
194 1395 384 1451 solum
407 1412 524 1451 non
548 1395 803 1452 assensit
821 1394 1113 1461 Urbanus,
1132 1394 1231 1449 sed
1255 1393 1430 1449 etiam
1453 1392 1503 1448 ei
1529 1392 1714 1447 acrio-

24 1552 26 1560 λ
77 1485 224 1541 ribus
250 1485 441 1540 verbis
471 1483 827 1557 reprehenso
864 1484 923 1539 in
952 1484 1167 1538 virtute
1197 1482 1538 1538 obedientim
1570 1497 1712 1553 prte-

24 1626 25 1635 ,
77 1564 214 1646 cepit
241 1576 308 1628 ut
337 1588 408 1628 ne
438 1588 700 1645 unquam
749 1572 1051 1627 commissi
1094 1571 1288 1644 gregis
1335 1585 1536 1625 curam
1567 1568 1716 1640 abji'

24 1648 25 1701 Ᾰ
79 1667 235 1719 ceret.
268 1661 460 1718 Verba
492 1662 624 1734 ipsa
653 1661 948 1733 pontiﬁcis
978 1660 1094 1716 huc
1120 1659 1533 1731 referrejuvat.
1557 1680 1584 1709 «
1607 1659 1719 1712 Au-

73 1751 163 1820 dit,
186 1750 380 1823 inquit
420 1750 516 1805 ille
549 1756 771 1814 auctor,
796 1766 949 1822 papa
1001 1749 1154 1821 quod
1204 1747 1300 1804 ille
1355 1746 1633 1820 postulat,
1663 1750 1720 1801 et

74 1840 214 1898 illico
234 1839 487 1896 miratus
509 1838 796 1894 exclamat
820 1855 833 1894 :
859 1839 902 1894 O
926 1837 1298 1910 episcopum!
1329 1854 1362 1893 o
1387 1829 1709 1909 pastorem!

76 1976 320 1986 ω----
368 1976 580 1994 -..--_,
614 1976 876 1982 _--___-_-
922 1976 1154 1982 ηψπ
1197 1976 1509 1998 τ--τ--η-
1548 1976 1626 1991 __,
1666 1976 1711 1979 ,κ

24 1976 29 2005 Ῠ
70 2024 178 2074 tam
226 2016 516 2073 Dominici
577 2032 779 2071 curam
830 2013 996 2070 ovilis
1047 2014 1449 2086 subterfugere
1479 2012 1713 2085 quaeris.

24 2146 31 2181 ι
66 2107 311 2162 Christus
331 2105 392 2161 in
409 2122 552 2162 cura
566 2104 764 2162 ovium
784 2119 1027 2160 suarum
1058 2104 1267 2175 probat
1283 2101 1435 2157 Petri
1455 2117 1714 2157 amorem

69 2212 193 2269 erga
220 2210 313 2262 se;
346 2199 405 2251 et
432 2193 767 2259 Anselmus,
805 2192 1140 2259 Anselmus,
1164 2190 1430 2262 inquam,
1454 2189 1551 2245 ille
1582 2206 1714 2246 san-

72 2290 206 2351 ctus,
240 2282 341 2339 ille
372 2281 508 2339 talis
538 2299 604 2338 ac
645 2286 847 2338 tantus
879 2280 988 2348 vir,
1023 2281 1392 2336 solummodo
1422 2278 1719 2351 quiescere

23 2364 33 2379 ’
68 2373 426 2440 volens,oves
449 2370 665 2427 Christi
695 2375 755 2426 et
786 2374 921 2425 ante
966 2384 1228 2441 pugnam
1260 2368 1533 2439 luporum
1566 2385 1719 2424 mor-

68 2464 219 2517 sibus
250 2459 624 2516 dilaniandas
667 2475 785 2514 non
815 2460 1050 2515 veretur
1087 2473 1390 2529 exponere.
1419 2456 1538 2511 Ahl
1575 2455 1715 2527 quid

23 2580 28 2593 ι
72 2552 247 2606 dicam
273 2550 287 2604 ι
319 2565 436 2621 quo
463 2562 662 2603 amore
693 2550 893 2619 sperat
913 2545 1162 2602 Domino
1195 2544 1588 2618 copulari,qui
1610 2545 1719 2600 hoc

71 2639 208 2713 fugit
237 2654 355 2711 quo
389 2638 514 2709 ipse
546 2635 831 2692 Dominus
877 2653 940 2692 se
976 2641 1126 2692 teste
1174 2635 1456 2706 probatur
1499 2634 1715 2689 amari!

24 2736 43 2775 ι
67 2729 261 2785 Absint
290 2726 413 2781 haec
438 2742 473 2781 a
502 2730 583 2796 te,
607 2724 804 2780 absint
833 2741 867 2779 a
894 2728 999 2779 tua
1030 2722 1719 2796 religione,dilectissime

64 2819 233 2873 frater
284 2813 581 2882 Anselme,
616 2813 811 2885 potius
843 2828 916 2867 ne
942 2828 1037 2867 me
1064 2811 1124 2867 in
1156 2811 1288 2867 istis
1336 2811 1580 2866 ulterius
1626 2811 1716 2865 in-

65 2907 301 2979 quietes.
322 2904 487 2961 Scias
534 2902 689 2975 quod
736 2919 853 2957 non
887 2901 1078 2956 solum
1133 2918 1246 2957 non
1307 2900 1557 2955 concedo
1611 2899 1717 2963 tibi

66 2997 242 3052 facere
272 2993 431 3067 quod
461 2992 646 3065 petis;
682 2990 803 3046 imo
838 3007 905 3046 ex
936 2994 1100 3062 parte
1143 2988 1242 3045 Dei
1279 2989 1714 3063 omnipotentis,

67 3087 181 3141 vice
209 3081 535 3140 beatissimi
557 3079 710 3136 Petri
736 3079 1135 3151 apostolorum
1167 3079 1466 3150 principis,
1489 3077 1592 3133 tibi
1616 3095 1718 3149 per

72 3178 329 3230 sanctam
390 3167 783 3226 obedientiam
835 3167 1127 3240 praecipio,
1169 3170 1459 3239 quatenus
1513 3183 1711 3222 curam

68 3260 293 3334 Anglici
321 3258 487 3332 regni
520 3257 627 3312 tibi
659 3256 1148 3323 commendatam,
1173 3254 1433 3327 quandiu
1466 3256 1715 3311 retinere

64 3358 121 3407 ut
150 3350 463 3417 hactenus,
496 3345 736 3420 poteris,
762 3361 879 3400 non
913 3344 1181 3415 abjicias.
1205 3344 1369 3408 Quod
1405 3343 1453 3399 si
1484 3351 1720 3417 propter

58 3437 424 3513 tyrannidem
467 3434 778 3509 principis,
810 3433 911 3506 qui
945 3449 1100 3488 nunc
1144 3432 1224 3488 ibi
1267 3432 1624 3503 dominatur,
1659 3434 1719 3489 in

59 3533 271 3583 terram
308 3524 471 3580 illam
516 3522 704 3579 redire
759 3539 874 3578 non
944 3521 1321 3594 permitteris,
1345 3523 1480 3592 jure
1520 3525 1718 3578 tamen

72 3612 553 3679 Christianitatis,
582 3628 813 3683 semper
856 3610 1017 3666 illius
1065 3609 1536 3681 archiepiscopus
1574 3616 1720 3685 esto,

71 3708 421 3776 potestatem
479 3699 699 3774 ligandi
748 3705 922 3772 atque
972 3698 1309 3755 absolvendi
1359 3714 1536 3770 super
1591 3715 1720 3754 eam

64 3794 202 3849 dum
233 3791 451 3848 vixeris
482 3789 776 3853 obtinens,
810 3792 867 3844 et
909 3787 1241 3860 insignibus
1286 3786 1723 3858 pontiﬁcalibus

68 3898 226 3939 more
246 3880 469 3939 summi
501 3878 794 3951 pontiﬁcis
814 3882 982 3933 utens
1006 3877 1343 3949 ubicunque
1368 3877 1616 3931 fueris.»
1638 3878 1724 3933 Ad

58 3972 178 4027 haec
208 3969 529 4027 Anselmus
561 3966 953 4024 obedientiam
985 3966 1301 4039 pollicitus,
1329 3967 1635 4038 respondit
1664 3984 1725 4023 se

24 4078 159 4119 ,nec
192 4060 387 4116 caedes
430 4058 652 4130 fugere,
675 4072 782 4112 nec
826 4056 1092 4121 vulnera,
1128 4056 1247 4111 imo
1298 4066 1487 4127 neq’ue
1536 4056 1726 4127 ipsam

58 4154 348 4214 mortem;
383 4152 442 4202 at
471 4164 533 4203 se
580 4145 710 4201 ideo
741 4144 992 4200 voluisse
1025 4145 1360 4200 renuntiare
1412 4162 1529 4199 suae
1579 4146 1724 4217 sedi,

64 4239 221 4309 quod
274 4236 388 4292 sibi
422 4234 788 4308 impossibile
821 4234 1008 4288 visum
1042 4238 1197 4289 esset
1241 4233 1526 4305 integram
1560 4236 1728 4290 beato

63 4327 234 4383 Petro
267 4324 659 4382 obedientiam
692 4322 962 4378 exhibere
1005 4320 1182 4378 simul
1215 4338 1349 4377 cum
1385 4322 1517 4388 ﬁde,
1550 4340 1728 4395 quam

60 4417 176 4487 regi
215 4420 456 4470 terreno
486 4412 741 4469 debitam
776 4424 905 4466 esse
931 4410 1100 4483 Angli
1141 4411 1589 4467 contendebant.
1624 4401 1729 4467 Cui

59 4504 330 4575 pontifex
362 4520 428 4558 :«
462 4502 728 4567 Ratione,
760 4499 975 4571 inquit,
1023 4500 1286 4567 duceris;
1321 4516 1427 4572 ego
1473 4517 1728 4579 quoque,

59 4610 127 4648 ne
158 4594 235 4647 de
270 4590 367 4646 his
387 4594 562 4662 atque
592 4589 724 4645 aliis
754 4587 859 4643 tibi
887 4605 1001 4643 non
1027 4589 1162 4658 jure
1185 4587 1363 4643 illatis
1391 4589 1588 4644 videar
1616 4608 1728 4645 non

86 461 182 521 237
1657 453 1865 521 VITA.

74 1929 320 1986 nondum
366 1928 580 1994 caedes,
612 1928 876 1982 nondum
906 1926 1155 1982 vulnera
1197 1941 1512 1998 perpessus
1542 1941 1626 1991 es,
1659 1926 1717 1979 et
1747 1968 1792 2032 Β

3342 464 3463 524 238
3526 478 3533 479 ’

1736 603 1788 670 Α
1818 592 1931 647 sibi
1965 592 2219 663 aliquem
2253 593 2588 664 praeﬁceret,
2623 594 2793 664 cujus
2829 592 3019 666 jussis
3049 592 3283 651 obedire
3306 597 3464 650 tene-

1814 687 1994 750 retur,
2018 683 2451 754 praepositoque
2499 681 2551 738 ei
2594 682 2878 738 Eadmero
2918 683 3372 754 obtemperasse,
3405 684 3471 738 ut

1815 770 2037 841 absque
2061 770 2189 840 ejus
2221 771 2392 826 venia
2418 769 2512 825 vix
2541 787 2723 827 ausus
2749 775 2904 828 esset
2929 764 3074 828 latus
3124 773 3415 828 invertere.

1975 858 2303 914 CCCXVIII.
2343 861 2548 916 Urbani
2574 875 2701 915 cum
2728 861 2955 930 Bogerio
2983 877 3315 933 congressus.

1887 945 2127 1002 Interim
2175 952 2343 1019 capta
2388 948 2609 1019 Capua,
2662 964 2797 1004 cum
2847 949 3104 1021 pontifex
3154 950 3477 1023 accepisset

1819 1039 2135 1107 utrumque
2166 1035 2480 1109 Rogerium
2524 1035 2831 1092 Salernum
2877 1037 3201 1106 divertisse,
3232 1038 3349 1095 huc
3373 1054 3474 1096 eos

1819 1123 1978 1179 adire
2007 1124 2330 1193 constituit,
2357 1128 2676 1196 antequam
2700 1125 2981 1199 Rogerius
3011 1142 3207 1182 comes
3238 1126 3299 1182 in
3330 1126 3473 1182 Sici-

1819 1212 1960 1268 liam
1987 1213 2219 1268 rediret.
2244 1213 2477 1269 Urbano
2506 1214 2833 1269 advenienti
2857 1230 2991 1270 cum
3016 1215 3471 1288 archiepiscopis

1820 1305 1878 1357 et
1906 1305 2111 1357 caetero
2157 1299 2438 1357 comitatu
2484 1302 2714 1358 obviam
2758 1301 2904 1358 itum
2935 1307 3025 1359 est
3054 1320 3189 1360 cum
3220 1303 3471 1360 solemni

1822 1389 2208 1462 processione.
2242 1389 2445 1461 Ibique
2475 1390 2600 1446 dies
2657 1390 2879 1463 aliquot
2933 1392 3123 1465 exegit
3177 1389 3470 1464 frequenti

1823 1477 2108 1549 colloquio
2138 1478 2370 1534 comitis
2409 1477 2638 1551 Rogerii
2670 1495 2682 1533 :
2718 1495 2855 1534 nam
2904 1478 3250 1535 amicissimi
3304 1483 3472 1535 erant

1823 1570 2136 1634 recreatus,
2170 1566 2255 1621 uti
2300 1565 2475 1621 habet
2519 1566 2845 1622 Gaufredus
2893 1566 3223 1634 Malaterra,
3255 1567 3357 1623 lib.
3390 1584 3465 1623 ιν.

1823 1656 1904 1711 Ea
1932 1656 2253 1723 occasione,
2282 1660 2348 1710 ut
2377 1655 2532 1710 idem
2562 1660 2766 1710 auctor
2789 1655 3010 1727 scribit,
3034 1673 3166 1712 cum
3200 1656 3471 1713 Urbanus

1825 1744 2168 1800 advertisset
2189 1744 2434 1816 Rogerio
2469 1743 2797 1816 displicere,
2814 1746 2969 1816 quod
2992 1745 3280 1802 Robertus
3307 1745 3470 1801 Trai-

1824 1834 2027 1889 ncnsis
2055 1832 2363 1905 episcopus
2390 1850 2457 1889 eo
2485 1832 2815 1889 inconsulto
2846 1833 3076 1907 legatus
3115 1832 3472 1906 apostolicus

1824 1924 1885 1978 in
1916 1922 2116 1978 Sicilia
2158 1921 2467 1978 institutus
2498 1922 2725 1990 fuisset,
2746 1927 2971 1979 mutata
2999 1939 3196 1980 rerum
3222 1922 3470 1995 disposi-

1825 2014 2003 2080 tione,
2027 2011 2176 2067 hanc
2224 2011 2566 2084 dignitatem
2623 2010 2736 2083 ipsi
2783 2012 3028 2085 Bogerio
3075 2013 3148 2068 ob
3199 2010 3475 2084 praeclara

1825 2102 1953 2171 ejus
1975 2101 2033 2155 in
2056 2100 2368 2155 Ecclesium
2391 2101 2603 2156 merita
2624 2101 3020 2158 hacrcditaliler
3039 2100 3324 2172 attribuit,
3349 2099 3474 2174 pol-

1824 2188 2022 2245 licitus
2051 2205 2113 2244 se
2144 2189 2441 2245 neminem
2474 2206 2735 2262 unquam
2765 2188 3023 2263 legatum
3044 2190 3224 2247 alium
3255 2190 3316 2245 in
3340 2189 3479 2247 Sici-

1824 2279 1963 2334 liam
1986 2278 2084 2333 illo
2116 2278 2295 2334 invito
2320 2278 2667 2346 missurum,
2689 2279 2822 2335 dum
2844 2282 2958 2352 ipse
2979 2296 3154 2336 comes
3182 2280 3475 2347 advirerit,

1824 2368 1909 2424 vel
1939 2368 2143 2438 aliquis
2174 2367 2466 2424 haeredum
2494 2384 2723 2423 suorum
2751 2370 2861 2424 zeli
2878 2370 3102 2441 paterni
3126 2370 3481 2426 ecclesiastici

1824 2465 2122 2525 exsecutor,
2153 2459 2422 2527 superstes
2462 2458 2652 2528 fuerit.
2687 2457 2833 2512 Hinc
2876 2458 3101 2514 famosa
3129 2456 3232 2513 illa
3260 2458 3477 2513 consti-

1825 2545 1972 2601 tutio
1996 2544 2312 2618 apostolica
2329 2561 2397 2599 ea
2417 2546 2488 2600 de
2510 2562 2570 2600 re
2602 2546 2911 2615 emanavit,
2937 2548 3072 2602 data
3101 2546 3210 2602 hoc
3240 2563 3394 2602 anno
3417 2563 3477 2602 ιιι

1826 2636 2019 2689 Nonas
2046 2633 2209 2699 Julii,
2232 2650 2358 2705 quae
2385 2637 2517 2704 post
2537 2634 2916 2690 Gaulfredum
2949 2651 2983 2690 a
3013 2634 3258 2691 diversis
3281 2638 3478 2690 aucto-

1827 2723 1989 2779 ribus
2011 2722 2167 2779 edita
2186 2723 2253 2777 ad
2281 2739 2424 2777 mss.
2450 2722 2626 2777 etiam
2648 2724 2876 2778 codices
2898 2722 3107 2779 collata
3126 2724 3472 2797 proferetur,

1826 2814 1927 2868 sed
1951 2812 2059 2868 etsi
2081 2810 2316 2865 sincerae
2339 2811 2459 2866 sint
2481 2815 2694 2867 caetera:
2714 2813 2842 2883 ejus
2858 2812 3279 2886 chronological:
3300 2818 3471 2883 notae,

1826 2900 2151 2956 adulterata
2180 2904 2375 2955 tamen
2424 2899 2484 2954 in
2516 2916 2583 2954 ea
2630 2904 2721 2956 est
2766 2900 3029 2956 indictio.
3062 2902 3239 2958 Porro
3292 2901 3478 2958 multa

1824 2990 2004 3061 hujus
2034 2987 2474 3044 constitutionis
2505 2989 2807 3044 occasione
2837 2988 2975 3045 hinc
3006 2993 3065 3045 et
3094 2988 3229 3046 inde
3262 2991 3479 3063 scripta

1825 3083 2125 3151 sunt,qua3
2157 3078 2228 3134 ad
2263 3094 2369 3137 nos
2405 3076 2551 3132 nihil
2584 3079 2793 3134 attinet
2820 3078 3011 3134 fusius
3053 3079 3343 3153 indagari.
3378 3081 3475 3151 Ea,

1823 3171 1869 3226 si
1892 3169 2072 3235 lubet,
2092 3165 2305 3222 videsis
2345 3167 2499 3237 apud
2530 3167 2843 3223 Baronium
2876 3172 3033 3224 tomo
3052 3168 3150 3237 XI;
3182 3168 3481 3227 Bocchum

1825 3256 2109 3329 Pyrrhum
2131 3259 2288 3310 tumo
2312 3254 2357 3309 II
2386 3253 2593 3309 Siciliae
2617 3272 2816 3324 sacrae,
2845 3272 2977 3329 pag.
3003 3257 3111 3312 452
3128 3260 3186 3312 et
3204 3273 3392 3329 seqq.,
3413 3273 3480 3314 ac

1749 3330 1791 3396 C
1829 3345 1973 3402 alios
2006 3348 2291 3401 auctores.
2324 3345 2409 3397 An
2443 3360 2573 3399 vero
2621 3344 2742 3399 haec
2773 3343 2985 3417 legatio
3034 3363 3162 3402 sese
3210 3346 3386 3402 etiam
3417 3347 3478 3402 in

1827 3433 2174 3499 Calabriam,
2210 3431 2309 3486 ubi
2357 3435 2497 3486 tunc
2536 3437 2708 3488 Sasso
2737 3434 3119 3490 Cassanensis
3165 3435 3478 3507 episcopus

1826 3522 2112 3596 legatione
2142 3519 2461 3591 apostolica
2506 3520 3248 3592 fungebatur,extenderit,
3282 3523 3474 3579 incer-

1828 3617 1957 3667 tum
1989 3614 2095 3677 est,
2130 3609 2281 3681 quod
2314 3608 2556 3663 innuero
2585 3608 2816 3664 videtur
2843 3610 3188 3666 Gaufredus.

1997 3697 2269 3754 CCCXIX.
2301 3698 2580 3752 Primatus
2606 3697 2864 3754 Ecclesiae
2899 3699 3120 3754 Salerni
3150 3698 3328 3754 datus.

1904 3786 2079 3843 Paulo
2110 3789 2242 3859 post
2267 3786 2322 3841 id
2347 3788 2601 3858 tempus,
2626 3785 2719 3843 die
2745 3785 2967 3842 scilicet
2984 3789 3054 3842 2O
3072 3787 3211 3843 Julii
3234 3803 3480 3860 sequen-

1832 3877 1927 3945 tis,
1951 3875 2209 3948 pontifex
2230 3874 2302 3930 ad
2324 3874 2562 3930 alterius
2594 3874 2845 3948 Rogerii,
2871 3892 3080 3949 nempe
3122 3876 3288 3933 ducis
3322 3878 3480 3950 Apu-

1833 3965 1942 4033 liae,
1976 3968 2033 4019 et
2071 3963 2261 4019 Alfani
2293 3962 2716 4038 archiepiscopi
2747 3980 2967 4037 preces,
2999 3965 3230 4040 insigne
3260 3965 3487 4039 privile-

1835 4054 1997 4127 gium
2028 4052 2402 4109 Salernitanae
2433 4052 2698 4109 Ecclesiae
2730 4055 3038 4123 concessit,
3062 4055 3268 4112 collato
3290 4057 3342 4112 ei
3373 4057 3488 4129 pri-

1837 4147 1997 4198 matu
2032 4143 2091 4196 in
2122 4143 2270 4197 duas
2303 4141 2651 4214 metropoles
2681 4147 3069 4216 Compsanam
3100 4148 3157 4200 et
3185 4144 3483 4201 Acherun-

1838 4234 2042 4298 tinam,
2070 4247 2195 4303 quae
2226 4231 2364 4286 olim
2405 4230 2517 4303 ipsi
2559 4233 2695 4302 jure
2738 4233 3160 4307 metropolitico
3207 4235 3482 4305 subjectae

1838 4322 2085 4377 fuerant.
2121 4320 2264 4375 Data
2312 4324 2400 4375 est
2429 4320 2593 4377 bulla
2620 4321 2714 4377 die
2761 4340 2859 4378 xm
2892 4320 3182 4379 Kalendas
3210 4323 3478 4396 Augusti,

1839 4428 1989 4466 anno
2024 4411 2178 4476 1099,
2206 4415 2270 4464 ut
2296 4412 2608 4482 praeferunt
2636 4412 2764 4481 ejus
2792 4412 3166 4485 exemplaria,
3191 4414 3291 4468 sed
3317 4413 3417 4484 qui
3449 4430 3485 4470 a

1838 4514 2038 4554 mense
2071 4498 2276 4553 Martio
2307 4498 2443 4552 anni
2476 4500 2854 4570 praecedentis
2894 4500 3260 4557 inchoandus
3287 4506 3395 4569 est,
3420 4506 3485 4557 ut

1838 4590 1909 4644 ad
1942 4591 2283 4660 praesentem
2310 4604 2528 4641 annum
2562 4589 2812 4643 revocari
2837 4589 3042 4661 possit.
3066 4591 3137 4644 At
3168 4590 3406 4646 indictio
3429 4607 3485 4646 IV

24 4697 298 4746 rcurare,
325 4694 506 4751 eaque
534 4678 728 4750 gladio
773 4678 960 4733 sancti
1013 4676 1166 4732 Petri
1219 4677 1371 4732 nolle
1418 4678 1731 4761 vindicare,
1762 4697 1809 4761 D
1841 4695 1966 4750 quae
2006 4676 2086 4731 ibi
2112 4674 2447 4747 apponitur
2491 4678 2757 4732 excusari
2802 4680 3021 4750 nequit,
3057 4678 3171 4733 nisi
3217 4696 3376 4734 error
3424 4677 3486 4733 in

62 4785 302 4839 moneo,
327 4772 619 4840 quatenus
656 4764 905 4822 concilio
937 4766 1093 4837 quod
1145 4758 1299 4837 apud
1354 4771 1564 4822 Barum
1597 4758 1731 4824 ante

59 4874 282 4932 corpus
341 4855 494 4913 beati
552 4855 774 4911 Nicolai
808 4853 1082 4910 Kalendis
1114 4853 1381 4910 Octobris
1439 4854 1728 4912 celebrare

59 4946 372 5013 constitui,
408 4945 775 5024 praesentiam
821 4947 983 4999 tuam
1016 4942 1314 5009 exhibeas,
1345 4947 1411 4998 ut
1457 4945 1610 5016 quod
1660 4945 1730 4999 de

59 5034 189 5107 ipso
213 5051 357 5108 rege
377 5032 639 5108 Anglico,
655 5033 897 5105 suisque
918 5048 984 5087 ac
1007 5032 1099 5087 sui
1134 5031 1449 5098 similibus,
1471 5033 1571 5104 qui
1593 5051 1731 5089 con-

60 5128 148 5179 tra
179 5124 524 5180 libertatem
555 5122 823 5178 Ecclesia:
854 5120 951 5177 Dei
984 5138 1045 5177 se
1077 5126 1407 5186 erexerunt,
1439 5122 1732 5178 mediante

62 5212 369 5285 aequitatis
421 5228 682 5268 censura'
720 5228 810 5268 me
857 5210 1151 5267 facturum
1195 5209 1481 5282 disposui,
1528 5211 1732 5266 auditu

60 5302 326 5374 visuque
364 5300 677 5374 percipias.
704 5322 731 5349 »
756 5299 859 5356 His
903 5299 1143 5366 auditis,
1166 5299 1255 5353 vir
1295 5298 1416 5367 Dei,
1442 5302 1505 5354 ut
1536 5316 1730 5372 prose-

61 5391 275 5462 quitur
306 5389 653 5460 Eadmerus,
672 5387 960 5445 Sclaviam
1000 5403 1269 5444 reversus
1294 5392 1403 5457 est,
1433 5387 1513 5443 ibi
1545 5405 1734 5461 usque

61 5480 132 5535 ad
166 5480 438 5536 Barense
478 5477 791 5535 concilium
836 5480 1326 5547 commoraturus.
1359 5476 1568 5543 Quanti
1600 5494 1733 5534 vero

60 5567 474 5625 obedientiam
504 5567 706 5624 fecerit
752 5567 842 5623 vir
885 5570 1145 5635 sanctus,
1169 5580 1238 5621 ex
1264 5565 1560 5622 Willelmo
1591 5566 1732 5623 Mal-

61 5655 474 5715 mesburiensi
506 5656 910 5730 accipiendum
941 5660 1058 5724 est;
1090 5655 1193 5728 qui
1225 5654 1374 5713 libro
1407 5656 1525 5713 IDe
1554 5656 1733 5729 gestis

23 5748 424 5827 ‘pontiﬁcum
469 5749 670 5807 narrat
714 5763 848 5808 eum
905 5745 976 5811 ab
1005 5745 1240 5806 Urbano
1297 5744 1641 5824 impetrasse
1675 5750 1733 5805 ut

24 5894 43 5935 ν

1839 4770 2241 4821 Amanuenses
2293 4762 2608 4834 rejiciatur.
2643 4766 2827 4821 Locus
2865 4765 2960 4821 hic
2991 4770 3144 4821 esset
3189 4767 3258 4822 de
3304 4766 3487 4822 altero

1838 4856 2051 4912 Urbani
2084 4853 2365 4926 rescripto
2395 4853 2626 4925 agendi,
2651 4871 2766 4926 quo
2817 4854 2875 4910 in
2924 4855 3172 4928 gratiam
3221 4856 3489 4928 ejusdem

1839 4944 2106 5000 Ecclesiae
2129 4942 2431 5016 privilegia
2450 4942 2725 4999 Cavensis
2751 4945 3093 5001 monasterii
3125 4951 3491 5019 revocantur,

1841 5034 1889 5090 si
1918 5034 2122 5088 datum
2156 5033 2349 5089 Romae
2381 5050 2496 5088 non
2527 5032 2834 5101 diceretur,
2869 5040 2926 5090 et
2959 5034 3176 5092 indicto
3204 5053 3281 5093 vn
3312 5052 3491 5109 quam

1841 5123 2090 5195 praefert,
2136 5121 2271 5176 huic
2320 5138 2472 5177 anno
2522 5123 2828 5179 convenire
2858 5128 3074 5196 posset.
3106 5124 3184 5181 De
3229 5142 3295 5181 eo
3343 5125 3490 5182 infe-

1840 5212 1984 5266 rius.

2030 5297 2272 5354 CCCXX.
2306 5299 2650 5370 Rescriptum
2670 5319 2770 5375 pro
2801 5313 2988 5360 sancto
3016 5306 3293 5361 Brunone.

1910 5391 1984 5444 At
2004 5388 2297 5444 sincerum
2316 5387 2553 5445 omnino
2571 5397 2627 5446 et
2640 5392 2873 5464 penitus
2893 5393 3203 5450 indubium
3222 5398 3311 5450 est
3325 5393 3493 5464 illud,

1843 5495 1956 5551 quo
1989 5491 2190 5532 mense
2230 5476 2557 5548 Septembri
2597 5479 2777 5552 hujus
2821 5483 2955 5538 anni
2990 5483 3255 5540 Urbanus
3296 5487 3497 5539 sancto

1842 5566 2097 5623 Brunoni
2119 5564 2633 5622 Carthusianorum
2662 5573 2910 5641 parenti,
2931 5573 3030 5645 qui
3051 5579 3192 5629 tunc
3222 5575 3280 5629 in
3306 5571 3499 5644 Squil-

1841 5656 2062 5714 lacensi
2100 5671 2292 5713 eremo
2341 5656 2701 5728 morabatur,
2738 5663 3138 5728 concessit,ad
3182 5662 3234 5718 ei
3287 5663 3498 5718 confir-

1843 5746 2058 5808 manda
2095 5751 2153 5807 et
2202 5744 2517 5805 asserenda
2572 5749 2771 5807 omnia
2824 5750 2980 5807 bona
3031 5768 3158 5825 qua:
3191 5769 3225 5809 a
3257 5749 3505 5824 Rogerio
