3962 6388
451 429 570 506 239

1749 421 1822 488 Β.
1869 422 2164 490 URBANI
2211 423 2264 488 ll
2309 420 2560 487 ΡΑΡλΕ.

3753 416 3882 484 240

453 564 674 620 comite
703 567 760 620 et
784 562 1014 628 Joanne
1044 561 1435 635 Squillacensi
1463 561 1734 634 episcopo
1769 560 1958 633 ipsius
1989 576 2117 616 mo-
2145 562 2201 630 Α
2230 558 2500 616 videlicet
2523 556 2916 616 venerabilem
2939 557 3332 619 Theobertum
3361 555 3582 619 Pisanm
3605 555 3888 614 Ecclesia

451 653 707 710 nasterio
738 651 950 708 collata
999 652 1248 709 fuerant.
1288 651 1438 707 Illud
1473 651 1680 706 datum
1727 654 1818 706 est
1863 647 2107 726 Salerni,

453 739 566 796 hoc
595 756 770 808 anno,
815 755 1017 818 mense
1067 739 1418 813 Septembri,
1467 737 1787 796 indictione
1833 751 1912 804 v1,
1958 737 2116 792 unde

453 829 800 906 conjicimus
833 827 1137 885 Urbanum
1165 843 1234 884 ea
1261 827 1322 886 in
1355 827 1500 885 urbe
1538 843 1726 898 usque
1757 827 1830 882 ad
1863 827 2113 882 Barense

453 916 766 976 concilium
797 917 1217 990 permansisse.

631 1005 905 1064 CCCXXI.
940 1007 1317 1078 Crucesignati
1345 1004 1664 1061 Antochiam
1695 1005 1940 1076 capiunt.

523 1100 668 1152 Cum
700 1098 895 1152 autem
917 1095 1039 1152 haec
1059 1095 1122 1151 in
1152 1094 1318 1151 Italia
1337 1097 1698 1168 gererentur,
1725 1089 2112 1163 crucesignati

455 1186 588 1255 post
615 1181 780 1238 varia
807 1181 1028 1254 praelia,
1055 1187 1110 1237 et
1157 1181 1377 1237 multas
1406 1179 1627 1252 passim
1677 1180 1850 1235 urbes
1900 1178 2009 1234 hoc
2057 1183 2112 1232 et

453 1271 785 1346 precedenti
809 1287 960 1326 anno
978 1267 1754 1343 expugnatas,Antiochiam
1787 1283 1987 1323 mense
2007 1267 2113 1323 Ju-

451 1359 547 1418 nio
576 1360 758 1434 hujus
789 1359 928 1416 anni
959 1361 1572 1431 occuparunt.Verum
1604 1357 1778 1429 paulo
1809 1361 1941 1428 post
1971 1356 2111 1411 Bar-

447 1449 580 1507 bari
622 1465 688 1506 ex
717 1449 894 1506 variis
926 1447 1262 1522 provinciis,
1287 1447 1466 1518 hujus
1507 1449 1682 1501 tantae
1727 1461 1968 1500 suorum
1999 1443 2112 1500 cla-

447 1539 539 1595 dis
561 1539 718 1595 fama
737 1537 930 1606 exciti,
957 1537 1138 1594 simul
1169 1536 1578 1592 convenientes
1609 1551 1644 1606 q
1665 1533 1792 1590 uasi
1822 1550 1928 1606 pro
1959 1549 2115 1589 com-

447 1627 613 1684 muni
642 1625 833 1684 salute
857 1625 1191 1682 dimicaturi
1215 1625 1578 1682 Christianos
1605 1624 1665 1678 in
1695 1639 1772 1680 ea
1799 1623 1944 1678 urbe
1973 1623 2117 1677 adeo

449 1721 574 1778 arte
596 1715 1137 1782 circumdederunt,
1163 1713 1367 1784 utjam
1391 1711 1553 1770 nulla
1569 1711 1856 1769 evadendi
1877 1727 2012 1784 spes
2033 1711 2118 1766 cis

454 1803 776 1878 effulgeret.
806 1807 879 1860 At
908 1803 1167 1860 humano
1211 1801 1514 1859 deficiente
1557 1817 1884 1874 supernum
1933 1798 2121 1856 adfuit

458 1892 764 1960 auxilium,
787 1909 923 1950 cum
952 1890 1207 1959 inventa,
1234 1889 1392 1948 haud
1424 1889 1652 1962 absque
1695 1887 1962 1944 miraculi
1991 1887 2114 1959 opi-

458 1982 657 2050 nione,
687 1997 856 2038 sacra
881 1979 1082 2046 lancea
1106 1995 1224 2050 qua
1253 1977 1410 2036 latus
1433 1977 1649 2034 Christi
1685 1977 1916 2032 Domini
1940 1976 2126 2048 perfo-

460 2075 654 2128 ratum
684 2069 867 2128 fuisse
896 2068 1264 2135 credebatur,
1284 2067 1426 2123 adeo
1465 2066 1697 2122 excitati
1731 2069 1870 2121 sunt
1897 2070 2128 2121 nostro-

462 2176 596 2222 rum
617 2159 797 2216 animi
817 2162 900 2225 ut,
915 2155 1154 2230 praelato
1178 2156 1288 2213 hoc
1310 2155 1482 2228 quasi
1499 2158 1654 2211 certo
1669 2153 1921 2210 victoria
1940 2154 2130 2226 signo,

463 2247 682 2305 milites
710 2247 773 2303 in.
812 2246 1198 2302 barbarorum
1233 2245 1525 2302 exercitus
1555 2243 1748 2311 effusi,
1772 2259 1870 2298 eos
1909 2237 2128 2314 ingenti

463 2335 626 2394 clade
655 2335 892 2392 affectos
930 2333 1171 2391 omnino
1224 2332 1562 2406 fugaverint
1591 2347 1657 2387 ac
1689 2329 2128 2404 prqstraverinb

462 2426 593 2485 Haec
623 2423 841 2492 omnia,
861 2427 1071 2496 praeter
1109 2427 1384 2478 auctores
1413 2419 1668 2477 historia:
1700 2435 1999 2476 sacrarum
2031 2435 2129 2475 ex-

463 2515 851 2589 peditionum,
887 2512 1149 2568 referunt
1199 2509 1314 2582 ipsi
1347 2509 1821 2565 Christianorum
1869 2508 2046 2564 duces
2073 2516 2131 2566 et

463 2603 758 2676 principes
790 2601 851 2656 in
887 2599 1133 2672 epistola
1171 2599 1244 2654 ad
1269 2599 1572 2654 Urbanum
1599 2613 1669 2654 eo
1698 2600 1958 2668 tempore
1987 2595 2130 2652 scri-

463 2696 584 2764 pta,
616 2690 679 2749 in
725 2706 843 2764 qua
889 2692 1025 2760 post
1077 2687 1258 2756 hujus
1315 2685 1568 2742 victoriae
1630 2683 2046 2751 narrationem,
2079 2694 2132 2752 ei

467 2765 722 2836 mortem
752 2777 1104 2834 annuntiant
1134 2775 1448 2832 Adhemari
1495 2772 1826 2830 Aniciensis
1853 2773 2130 2846 episcopi,

473 2866 576 2940 qui
609 2865 770 2930 sedis
801 2862 1138 2938 apostolicae
1167 2863 1398 2936 legatus
1429 2866 1484 2918 et
1503 2863 1622 2918 dux
1645 2862 2029 2934 expeditionis
2048 2861 2134 2917 in-

472 2955 737 3023 stitutus,
755 2957 886 3028 post
907 2956 1214 3028 superatos
1256 2951 1474 3007 multos
1493 2950 1875 3022 labores,jam
1913 2951 2134 3024 pacatis

474 3042 716 3100 omnino
749 3042 946 3111 rebus,
977 3039 1298 3096 Antiochiaa
1341 3038 1486 3112 ipsis
1526 3038 1800 3096 Kalendis
1828 3037 2076 3112 Augusti
2103 3055 2135 3094 e

469 3131 618 3192 vivis
673 3133 1030 3198 excesserat;
1077 3133 1203 3184 tum
1264 3127 1606 3202 pontificem
1656 3131 1866 3200 rogant
1921 3131 1986 3182 ut
2037 3127 2154 3182 ille-

473 3219 630 3294 ipse,
651 3219 752 3293 qui
784 3236 962 3276 sacrae
993 3216 1342 3290 expeditioni
1381 3220 1582 3272 auctor
1629 3219 1686 3272 et
1731 3214 2134 3288 promulgator

2223 637 2751 720 archiepiscopum,
2773 648 2872 720 qui
2905 651 2962 703 et
2992 647 3112 704 illis
3157 649 3218 704 in
3249 647 3524 703 omnibus
3555 645 3888 720 apostolica

2219 737 2346 794 vice
2367 738 2617 806 adesset,
2636 741 2693 792 et
2711 735 2989 793 ecclesias
3005 736 3066 794 in
3087 737 3230 794 locis
3246 738 3402 794 unde
3423 736 3636 809 pagani
3652 734 3890 808 expulsi

2223 830 2362 880 sunt
2393 824 2802 881 instauraret.»
2828 829 2886 880 Is
2916 830 3124 898 postea
3151 825 3339 900 captis
3360 810 3766 899 Jerosolvmis,
3790 826 3894 880 Ar-

2223 911 2385 967 nulfo
2407 911 2604 968 locum
2646 914 2906 982 cedente,
2926 915 3056 986 ejus
3095 916 3260 971 urbis
3290 914 3628 988 patriarcha
3655 913 3894 986 procla-

2223 1005 2418 1056 matus
2445 1005 2554 1067 est,
2578 1006 2645 1056 ut
2671 1001 2894 1074 passim
2927 1003 3028 1060 alii
3059 1008 3325 1062 auctores
3352 1003 3762 1060 observarunt.
3789 1003 3894 1058 Ja-

2222 1107 2373 1145 nuen
2382 1106 2475 1145 ses
2491 1106 2558 1146 eo
2575 1094 2837 1162 tempore
2851 1092 3038 1150 sancti
3057 1092 3302 1150 Joannis
3315 1092 3585 1166 Baptistae
3602 1091 3892 1164 reliquias

2221 1195 2252 1234 e
2280 1179 2440 1252 Myra
2461 1179 2629 1234 Licia:
2662 1180 2806 1235 urbe
2835 1181 3078 1238 domum
3132 1181 3403 1240 retulisse
3453 1185 3888 1248 memorantur,

2222 1284 2371 1340 quas
2391 1269 2567 1322 etiam
2595 1285 2751 1324 nunc
2784 1268 2999 1326 habent
3025 1269 3364 1328 inecclesia
3404 1267 3888 1341 metropolitana.

2222 1357 2340 1412 Has
2374 1356 2843 1413 Christianorum
2884 1357 3176 1428 victorias,
3211 1358 3373 1416 solus
3421 1359 3573 1414 inter
3599 1359 3892 1416 Christia-

2223 1461 2330 1500 nos
2361 1445 2652 1516 principes
2694 1446 3379 1520 Constantinopolitanus
3407 1447 3725 1518 imperator
3767 1463 3898 1519 per.

2223 1534 2517 1599 turbabat,
2565 1533 2721 1596 adeo.
2755 1538 2838 1602 ut,
2875 1534 3070 1606 inquit
3115 1534 3456 1607 Bertoldus,
3489 1535 3665 1591 etiam
3708 1535 3898 1592 urbes

2225 1639 2352 1694 quae
2379 1623 2452 1677 ab
2483 1621 2940 1680 occidentalibus
2967 1629 3145 1696 capte
3178 1623 3411 1681 fuerant
3434 1625 3687 1680 incendio
3715 1624 3890 1682 deva-

2223 1713 2366 1765 stare
2395 1715 2446 1765 et
2471 1711 2704 1780 paganis
2733 1711 2956 1768 reddere
2997 1729 3122 1772 non.
3144 1712 3526 1782 dubitaverit;
3557 1717 3614 1769 et
3657 1714 3775 1770 iter
3807 1715 3898 1772 Je-

2224 1799 2690 1868 rosolymitanum
2714 1815 2814 1871 per
2840 1816 3000 1856 suam
3024 1805 3345 1872 potestatem
3365 1801 3616 1859 omnibus
3633 1805 3896 1872 peregri-

2229 1889 2335 1952 nis,
2367 1893 2654 1959 quantum
2686 1889 2894 1959 potuit,
2931 1891 3154 1946 omnino
3181 1889 3540 1962 prohibuerit.

2407 1975 2655 2031 CCCXII.
2685 1975 3166 2034 Schismaticorum
3195 1979 3370 2036 Ranae
3399 1985 3712 2037 conventus.

2309 2063 2481 2119 Porro
2511 2066 2619 2120 etsi
2651 2064 2764 2121 illis
2791 2067 3177 2138 temporibus,
3203 2066 3422 2139 quibus
3441 2083 3644 2128 omnes
3668 2069 3899 2142 ubique

2235 2153 2497 2225 gentium
2531 2154 2589 2208 in
2619 2153 2834 2208 Urbani
2861 2155 3254 2212 obedientiam
3277 2173 3392 2213 uno
3420 2157 3618 2214 animo
3649 2174 3900 2215 consen-

2233 2241 2342 2297 tire
2373 2241 2738 2308 videbantur,
2763 2261 2853 2299 res
2880 2243 3390 2301 schismaticorum
3415 2245 3736 2318 desperatae
3769 2264 3898 2304 om-

2235 2329 2374 2385 nino
2395 2347 2522 2386 esse
2552 2331 2912 2399 debuissent,
2937 2331 3092 2388 haud
3123 2337 3321 2390 tamen
3343 2333 3426 2390 illi
3449 2351 3481 2390 a
3501 2335 3628 2393 suis
3647 2351 3905 2394 conven-

2235 2420 2416 2487 tibus,
2441 2420 2682 2477 absente
2727 2420 2862 2476 licet
2905 2421 3206 2489 Guiberto,
3238 2421 3593 2491 abstinuere,
3616 2426 3780 2496 quod
3833 2443 3905 2483 ex

2237 2525 2438 2564 eorum
2479 2509 2982 2582 pseudosynodica
3011 2510 3259 2583 epistola
3300 2515 3569 2571 universis
3609 2514 3792 2570 Deum
3824 2518 3905 2572 ti-

2234 2598 2526 2666 mentibus,
2561 2601 2626 2653 ut
2673 2597 2788 2670 ipsi
2835 2599 3224 2666 mentiuntur,
3255 2603 3308 2658 et
3353 2602 3588 2658 salutem
3632 2603 3908 2662 Romanae

2236 2687 2555 2758 reipublicae
2609 2687 2966 2756 diligentibus
3018 2688 3300 2762 inscripta
3352 2695 3532 2762 patet,
3585 2708 3767 2763 quam
3833 2711 3906 2750 ex

2238 2775 2511 2831 Bennone
2561 2775 2618 2830 in
2666 2776 2800 2831 Vita
2853 2775 3235 2834 Hildebrandi
3294 2779 3576 2836 Baronius
3615 2780 3690 2836 ad
3737 2780 3905 2839 hunc

2239 2881 2456 2920 annum
2489 2869 2548 2919 et
2575 2865 2844 2920 Labbeus
2883 2865 2944 2920 in
2986 2867 3319 2938 Appendice
3359 2868 3501 2924 tomi
3533 2869 3578 2924 X
3609 2869 3904 2928 Concilio-

2241 2969 2371 3008 rum
2401 2951 2742 3009 retulerunt.
2765 2955 2849 3009 Ex
2877 2953 2988 3010 hac
3012 2970 3146 3012 vero
3171 2955 3458 3013 discimus
3477 2956 3724 3029 quinam
3759 2963 3908 3024 tunc

2241 3040 2436 3096 Romae
2468 3040 2682 3098 fuerint
2709 3043 2983 3116 precipui
3015 3043 3284 3100 factionis
3311 3044 3664 3102 Guibertinae
3699 3045 3904 3104 fauto-

2240 3147 2354 3195 res,
2381 3146 2634 3202 quorum
2665 3131 2905 3186 nomina
2935 3135 2991 3187 et
3020 3131 3334 3205 dignitates
3361 3133 3471 3190 hoc
3500 3133 3706 3190 ordine
3737 3137 3804 3192 in
3837 3153 3910 3196 ea

2237 3224 2632 3274 recensentur.
2691 3219 3012 3276 Adalbertus
3071 3223 3352 3294 episcopus
3422 3227 3634 3280 sancta?
3688 3224 3912 3295 Ruﬁna

475 3293 804 3383 praecipuus
853 3308 1062 3373 fuerat,
1090 3304 1151 3360 in
1181 3304 1476 3361 Orientem
1525 3305 1715 3360 veniat
1765 3320 1966 3361 eorum
2013 3305 2132 3360 dux
2160 3293 2202 3360 C
2244 3307 2413 3366 Silva
2471 3307 2750 3378 Candidas,
2795 3313 3032 3366 Joannes
3090 3293 3371 3384 episcopus
3429 3311 3713 3381 Ostiensis,
3749 3293 3912 3386 Hugo

475 3403 533 3454 et
561 3397 832 3470 princeps
883 3396 1138 3460 futurus,
1163 3397 1230 3450 ut
1273 3398 1408 3466 post
1438 3394 1710 3467 adeptam
1757 3393 1952 3450 Romae
1983 3393 2136 3451 Petri

481 3485 846 3554 cathedram,
879 3483 939 3538 in
975 3499 1092 3555 qua
1131 3483 1258 3554 jam
1289 3483 1360 3538 ab
1393 3481 1618 3554 aliquot
1664 3481 1836 3538 annis
1875 3481 2134 3542 sedebat,

480 3572 664 3638 simili
697 3588 930 3645 quoque
958 3571 1177 3627 honore
1230 3571 1290 3626 in
1353 3571 1538 3627 altera
1568 3571 1834 3643 ejusdem
1889 3569 2138 3642 apostoli

2245 3399 2521 3470 episcopus
2555 3399 2947 3466 Praenestinus,
2973 3399 3223 3456 Albertus
3265 3400 3542 3472 episcopus
3571 3401 3912 3472 Nepesinus,

2242 3487 2427 3542 Benno
2455 3487 2758 3544 cardinalis
2798 3487 3082 3560 presbyter
3109 3489 3262 3544 urbis
3306 3489 3507 3558 Roma,
3561 3490 3912 3552 Octavianus

2242 3575 2518 3648 presbyter
2568 3576 2870 3632 cardinalis
2921 3576 3256 3649 designatus,
3295 3579 3501 3634 Paulus
3543 3579 3916 3652 primicerius

478 3663 758 3720 cathedra
783 3660 1108 3717 Antiochiae
1142 3660 1452 3717 frueretur.
1480 3660 1610 3715 Haec
1647 3659 1892 3732 epistola
1921 3659 2142 3732 scripta
2245 3667 2499 3722 Romanae
2562 3667 2846 3730 Ecclesiae,
2905 3667 3163 3723 Nicotaus
3222 3668 3422 3724 electus
3487 3667 3652 3724 abbas
3711 3671 3922 3728 Sancti

481 3751 598 3820 fuit
627 3752 690 3808 11
725 3751 815 3807 die
841 3751 1092 3806 intrante
1117 3749 1484 3822 Septembrio,
1512 3749 1810 3804 indictione
1829 3764 1904 3816 1v,
1927 3751 1993 3804 ut
2015 3748 2140 3805 indi
2246 3755 2494 3811 Silvestri
2521 3754 2674 3810 urbis
2720 3755 2920 3822 Roma,
2951 3755 3016 3810 Ν.
3048 3756 3212 3812 abbas
3241 3757 3430 3812 Sancti
3475 3757 3775 3814 Pancratii
3811 3777 3914 3816 ur-

485 3845 578 3908 cat
625 3839 800 3897 editio
849 3837 1164 3896 Baluziana
1212 3837 1403 3894 librox
1437 3835 1676 3894 Miscell.
1712 3853 1844 3910 pag.
1878 3839 2002 3907 419,
2033 3838 2136 3894 ubi

482 3929 768 4004 integrior
795 3928 1046 3985 habetur
1075 3945 1252 4001 quam
1293 3927 1448 4001 apud
1491 3925 1862 3982 Fulcherium
1893 3927 1955 3982 in
1986 3926 2135 3984 libro

485 4020 557 4076 de
585 4018 766 4092 gestis
795 4017 898 4078 Dei
923 4034 1026 4092 per
1056 4018 1328 4074 Francos.
1359 4017 1554 4090 Ipsam
1601 4019 1796 4071 autem
1847 4014 2136 4088 integram

485 4107 700 4166 referre
727 4107 919 4162 visum
949 4123 1065 4164 non
1111 4109 1200 4162 est
1249 4122 1434 4178 operae
1483 4104 1756 4176 pretium,
1791 4120 1926 4160 cum
1979 4105 2134 4176 apud

483 4196 616 4253 illos
647 4199 910 4260 auctores
942 4195 1108 4252 facile
1153 4194 1356 4251 haberi
1403 4193 1620 4266 possit;
1654 4209 1835 4265 quare
1884 4193 2138 4250 sufficiat

484 4287 580 4342 hic
608 4284 846 4342 titulum
877 4285 1004 4356 ejus
1031 4284 1304 4341 exhibere
1337 4301 1350 4338 :
1377 4305 1404 4333 ‹‹
1444 4281 1690 4338 Domino
1720 4286 1921 4338 sancto
1951 4299 2017 4339 ac
2041 4299 2134 4340 ve-

485 4373 733 4434 nerabili
763 4390 925 4447 papae
957 4373 1210 4444 Urbano,
1243 4371 1644 4438 Buamundus,
1669 4374 1726 4426 et
1754 4371 2137 4444 Raymundus

485 4463 673 4520 sancti
703 4463 913 4535 IEgidii
958 4477 1173 4530 comes,
1208 4459 1558 4516 Godei‘ridus
1589 4459 1707 4514 dux
1739 4459 2136 4517 Lothariensis

486 4557 544 4609 et
599 4552 911 4608 Rotbertus
969 4567 1164 4607 comes
1221 4547 1676 4616 Northmanniaz,
1711 4552 1768 4603 et
1825 4549 2136 4606 Rotbertus

486 4641 932 4730 Flandrensium
955 4655 1170 4730 comes,
1195 4636 1840 4730 et:EustachiAus‘comes
1861 4635 2133 4730 Boloniaa,
2164 4665 2212 4730 Β

487 4730 737 4789 salutem
764 4734 821 4786 et
850 4727 1048 4784 fidelia
1073 4725 1328 4793 servitia,
1354 4729 1411 4781 et
1439 4733 1501 4780 ut
1529 4724 1632 4780 ﬁlii
1663 4742 1769 4780 suo
1791 4725 1940 4798 patri
1961 4726 2135 4800 spiri-

483 4818 631 4878 tuali
661 4835 857 4876 veram
889 4817 949 4873 in
975 4817 1202 4873 Christo
1235 4815 1683 4886 subjectionem.
1721 4813 1998 4872 Volumus
2029 4833 2130 4872 au-

483 4913 604 4966 tem
635 4925 838 4966 omnes
869 4911 926 4962 et
956 4904 1358 4961 desideramus
1388 4903 1551 4959 vobis
1578 4907 1781 4959 notum
1808 4904 1934 4960 ﬁeri
1955 4921 2133 4978 quam

484 5014 700 5072 magna
743 4997 843 5053 Dei
897 4993 1320 5062 misericordia,
1353 5009 1649 5065 quamque
1696 4993 2132 5052 evidentissima

483 5087 672 5161 ipsius
701 5087 798 5143 Dei
831 5081 1188 5142 adminiculo
1212 5100 1246 5138 a
1268 5082 1440 5139 nobis
1467 5087 1636 5154 capta
1664 5087 1751 5138 est
1777 5083 2130 5150 Antiochia,»

486 5183 595 5234 etc.
620 5175 769 5241 Quid
799 5190 933 5231 vero
966 5172 1058 5228 his
1089 5173 1297 5227 litteris
1331 5172 1696 5244 responderit
1729 5173 2004 5244 pontifex,
2037 5191 2135 5230 no-

485 5265 578 5322 bis
610 5269 700 5320 est
717 5263 1178 5334 incompertum;
1213 5265 1272 5316 at
1297 5264 1518 5316 certum
1549 5263 1638 5316 est
1665 5276 1799 5316 eum
1828 5277 2129 5334 nunquam

487 5353 679 5412 ullum
723 5352 836 5409 iter
882 5350 942 5405 in
992 5349 1286 5405 Orientem
1344 5347 1690 5421 suscepisse.
1723 5347 1838 5404 Nec
1888 5349 2133 5405 dubium

487 5443 631 5517 quin
661 5441 757 5497 hic
787 5439 1108 5496 revocanda
1137 5437 1214 5494 sit
1243 5437 1562 5493 Daimberti
1595 5437 1666 5492 ad
1703 5437 2135 5510 crucesignatos

482 5531 718 5606 legatio,
743 5545 920 5602 quam
943 5527 1052 5584 hoc
1081 5545 1232 5586 anno
1265 5529 1681 5583 commemorat
1705 5526 2009 5584 Bertoldus
2040 5527 2134 5585 his

479 5619 676 5679 verbis
712 5634 726 5677 :
759 5639 789 5670 «
837 5617 1122 5675 Dominus
1182 5634 1351 5692 papa,
1385 5616 1578 5689 inquit
1632 5614 1730 5671 ille
1786 5619 2007 5687 auctor,
2059 5619 2132 5676 ad

481 5709 754 5778 eamdem
791 5705 1232 5772 multitudinem
1282 5723 1450 5768 suam
1501 5703 1851 5787 legationem
1901 5705 2132 5784 direxit,

2247 3845 2328 3900 bis
2361 3844 2559 3910 Roma,
2594 3846 2647 3897 et
2673 3843 2867 3910 clerus,
2902 3847 2954 3898 et
2989 3844 3290 3900 clarissimi
3329 3847 3607 3918 principes
3637 3845 3915 3904 Theobal-

2243 3933 2340 3988 dus
2371 3931 2641 3998 Chinebii,
2673 3935 2725 3986 et
2752 3931 3032 3989 Udalricus
3074 3932 3141 3988 de
3169 3933 3365 3990 Sancto
3406 3935 3696 3990 Eustachio
3719 3940 3777 3993 et
3802 3953 3914 4008 po-

2239 4020 2407 4091 pulus
2436 4020 2729 4076 Romanus.
2755 4019 2842 4076 Illi
2863 4024 2953 4076 ter
2981 4037 3044 4076 se
3073 4022 3412 4080 convenisse
3439 4022 3499 4078 in
3527 4023 3784 4082 diversis
3819 4044 3917 4082 ur-

2245 4107 2336 4164 bis
2368 4108 2562 4164 Romaa
2605 4107 2864 4164 ecclesiis
2913 4108 3098 4179 aiunt,
3132 4110 3203 4165 ad
3235 4111 3618 4167 destruendas
3648 4111 3916 4172 haereses

2246 4197 2318 4252 ab
2349 4196 2762 4266 Hildebrando,
2795 4197 2879 4254 sic
2909 4197 3086 4254 etiam
3117 4201 3257 4254 tunc
3284 4198 3632 4274 Gregorium
3663 4201 3774 4258 VII
3810 4221 3914 4276 ap-

2245 4284 2559 4358 pellabant,
2580 4285 2950 4354 adinventas;
2975 4285 3166 4358 primo
3187 4287 3423 4359 quidem
3454 4287 3636 4345 Nonis
3653 4290 3920 4363 Augusti

2245 4375 2398 4448 apud
2417 4379 2692 4430 Sanctum
2710 4374 2992 4442 Blasium,
3008 4379 3137 4432 tum
3159 4393 3259 4432 vm
3281 4377 3420 4434 Idus
3440 4377 3594 4450 apud
3618 4377 3920 4437 Sanctum

2245 4464 2477 4520 Celsum
2505 4469 2562 4520 et
2590 4463 2869 4548 postridie
2921 4465 3078 4536 apud
3134 4465 3408 4522 Sanctam
3468 4467 3740 4536 Mariam,
3777 4486 3916 4542 quas

2245 4553 2460 4610 dicitur
2508 4553 2780 4610 Rotunda
2806 4553 2946 4623 (tres
2995 4553 3194 4625 itaque
3224 4554 3332 4610 has
3380 4555 3654 4612 ecclesias
3703 4557 3918 4616 Roma:

2245 4643 2436 4698 adhuc
2467 4641 2889 4714 possidebant),
2921 4641 3120 4714 ibique
3155 4641 3286 4698 illas
3331 4642 3582 4701 haereses
3613 4646 3910 4703 condem-

2244 4747 2436 4788 nasse.
2467 4730 2615 4786 Tum
2648 4729 2999 4802 pollicentur
3023 4731 3402 4788 securitatem
3433 4732 3672 4790 cuilibet
3699 4751 3915 4792 occur-

2243 4837 2368 4877 rere
2388 4817 2603 4876 volenti
2638 4818 2710 4873 ad
2753 4817 3013 4891 proxime
3064 4818 3322 4876 futuram
3372 4821 3682 4894 synodum,
3715 4839 3914 4895 quam

2241 4911 2392 4966 circa
2450 4906 2717 4964 Kalendas
2766 4907 3087 4963 Novembres
3136 4909 3428 4984 celebrare
3483 4911 3845 4984 disponunt.
3881 4936 3914 4965 »

2244 5000 2380 5054 Data
2401 5005 2479 5053 est
2505 4997 2628 5052 haec
2675 4990 2923 5068 epistola
2950 4997 3129 5053 Romae
3167 5000 3358 5054 contra
3386 4983 3806 5072 ’schismaticos,
3846 5009 3917 5059 ut

2242 5091 2470 5152 vocant,
2501 5087 2562 5140 in
2588 5101 2741 5140 sacro
2783 5088 3070 5152 conventu,
3103 5103 3250 5142 anno
3281 5087 3349 5143 ab
3379 5089 3770 5146 Iiwarnatione
3801 5093 3914 5151 Do-

2241 5179 2388 5232 mini
2413 5177 2568 5245 1098,
2589 5174 2886 5230 indictione
2915 5183 3094 5243 sexta,
3120 5191 3222 5246 vn,
3246 5176 3371 5232 Idus
3391 5177 3642 5249 Augusti.
3666 5181 3740 5234 At
3763 5197 3914 5238 cum

2243 5264 2436 5321 nullos
2473 5280 2505 5320 e
2531 5261 2838 5319 Catholicis
2883 5264 2954 5322 ad
3005 5280 3180 5320 suum
3227 5262 3493 5337 ipsorum
3549 5275 3916 5328 conventum

2243 5356 2596 5411 adventuros
2627 5369 2756 5410 esse
2787 5355 2941 5410 certo
2972 5353 3376 5426 praeviderent,
3397 5377 3424 5406 «
3447 5359 3628 5412 testes
3650 5357 3911 5416 advoca-

2243 5449 2381 5500 runt
2410 5443 2620 5500 coelum
2649 5446 2706 5500 et
2734 5445 2970 5510 terram,
3004 5459 3068 5500 se
3099 5459 3471 5518 nequaquam
3513 5461 3716 5502 eorum
3764 5464 3906 5520 per-

2239 5530 2498 5590 versitati
2521 5529 2626 5602 (sic
2654 5530 2725 5585 de
2758 5529 3071 5586 Catholicis
3107 5529 3518 5605 loquebantur)
3539 5537 3908 5607 consentire,

2241 5621 2399 5697 quod
2429 5624 2494 5677 ut
2522 5635 2584 5676 re
2615 5617 2788 5674 etiam
2820 5617 3154 5691 probarent,
3179 5621 3380 5678 statim
3411 5623 3756 5682 eorumdem
3787 5625 3908 5683 Ca-

2240 5708 2590 5777 tholicorum
2619 5705 2822 5780 libros,
2854 5721 3001 5789 quos
3029 5724 3147 5786 prie
3178 5710 3452 5775 menibus
3481 5711 3798 5790 habebant,
3838 5713 3910 5784 in
