3962 6398
84 440 186 509 Ml

1675 451 1881 520 vm.

3359 444 3477 528 24's

78 579 271 656 ignem
299 581 616 657 projeoere,
635 583 789 660 quod
817 583 995 646 variis
1024 585 1405 649 conciliorum
1435 599 1720 650 convoca-
1748 586 1974 659 A1098
2005 590 2404 669 consignatur,
2439 589 2615 653 aliam
2644 590 2717 654 ab
2750 609 2818 654 ea
2844 610 2960 652 non
3003 606 3133 653 esse
3163 607 3290 669 quae
3323 610 3476 653 anno

74 673 335 731 tionibus
366 691 471 748 per
500 692 685 734 annos
722 678 1013 761 sexdecim
1056 681 1221 739 factis
1269 686 1326 738 et
1354 682 1598 751 iteratis,
1636 683 1722 741 illi

73 765 674 839 nunquam‘ipsorum
707 769 949 825 monitis
995 788 1165 827 aures
1197 773 1452 843 praebere
1507 774 1722 831 voluis-

75 859 219 910 sent.
244 856 420 912 »Ha:c
442 856 945 931 de'schismaticis,
970 862 1219 932 quicum
1244 862 1515 920 Bennone
1547 880 1720 937 pseu-

75 944 371 1000 docarnali
420 947 755 1018 pontiﬁcem
784 955 1049 1007 nostrum
1090 952 1402 1009 Turbanum
1431 952 1722 1026 appellare

74 1035 372 1103 amabant,
396 1035 468 1091 ob
513 1036 592 1103 id,
619 1039 772 1110 quod
821 1038 1081 1113 Gregorii
1118 1041 1378 1116 vestigiis
1407 1042 1717 1114 inhaerens,

76 1123 303 1189 turbas,
352 1129 420 1180 ut
466 1126 582 1199 ipsi
621 1127 1152 1199 calumniabantur,
1187 1132 1571 1189 continuaret.
1606 1134 1717 1190 Sed

72 1211 285 1269 talium
314 1213 626 1272 hominum
654 1217 930 1285 convicia,
961 1223 1216 1293 totsunt
1260 1221 1376 1277 veri
1425 1222 1719 1295 pontificis

12 1374 13 1377 η
73 1301 282 1373 elogia.
296 1302 368 1359 Et
385 1309 538 1361 certe
548 1306 846 1365 Urbanum
860 1309 1020 1380 pacis
1038 1319 1349 1379 amantem,
1367 1316 1422 1366 et
1453 1311 1717 1369 omnium

70 1391 406 1461 hominum,
423 1394 522 1467 qui
546 1399 788 1464 tunc,ut
807 1397 878 1453 de
900 1398 1094 1471 Moyse
1108 1398 1369 1472 loquitur
1393 1401 1715 1473 Scriptura,

68 1479 119 1535 in
147 1485 310 1537 terra
333 1484 736 1551 morabantur,
765 1486 1150 1543 mitissimum
1174 1488 1375 1557 fuisse,
1397 1488 1572 1546 etiam
1604 1489 1715 1561 ipsi

65 1569 434 1627 schismatici
469 1573 630 1628 fateri
689 1573 777 1631 vel
824 1575 990 1631 inviti
1030 1578 1405 1649 cogebantur.
1441 1579 1715 1642 Quasnam

64 1675 197 1714 vero
257 1661 500 1718 haeresis
528 1662 629 1718 illa
657 1668 798 1732 erat,
830 1681 1008 1737 quam
1039 1666 1399 1722 schismatici
1441 1668 1716 1740 Gregorio

64 1747 163 1804 Vll
190 1748 619 1821 impingebant,
654 1751 936 1810 discimus
966 1771 1034 1810 ex
1063 1755 1265 1811 eodem
1325 1756 1596 1813 Bennone
1655 1757 1713 1812 in

64 1837 330 1911 Gregorii
355 1838 501 1908 Vita,
523 1840 621 1896 ubi
651 1841 733 1898 sic
755 1840 966 1899 habet:
996 1844 1338 1901 «Gloriosus
1369 1844 1712 1902 Hildebran-

1832 682 2237 756 subsequenti.
2259 688 2323 743 ut
2345 687 2612 742 auctores
2625 681 2878 758 mquales
2898 682 3174 752 referunt,
3192 680 3482 742 celebrata

1833 777 1954 841 est;
1990 791 2165 847 quam
2225 774 2510 831 Baronius
2549 781 2604 831 et
2636 775 2903 831 Labbeus
2960 791 3029 831 ex
3087 773 3239 832 male
3291 772 3485 832 locata

1832 864 2052 936 synodo
2075 865 2313 921 Barensi
2344 881 2461 920 uno
2494 881 2647 920 anno
2670 870 2901 937 tempus
2941 866 3353 936 prasvertent‘es
3407 865 3474 920 ad

1831 970 2052 1009 annum
2090 955 2222 1009 1098
2254 970 2387 1010 cum
2438 955 2564 1026 ejus
2614 953 2944 1010 canonibus
2993 953 3222 1010 incaute
3267 953 3478 1010 retule‘

1830 1046 1989 1099 runt.

2147 1132 2467 1190 CCCXXIV.
2506 1135 2758 1189 Barensis
2789 1133 2985 1207 synodi
3012 1140 3151 1190 acta.

1899 1220 2073 1277 Porro
2096 1220 2230 1278 licet
2250 1223 2603 1295 praecipuam
2622 1238 2823 1279 eorum
2839 1239 2967 1295 quae
2990 1221 3049 1277 in
3067 1221 3309 1278 Barensi
3341 1232 3475 1292 syn-

1828 1311 1939 1367 odo
1956 1314 2121 1384 gesta
2143 1315 2281 1367 sunt
2303 1311 2570 1367 notitiam
2593 1310 2931 1385 Anglicanis
2952 1309 3252 1366 historicis
3265 1310 3476 1367 debea-

1826 1414 1980 1463 mus,
1996 1399 2096 1472 qui
2110 1399 2179 1455 de
2192 1416 2258 1455 ea
2278 1401 2579 1455 occasione
2595 1401 2787 1456 sancti
2810 1399 3069 1455 Anselmi
3090 1400 3473 1472 scripserunt,

1824 1487 1983 1544 haud
1997 1493 2214 1559 tamen,
2231 1492 2296 1543 ut
2304 1488 2429 1560 jam
2444 1489 2818 1544 observatum
2836 1491 2945 1554 est,
2963 1487 3095 1543 aliis
3110 1489 3471 1557 auctoribus,

1825 1580 1882 1632 et
1910 1577 2148 1650 quidem
2174 1576 2470 1651 gravibus,
2492 1576 2616 1632 loco
2646 1580 2704 1632 et
2743 1579 2908 1633 actate
2944 1576 3247 1648 proximis,
3271 1577 3473 1648 ignota

1826 1666 2131 1723 fuit.Certe
2148 1665 2365 1722 multos
2383 1665 2518 1721 cleri
2538 1669 2594 1721 et
2624 1664 2910 1721 nobilium
2936 1681 3203 1738 proceres
3235 1665 3307 1720 ad
3340 1680 3467 1721 eam

1824 1756 2162 1812 convenisse
2193 1755 2396 1811 scribit
2424 1771 2749 1828 anonymus
2805 1753 3075 1810 Barensis
3106 1752 3198 1809 his
3228 1753 3419 1810 verbis
3454 1772 3467 1810 ε

1824 1844 2159 1911 Ann01099,
2194 1858 2367 1917 quem
2401 1844 2551 1900 sicut
2580 1847 2637 1899 et
2667 1843 3045 1899 indictionem
3078 1858 3112 1897 a
3141 1842 3471 1923 Septembri

67 1926 179 2024 dus
222 1933 283 1983 et
314 1929 677 2024 pedisequus
702 1932 830 2024 ejus
884 1931 1196 1988 Turbamus
1227 1950 1375 1990 nova
1422 1939 1713 2006 potestate
1747 1958 1793 2024 Β
1824 1933 2203 2007 praecedentis
2225 1933 2382 1997 anni,
2408 1936 2473 1988 ut
2501 1949 2631 1987 mox
2652 1932 3014 2024 dicebamus,
3035 1930 3301 2024 inchoat,
3329 1931 3470 1987 indi-

65 2016 360 2073 solventes
382 2018 1108 2078 decretaChalcedonensis
1121 2022 1371 2088 concilii,
1392 2040 1507 2079 non
1522 2022 1714 2081 solum
1747 2016 1789 2024 ”
1824 2024 1999 2078 ctione
2026 2040 2124 2089 v11,
2147 2024 2309 2078 tertia
2323 2022 2411 2077 die
2431 2023 2675 2078 intrante
2693 2036 2878 2077 mense
2900 2020 3135 2087 Octobri,
3159 2021 3306 2076 venit
3321 2036 3469 2094 papa

61 2107 283 2173 verbis,
317 2108 423 2164 sed
453 2113 509 2164 et
547 2109 782 2183 scriptis
804 2109 1057 2183 publicis
1087 2116 1512 2168 consenserunt
1554 2117 1714 2169 extra

64 2196 378 2253 ecclesiam
439 2200 874 2256 communicare
905 2204 963 2255 et
1019 2201 1332 2272 baptizare,
1366 2219 1545 2274 quam
1577 2203 1712 2258 caici

62 2290 282 2352 essent,
308 2303 488 2359 quam
511 2287 763 2345 haeretici
793 2289 1044 2363 propriis
1077 2290 1312 2363 scriptis
1343 2290 1709 2364 deprehensi,

63 2381 193 2443 etc.;
217 2380 473 2449 uterque
513 2377 571 2434 in
596 2377 864 2435 haeresim
900 2379 1103 2435 Liberii
1139 2380 1361 2447 incidit,
1398 2381 1496 2453 qui
1554 2384 1711 2453 post-

63 2481 239 2536 quam
274 2464 513 2538 publice
534 2467 984 2524 communicavit
1001 2468 1540 2536 excommunicatis,
1563 2470 1711 2525 duas

63 2554 353 2611 Ecclesiae
415 2552 632 2612 faciens
689 2556 976 2613 unitatem
1008 2558 1198 2624 scidit,
1234 2582 1262 2609 »
1306 2562 1415 2614 etc.
1445 2560 1539 2614 Sic
1598 2559 1710 2631 ipsi

62 2636 433 2711 schismatici
454 2649 718 2702 auctores
750 2646 1063 2703 catholicos
1084 2652 1141 2703 et
1162 2647 1403 2704 unitatis
1421 2653 1710 2705 amatores

11 2718 23 2747 ⁵
59 2732 478 2789 schismaticos
504 2732 797 2813 appellare
822 2735 977 2791 haud
1012 2734 1378 2792 dubitabant.

57 2822 379 2881 CCCXXIII.
417 2824 721 2881 Comitium
748 2826 985 2882 Barense
1025 2826 1118 2881 hoc
1155 2843 1299 2881 anno
1353 2827 1704 2883 celebratum.

124 2911 419 2969 Catholici
448 2929 580 2969 vero
634 2913 726 2969 die
766 2914 1033 2971 condicta
1085 2915 1475 2970 Kalendarum
1534 2914 1706 2971 Octo.~

56 3003 276 3070 brium,
299 3016 406 3057 seu
432 2996 500 3056 ut
531 3000 705 3057 habet
738 3010 1067 3075 anonymus
1089 3003 1379 3070 Barensis,
1413 3003 1506 3060 die
1537 3003 1707 3060 tertia

54 3091 323 3163 ejusdem
349 3088 763 3163 mensis,apud
785 3090 1020 3147 Barium
1044 3091 1330 3148 celebrem
1354 3091 1575 3164 Apulia;
1608 3109 1702 3146 ur-

52 3181 185 3236 bem
218 3179 292 3234 ad
329 3176 643 3234 concilium
676 3179 747 3234 ab
778 3177 1009 3236 Urbano
1044 3179 1332 3235 indictum
1363 3197 1697 3236 convenere.

1827 2112 2075 2169 Urbanus
2089 2129 2213 2167 cum
2226 2112 2481 2183 pluribus
2501 2112 2919 2184 archiepiscopis
2938 2118 2990 2166 et
3007 2111 3269 2183 episcopis
3296 2118 3348 2166 et
3376 2110 3469 2166 ab-

1825 2201 2054 2269 batibus,
2079 2204 2129 2257 et
2140 2201 2447 2270 comitibus,
2463 2210 2512 2256 et
2526 2202 2872 2257 intraverunt
2893 2200 2953 2255 in
2974 2199 3146 2254 Βαννί
3152 2244 3164 2267 ,
3178 2207 3229 2256 et
3240 2194 3471 2271 suscepti

1820 2295 1950 2346 sunt
1977 2307 2101 2346 cum
2154 2307 2356 2362 magna
2412 2291 2735 2357 reverentia,
2776 2296 2828 2345 et
2868 2288 3206 2361 praeparavit
3252 2287 3469 2345 domino

1820 2381 1994 2447 Helia,
2012 2383 2237 2435 sextum
2257 2395 2359 2450 pro
2384 2382 2558 2448 recto,
2574 2394 2712 2433 casu
2731 2376 2989 2445 adhibet;
3014 2381 3081 2432 ut
3101 2392 3169 2432 ex
3198 2375 3470 2433 Malmes-

1818 2468 2024 2524 burien
2032 2468 2079 2523 si
2103 2467 2254 2522 infra
2278 2466 2518 2539 patebit,
2536 2471 2717 2522 nostro
2730 2466 3150 2538 archiepiscopo,
3163 2466 3405 2536 miriﬁca
3418 2482 3475 2521 m

1818 2558 1997 2614 sedem
2027 2560 2173 2613 intus
2194 2558 2254 2612 in
2285 2557 2509 2612 ecclesia
2541 2556 2844 2611 beatissimi
2878 2554 3093 2614 Nicolai
3138 2555 3472 2626 confessoris

1820 2647 2041 2715 Christi,
2071 2651 2125 2703 ct
2149 2647 2277 2716 fecit
2310 2645 2387 2700 ibi
2414 2644 2685 2717 synodum
2708 2659 2808 2715 per
2835 2659 3007 2698 unam
3049 2640 3465 2698 hebdomadam.

1815 2741 1946 2793 Post
1972 2736 2249 2807 completis
2273 2734 2461 2789 diebus
2478 2737 2589 2789 octo
2615 2734 2860 2805 perrexit
2881 2734 2942 2787 in
2962 2747 3111 2804 pace,
3136 2738 3187 2786 et
3211 2732 3466 2786 inmensa

1813 2826 1959 2882 Julii
1986 2826 2119 2880 obiit
2151 2827 2263 2897 ipse
2297 2824 2563 2882 Urbanus.
2596 2820 2740 2878 Huic
2771 2822 2992 2894 synodo
3025 2835 3203 2893 quam
3232 2820 3459 2875 univer-

1812 2930 1929 2969 sam
1959 2914 2229 2971 Urbanus
2265 2913 2390 2985 ipse
2436 2914 2495 2967 in
2530 2911 2808 2984 rescripto
2852 2911 2922 2965 de
2961 2906 3254 2982 Cinglensi
3286 2906 3451 2977 cella,

1807 3004 2123 3075 plenariam
2145 3001 2421 3075 appellat,
2449 3004 2683 3057 centum
2719 3003 2777 3056 et
2806 2997 3098 3071 octoginta
3149 2997 3452 3069 episcopos

1810 3091 2172 3148 interfuisset
2189 3091 2397 3147 asserit
2409 3092 2608 3161 Lupus
2621 3088 2980 3160 Protospata,
2996 3086 3096 3143 sed
3112 3085 3353 3159 quinam
3367 3084 3452 3141 illi

1811 3180 2029 3237 fuerint
2071 3196 2241 3236 nemo
2288 3180 2499 3236 litteris
2531 3177 2806 3251 prodidit.
2834 3180 2907 3232 At
2931 3192 3046 3248 quo
3087 3174 3234 3242 loco,
3267 3186 3455 3248 quove’

50 3268 183 3323 Haec
215 3267 482 3338 synodus
514 3266 887 3339 potissimum
920 3269 989 3324 ad
1021 3268 1081 3324 id
1112 3272 1309 3324 coacta
1358 3269 1603 3338 videtur,
1638 3274 1703 3326 ut
1742 3330 1774 3340 Α
1812 3270 2015 3326 habitu
2038 3270 2096 3326 in
2119 3269 2364 3326 concilio
2396 3268 2609 3325 sederit
2638 3266 2899 3340 pontifex
2929 3282 2997 3321 ex
3016 3263 3286 3321 Wilelmo
3317 3264 3458 3320 Mal-

49 3360 283 3413 Grmcos
318 3354 473 3411 inter
498 3359 556 3412 et
585 3356 822 3412 Latinos
853 3357 922 3413 de
980 3358 1093 3413 fide
1133 3358 1483 3426 conveniret,
1509 3362 1575 3414 ut
1632 3374 1703 3414 ne
1734 3330 1776 3398 Ο
1815 3359 2201 3416 mesburicnsi
2233 3358 2537 3414 discimus.
2563 3359 2734 3427 Ergo,
2764 3355 2977 3429 inquit,
3012 3362 3234 3410 ventum
3281 3357 3358 3410 est
3386 3351 3457 3408 ad

51 3446 283 3501 scilicet
317 3444 503 3501 sacris
533 3445 998 3518 expeditionibus
1024 3452 1257 3502 noceret
1312 3446 1369 3501 in
1417 3448 1703 3502 credendo

52 3534 390 3590 diversitas.
407 3533 569 3589 Hanc
582 3535 865 3604 synodum
888 3552 1040 3590 anno
1058 3536 1405 3608 praecedenti
1420 3535 1705 3592 Baronius

46 3629 101 3680 et
140 3625 277 3695 ejus
320 3639 623 3695 sequaces,
650 3623 767 3679 imo
791 3627 847 3679 et
867 3623 1132 3681 Labbeus
1161 3628 1318 3680 tomo
1346 3625 1391 3680 X
1421 3623 1701 3681 Concilio-

45 3728 206 3778 rum,
240 3712 742 3784 consignaverunt
775 3731 787 3781 ;
822 3717 880 3768 at
927 3712 1134 3768 merito
1184 3712 1281 3768 alii
1315 3713 1699 3785 refragantur,

46 3802 282 3874 Lupum
305 3800 711 3873 Protospatam
729 3806 787 3858 et
802 3819 1159 3876 anonymum
1184 3802 1491 3858 Barensem
1509 3819 1701 3875 aequa-

44 3890 128 3946 les
162 3894 223 3947 et
254 3889 612 3947 domesticos
641 3895 905 3948 auctores
954 3892 1160 3959 secuti,
1196 3893 1297 3964 qui
1358 3907 1487 3947 eam
1536 3892 1701 3949 initio

44 3980 324 4037 Octobris
355 3979 493 4034 anni
524 3979 686 4050 4099,
733 3997 910 4053 quem
947 3981 1165 4038 scilicet
1186 3998 1291 4038 suo
1341 3998 1503 4037 more
1533 3999 1565 4036 a
1596 3982 1699 4037 Se-

39 4068 307 4140 ptembri
322 4068 694 4139 praecedenti,
710 4086 860 4126 anno
876 4069 897 4127 l
908 4069 1014 4126 098
1032 4069 1332 4136 inchoent,
1347 4068 1698 4126 celebratam

40 4157 229 4213 fuisse
249 4159 578 4212 testantur:
597 4155 777 4214 alium
794 4158 1083 4215 habemus
1100 4159 1364 4230 ejusdem
1390 4158 1471 4214 rei
1489 4162 1699 4215 testem

41 4247 207 4303 omni
255 4246 597 4318 exceptione
629 4248 931 4320 majorem,
965 4248 1339 4316 Eadmerum,
1374 4248 1474 4320 qui
1508 4249 1698 4304 eidem

44 4334 298 4392 concilio
338 4333 623 4390 interfuit.
650 4335 704 4392 Is
741 4352 970 4409 nempe,
991 4340 1055 4392 ut
1070 4337 1197 4408 jam
1225 4336 1499 4406 diximus,
1531 4337 1703 4392 refert

42 4424 193 4480 libro
227 4439 270 4477 II
321 4423 637 4491 Novorum,
668 4422 1010 4480 Anselmun'i
1062 4441 1261 4480 mense
1301 4423 1532 4480 Octobri
1563 4425 1700 4480 anni

46 4514 183 4567 1097
198 4511 505 4568 licentiam
529 4528 562 4567 a
579 4510 875 4569 Willelmo
897 4529 1029 4586 rege
1051 4512 1371 4586 Anglorum
1387 4514 1701 4571 extorsisse

42 4606 297 4658 Romam
321 4600 600 4669 adeundi,
614 4605 670 4657 et
692 4605 823 4674 post
841 4602 964 4658 haec
983 4619 1186 4658 verum
1212 4620 1245 4658 a
1262 4602 1429 4658 beato
1442 4587 1700 4659 antistite

1811 3450 2123 3507 concilium.
2177 3448 2509 3520 Apostolicus
2555 3450 2681 3501 ante
2735 3459 2928 3517 corpus
2987 3443 3168 3499 sancti
3220 3442 3455 3513 Nicolai,

1810 3542 2110 3595 constratas
2139 3537 2403 3609 tapetibus
2435 3544 2485 3590 et
2513 3535 2722 3606 palliis,
2756 3535 2874 3606 ipse
2907 3533 3094 3588 casula
3121 3528 3247 3587 cum
3280 3531 3455 3602 pallio

1813 3629 2042 3683 amictus
2065 3625 2314 3681 tribunal
2335 3624 2607 3688 ascendit;
2624 3623 2806 3678 caeteri
2820 3637 2944 3677 cum
2966 3621 3155 3693 cappis
3176 3619 3451 3677 sedebant.

1812 3714 1989 3771 Paulo
2049 3713 2291 3769 inferius
2344 3712 2614 3769 observat
2659 3710 3106 3766 archidiaconum
3150 3709 3456 3764 Romanum

1810 3814 1934 3861 ante
1956 3820 2159 3876 papam
2187 3803 2404 3869 sedisse,
2422 3803 2480 3857 ut
2509 3801 2676 3857 moris
2696 3803 2793 3856 est.
2815 3799 2878 3855 In
2908 3796 3153 3855 concilio
3178 3792 3454 3853 Remensi

1811 3912 1962 3950 anno
1985 3893 2121 3949 l094
2142 3893 2252 3948 Leo
2275 3909 2425 3965 papa
2444 3890 2867 3947 sacerdotalibus
2888 3889 3049 3962 quasi
3075 3887 3145 3943 ad
3175 3885 3452 3944 celebran-

1809 3985 1937 4041 dam
1963 3984 2186 4040 missam
2216 3983 2417 4054 infulis
2445 3980 2731 4036 redimitus
2745 3978 3006 4051 processit
3035 3977 3108 4032 ad
3138 3974 3454 4033 concilium

1809 4090 1933 4129 cum
1960 4088 2118 4128 cruce
2150 4075 2203 4127 et
2221 4069 2512 4139 Evangelii
2532 4069 2671 4124 libro
2694 4066 3132 4124 antecedentibus
3156 4080 3282 4120 cum
3307 4063 3457 4119 sacri

1809 4163 2017 4218 ordinis
2043 4161 2335 4229 ministris,
2355 4166 2465 4215 etc.
2493 4158 2555 4213 In
2587 4158 2885 4228 istajuxta
2916 4155 3218 4212 Urbanum
3248 4152 3457 4209 Ansel-

1810 4269 1945 4307 mus
1978 4248 2304 4307 Cantuariae
2337 4247 2812 4320 archiepiscopus
2842 4243 3082 4301 honoris
3114 4256 3311 4309 causa,
3336 4240 3457 4297 sive

1809 4340 1983 4397 etiam
2007 4343 2071 4394 ut
2089 4336 2316 4394 facilius
2339 4338 2616 4392 adversus
2638 4335 2866 4392 Graecos
2891 4333 3204 4407 disputans
3228 4328 3457 4388 auscul-

1810 4432 2048 4495 tarctur,
2083 4427 2283 4482 sedere
2309 4426 2515 4498 jussus
2548 4427 2636 4479 est
2666 4438 2679 4478 :
2715 4439 2847 4478 cum
2907 4424 3101 4489 antea,
3135 4423 3202 4477 ut
3249 4418 3457 4475 scribit

1810 4519 1961 4573 idem
1988 4519 2206 4581 auctor,
2226 4515 2532 4587 ingruente
2561 4510 2841 4578 tumultu,
2866 4509 3083 4566 oblitus
3114 4508 3296 4565 fuisse
3313 4506 3456 4582 poni

1808 4600 1949 4662 tifex
1977 4604 2171 4660 locum
2202 4602 2253 4657 ei
2286 4601 2597 4673 specialem
2628 4603 2686 4656 et
2714 4597 3102 4656 honoriﬁcum
3126 4596 3453 4668 designare.

42 4696 353 4764 gestarum
367 4689 580 4745 seriem
594 4690 990 4762 particulatim
1004 4691 1378 4764 prosequitur
1395 4692 1464 4748 ad
1486 4691 1701 4748 Baren-
1733 4703 1779 4768 [)
1809 4696 1967 4752 Idem
1995 4692 2170 4749 habet
2209 4689 2529 4747 Eadmerus
2564 4689 2634 4743 de
2655 4687 2864 4745 Casula
2879 4690 2936 4743 et
2964 4684 3309 4759 pontificum
3327 4698 3458 4755 cap-

42 4797 105 4836 se
142 4776 491 4846 concilium,
517 4780 670 4850 quod
710 4796 863 4836 anno
903 4778 1304 4852 subsequenti,
1339 4781 1699 4853 proindeque

44 4870 611 4936 1098,convocatum
634 4867 813 4925 fuisse
835 4867 1284 4925 narrat.Deinde
1309 4868 1602 4939 Urbanus,
1637 4874 1702 4925 ut

42 4958 201 5014 idem
225 4960 440 5013 auctor
456 4955 800 5029 habet,post
822 4956 985 5014 illam
1007 4958 1295 5031 synodum
1320 4975 1583 5015 reversus
1599 4960 1704 5016 Ro-

44 5064 202 5103 mam
224 5042 533 5101 XVillelmo
571 5046 691 5118 regi
714 5047 981 5103 inducias
1016 5046 1373 5103 concessisse
1399 5047 1613 5103 dicitur
1632 5049 1702 5104 ad

44 5136 264 5192 festum
283 5135 474 5191 sancti
496 5133 792 5192 Michaelis
806 5153 875 5191 an
885 5135 941 5191 ni
957 5134 1570 5208 subsequentis,quem
1585 5137 1706 5208 qui-

45 5222 177 5281 dem
194 5224 524 5279 terminum
539 5239 645 5279 nec
670 5241 786 5290 rex,
803 5242 907 5280 nec
935 5223 1059 5297 ipse
1093 5224 1346 5296 pontifex
1365 5224 1701 5297 attigerunt.

46 5316 115 5369 At
131 5315 183 5371 si
204 5310 597 5369 illaainduciae
630 5312 827 5368 statim
855 5317 1252 5386 postBarense
1273 5311 1584 5368 concilium
1610 5331 1707 5369 an-

46 5420 118 5460 no
150 5400 299 5460 1097
327 5400 575 5457 indultae
604 5401 875 5471 fuissent,
910 5402 980 5459 ad
1004 5418 1204 5458 earum
1256 5402 1433 5458 finem
1462 5406 1707 5475 uterque

48 5491 433 5566 pertigissent
447 5493 503 5546 et
516 5487 852 5547 Willelmus
868 5494 923 5547 et
934 5489 1226 5547 Urbanus.
1242 5493 1472 5545 Certum
1491 5491 1707 5564 quippe

48 5588 129 5637 est
161 5586 493 5651 utrumque
541 5577 614 5635 ad
644 5596 865 5635 annum
922 5580 1060 5636 1099
1088 5579 1441 5651 pervenisse.
1477 5579 1555 5635 Ex
1584 5579 1699 5649 his,

48 5688 168 5743 quas
201 5669 456 5745 quidem
490 5669 729 5725 omnino
761 5674 917 5725 certa
946 5674 1102 5737 sunt,
1127 5666 1397 5740 colligere
1425 5667 1599 5724 ctiam
1632 5668 1700 5724 li-

50 5767 151 5833 cet,
184 5758 492 5835 synodum
552 5758 897 5829 Romanam,
932 5775 1057 5832 quac
1115 5775 1148 5815 a
1192 5757 1490 5815 nonnullis
1550 5776 1703 5816 anno

1808 4785 1921 4857 pis;
1938 4784 2038 4840 sed
2065 4781 2146 4839 ait
2167 4777 2512 4837 Anselmum
2532 4777 2790 4849 primum
2813 4776 3018 4833 ordine
3038 4790 3145 4830 suo
3174 4774 3326 4828 inter
3356 4788 3457 4828 cas-

1809 4878 1964 4929 teros
1995 4870 2286 4928 antistites
2318 4866 2561 4934 sedisse,
2597 4866 2736 4921 dum
2768 4864 3156 4921 incalescente
3199 4861 3459 4933 disputa-

1814 4962 1970 5018 tione
2020 4960 2241 5016 dictum
2293 4956 2343 5013 ei
2374 4960 2528 5012 esset
2575 4958 2640 5010 ut
2667 4954 2910 5027 propius
2941 4952 3258 5010 accederet.
3292 4951 3453 5018 Dum,

1813 5048 2003 5120 inquit
2060 5046 2154 5102 ille
2182 5050 2404 5113 auctor,
2434 5045 2492 5099 in
2524 5045 2640 5115 ipso
2694 5044 2924 5099 concilio
2948 5043 3196 5114 plurima
3252 5040 3318 5096 de
3353 5038 3458 5111 ﬁde

1813 5139 2078 5195 catholica
2107 5152 2353 5189 summus
2379 5134 2629 5206 ponlifcx
2655 5131 2894 5205 facunda
2941 5133 3176 5198 ratione,
3209 5131 3454 5187 rationa-

1817 5228 2025 5300 bilique
2080 5224 2341 5296 facundia
2400 5223 2759 5291 disseruisset,
2794 5224 2952 5277 mota
2998 5219 3242 5293 qumstio
3300 5222 3390 5274 est
3426 5235 3461 5274 ο.

1815 5315 2030 5372 Graecis
2042 5315 2112 5368 de
2137 5309 2501 5385 proccssione
2515 5311 2770 5384 Spiritus
2784 5310 2992 5378 sancti,
3008 5325 3186 5382 quam
3201 5308 3460 5382 pontifex

1816 5403 2020 5460 multis
2054 5399 2506 5473 argumentis,et
2533 5398 2769 5472 quidem
2800 5404 2865 5456 ut
2894 5399 3219 5474 plurimum
3251 5415 3319 5455 ex
3343 5398 3458 5454 An-

1817 5492 1985 5547 selmi
2009 5487 2276 5563 epistola,
2310 5503 2486 5559 quam
2519 5488 2611 5544 illi
2638 5490 2772 5545 olim
2800 5488 2864 5546 de
2891 5489 3287 5567 Incarnatione
3307 5486 3462 5543 Verbi

1814 5580 2212 5653 inscripserat,
2228 5575 2423 5649 petitis
2449 5578 2771 5648 approbare
2791 5579 2955 5635 nisus
2974 5582 3080 5635 est.
3105 5578 3259 5634 Idem
3288 5575 3463 5632 refert

1816 5674 2073 5725 Joannes
2125 5664 2572 5723 Sarisberiensis
2603 5666 2661 5721 in
2704 5668 2966 5737 ejusdem
3020 5664 3279 5724 Anselmi
3309 5664 3458 5720 Vita.

1817 5755 2260 5830 Verum,inquit
2288 5754 2630 5825 Eadmerus,
2652 5772 2784 5812 cum
2809 5772 2901 5813 res
2924 5755 3157 5828 longius
3189 5752 3458 5827 procede-
