3962 6392
489 416 610 486 143
1799 420 1867 485 Β.
1914 420 2053 486 URI

2362 418 2452 480 PA
2463 417 2606 481 ΗΕ.
3809 413 3926 475 244

493 553 674 621 deret,
689 552 998 628 adhucque
1017 551 1328 614 Anselmus
1351 552 1411 612 in
1433 555 1624 615 ordine
1644 561 1970 615 castorei-um
1986 554 2131 612 inter
2158 557 2215 625 Α
2242 567 2310 610 ea
2331 567 2540 626 nempe
2559 567 2676 609 non
2698 551 3096 625 comparente,
3118 568 3148 609 c
3169 567 3331 609 ausis
3346 539 3640 624 judicium
3659 545 3733 604 ad
3765 544 3928 604 aliud

493 645 702 715 primos
721 645 946 702 concilii
963 647 1151 702 Patres
1180 665 1282 719 pro
1309 663 1429 702 suae
1459 648 1616 702 sedis
1639 645 1924 719 dignitate
1957 661 2162 702 conse-
2272 647 2506 714 tempus
2561 641 2808 697 dilatum
2869 646 2980 706 est,
3018 646 3084 697 ut
3116 641 3246 714 ipse
3281 639 3544 714 pontifex
3583 640 3844 706 testatur
3873 637 3928 692 in

502 732 686 805 deret,
707 732 980 791 clamavit
1000 736 1263 807 pontifex
1289 754 1302 791 :
1329 739 1498 792 Pater
1520 740 1571 790 et
1599 739 1866 804 magister
1892 736 2166 802 Anselme,
2271 730 2553 802 inscripto
2587 731 2657 784 ad
2695 729 3055 798 Casinenses,
3089 729 3245 802 quod
3291 728 3535 785 inferius
3566 725 3930 784 memorabi-

498 822 803 892 Anglorum
822 824 1244 896 archiepiscopo,
1262 826 1358 880 ubi
1377 825 1466 880 es?
1486 825 1630 890 Quid
1653 824 1856 880 statim
1901 823 2165 894 adnitenj
2271 835 2426 875 mus.

503 911 684 980 tibus,
708 913 810 984 qui
847 913 899 968 ei
928 913 1177 985 proximi
1217 918 1403 981 erant,
1434 915 1726 986 episcopis
1753 915 1822 970 ad
1858 901 2162 986 apostolicl
2378 908 2670 965 CCCXXV.
2707 910 3084 980 Privilegium
3113 911 3362 966 Ecclesiae
3402 909 3803 980 Agrigentinw.

503 1015 869 1066 consessum,
885 1005 953 1056 ut
970 1002 1150 1058 habet
1171 1001 1526 1071 Willelmus,
1549 1004 1780 1071 levatus,
1793 1005 1962 1074 juxta
1978 1000 2164 1058 archi-
2343 997 2442 1054 Dic
2473 1015 2529 1055 v1
2553 999 2690 1054 Idus
2712 999 2981 1056 Octobris
3007 999 3160 1056 Barii
3183 999 3374 1056 adhuc
3403 999 3748 1054 versabatur
3789 1013 3934 1070 pon-

505 1089 832 1146 diaconum
854 1091 1862 1166 sederejussusest.Huncpontifex,
1876 1092 2162 1147 referente
2268 1086 2432 1154 til'ex,
2465 1103 2600 1144 cum
2663 1088 2932 1146 dioecesis
2986 1089 3385 1163 Agrigentinae
3427 1088 3665 1156 limites,
3697 1091 3883 1160 prout
3911 1103 3942 1140 a

507 1179 804 1236 Eadmero
858 1180 960 1252 qui
1004 1197 1262 1252 praesens
1293 1185 1435 1248 erat,
1469 1181 1552 1238 sic
1585 1187 1723 1237 tunc
1753 1186 1842 1237 est
1899 1182 2108 1236 aﬂ‘atus
2143 1199 2156 1238 :
2268 1175 2516 1249 Rogerio
2533 1177 2745 1234 comite
2766 1178 3072 1234 constituti
3109 1179 3368 1246 fuerant,
3399 1177 3768 1234 conﬁrmavit
3801 1177 3939 1232 dato

508 1289 537 1319 «
565 1268 977 1340 Quid,quaeso,
996 1268 1168 1337 facis;
1192 1286 1298 1324 cur
1325 1270 1384 1325 in
1405 1269 1652 1326 aliorum
1685 1270 1916 1326 silentio
1945 1270 2109 1342 degis
2131 1270 2158 1324 ?
2256 1265 2607 1337 diplomate,
2626 1266 2687 1322 in
2720 1283 2836 1340 quo
2867 1267 3102 1324 Roberti
3141 1268 3312 1324 ducis
3341 1272 3400 1324 et
3431 1267 3660 1324 comitis
3695 1265 3934 1340 Rogerii

511 1356 680 1424 Veni,
715 1357 868 1425 veni,
893 1357 1170 1425 obsecro;
1205 1358 1449 1414 ascende
1479 1376 1666 1431 usque
1717 1361 1790 1415 ad
1822 1375 1928 1414 nos
1957 1363 2014 1414 et
2054 1359 2154 1415 ad-
2261 1355 2390 1426 ejus
2442 1354 2636 1412 fratris
2691 1357 2916 1428 optima
2946 1356 3006 1412 in
3055 1356 3383 1414 Ecclesiam
3449 1357 3663 1412 merita
3719 1355 3934 1412 multis

499 1445 644 1516 juva
662 1461 790 1516 nos,
805 1462 1076 1518 pugnans
1098 1463 1200 1518 pro
1225 1450 1409 1503 matre
1428 1451 1530 1502 tua
1551 1453 1609 1504 et
1630 1454 1846 1514 nostra,
1867 1449 1959 1504 cui
1983 1465 2151 1504 suam
2260 1434 2561 1520 laudibus,
2595 1450 2656 1501 et
2687 1447 2927 1517 quidem
2966 1448 3120 1518 jure,
3155 1463 3326 1520 prose
3345 1447 3562 1518 quitur.
3597 1447 3758 1502 Hanc
3805 1445 3934 1501 bul-

507 1533 908 1607 integritatem
931 1533 1092 1590 vides
1115 1536 1342 1592 Graecos
1374 1536 1518 1592 istos
1549 1537 1744 1594 conari
1786 1537 2064 1605 adimere,
2097 1539 2153 1592 et
2259 1519 2376 1588 lam
2409 1533 2588 1590 habes
2619 1535 2774 1606 apud
2806 1535 3114 1592 Bocchum
3157 1519 3492 1609 Pyrrhum,
3527 1536 3626 1592 sed
3659 1534 3936 1591 nonnihil

506 1639 614 1679 nos
633 1622 693 1678 in
717 1622 976 1696 idipsum
999 1625 1183 1688 nefas,
1213 1624 1260 1680 si
1286 1624 1530 1680 facultas
1564 1626 1648 1681 eis
1679 1626 1977 1690 tribuitur,
2007 1644 2149 1698 prse-
2258 1622 2683 1689 emendandum
2712 1622 2771 1678 in
2804 1623 2958 1680 natis
2990 1623 3412 1696 chonologicis.
3457 1625 3582 1680 Non
3645 1623 3810 1679 enim
3849 1623 3934 1677 in-

505 1711 766 1784 cipitare.
785 1713 1067 1768 Succurre
1113 1712 1294 1784 igitur
1341 1713 1510 1785 quasi
1539 1731 1668 1770 vere
1701 1732 1803 1786 pro
1834 1715 1942 1770 hoc
1971 1732 2004 1769 a
2033 1715 2148 1769 Deo
2257 1706 2434 1765 dictio
2462 1728 2582 1778 VIII.
2616 1729 2743 1784 quae
2793 1712 2872 1768 ibi
2919 1718 3178 1778 notatur.
3213 1713 3350 1770 bnic
3401 1731 3552 1769 anno
3606 1713 3888 1768 convenit
3921 1731 3932 1775 ;

506 1800 728 1858 missus
765 1800 900 1856 huc.
923 1803 1132 1867 nQuod
1164 1803 1434 1874 sequenti
1481 1803 1573 1858 die
1615 1804 1842 1876 egregie
1884 1803 2148 1874 praestitit
2253 1798 2355 1868 sed
2385 1799 2456 1853 ad
2477 1817 2779 1856 summum
2801 1803 3102 1874 septimae
3130 1819 3340 1858 mense
3378 1802 3700 1876 Septembri
3731 1808 3844 1858 aut
3865 1804 3934 1858 ab

507 1887 1167 1962 Anselmusregente,ut
1187 1890 1391 1946 scribit
1405 1891 1558 1948 idem
1578 1897 1798 1960 auctor,
1822 1909 1920 1948 cor
1947 1896 2004 1948 et
2033 1891 2142 1947 lin-
2177 1932 2222 1965 η
2250 1887 2516 1944 Octobris
2539 1889 2814 1946 initio.At
2832 1891 2926 1946 hic
2947 1907 3112 1948 error
3142 1909 3212 1948 ex
3257 1891 3722 1948 Amanuensium
3758 1891 3938 1965 c'ulpa

509 1993 688 2051 guam
717 1977 847 2050 ejus
868 1977 1086 2050 Spiritu
1120 1984 1356 2048 sancto;
1387 1985 1560 2052 atque
1608 1998 1734 2037 eam
1767 1981 2146 2053 quaestionem
2180 1975 2224 1996 "
2255 1975 2400 2031 forte
2451 1977 2693 2050 contigit
2721 1997 2734 2046 ;
2763 1979 2864 2050 qui
2895 1997 3031 2036 cum
3086 1980 3484 2037 advertissent
3539 1981 3647 2037 hoc
3697 1980 3932 2053 privile-

510 2066 595 2123 ita
627 2066 912 2134 tractavit,
933 2067 1211 2124 disseruit
1247 2069 1595 2136 absolvit,ut
1615 2070 1674 2124 in
1707 2071 1834 2142 ipso
1865 2075 2148 2126 conventu
2259 2063 2421 2138 gium
2451 2066 2626 2122 ﬁnem
2665 2067 2803 2122 anni
2829 2069 2968 2123 1099
3009 2069 3299 2140 praeferre,
3347 2069 3740 2126 indictionem
3777 2086 3933 2126 anno

513 2172 684 2212 nemo
723 2155 995 2212 existeret
1025 2157 1126 2228 qui
1169 2175 1284 2214 non
1313 2158 1425 2214 sibi
1449 2159 1582 2214 inde
1612 2159 1977 2215 satisfactum
2009 2177 2150 2214 con-
2257 2153 2482 2226 vulgari
2516 2160 2714 2228 aptare
2749 2157 3057 2213 voluerint.
3093 2159 3468 2226 At,exeunte
3493 2158 3592 2215 illo
3617 2175 3796 2227 anno,
3803 2161 3932 2232 jam

509 2245 770 2303 sentiret.
791 2249 934 2300 Cum
963 2262 1096 2301 vero
1146 2246 1376 2302 dicendi
1435 2247 1611 2303 finem
1652 2247 1884 2304 fecisset
1914 2254 2154 2306 sanctus
2262 2255 2293 2295 θ
2323 2243 2466 2300 ViVis
2505 2245 2734 2301 abierat
2791 2246 3085 2304 Urbanus-
3122 2249 3311 2314 Quare
3355 2247 3672 2305 dicendum
3728 2255 3826 2306 est
3877 2250 3934 2305 in

511 2335 778 2401 antistes,
800 2333 861 2390 in
877 2351 1011 2390 eum
1035 2335 1290 2406 pontifex
1313 2335 1622 2393 intendens
1641 2337 1739 2393 ait.
1759 2360 1786 2387 ‹‹
1811 2339 2156 2395 Benedictus
2265 2349 2333 2388 es
2362 2332 2522 2389 bulis
2555 2334 2896 2406 pontiﬁcem
2927 2335 3277 2393 adhibuisse
3317 2337 3590 2394 Barensis
3645 2339 3935 2412 regionis,

519 2423 600 2480 sit
617 2440 717 2480 cor
737 2427 794 2480 et
813 2440 1025 2480 sensus
1048 2427 1208 2490 tuus,
1227 2428 1284 2480 et
1305 2441 1370 2481 os
1391 2429 1450 2480 et
1471 2442 1662 2482 sermo
1690 2425 1808 2482 oris
1835 2427 1921 2482 tui
1954 2427 2032 2482 sit
2061 2429 2158 2482 be-
2269 2428 2329 2482 in
2363 2438 2480 2494 qua
2509 2427 2649 2478 tunc
2678 2423 3044 2493 versabatur,
3079 2425 3459 2498 computandi
3491 2427 3762 2496 modum,
3798 2446 3938 2501 quo,

515 2513 806 2570 nedictus.
839 2535 868 2563 »
901 2512 1192 2568 Craterum
1224 2511 1345 2568 haec
1377 2513 1506 2585 ipsa
1533 2520 1879 2587 argumenta
1905 2533 2033 2588 quae
2081 2517 2160 2572 ibi
2272 2514 2339 2566 ut
2359 2511 2484 2582 jam
2516 2511 2792 2580 diximus,
2825 2530 3048 2582 annus,
3083 2513 3238 2570 sicut
3258 2519 3317 2572 et
3347 2514 3607 2584 indictio,
3641 2515 3716 2572 ab
3765 2516 3937 2572 Octo-

512 2619 708 2660 coram
740 2601 1014 2658 Patribus
1033 2606 1384 2674 prosecutus
1410 2603 1598 2659 fuerat
1614 2603 1702 2658 vir
1731 2610 1990 2669 sanctus,
2011 2610 2168 2677 post-
2274 2599 2365 2654 bri
2397 2600 2534 2656 anni
2564 2599 2822 2673 vulgaris
2853 2603 3237 2674 praecedentis
3284 2603 3618 2676 incipiebat.
3643 2605 3760 2660 Alii
3819 2607 3942 2662 for-

513 2708 583 2748 ea
614 2690 961 2763 rogantibus
1032 2689 1262 2758 amicis,
1293 2695 1352 2746 et
1407 2691 1782 2764 potissimum
1836 2693 2169 2752 I-Iildeberto
2275 2692 2435 2744 tesse
2481 2688 2674 2746 dicent
2714 2691 2774 2746 in
2823 2707 2888 2747 eo
2932 2689 3264 2764 diplomate
3288 2710 3511 2750 annum
3542 2695 3614 2750 ab
3659 2695 3940 2751 Incarna-

509 2784 640 2837 tum
694 2779 1208 2835 Cenomannorum
1255 2779 1554 2852 episcOpo,
1588 2785 1653 2836 ut
1701 2787 1858 2854 patet
1887 2799 1956 2839 ex
2012 2783 2170 2840 illius
2278 2778 2529 2845 tione,id
2577 2783 2938 2836 setamense
2994 2781 3204 2838 Martio
3265 2782 3403 2838 anni
3436 2783 3846 2856 praecedentis,
3878 2783 3952 2840 ut'

510 2867 683 2940 epist.
713 2870 804 2936 22,
837 2871 894 2922 et
921 2866 1272 2924 Guillelmus
1303 2869 1583 2926 Gemetici
1632 2872 1954 2928 monachus
1999 2874 2174 2930 refert
2283 2865 2429 2922 alias
2459 2867 2679 2940 passim
2708 2867 2926 2924 factum
2959 2874 3066 2937 est.
3091 2869 3382 2941 inchoari,
3406 2872 3507 2928 sed
3537 2870 3786 2944 perinde
3823 2878 3934 2940 est.

513 2957 666 3013 libro
687 2973 762 3024 v1,
787 2958 988 3028 cap.9,
1011 2956 1376 3014 enucleatius
1399 2959 1666 3015 tractavit
1687 2959 1746 3015 in
1777 2959 1926 3018 libro
1958 2963 2174 3035 Depro-
2283 2971 2418 3012 cum
2451 2965 2698 3028 utroque
2727 2959 2898 3014 modo
2945 2964 3172 3016 constet
3227 2977 3448 3017 annum
3501 2961 3641 3017 1099
3671 2961 3778 3019 hic
3836 2980 3939 3036 pro

514 3046 753 3102 cessione
781 3045 1019 3116 Spiritus
1043 3049 1242 3113 sancti,
1278 3049 1432 3120 quod
1471 3049 1543 3104 ab
1575 3066 1641 3106 eo
1689 3051 2016 3126 praestitum
2064 3057 2174 3122 est,
2284 3043 2511 3117 vulgari
2545 3047 2681 3102 1098
2711 3050 2864 3104 recte
2894 3047 3203 3121 assignari.

514 3137 582 3190 ut
603 3133 872 3190 doctrina
901 3133 1194 3190 catholica
1208 3151 1313 3208 per
1328 3140 1518 3192 totum
1551 3139 1753 3195 orbem
1777 3139 2176 3198 Christianum
2570 3135 2889 3192 CCCXXVI.
2927 3137 3233 3194 Concilium
3269 3139 3604 3213 Burdigalae.

514 3223 872 3297 pervaderet.
908 3223 979 3279 Et
1037 3223 1275 3296 quidem
1332 3242 1464 3280 cum
1497 3231 1706 3298 postea
1734 3245 1767 3283 a
1803 3229 2178 3286 Waleramno
2361 3222 2422 3278 In
2444 3223 2646 3280 Galliis
2689 3225 2892 3280 eodem
2937 3241 3157 3295 mense,
3179 3244 3242 3282 ιιι
3285 3226 3509 3284 scilicet
3536 3227 3736 3286 Nonas
3767 3230 3938 3287 Octo—

517 3313 790 3386 episcopo
827 3311 1188 3386 Neburgensi
1222 3313 1293 3370 de
1334 3313 1450 3370 illis
1499 3316 1919 3387 quaestionibus
1966 3318 2174 3374 fuisset
2202 3299 2244 3366 C
2281 3311 2425 3380 bris,
2446 3313 2690 3369 Amatus
2712 3313 3040 3384 apostolicae
3063 3315 3220 3370 sedis
3259 3314 3316 3370 in
3357 3316 3672 3388 Aquitania
3701 3315 3939 3392 legatus

517 3401 936 3474 interrogatus,
952 3401 1108 3458 hunc
1126 3401 1646 3461 adillostractatus
1660 3407 2173 3478 remisitpontifex.
2285 3399 2597 3456 concilium
2619 3400 2826 3456 habuit
2855 3402 3204 3476 Burdigalae,
3237 3405 3408 3476 cuius
3441 3405 3605 3461 urbis
3634 3410 3785 3464 tunc
3817 3413 3940 3464 erat

526 3491 652 3555 Qua
666 3489 970 3546 occasione
994 3506 1088 3546 res
1111 3491 1502 3548 admiratione
1533 3494 1712 3566 digna
1741 3495 2006 3568 contigit,
2025 3497 2179 3568 quod
2285 3489 2756 3563 arChiepiscopus
2782 3508 2794 3558 ;
2819 3491 2891 3547 ad
2913 3492 3068 3563 quod
3101 3491 3441 3548 convenisse
3471 3509 3604 3549 cum
3637 3509 3704 3550 eo
3731 3496 3940 3552 dicun-

523 3579 746 3635 scilicet
760 3577 916 3634 hunc
939 3578 1279 3652 episcopum
1295 3581 1612 3653 nequidem
1641 3599 1803 3638 more
1823 3583 1994 3640 solito
2017 3584 2175 3641 salu-
2283 3581 2381 3634 tur
2435 3578 2730 3636 Rolandus
2765 3579 3054 3646 Dolensis,
3088 3580 3292 3637 Petrus
3331 3581 3708 3654 Aginnensis,
3745 3590 3806 3640 et
3838 3585 3938 3640 alii

521 3666 635 3724 tari
688 3665 943 3724 voluerit
995 3667 1330 3735 Anselmus,
1363 3669 1436 3725 ob
1465 3669 1523 3725 id
1557 3669 1748 3726 solum
1783 3673 1940 3744 quod
1985 3673 2174 3730 adhuc
2281 3667 2642 3725 diversarum
2677 3668 3107 3740 prOVinciaI‘um
3137 3669 3414 3742 episcopi.
3447 3672 3554 3728 Sed
3589 3673 3733 3744 quid
3771 3673 3837 3730 in
3870 3691 3934 3731 eo

521 3771 659 3813 eum
687 3755 949 3812 crederet
1009 3756 1357 3814 Henrieiano
1413 3757 1722 3815 schismati
1755 3760 2076 3828 addictum,
2107 3767 2174 3819 ut,
2282 3761 2789 3828 statutum,quave
2809 3757 3112 3812 occasione
3133 3763 3517 3815 convocatum
3541 3759 3738 3829 fuerit,
3762 3762 3939 3836 plane

521 3845 772 3918 ipsemet
791 3848 1058 3901 testatur.
1086 3844 1317 3902 Videsis
1340 3847 1470 3918 ejus
1491 3847 1770 3920 epistolas
1801 3866 1904 3905 seu
1929 3867 2172 3923 respon-
2279 3843 2708 3917 incompertum
2741 3848 2848 3900 est-
2881 3845 2994 3900 Nec
3025 3845 3196 3918 plura
3245 3844 3422 3903 habet
3476 3849 3601 3921 ipse
3658 3851 3938 3910 Labbeus

523 3932 720 3989 siones
738 3933 810 3988 ad
825 3933 996 3990 istius
1013 3933 1366 3991 Waleramni
1403 3937 1754 4008 quastiones
1774 3943 1832 3993 et
1863 3941 2129 4010 querelas
2155 3960 2168 4010 ;
2279 3937 2438 3988 temo
2459 3933 2504 3988 Χ
2536 3931 2954 3988 GonciIiOI‘um-

523 4037 632 4078 nos
659 4037 794 4078 vero
817 4038 942 4094 quae
969 4021 1029 4078 in
1061 4024 1284 4098 synodo
1314 4028 1484 4096 gesta
1513 4031 1652 4082 sunt
1681 4026 1915 4084 interim
1974 4045 2169 4102 prose-
2493 4021 2830 4078 CCCXXVH-
2869 4021 3114 4079 Urbanus
3143 4025 3442 4082 Benevento
3477 4029 3694 4083 transit.

531 4127 803 4184 quamur.
2355 4109 2624 4166 Urbanus
2645 4126 2774 4166 vero
2805 4115 2938 4182 post
2991 4113 3283 4184 synodum
3329 4114 3642 4172 Barensem
3679 4116 3934 4176 Romam

593 4199 848 4256 Ventum
879 4203 969 4256 est
995 4199 1194 4273 itaque
1217 4201 1288 4257 ad
1313 4217 1554 4258 causam
1576 4203 1839 4260 Anselmi
1863 4222 1996 4260 cum
2026 4205 2168 4262 W11-
2277 4199 2506 4256 rediens
2535 4199 2857 4256 Benevento
2885 4199 3177 4269 transivit,
3209 4202 3308 4258 ubi
3341 4203 3674 4276 Cinglensis
3723 4223 3938 4264 mona-

523 4286 702 4344 lelmo
747 4287 1071 4362 Anglorum
1130 4305 1283 4362 rege,
1308 4306 1488 4361 quam
1519 4307 1654 4347 cum
1685 4294 1942 4364 pontifex
1971 4311 2168 4351 coram
2276 4287 2436 4344 sterii
2489 4303 2624 4344 cum
2681 4287 3113 4357 Casinensibus,
3145 4291 3247 4362 qui
3304 4289 3448 4348 illud
3482 4292 3593 4350 sibi
3644 4293 3943 4368 subjicere

525 4393 692 4432 sacro
718 4381 1003 4434 conventu
1035 4394 1102 4432 ac
1124 4377 1320 4435 illatas
1341 4379 1508 4436 beato
1528 4381 1651 4436 viro
1690 4381 1937 4453 injurias
1974 4382 2168 4456 palam
2275 4375 2567 4448 volebant,
2601 4376 2761 4434 litem
2811 4377 3086 4435 dirimere
3139 4380 3542 4445 constitueret.
3577 4382 3822 4454 scriptis
3877 4400 3943 4440 eo

521 4466 910 4540 exposuisset,
929 4466 1247 4523 clamatum
1279 4471 1368 4524 est
1398 4469 1470 4524 ab
1501 4470 1776 4526 omnibus
1805 4471 2167 4528 Willelmum
2278 4465 2473 4522 animo
2505 4466 2577 4522 ad
2610 4465 2973 4522 abbatissam
3031 4468 3160 4538 ejus
3205 4469 3544 4525 monasterii
3605 4469 3848 4540 litteris,
3882 4478 3948 4527 ut

524 4571 722 4628 regem
746 4555 899 4612 beati
921 4555 1072 4612 Petri
1092 4554 1286 4629 gladio
1307 4557 1635 4614 feriendum
1657 4575 1824 4616 esse:
1860 4560 1961 4616 sed
2006 4561 2062 4616 id
2097 4579 2169 4618 ne
2277 4572 2514 4612 causam
2565 4573 2732 4612 suam
2793 4560 2997 4610 actura
3054 4573 3391 4629 comparere
3435 4574 3630 4614 coram
3663 4575 3729 4615 eo
3781 4561 3945 4616 ultra

521 4644 690 4700 ﬁeret
735 4643 896 4702 solus
953 4645 1267 4702 Anselmus
1297 4646 1544 4702 obstitit.
1578 4648 1816 4704 Audiens
1867 4651 2016 4706 enim
2057 4649 2170 4706 haec
2201 4667 2247 4732 Β
2277 4661 2394 4700 non
2452 4645 2726 4701 differret.
2757 4645 2866 4700 Sed
2921 4649 3118 4700 tamen
3163 4647 3340 4702 etiam
3389 4651 3532 4702 tunc
3563 4663 3656 4703 res
3714 4648 3940 4706 infecta

523 4733 614 4790 vir
642 4738 902 4802 sanctus,
935 4734 1020 4790 uti
1066 4733 1389 4791 Eadmerus
1437 4741 1654 4802 narrat,
1699 4743 1756 4793 et
1799 4739 2173 4796 consentiunt
2281 4733 2580 4800 remansit.
2604 4737 2668 4788 ut
2698 4734 2824 4806 ipsc
2853 4734 3111 4805 Pontich
3156 4735 3348 4792 quius
3381 4737 3621 4808 exponit
3648 4736 3709 4792 in
3743 4738 3941 4812 diplo-

526 4821 716 4878 caeteri
746 4821 967 4896 Anglia;
1002 4822 1335 4894 scriptores,
1350 4824 1501 4880 illico
1533 4827 1795 4894 surrexit,
1817 4830 1870 4882 et
1887 4829 2048 4898 ﬂexis
2077 4847 2168 4898 ge-
2280 4827 2434 4878 mate
2455 4823 2580 4894 jam
2603 4819 2858 4891 laudato,
2879 4822 3034 4894 quod
3073 4839 3180 4878 suo
3231 4823 3356 4879 loco
3379 4825 3678 4880 referetur.
3707 4826 3938 4885 Ibidem

527 4910 689 4966 nibus
715 4927 899 4968 coram
921 4928 1070 4984 papa
1095 4913 1392 4983 praefatum
1423 4929 1605 4981 regem
1625 4917 1747 4984 jam
1777 4925 1906 4971 tunc
1954 4933 2170 4974 accom—
2277 4912 2339 4966 in
2367 4911 2720 4968 monasterio
2763 4911 2988 4967 Sanctae
3011 4911 3260 4983 Sophiae,
3295 4913 3394 4968 ubi
3428 4913 3574 4970 forte
3604 4914 3935 4987 hospitium

523 5001 810 5056 manicarc
826 5008 1042 5072 parato,
1062 5001 1158 5054 vix
1175 5000 1412 5056 obtinuit
1433 5018 1502 5056 ne
1521 5003 1579 5056 in
1609 5019 1794 5071 regem
1806 5007 2012 5076 faceret
2033 5008 2172 5078 quod
2279 5001 2551 5068 habebat,
2587 5017 2827 5056 causam
2859 5001 3126 5071 siuetlem
3181 4999 3293 5058 100i
3346 5002 3597 5072 abbatis},
3631 5003 3729 5076 qui
3765 5007 3934 5063 Casi-

525 5089 831 5144 commum's
859 5091 1107 5144 omnium
1133 5092 1401 5144 sententia
1426 5092 1815 5161 promulgavit.
2281 5090 2442 5146 nens‘i
2477 5090 2670 5145 abbati
2721 5089 2958 5144 obedire
3006 5089 3384 5160 detrectabat,
3418 5093 3792 5158 examinavit,
3831 5097 3934 5152 sed

597 5177 679 5232 Ex
707 5177 923 5233 Urbani
957 5175 1202 5248 epistola
1237 5178 1309 5232 ad
1358 5180 1647 5236 Ansonem
1701 5181 2167 5240 Beneventanum
2282 5197 2396 5234 non
2451 5179 2718 5234 absolvit.
2777 5179 3001 5234 Etenim
3062 5179 3236 5250 paulo
3292 5185 3424 5252 post
3471 5181 3564 5237 die
3614 5197 3831 5256 nempe
3880 5202 3941 5240 Ill

527 5265 834 5322 dominum
869 5267 1024 5333 data,
1049 5264 1329 5322 discimus
1361 5267 1678 5325 monachos
1708 5272 2050 5329 Casinenses
2103 5276 2174 5330 ad
2285 5269 2481 5324 Nonas
2527 5267 2866 5323 Novembris
2925 5268 3224 5340 sequentis
3280 5286 3414 5326 cum
3445 5271 3723 5342 Ceperani
3752 5279 3937 5341 esset;

528 5354 681 5410 idem
743 5349 1060 5411 concilium
1090 5354 1338 5422 venisse,
1372 5359 1438 5410 ut
1471 5360 1893 5416 monasterium
1955 5363 2175 5420 Sanctae
2285 5357 2520 5430 scripsit
2539 5359 2610 5413 ad
2633 5365 2931 5412 Ansonem
2955 5357 3262 5414 Beneventi
3286 5359 3592 5416 dominum
3615 5364 3698 5427 ut,
3714 5362 3941 5418 auditis

527 5441 758 5515 SoPhice
811 5441 1282 5499 Beneventanum
1339 5443 1452 5499 sibi
1509 5453 1852 5506 assercrent.
1887 5451 1996 5508 Sed
2039 5469 2174 5508 cum
2285 5447 2572 5522 partibus,
2617 5445 2780 5500 litem
2811 5445 2962 5500 hanc
3002 5444 3370 5516 dijudicaret,
3404 5452 3506 5504 aut
3538 5449 3585 5505 si
3617 5447 3766 5506 forte
3816 5468 3943 5508 mo-

527 5533 656 5603 ejus
678 5530 786 5586 loci
811 5531 992 5587 abbas
1015 5532 1258 5588 concilio
1285 5551 1344 5590 se
1375 5534 1787 5607 subtraxisset,
1819 5539 2174 5598 lisindeeisa
2285 5535 2456 5594 nachi
2513 5539 2736 5588 Sanctae
2789 5532 3018 5605 Sophiaa
3078 5550 3275 5592 coram
3331 5552 3418 5605 eo,
3447 5541 3648 5610 utpote
3693 5537 3942 5597 homine

529 5621 828 5675 remansit.
853 5619 1053 5676 Parem
1079 5623 1296 5678 exitum
1319 5623 1404 5678 ibi
1445 5622 1652 5680 habuit
1691 5627 1870 5684 altera
1899 5629 2173 5686 Casinen-
2285 5621 2570 5688 saeculari,
2608 5638 2673 5678 ea
2705 5622 2776 5676 de
2831 5639 2890 5677 Pe
2937 5625 3288 5695 respondere
3321 5625 3633 5696 nciuci'int,
3667 5627 3823 5683 diem
3848 5629 3938 5685 eis

527 5710 681 5765 sium
709 5713 1100 5768 controversia
1115 5714 1390 5770 adversus
1404 5713 1770 5787 Ginglensem
1791 5719 2170 5787 abbatissam,
2285 5715 2460 5781 dicat,
2481 5727 2598 5784 quo
2622 5710 2866 5769 Romam
2900 5714 3273 5772 convenirent
3293 5733 3326 5772 a
3343 5716 3536 5790 seipso
3557 5719 3936 5786 sententiam,

2224 6365 2240 6377 ._
2259 6363 2474 6377 vﬁ'E-VDJ
2504 6372 2530 6376 ,-
