3962 6370
158 384 281 452 245

1760 389 1937 458 Vl'l‘A
1952 434 1967 455 .

3448 394 3575 467 246

159 522 491 597 accepturi;
538 520 656 583 Hoc
684 525 776 584 est
803 521 1020 584 Urbani
1051 518 1398 602 rescriptum
1423 522 1549 600 jam
1580 523 1802 600 passim
1831 527 1888 596 Α
1917 522 2225 599 memorat)
2255 525 2327 584 de
2356 522 2614 601 primatu
2645 523 3040 602 L‘ugdunensi,
3075 543 3202 600 quas
3234 526 3430 585 omnia
3458 526 3574 586 sibi

159 613 492 686 laudatum,
544 616 698 690 quod
732 615 823 673 die
853 616 887 672 3
931 616 1294 685 Novembris,
1328 620 1386 673 et
1417 616 1653 689 quidem
1701 616 1811 672 hoc

162 721 319 762 anno
349 705 816 780 consignandum
829 722 976 775 esse,
1007 723 1074 761 ex
1087 705 1379 763 mentione
1394 706 1663 762 Barensis
1685 723 1813 761 con-

163 793 281 851 silii
313 811 492 868 nuper
520 794 816 864 celebrati,
848 799 1003 851 certo
1034 793 1348 867 colligitur.

263 884 636 941 CCCXXVIII.
659 887 839 941 Romae
866 886 1057 940 scribit
1074 900 1176 957 pro
1213 884 1711 941 Vindocinensibus.

236 973 524 1029 Reversus
555 973 799 1029 Romam
830 971 1121 1040 Urbanus,
1140 971 1250 1027 sub
1274 972 1449 1027 ﬁnem
1472 970 1814 1027 Novembris

159 1060 469 1135 privilegia
496 1060 945 1117 Vindocinensis
976 1060 1317 1116 monasterii
1338 1059 1704 1115 conﬁrmavit
1722 1075 1815 1114 va-

160 1149 268 1207 riis
293 1149 734 1223 diplomatibus,
767 1166 893 1222 quae
933 1148 1132 1205 omnia
1179 1165 1296 1205 uno
1344 1149 1665 1220 eodemque
1721 1148 1814 1205 die

159 1240 300 1295 data
327 1239 609 1295 dicuntur
633 1256 646 1308 ;
678 1238 833 1295 unde
849 1237 1194 1311 conjicimus
1226 1238 1527 1293 Gofridum
1546 1237 1812 1309 ejusdem

158 1327 272 1385 loci
301 1327 594 1397 abbatem,
630 1327 730 1400 qui
744 1343 959 1401 magna
971 1326 1126 1399 apud
1146 1326 1447 1382 Urbanum
1469 1325 1815 1383 auctoritate

160 1416 440 1489 pollebat,
476 1422 611 1472 tunc
640 1417 923 1490 tomporis
945 1416 1140 1472 Roma
1191 1420 1488 1470 versatum
1539 1415 1722 1471 fuisse
1751 1414 1810 1469 in

161 1523 272 1563 suo
304 1507 527 1563 Sanctae
558 1504 764 1561 Priscae
796 1504 988 1572 titulo,
1023 1505 1123 1560 ubi
1170 1504 1631 1560 Vindocinenses
1688 1521 1811 1559 mo-

161 1595 336 1654 nachi
368 1594 669 1663 habitant;
703 1593 803 1667 qui
851 1594 974 1650 haec
1005 1593 1203 1649 omnia
1237 1592 1540 1667 privilegia
1584 1592 1750 1649 facile
1783 1581 1816 1648 a

160 1684 436 1758 pontiﬁce
466 1683 780 1756 impetrare
813 1683 1102 1756 potuerit;
1135 1700 1247 1738 non
1274 1699 1389 1738 uno
1407 1682 1643 1755 quidem
1665 1700 1816 1738 com-

157 1773 449 1848 prehensa
468 1772 804 1846 diplomate,
838 1773 994 1844 quod
1026 1773 1097 1827 ad
1129 1771 1289 1827 varia
1319 1770 1815 1844 negotiapertine-

160 1865 314 1927 rent,
347 1865 403 1917 et
420 1860 614 1933 potius
625 1863 883 1916 veterum
897 1860 1368 1916 conﬁrmationes
1381 1877 1507 1932 quae
1514 1860 1639 1931 jam
1653 1860 1710 1914 in
1726 1860 1812 1915 di-

158 1950 346 2007 versis
374 1949 667 2022 rescriptis
681 1948 1064 2017 habebantur,
1086 1966 1264 2021 quam
1283 1965 1565 2005 novorum
1587 1948 1812 2022 privile-

156 2039 808 2115 giorumconcessiones
829 2038 1213 2095 essent.Unde
1227 2038 1527 2110 complura
1544 2039 1805 2109 ejusdem

160 2130 344 2186 ferme
354 2124 657 2197 tenoris,et
667 2128 904 2201 quidem
919 2145 1036 2183 una
1049 2128 1317 2184 eteadem
1331 2127 1807 2195 die,utdiximus,

162 2219 300 2275 data
348 2220 680 2274 occurrunt.
739 2218 999 2282 Quatuor
1055 2216 1345 2288 ejusmodi
1394 2234 1463 2272 ex
1505 2216 1808 2272 Vindocini

162 2307 415 2365 archivis
443 2306 740 2374 eruimus;
774 2305 1049 2379 quintum
1081 2305 1206 2379 ipse
1236 2305 1528 2362 Goﬂ'ridus
1543 2306 1811 2378 suppedi-

161 2400 249 2454 tat
276 2395 339 2452 in
369 2394 713 2469 epistola27
752 2393 887 2451 libri
931 2412 1009 2451 u:
1043 2412 1170 2468 quae
1228 2394 1427 2451 omnia
1454 2394 1514 2450 in
1574 2395 1806 2467 pontiﬁ-

160 2484 387 2542 ciarum
416 2483 798 2558 epistolarum
828 2482 1164 2539 collectione
1195 2484 1539 2540 referentur.

157 2590 492 2650 CCCXXIX.
553 2592 733 2648 Romae
807 2589 1082 2718 Gziridus
1140 2592 1382 2675 loquitur
1447 2592 1512 2646 de
1566 2592 1807 2663 episcOpo

789 2667 827 2718 A
943 2679 1184 2718 aavensz.

789 2665 1184 2732 Andegavensi.

226 2752 312 2809 Ad
343 2752 453 2809 hoc
481 2750 679 2819 etiam,
712 2750 771 2806 ni
814 2749 1004 2818 fallor,
1037 2751 1372 2807 Romanum
1429 2750 1666 2807 Goii'ridi
1702 2751 1809 2808 iter

157 2841 551 2900 revocandum
579 2843 689 2909 est,
739 2840 895 2913 quod
928 2839 1025 2895 ille
1074 2840 1144 2895 de
1174 2840 1367 2912 seipso
1426 2842 1598 2895 refert
1652 2840 1754 2896 lib.
1789 2858 1807 2896 1

153 2931 328 3005 epist.
358 2932 429 2985 28
455 2930 529 2985 ad
562 2930 863 3003 Hugonem
886 2992 890 2995 _
914 2930 1387 3003 Lugdunensem,
1444 2929 1542 2985 ubi
1594 2929 1808 2985 fatetur

154 3038 219 3078 se
245 3038 281 3076 a
307 3037 460 3093 papa
486 3019 558 3075 de
587 3019 874 3075 Gaufredo
903 3019 1345 3092 Andegavorum
1392 3018 1683 3092 episcopo,
1716 3018 1804 3074 in-

156 3115 535 3183 terrogatum,
568 3107 835 3182 quaedam
866 3108 937 3163 de
967 3107 1065 3163 illo
1117 3107 1376 3162 antistite
1422 3107 1532 3179 ipsi
1565 3107 1803 3175 dixisse,

1922 614 2161 673 omnino
2192 616 2441 674 invicem
2455 615 2759 674 cohaerent.
2784 616 2815 675 J
2822 633 2916 674 am
2947 632 3081 674 vero
3095 633 3230 673 cum
3243 615 3364 675 haec
3384 617 3574 676 Ivonis

1922 706 2173 779 epistola
2200 710 2399 763 octavo
2432 708 2560 779 ejus
2592 708 2961 780 episcopatus
2989 725 3140 764 anno
3158 707 3490 776 inchoante,
3509 712 3577 764 ut

1919 795 2170 869 ipsemet
2199 800 2468 865 testatur,
2501 796 2674 869 paulo
2707 800 2840 869 post
2870 797 3085 853 festum
3101 796 3324 853 Natalis
3358 796 3573 854 Christi

1922 885 2140 957 scripta
2165 886 2361 953 fuerit,
2394 885 2721 942 necessario
2740 886 2811 941 ad
2826 886 2963 942 anni
2986 886 3126 941 1099
3140 886 3328 953 initia,
3347 890 3412 942 ut
3425 885 3570 944 alias

1922 974 2202 1040 diximus,
2262 974 2434 1030 debet
2491 975 2769 1043 revocari,
2819 992 2885 1031 ac
2942 975 3185 1048 proinde
3240 976 3415 1033 etiam
3444 975 3575 1049 ipsa

1926 1062 2168 1119 Goifridi
2200 1064 2466 1135 epistola.
3368 1106 3373 1109 .

2078 1152 2373 1208 CCCXXX.
2404 1153 2693 1225 Philippus
2724 1169 2823 1209 rex
2846 1155 3042 1209 iterum
3074 1154 3407 1211 interdictas.

1992 1244 2271 1296 Caeterum
2331 1258 2397 1297 ex
2456 1242 2659 1298 eadem
2707 1242 2899 1297 Ivonis
2949 1241 3196 1315 epistola
3238 1243 3571 1317 colligimus

1921 1329 2259 1401 Philippum
2280 1346 2475 1403 regem
2508 1330 2761 1385 Franciae
2793 1335 2925 1403 post
2948 1348 3116 1387 suam
3152 1332 3571 1409 reconciliatio-

1922 1434 2054 1474 nem
2090 1418 2243 1474 haud
2276 1418 2375 1473 diu
2412 1419 2466 1473 in
2481 1419 2820 1491 poenitentia
2831 1436 3252 1491 perseverasse,
3272 1422 3565 1493 siquidem

1922 1507 2137 1562 iterum
2168 1507 2275 1563 hoc
2306 1525 2458 1563 anno
2488 1508 2559 1562 ob
2592 1512 2918 1563 rcvocatam
2949 1509 3287 1565 Bertradam
3319 1528 3353 1566 a
3382 1509 3572 1583 legato

1924 1596 2240 1668 apostolico
2267 1596 2449 1652 sacris
2482 1596 2826 1652 intcrdictus
2856 1600 2964 1652 est.
2999 1598 3124 1661 Qua
3154 1601 3346 1654 tamen
3391 1598 3572 1655 inter-

1924 1684 2175 1741 dictione
2208 1684 2540 1757 posthabita
2560 1685 2846 1741 Rodulfus
2860 1686 3157 1742 Turonum
3180 1686 3574 1761 archiepisco-

1924 1792 2036 1847 pus
2067 1774 2115 1829 ei
2148 1791 2421 1829 coronam
2453 1773 2510 1828 in
2539 1773 2731 1830 Natali
2767 1774 2997 1830 Domini
3027 1775 3329 1848 imponere
3350 1777 3572 1834 veritus

1925 1880 2039 1919 non
2070 1866 2177 1929 est,
2208 1868 2273 1917 ut
2302 1879 2369 1918 ex
2399 1863 2601 1918 eadem
2634 1863 2824 1919 Ivonis
2857 1862 3102 1935 epistola
3121 1870 3176 1920 et
3208 1860 3471 1936 sequenti
3498 1867 3569 1921 ad

1920 1952 2224 2024 Hugonem
2258 1952 2704 2024 Lugdunensem
2737 1954 2910 2024 patet.
2945 1952 3091 2007 Hinc
3107 1952 3316 2026 colligo
3336 1951 3394 2008 id
3413 1954 3568 2024 quod

1918 2038 2133 2111 legitur
2160 2039 2219 2095 in
2253 2040 2504 2111 quadam
2530 2040 2733 2096 charta
2752 2040 3568 2109 SanctiJulianiTuronensis,

1919 2128 2255 2201 Philippum
2287 2145 2438 2184 anno
2469 2130 2596 2183 1091
2617 2129 2846 2184 Rodulfi
2860 2129 3281 2203 archiepiscopi
3295 2131 3570 2187 manibus

1920 2216 2171 2273 Turonis
2201 2234 2472 2273 coronam
2507 2218 2859 2290 suscepisse,
2893 2222 2996 2274 aut
3025 2236 3153 2276 esse
3198 2220 3574 2292 mendosum,

1921 2310 2046 2373 aut,
2079 2306 2233 2378 quod
2265 2305 2646 2363 verisimilius
2698 2311 2807 2375 est,
2860 2308 2932 2363 de
2962 2306 3076 2364 alia
3119 2309 3384 2379 ejusdem
3420 2309 3575 2382 regis

1919 2395 2289 2450 coronatione
2321 2394 2807 2469 debereintelligi.
2826 2397 3011 2469 Reges
3042 2396 3410 2469 quippetunc
3429 2402 3576 2454 tem-

1919 2484 2075 2555 poris
2106 2483 2166 2539 in
2199 2484 2430 2557 magnis
2488 2483 2959 2541 solemnitatibus
3003 2485 3076 2539 ab
3129 2486 3568 2560 archiepisc0po

1918 2572 2191 2629 Remensi
2223 2573 2271 2628 si
2303 2589 2557 2645 praesens
2588 2577 2760 2640 esset,
2789 2577 2892 2628 aut
2919 2590 2985 2629 eo
3016 2574 3275 2643 absente,
3295 2592 3330 2630 a
3353 2574 3568 2631 didice-

1919 2678 2062 2718 sano
2089 2661 2557 2734 metropolitano,
2591 2667 2692 2717 aut
2742 2662 2946 2734 quovis
3003 2661 3116 2718 alio
3165 2662 3288 2735 qui,
3324 2663 3570 2735 jubente

1917 2766 2071 2824 rege,
2107 2750 2414 2806 Remensis
2446 2751 2600 2806 vices
2626 2751 2954 2823 supplebat,
2991 2750 3258 2808 solebant
3278 2753 3563 2809 coronari.

1917 2839 2301 2895 Interdictum
2334 2844 2529 2895 autem
2564 2857 2598 2895 a
2627 2839 2816 2913 legato
2847 2841 2906 2895 in
2940 2856 3137 2913 regem
3165 2840 3345 2897 latam
3362 2842 3434 2898 ab
3465 2842 3570 2899 Ur-

1915 2929 2066 2985 bano
2127 2930 2537 2985 conﬁrmatum
2580 2928 2761 2984 fuisse
2807 2928 3002 2984 innuit
3031 2930 3127 2985 lvo
3167 2929 3338 3003 epist.
3393 2932 3463 2986 84
3493 2931 3565 2987 ad

1913 3018 2199 3073 Joannem
2232 3016 2753 3090 alterumlegatum
2785 3021 2840 3073 et
2853 3017 3419 3090 cardinalem,paulo
3437 3024 3571 3092 post

1915 3106 2153 3163 Urbani.
2195 3106 2421 3161 obitum
2452 3107 2524 3160 At
2553 3106 2704 3161 hanc
2745 3105 2988 3161 secundi
3019 3105 3313 3162 interdicti
3337 3111 3570 3164 senten-

157 3216 287 3272 q‘um
317 3197 646 3271 pontiﬁcem
681 3196 866 3252 celare
896 3212 1013 3252 non
1043 3200 1327 3269 poterant.
1363 3198 1429 3252 Et
1453 3197 1692 3269 quidem
1737 3213 1805 3253 ea
1852 3269 1878 3272 ι
1912 3195 2053 3251 tiam
2080 3200 2214 3251 ante
2245 3195 2419 3250 ﬁnem
2453 3195 2589 3250 anni
2620 3196 2756 3249 1097
2788 3195 2911 3250 dari
2944 3212 3058 3251 non
3090 3196 3352 3268 potuisse
3373 3213 3442 3253 ex
3462 3197 3565 3253 Ur-

136 3269 279 3363 non
308 3269 454 3343 levis
474 3285 764 3341 momenti
796 3283 998 3353 fuisse,
1031 3301 1100 3340 ex
1129 3283 1238 3340 hoc
1269 3283 1619 3357 colligimus,
1654 3287 1808 3358 quod
1839 3269 1882 3337 C
1920 3284 2054 3340 bani
2072 3284 2352 3357 rescripto
2368 3284 2437 3339 ad
2453 3284 2780 3339 Manassem
2799 3284 3155 3340 Remensem
3170 3285 3242 3340 de
3264 3301 3377 3357 quo
3390 3302 3571 3358 supra

155 3374 334 3450 paulo
363 3379 498 3449 post
524 3373 679 3430 idem
710 3374 1035 3431 Gaufredus
1079 3377 1352 3429 monente
1399 3374 1631 3430 Urbano
1683 3375 1801 3447 epi-

161 3467 404 3537 scopatu
436 3463 680 3520 cesserit
708 3463 896 3519 factus
926 3462 1252 3519 monachus
1277 3462 1698 3532 Cluniacensis,
1719 3463 1805 3518 uti

159 3571 231 3611 ex
258 3553 542 3611 Chronico
600 3556 653 3608 S.
684 3550 879 3608 Albini
921 3552 1308 3609 observarunt
1356 3551 1705 3607 Sirmondus
1747 3551 1806 3607 in

159 3641 316 3700 notis
346 3641 418 3698 ad
449 3640 618 3714 epist.
652 3641 676 3697 l
713 3639 815 3696 lib.
853 3657 912 3695 III
950 3639 1217 3711 ejusdem
1267 3640 1527 3708 Goll'ridi,
1560 3644 1619 3697 et
1647 3640 1809 3696 Jure-

157 3736 259 3789 tus
289 3732 347 3786 in
377 3728 656 3803 epistolas
686 3728 879 3785 Ivonis
912 3728 1308 3785 Carnotensis.

232 3821 391 3877 Idem
422 3818 716 3876 Goﬂ'ridus
744 3818 1177 3890 tunctemporis
1191 3818 1588 3875 defensionem
1610 3835 1807 3875 susce-

160 3909 250 3984 pit
278 3907 471 3965 Ivonis
499 3907 808 3964 Carnoteni
839 3905 1116 3980 episcopi,
1150 3923 1323 3979 quem
1360 3907 1625 3963 nonnulli
1653 3908 1807 3980 apud

159 3998 464 4055 Urbanum
477 4013 689 4069 papam
703 3995 1204 4052 insimulavera'nt.
1220 3996 1344 4051 Huc
1368 3997 1525 4051 enim
1556 3996 1808 4052 revocari

161 4087 374 4144 debere
402 4103 519 4142 non
546 4084 749 4143 dubito
778 4103 846 4143 ea
861 4102 987 4159 quae
1009 4086 1134 4159 ipse
1162 4085 1455 4141 Goii'ridus
1482 4085 1718 4158 scripsit
1740 4086 1811 4141 de

161 4176 269 4233 illa
294 4175 663 4232 accusatione
689 4174 839 4232 libro
869 4193 931 4243 ιι,
974 4175 1143 4248 epist.
1198 4176 1284 4243 18,
1318 4175 1604 4248 quidquid
1658 4175 1813 4230 dicat

161 4265 533 4323 Sirmondus.
569 4264 669 4338 qui
683 4263 1149 4337 hancepistolam
1181 4264 1253 4319 ad
1284 4263 1585 4319 Paschalis
1606 4264 1809 4319 litem-

161 4371 280 4429 pus
311 4353 600 4426 pertinere
625 4353 686 4408 in
716 4352 842 4410 suis
872 4353 1025 4410 notis
1055 4352 1369 4409 contendit.
1407 4356 1569 4408 Certe
1598 4352 1648 4408 si
1692 4352 1813 4408 haec

162 4441 409 4501 Goifridi
439 4441 684 4515 epistola
713 4441 890 4498 simul
920 4442 1254 4498 conferatur
1282 4458 1415 4497 cum
1455 4441 1703 4513 epistola
1745 4443 1815 4496 67

162 4531 356 4591 Ivonis
387 4532 459 4588 ad
481 4531 781 4587 Urbanum
804 4531 997 4603 ipsum
1018 4530 1185 4585 initio
1199 4529 1336 4586 anni
1366 4531 1666 4603 sequentis
1678 4530 1814 4586 scri-

1917 3373 2056 3427 1098
2085 3377 2241 3428 certo
2273 3371 2467 3446 colligi
2516 3376 2728 3444 potest.
2790 3371 3005 3445 Regem
3063 3389 3196 3429 vero
3229 3372 3280 3429 ei
3331 3391 3446 3430 non
3474 3392 3572 3446 pa-

1916 3462 2106 3518 ruisse
2135 3461 2418 3517 discimus
2451 3477 2585 3515 cum
2617 3478 2683 3515 ex
2726 3460 3004 3533 predicta
3054 3462 3247 3518 Ivonis
3299 3462 3569 3535 epistola,

1918 3554 2042 3607 tum
2072 3565 2141 3604 ex
2170 3549 2241 3605 iis
2272 3567 2399 3622 quae
2430 3549 2488 3603 in
2521 3549 2764 3604 concilio
2796 3549 3137 3605 Pictaviensi
3168 3554 3369 3622 postea
3398 3555 3564 3623 gesta

1917 3644 2074 3697 sunt.
2107 3641 2269 3695 Certe
2302 3639 2631 3709 frequentes
2646 3637 2824 3693 fuisse
2838 3636 3092 3710 Philippi
3116 3639 3269 3710 regis
3295 3637 3498 3711 lapsus
3511 3644 3569 3695 et

1918 3729 2184 3802 relapsus
2212 3726 2489 3783 indicavit
2535 3726 2850 3782 Guibertus
2885 3725 2986 3781 lib.
3021 3727 3149 3782 I.De
3196 3727 3567 3800 pignoribus,

1918 3835 2021 3877 ss..
2056 3835 2180 3890 cap.
2216 3818 2266 3885 1,
2298 3816 2397 3870 ubi
2426 3814 3046 3888 observatPhilippum
3063 3831 3258 3889 regem
3287 3817 3574 3874 curanda-

1919 3909 2124 3964 derum
2179 3905 2502 3977 scopharum
2554 3907 2700 3961 circa
2745 3905 3014 3987 jugulum
3070 3904 3439 3979 privilegium
3496 3905 3571 3962 ob

1917 3996 2240 4053 incidentes
2273 3994 2476 4067 culpas
2507 3994 2798 4065 amisisse,
2826 4011 2943 4066 quo
2976 3993 3303 4051 Ludovicus
3339 3995 3416 4051 VI
3438 3996 3566 4067 ejus

1920 4085 2099 4155 ﬁlius,
2135 4083 2395 4141 adhibito
2446 4083 2637 4139 crucis
2668 4083 2857 4157 signo,
2893 4081 3115 4155 passim
3145 4084 3440 4141 utebatur.

2147 4172 2470 4228 CCCXXXI.
2505 4173 2869 4245 Privilegium
2896 4172 2953 4227 S.
2989 4171 3337 4244 Cucuphatis.

1996 4263 2091 4319 Die
2120 4262 2310 4335 prima
2340 4260 2676 4317 Decembris
2704 4261 2884 4333 hujus
2916 4262 3052 4316 anni
3083 4261 3370 4319 concessit
3388 4261 3570 4319 Urba-

1922 4370 2034 4408 nus
2048 4351 2277 4423 insigne
2289 4349 2653 4422 privilegium
2670 4350 3021 4405 monasterio
3038 4349 3363 4408 Octaviensi
3376 4351 3572 4427 sancti

1923 4439 2278 4513 Cucuphatis
2308 4456 2485 4511 prope
2516 4439 2918 4509 Barcinonem,
2952 4439 3011 4493 in
3034 4456 3150 4511 quo
3182 4439 3573 4512 singulaeejus

1923 4529 2032 4585 loci
2056 4528 2456 4601 possessiones
2490 4530 2884 4583 recensentur.

160 4626 287 4695 pta,
319 4636 491 4677 nemo
502 4637 616 4676 non
632 4620 911 4689 advertet,
936 4624 1001 4676 ut
1031 4619 1271 4693 quidem
1289 4618 1436 4674 mihi
1466 4636 1811 4692 persuasum
1846 4637 1891 4702 Ι)
1995 4619 2130 4675 Post
2150 4615 2510 4688 aliquotdies
2524 4614 2680 4671 aliud
2702 4614 3053 4688 rescriptum
3072 4616 3225 4688 quod
3244 4617 3370 4687 jam
3422 4635 3575 4690 sepe

161 4715 275 4779 est,
306 4713 618 4782 utramque
640 4709 710 4765 ad
729 4725 915 4764 unum
944 4709 1169 4764 etidem
1185 4708 1483 4781 negotium
1499 4708 1810 4781 pertinere.

162 4798 463 4857 Goﬁ'ridus
512 4814 722 4872 nempe
747 4798 807 4854 in
860 4815 969 4855 sua
1015 4796 1220 4853 scribit
1265 4813 1326 4853 se
1357 4814 1567 4870 papam
1617 4798 1812 4853 Romae

160 4887 479 4955 invenisse,
510 4887 609 4960 qui
640 4904 769 4945 eam
809 4888 1015 4944 urbem
1070 4890 1212 4942 tunc
1240 4894 1292 4942 et
1324 4888 1616 4943 Romanam
1649 4888 1814 4942 eccle-

158 4979 306 5037 siam
334 4994 461 5034 cum
488 4994 694 5047 magna
720 4993 852 5049 pace
879 4976 1187 5049 possidebat
1215 4979 1269 5031 et.
1298 4992 1501 5047 magna
1548 4977 1816 5048 tranquil-

165 5068 340 5124 litate.
372 5067 445 5122 Et
472 5066 567 5122 hic
599 5066 835 5140 quidem
868 5070 1009 5122 tunc
1038 5069 1162 5121 erat
1191 5081 1384 5120 rerum
1418 5065 1815 5121 statusRomae

164 5157 278 5214 sub
310 5155 565 5223 Urbano,
580 5160 655 5211 ut
669 5155 795 5228 ipse
808 5152 1115 5211 Bertoldus
1127 5157 1184 5209 et
1197 5152 1295 5210 alii
1318 5151 1534 5208 diserte
1556 5154 1814 5220 tradunt,

164 5245 267 5303 sed
300 5244 583 5301 adversus
604 5245 834 5301 Ivonem
867 5243 1308 5321 malc‘affcctum
1338 5243 1640 5297 occasione
1662 5243 1816 5298 haud

163 5334 417 5393 dubium
448 5333 738 5406 primatus
792 5332 1221 5407 Lugdunensis,
1282 5335 1347 5386 ut
1377 5347 1445 5386 ex
1491 5331 1562 5386 iis
1601 5349 1729 5404 quae
1761 5332 1819 5387 in

162 5425 370 5482 eadem
401 5421 652 5495 epistola
671 5426 1000 5496 sequuntur
1030 5420 1197 5477 facile
1239 5420 1429 5494 colligi
1462 5423 1668 5492 potest.
1726 5422 1818 5477 Ivo

162 5517 362 5571 autem
378 5511 437 5567 in
453 5511 947 5584 epistolalaudata
965 5511 1049 5567 ait
1063 5510 1281 5584 pariter
1294 5527 1354 5566 se
1370 5508 1660 5582 accepisse
1679 5527 1819 5583 pon-

158 5602 360 5659 iﬁcem
424 5601 705 5658 adversus
755 5619 818 5658 se
876 5604 1237 5658 commotum
1287 5599 1469 5655 fuisse
1514 5599 1816 5654 occasione

165 5691 543 5767 qartumdam
569 5690 902 5749 litterarum
933 5692 1104 5765 (quas
1129 5688 1306 5746 etiam
1338 5688 1635 5745 Goii'ridus
1660 5704 1814 5745 com-

1923 4726 1957 4765 a
1986 4706 2156 4764 nobis
2185 4705 2486 4761 laudatum
2523 4708 2631 4770 est,
2666 4704 2825 4759 dedit
2867 4703 3144 4776 pontifex,
3196 4704 3256 4759 in
3283 4722 3398 4776 quo
3443 4710 3576 4779 post

1922 4798 2114 4853 varias
2146 4793 2624 4861 concertationes,
2642 4809 2788 4865 quas
2806 4791 3147 4866 singulatim
3174 4799 3455 4862 recenset,
3475 4795 3572 4852 de-

1924 4885 2110 4942 cernit
2141 4883 2561 4940 monasterium
2594 4881 2904 4954 Cinglense
2946 4882 3099 4954 apud
3151 4884 3407 4955 Capuam
3438 4901 3576 4942 cum

1926 4972 2473 5033 sanctimonialibus
2502 4971 2561 5025 in
2594 4987 2660 5027 eo
2693 4970 3041 5043 degentibus
3057 4972 3361 5030 Casinensi
3378 4974 3575 5030 abbati

1927 5066 2135 5121 debere
2166 5080 2293 5120 esse
2324 5062 2675 5134 subjectum.
2700 5060 2974 5132 Scriptum
2998 5061 3205 5117 dicitur
3224 5064 3403 5119 Romw
3435 5064 3522 5121 die
3541 5066 3577 5119 7

1927 5155 2232 5210 Decembris
2257 5170 2356 5224 per
2386 5169 2615 5207 manum
2652 5152 2803 5206 Petri
2847 5151 3169 5212 scriniarii;
3212 5156 3268 5207 et
3295 5153 3577 5225 postridie

1929 5243 2121 5298 datum
2172 5233 2272 5314 per
2322 5258 2516 5296 manus
2562 5241 2790 5297 Joannis
2837 5239 3056 5296 diaconi
3102 5241 3425 5311 cardinalis,
3477 5242 3578 5315 qui

1929 5333 2140 5388 modus
2162 5332 2494 5403 frequenter
2524 5329 2582 5385 in
2614 5330 3109 5403 subsequentibus
3157 5330 3578 5403 diplomatibus

1928 5421 2200 5479 occurrit.

2112 5508 2464 5565 CCCXXX“.
2502 5510 2613 5563 Rex
2642 5510 2852 5581 Anglia:
2882 5510 3133 5565 inducias
3163 5511 3388 5565 obtinet.

1997 5602 2154 5657 Inter
2170 5599 2289 5654 haec
2306 5596 2821 5669 Anselmus,quem
2854 5603 2985 5670 post
2998 5600 3248 5655 Barense
3266 5596 3579 5654 concilium

1926 5689 2105 5748 simul
2137 5706 2271 5746 cum
2304 5687 2537 5745 Urbano
2571 5688 2816 5744 Romam
2850 5689 3073 5745 redisse
3106 5691 3395 5744 memorat
3427 5687 3576 5742 Ead-
