3962 6412
401 411 624 478 ’247’

1750 425 1822 490 Β.
1869 427 2164 494 URBANI
2207 427 2262 494 II
2305 429 2556 496 PAEE

3731 437 3846 504 248

449 581 668 634 merus,
688 581 878 622 causae
891 580 1007 622 suae
1029 562 1247 622 exitum
1264 567 1726 640 praestolabatur:
1750 578 1810 630 at
1830 573 2092 637 nuntius,
2125 561 2179 630 Α
2206 581 2372 622 causa
2432 567 2778 625 adventantes
2829 567 3102 640 ratith
3159 553 3469 629 admittere.
3541 569 3673 630 Ηωο
3725 577 3846 632 erat

447 656 548 728 qui
580 673 650 710 ex
675 658 837 728 parte
865 655 1146 712 Willelmi
1177 659 1329 730 regis
1359 663 1498 714 tunc
1525 661 1582 716 in
1603 663 1806 719 urbem
1836 666 2086 732 advenit,

445 763 680 802 omnem
714 747 842 816 ejus
873 762 1037 814 spem
1069 748 1388 805 frustravit.
1423 750 1478 805 Is
1497 769 1706 822 nempe
1729 758 1858 826 post
1874 754 2090 812 multas

443 835 583 890 hinc
612 838 669 891 et
695 835 832 892 inde
882 835 1352 906 disceptationes,
1403 841 1637 896 tandem
1672 842 1726 896 in
1781 843 2090 899 festivitate

443 925 666 981 Natalis
696 925 925 982 Domini
957 925 1224 982 inducias
1255 945 1288 982 a
1319 929 1589 999 pontiﬁce
1607 931 1726 997 regi
1757 931 2090 1002 impetravit

442 1015 514 1070 ad
541 1015 752 1071 festum
784 1016 971 1070 sancti
1032 1015 1329 1072 Michaelis
1385 1019 1738 1085 archangeli,
1779 1023 1884 1077 sed
1935 1021 2088 1076 hunc

441 1105 762 1159 terminum
817 1109 1023 1160 neuter
1077 1106 1285 1177 attigit.
1333 1108 1526 1162 Innuit
1575 1109 1896 1166 Eadmerus
1927 1127 2024 1166 eas
2055 1129 2088 1166 a

438 1193 717 1249 Willelmi
748 1194 902 1266 regis
931 1195 1202 1250 ministro
1233 1197 1498 1252 obtentas
1530 1198 1710 1254 fuisse
1735 1217 1965 1256 munera
2013 1201 2084 1256 iis

439 1281 806 1352 dispertime
872 1287 922 1338 et
981 1285 1304 1355 pollicendo.
1373 1286 1586 1358 quibus
1641 1304 1704 1342 ea
1759 1289 1909 1343 cordi
1973 1306 2086 1346 esse

439 1370 942 1438 animadverterat,
977 1373 1129 1440 quod
1163 1375 1233 1428 ad
1265 1374 1564 1431 Urbanum
1613 1394 1843 1448 quoque
1886 1383 2082 1434 exten-

437 1461 572 1515 dere
604 1477 718 1516 non
747 1465 980 1516 veretur
1017 1461 1355 1518 Willelmus
1399 1463 1968 1530 Malmesburienses,
2021 1468 2080 1523 in

435 1549 730 1605 Romanos
763 1551 1067 1621 pontiﬁces
1096 1568 1544 1621 nonnumquam
1581 1555 1766 1624 magis
1789 1573 1964 1626 quam
1981 1557 2078 1612 de-

433 1638 812 1711 cet,iniquus.
832 1640 899 1694 Et
915 1657 986 1708 qu
999 1639 1150 1696 idem
1165 1658 1281 1712 qua
1294 1643 1518 1697 ratione
1543 1643 1839 1711 praefracte
1852 1645 2080 1716 aliquas

430 1727 698 1784 inducias
729 1728 848 1800 regi
871 1729 1162 1785 Willelmo
1181 1731 1472 1786 renuisset
1490 1733 1625 1787 dare
1649 1733 2077 1806 pontifex.quas

427 1817 650 1872 nemini
679 1817 926 1886 homini,
959 1821 1337 1887 quantumvis
1365 1819 1460 1874 vili
1493 1825 1550 1877 et
1580 1822 1822 1890 abiecto,
1857 1823 1948 1878 vix
1971 1841 2076 1878 ne-

431 1921 567 1977 gare
596 1907 904 1978 potuisset;
936 1909 1302 1964 tantumdem
1334 1909 1488 1964 enim
1511 1912 1792 1980 temporis
1823 1913 2071 1980 require-
2103 1929 2151 1994 Β

428 1995 604 2051 batur
629 1996 701 2052 ad
733 1997 1054 2052 evocandos
1084 2014 1152 2052 ex
1181 1997 1600 2068 Angliatestes,
1621 2001 2074 2074 advehendaque

431 2085 804 2150 documenta,
855 2103 981 2156 quae
1035 2087 1364 2142 necessaria
1419 2103 1548 2143 esse
1598 2089 1947 2146 videbantur
1999 2093 2069 2146 ad

429 2191 618 2230 causa
650 2191 912 2230 examen.
947 2176 1110 2232 Certe
1158 2175 1448 2241 Urbanus,
1493 2177 1592 2248 qui
1647 2179 1964 2234 terminum
1998 2180 2070 2234 ad

427 2280 667 2320 causam
700 2263 1003 2320 dicendam
1039 2265 1097 2320 in
1129 2265 1318 2337 primo
1349 2282 1481 2320 cum
1518 2266 1674 2334 regis
1705 2267 1910 2322 nuntio
1932 2285 2068 2324 con-

426 2356 633 2424 greSsu
667 2353 738 2408 ad
769 2353 992 2408 Pascha
1022 2355 1364 2424 praeﬁxerat,
1394 2372 1509 2410 non
1548 2359 1773 2422 poterat
1803 2355 2070 2412 inducias

423 2439 556 2496 illas
581 2442 650 2496 ad
683 2441 918 2514 aliquod
947 2445 1182 2513 tempus
1210 2460 1326 2498 non
1359 2444 1714 2512 protrahere,
1759 2462 1892 2500 cum
1944 2447 2068 2518 ipse

423 2546 522 2584 rex
552 2547 656 2602 per
682 2547 856 2587 suum
889 2531 1162 2587 nuntium
1195 2533 1670 2589 exultimisorbis
1701 2535 1986 2604 partibus,
2007 2553 2068 2592 se

421 2618 595 2674 etiam
629 2623 760 2689 post
789 2637 977 2676 causa
1009 2637 1249 2676 examen
1269 2623 1710 2678 satisfacturum
1739 2623 2066 2694 pollicitus,

417 2706 477 2763 id
509 2708 736 2766 enixius
765 2713 1020 2781 peteret:
1055 2727 1173 2770 rex.
1209 2711 1472 2780 inquam,
1505 2712 1740 2782 quicum
1768 2717 1831 2767 ut
1863 2714 2066 2770 mitius

419 2801 711 2869 ageretur,
739 2799 1112 2869 postulabant
1164 2799 1432 2854 Ecclesiae
1482 2801 1816 2867 necessitas,
1865 2820 2063 2859 rerum

415 2889 868 2959 temporumque
899 2887 1348 2943 circumstantiae
1381 2907 1393 2952 ;
1430 2905 1527 2942 rex
1543 2889 1810 2960 denique,
1836 2891 2062 2961 quinon

416 2977 501 3031 ita
525 2975 774 3046 pridem,
811 2977 880 3032 ad
913 2977 1206 3047 pontiﬁcis
1237 2976 1648 3049 obedientiam,
1681 2979 1892 3049 spretis
1913 2979 2064 3034 sr-hi-

417 3064 702 3124 smaticie.
737 3069 1076 3121 accesserat.
1110 3065 1272 3120 Certe
1297 3082 1399 3120 nec
1426 3069 1586 3127 tunc.
1621 3084 1725 3121 nec
1757 3071 1887 3138 post
1916 3067 2061 3124 illud

415 3155 648 3224 tempus
677 3151 948 3209 Urbanus
970 3154 1162 3222 pravis
1191 3153 1470 3209 Willelmi
1490 3155 1642 3227 regis
1663 3155 2062 3214 voluntatibus

417 3241 724 3298 connivere
755 3259 1016 3314 unquam
1035 3243 1195 3299 visus
1212 3247 1318 3310 est,
1335 3261 1440 3298 nec
1471 3244 1528 3298 in
1545 3249 1843 3316 posterum
1864 3245 2060 3304 minus

415 3331 592 3403 quam
623 3335 792 3387 antea
822 3333 1099 3388 Anselmo
1131 3333 1307 3400 favit;
1343 3333 1480 3399 imo,
1501 3338 1565 3387 ut
1596 3333 1720 3405 ipse
1743 3335 2060 3393 Eadmerus

362 3415 369 3420 ”
413 3421 608 3486 refert,
643 3437 775 3476 cum
805 3418 972 3477 vellet
995 3421 1085 3476 vir
1115 3425 1355 3477 sanctus
1385 3423 1738 3494 Lugdunum
1787 3423 1993 3492 redire,
2029 3444 2063 3480 (ι

411 3526 556 3580 papa
606 3509 914 3581 prohibitus
969 3519 1064 3574 est,
1123 3519 1342 3583 propter
1386 3513 1682 3568 concilium
1723 3514 1860 3584 quod
1897 3517 2060 3570 tertia

409 3597 744 3654 hebdomade
761 3599 990 3655 Pascha?
1021 3601 1202 3658 Romae
1231 3603 1288 3656 se
1315 3601 1632 3656 habiturum
1661 3607 1948 3658 statuerat.

665 3689 1036 3745 CCCXXXIII‘.
1069 3691 1306 3746 Honores
1333 3691 1582 3746 Anselmo
1607 3691 1795 3746 delati.

477 3775 601 3840 Quo
631 3781 825 3834 autem
845 3773 970 3833 loco
992 3778 1234 3835 habitus
1259 3795 1440 3850 quove
1457 3779 1676 3836 honore
1707 3781 1785 3836 sit
1801 3781 2054 3837 donatus

407 3863 468 3920 in
500 3865 646 3922 urbe
671 3867 760 3921 vir
791 3871 1029 3922 sanctus
1059 3871 1178 3924 toto
1211 3885 1277 3922 eo
1307 3869 1587 3932 temporis
1610 3868 1930 3928 intervallo.
1965 3887 2056 3926 ex-

407 3953 574 4022 ponit
601 3953 753 4009 idem
784 3959 988 4010 auctor
1015 3959 1142 4010 tum
1171 3955 1230 4008 in
1258 3955 1386 4024 ejus
1435 3955 1589 4019 Vita,
1621 3960 1747 4010 tum
1797 3955 1853 4011 in
1887 3957 2052 4014 libris

403 4039 720 4108 Novorum,
750 4041 846 4096 his
875 4043 1099 4098 verbis:
1135 4065 1163 4092 ‹‹
1185 4042 2052 4119 Moratiitaquesumus,inquit

403 4127 504 4184 ille
535 4132 754 4198 auctor,
790 4130 969 4186 ferme
999 4146 1102 4201 per
1131 4131 1442 4188 dimidium
1483 4149 1724 4200 annum,
1776 4136 2050 4194 continue

403 4216 556 4274 circa
581 4217 793 4290 papam
820 4218 1114 4289 degentss,
1135 4223 1192 4275 et
1205 4220 1370 4288 quasi
1387 4221 1444 4276 in
1460 4237 1770 4278 commune
1789 4225 2048 4282 viventes

401 4322 508 4362 nec
537 4306 694 4362 enim
725 4307 873 4374 duae,
909 4307 1007 4362 sed
1041 4325 1158 4362 una
1182 4308 1488 4365 videbatur
1536 4312 1844 4368 amborum
1885 4315 2047 4373 curia

399 4411 548 4450 esse.
581 4393 746 4450 Unde
770 4399 826 4450 et
854 4394 980 4467 ipso
1008 4413 1160 4469 papa
1208 4397 1538 4470 frequenter
1581 4401 1652 4455 ad
1701 4401 2043 4460 Anselmum

395 4481 664 4540 veniebat
688 4483 814 4540 laete
845 4500 972 4540 sese
1003 4502 1133 4541 cum
1163 4503 1226 4542 eo
1259 4489 1504 4559 agendo,
1535 4495 1591 4544 et
1622 4490 1845 4546 curiam
1868 4492 1916 4547 ei
1959 4493 2041 4548 fa-

395 4572 620 4628 ciendo.
648 4572 817 4629 Dedit
847 4589 1079 4645 quoque
1097 4573 1180 4630 illi
1199 4575 1541 4648 hospitium,
1572 4577 1632 4634 in
1664 4595 1781 4650 quo
1811 4597 2042 4636 conver-

2201 655 2508 728 utriusque
2531 659 2718 714 sancti
2748 659 2852 714 viri
2903 659 3232 732 humilitas,
3285 665 3343 718 et
3393 662 3452 718 in
3503 661 3842 722 alterutrum

2199 743 2266 799 ch
2275 746 2357 800 ari
2365 749 2472 801 tas.

2331 835 2693 892 CCCXXXIV.
2724 838 2963 894 Anselmi
2990 856 3112 894 cum
3138 839 3392 911 pontiﬁce
3421 839 3709 912 colloquia.

2268 925 2353 978 Ad
2385 925 2506 980 haec
2555 925 2808 982 Anselmi
2863 945 2997 982 cum
3051 928 3323 1000 pontiﬁce
3372 928 3680 1002 colloquia,
3719 949 3839 1004 quae

2197 1013 2519 1070 Eadmerus
2549 1015 2767 1082 laudat,
2803 1017 3096 1086 pertinent
3126 1015 3279 1072 haud
3331 1018 3580 1074 dubium
3630 1018 3848 1092 aliquot

2196 1103 2324 1173 ejus
2356 1103 2542 1158 sancti
2574 1104 2681 1158 viri
2713 1104 2990 1175 epistolae,
3054 1106 3115 1160 in
3149 1105 3366 1178 quibus
3421 1108 3602 1164 variis
3652 1109 3846 1166 dubiis

2196 1186 2510 1262 respondet
2528 1193 2698 1264 juxta
2721 1194 2774 1248 id
2795 1195 2948 1265 quod
2983 1212 3018 1250 a
3034 1212 3185 1268 papa
3201 1195 3436 1252 Urbano
3459 1197 3744 1254 audierat.
3766 1199 3845 1254 Ita

2194 1281 2364 1350 epist.
2401 1281 2521 1348 130,
2556 1281 2656 1338 lib.
2690 1300 2772 1348 III,
2806 1285 2867 1338 P.
2893 1285 3250 1341 monachum
3281 1286 3477 1342 Sancti
3498 1286 3845 1344 MartiniSa-

2191 1370 2412 1440 giensis
2443 1371 2516 1425 ab
2542 1371 3288 1446 deundaJerosolymorum
3311 1374 3456 1430 urbe
3473 1374 3840 1439 dehortatur,

2192 1459 2347 1528 quod
2379 1457 2495 1514 tale
2525 1459 2635 1514 iter
2661 1464 2792 1515 voto
2826 1459 3166 1518 stabilitatis
3203 1467 3262 1518 et
3297 1463 3667 1530 obedientim,
3717 1481 3842 1536 qua;

2190 1547 2508 1618 apostolico
2521 1548 3148 1614 debetur,contrarium
3163 1555 3334 1608 esset.
3361 1553 3416 1606 Is
3437 1551 3593 1608 enim
3605 1594 3619 1616 ,
3643 1553 3842 1626 inquit

2188 1635 2520 1706 Anselmus,
2553 1654 2756 1706 magna
2785 1641 3106 1695 auctoritate
3117 1645 3472 1712 praeceperat,
3507 1659 3578 1697 ne
3593 1644 3845 1698 monachi

2187 1723 2338 1781 hanc
2369 1727 2512 1780 viam
2542 1729 2850 1798 arriperent
2881 1729 3082 1802 absque
3105 1731 3331 1802 praelati
3349 1731 3678 1788 'obedientia.
3714 1733 3840 1804 Ego,

2187 1819 2253 1870 ut
2283 1815 2502 1878 subdit,
2546 1832 2790 1888 praesens
2847 1817 3006 1889 adfui
3060 1821 3275 1890 quando
3306 1823 3470 1876 istam
3515 1823 3839 1878 sententiam

2183 1905 2508 1974 apostolicus
2532 1909 2918 1977 propugnabit.
2951 1907 3344 1979 Apostolicum
3367 1925 3523 1975 vero,
3548 1911 3720 1981 cujus
3749 1911 3841 1967 hic

2180 1993 2492 2050 Anselmus
2521 2010 2733 2051 nomen
2771 1997 2996 2062 reticet,
3041 1996 3343 2053 Urbanum
3392 1998 3580 2055 fuisse
3623 2000 3834 2057 diserte

2182 2083 2392 2138 asserit
2420 2083 2712 2140 Golt'ridus
2743 2084 3053 2140 Vindocini
3085 2085 3268 2141 abbas
3299 2087 3470 2158 epist.
3501 2087 3592 2153 2i,
3624 2087 3726 2144 lib.
3764 2106 3814 2145 IV

2179 2169 2237 2226 in
2272 2187 2388 2243 qua
2418 2172 2677 2228 Odonem
2736 2175 3007 2230 abbatem
3059 2175 3296 2247 Majoris
3345 2177 3704 2244 Monasterii,
3755 2178 3838 2235 uti

2179 2265 2375 2316 censet
2395 2261 2764 2327 Sirmondus,
2799 2264 2870 2318 ab
2903 2264 3106 2320 eodem
3126 2265 3836 2338 peregrinandidesiderio

2180 2350 2473 2406 retrahere
2530 2355 2812 2419 conatur;
2849 2374 2878 2403 «
2911 2353 3066 2424 quod
3125 2352 3418 2417 Urbanus,
3481 2356 3583 2428 qui
3643 2357 3836 2413 eundo

2175 2438 2502 2495 Jerusalem
2535 2441 2892 2513 peregrinari
2924 2448 3279 2514 praeceperat
3307 2443 3494 2510 laicis,
3521 2445 3714 2516 ipsam
3749 2462 3842 2519 pe-

2177 2529 2631 2599 regrinationem
2664 2531 2972 2586 monachis
3026 2531 3444 2603 prohibuisset,
3495 2534 3651 2606 quod
3680 2551 3742 2592 se
3774 2553 3839 2592 ex

2174 2617 2302 2688 ipso
2331 2618 2628 2688 pontiﬁcis
2678 2636 2776 2675 ore
2827 2621 3122 2676 audivisse
3177 2625 3449 2677 testatur.
3486 2645 3514 2672 »
3546 2622 3674 2678 Alia
3718 2625 3837 2680 vice

2174 2706 2490 2762 Anselmus
2521 2708 2595 2762 ab
2625 2707 2858 2764 Urbano
2888 2708 3227 2780 postulavit,
3257 2713 3322 2764 ut
3343 2710 3454 2766 sibi
3479 2711 3840 2784 quandoque

2172 2793 2371 2849 liceret
2401 2812 2692 2851 canonum
2725 2796 2976 2868 rigorem
3003 2797 3178 2869 paulo
3208 2803 3554 2870 temperare,
3596 2815 3735 2856 cum
3779 2801 3833 2856 id

2175 2899 2367 2938 rerum
2404 2885 2583 2940 statui
2612 2885 2670 2941 in
2702 2887 2912 2960 Anglia
2928 2886 3362 2943 conducibilius
3383 2887 3496 2944 sibi
3514 2888 3829 2946 videretur.

2174 2973 2336 3038 Quod
2371 2977 2499 3028 tum
2535 2974 2606 3028 ab
2641 2991 2706 3030 eo
2737 2974 3029 3047 pontiﬁce,
3063 2981 3188 3031 tum
3223 2977 3398 3032 etiam
3433 2994 3466 3032 a
3494 2975 3720 3034 Pascali
3751 2981 3832 3034 fa-

2173 3061 2280 3116 cile
2309 3061 2661 3134 impetravit,
2719 3069 2782 3119 ut
2829 3081 2898 3120 ex
2933 3065 3197 3136 ejusdem
3230 3065 3531 3121 Paschalis
3579 3066 3829 3138 epistola

2171 3155 2346 3222 patet,
2379 3149 2481 3207 lib.
2506 3170 2592 3216 III,
2623 3169 2786 3209 num.
2815 3153 3052 3210 45inter
3073 3153 3502 3211 Anselmiauas.
3523 3153 3825 3212 Interdum

2174 3240 2524 3311 quaestiones
2552 3241 2728 3298 etiam
2761 3243 2832 3298 de
2861 3242 3037 3298 variis
3055 3243 3466 3298 ecclesiasticae
3497 3243 3824 3316 disciplina

2173 3328 2465 3400 capitibus
2479 3329 2536 3384 in
2570 3331 2662 3386 his
2675 3331 2983 3404 colloquiis
2996 3331 3390 3386 familiaribus
3403 3331 3825 3390 miscebantur.

2173 3417 2272 3473 His
2303 3420 2594 3474 accenseri
2644 3421 2833 3486 debet,
2866 3425 2933 3476 ut
2977 3421 3214 3492 quidem
3245 3419 3492 3488 videtur,
3527 3438 3593 3476 ea
3639 3439 3820 3494 quam

2167 3509 2380 3562 tractat
2401 3507 2712 3564 Anselmus
2737 3508 2836 3565 lib.
2871 3527 2954 3574 IlI,
2989 3509 3159 3582 epist.
3195 3510 3317 3576 159,
3351 3509 3422 3564 de
3453 3508 3623 3564 altari
3657 3514 3815 3584 quod

2168 3611 2197 3650 e
2228 3613 2334 3651 suo
2363 3595 2488 3652 loco
2521 3603 2744 3652 motum
2774 3599 2978 3665 fuerat,
3014 3615 3085 3653 an
3115 3597 3350 3654 deberet
3379 3599 3591 3654 iterum
3617 3615 3822 3658 conse-

2165 3685 2334 3738 crari.
2367 3685 2445 3740 Eo
2475 3685 2605 3754 loci,
2641 3687 2794 3742 sicut
2825 3691 2880 3742 et
2909 3692 3003 3742 Ivo
3026 3689 3194 3759 epist.
3227 3689 3299 3742 72
3327 3691 3384 3743 et
3407 3689 3496 3754 80,
3517 3692 3695 3759 atque
3721 3691 3822 3746 alii

2164 3773 2291 3843 ejus
2321 3774 2420 3828 aevi
2455 3775 2788 3839 canonistze,
2821 3792 2935 3830 non
2963 3777 3134 3832 modo
3169 3775 3367 3843 altera,
3401 3777 3501 3831 sed
3534 3780 3592 3832 et
3621 3775 3818 3849 ipsam

2162 3861 2465 3920 ecclesiam
2497 3879 2565 3918 ea
2592 3863 2896 3919 occasione
2924 3864 2994 3919 de
3026 3881 3172 3920 novo
3203 3865 3657 3920 consecrandam
3689 3884 3822 3924 esse

2162 3955 2418 4020 censent,
2453 3953 2606 4024 quod
2638 3951 2830 4008 Lobiis
2862 3953 3078 4008 factum
3098 3953 3280 4009 fuisse
3310 3953 3597 4010 discimus
3627 3953 3688 4008 in
3717 3955 3820 4012 Ge-

2160 4040 2266 4096 stis
2297 4041 2424 4111 ejus
2454 4040 2562 4097 loci
2596 4041 2874 4098 abbatum
2905 4046 3064 4098 torno
3081 4043 3156 4098 Vl
3184 4041 3500 4113 Spicilegii,
3523 4059 3656 4114 pag.
3683 4045 3815 4110 609;

2158 4132 2217 4183 at
2247 4129 2356 4184 iste
2387 4130 2534 4185 ritus
2566 4131 2738 4186 modo
2769 4134 2829 4185 in
2861 4131 3308 4186 desuetudinem
3340 4131 3504 4185 abiit.
3549 4131 3679 4185 Haec
3705 4149 3807 4188 au-

2157 4221 2274 4272 tem
2302 4217 2542 4289 quaestio
2601 4218 2978 4272 assistentibus
3037 4215 3361 4288 quibusdam
3413 4219 3700 4288 episcopis,
3755 4226 3820 4276 ut

2155 4307 2466 4362 Anselmus
2524 4311 2800 4372 testatur,
2862 4321 3057 4360 coram
3114 4305 3344 4360 Urbano
3410 4305 3626 4377 agitata
3679 4308 3813 4376 fuit,

2153 4393 2380 4450 cunctis
2404 4412 2471 4449 ea
2501 4411 2628 4464 quae
2650 4393 2762 4449 sibi
2796 4398 2951 4448 recta
2997 4392 3348 4448 videbantur
3389 4392 3570 4450 libere
3618 4398 3812 4466 profe-

2155 4483 2434 4538 rentibus.
2471 4482 2632 4537 Unde
2651 4485 2807 4553 patet
2824 4481 3154 4552 complures
3169 4481 3226 4536 in
3241 4481 3534 4552 ejusmodi
3556 4483 3816 4542 collatio-

2153 4571 2346 4636 nibus,
2371 4575 2427 4625 et
2457 4569 2692 4641 quidem
2727 4569 2937 4624 diversi
2971 4570 3194 4626 ordinis
3215 4569 3486 4628 homines
3517 4572 3807 4631 adfuisse.

394 4661 786 4718 sabamur.....
822 4661 950 4734 Ipse
979 4664 1264 4720 Anselmus
1315 4665 1376 4720 in
1407 4671 1694 4722 conventu
1730 4666 2038 4735 nobilium,
2071 4673 2116 4736 ι)
2147 4665 2327 4725 Certe,
2359 4657 2613 4712 utmodo
2632 4658 2995 4724 videbamus
3019 4660 3808 4734 etAnselmusarchiepisco-

391 4749 449 4806 in
481 4751 1046 4820 processionibus,iu
1066 4753 1419 4809 stationibus
1443 4771 1674 4826 semper
1703 4759 1758 4809 et
1779 4754 1990 4826 ubique
2008 4772 2040 4808 a

391 4857 544 4912 papa
572 4841 866 4896 secundus
893 4845 1036 4900 erat.
1071 4845 1422 4914 praecunctis
1454 4842 2034 4904 honoratus,cunctis

391 4932 680 4996 acceptus.
717 4929 860 4984 Rem
893 4931 1092 4986 subdit
1127 4931 1186 4986 in
1215 4931 1348 4987 Vita
1395 4935 1721 4986 memoratu
1771 4929 2030 5000 dignam.

388 5014 561 5086 Angli
593 5015 710 5072 illis
739 5019 1101 5090 temporibus
1133 5021 1374 5075 Romam
1405 5019 1702 5074 venientes
1722 5018 1898 5088 pedes
1919 5020 2034 5071 An-

388 5103 558 5160 se’lmi
591 5105 663 5161 ad
693 5105 880 5162 instar
911 5109 1124 5180 pedum
1153 5107 1398 5163 Romani
1432 5105 1723 5173 pontiﬁcis
1754 5104 2034 5160 suaobla-

385 5193 543 5250 tione
572 5192 857 5251 honorare
888 5195 1316 5252 desiderabant.
1355 5217 1382 5243 ››
1417 5194 1532 5248 Nec
1570 5209 1704 5246 vero
1753 5193 2030 5247 invidiam

385 5298 453 5338 ea
467 5283 554 5338 .de
585 5299 646 5338 re
675 5283 934 5355 aliquam
959 5300 1169 5354 passus
1199 5287 1289 5337 est
1309 5282 1598 5350 Urbanus,
1643 5281 1756 5334 aud
1792 5281 1851 5335 id
1883 5297 2031 5352 aegro

383 5388 644 5443 unquam
676 5372 838 5438 tulit;
872 5372 990 5426 imo
1020 5387 1151 5426 cum
1172 5369 1502 5424 rescivisset
1527 5367 1870 5423 Anselmum
1895 5368 2029 5425 huic

383 5457 705 5530 Anglorum
735 5457 1021 5513 devotioni
1047 5457 1414 5526 acquiescere
1428 5471 1730 5528 nunquam
1751 5456 2024 5528 voluisse,

379 5546 682 5602 admiratus
739 5548 797 5600 in
856 5545 1072 5599 homine
1130 5545 1499 5598 humilitatem
1544 5545 1844 5616 mundique
1897 5562 2024 5602 con-

379 5639 660 5705 temptum,
683 5634 853 5703 jussit
881 5633 934 5685 ei
962 5649 1074 5686 sese
1097 5634 1157 5688 in
1186 5650 1242 5688 se
1261 5637 1460 5699 tenere,
1480 5635 1528 5688 et
1559 5635 1774 5689 nullum
1796 5635 1924 5689 bene
1938 5638 2024 5706 fa-

379 5738 498 5778 cere
539 5722 688 5777 ultra
747 5721 1007 5777 volentem
1054 5722 1379 5794 prohibere;
1436 5722 1526 5779 sed
1567 5739 1746 5781 omnes
1790 5726 2026 5796 protuli

2146 4764 2279 4818 pus.
2312 4745 2668 4802 etGotl‘ridus
2699 4746 2878 4803 abbas
2897 4752 3210 4818 praesentes
3241 4755 3578 4817 erant,cum
3601 4755 3802 4808 actum

2146 4835 2254 4890 fuit
2288 4835 2345 4890 in
2361 4835 2648 4906 ejusmodi
2661 4835 3251 4908 pontificisconsessu
3274 4839 3345 4894 de
3379 4839 3804 4898 monachorum

2143 4923 2618 4980 Jerosolimitana
2665 4927 3149 4998 peregrinatione.
3203 4927 3371 4983 Forte
3432 4927 3534 4983 uni
3589 4943 3659 4983 ex
3706 4928 3803 4985 his

2144 5013 2451 5084 colloquiis
2481 5012 2823 5070 interfuerat
2843 5015 3312 5088 archipresbyter
3338 5015 3800 5088 Andegaveusis,

2144 5103 2239 5174 qui
2269 5101 2514 5158 lloberto
2534 5103 2967 5172 Abrissellensi,
3000 5111 3065 5160 ut
3095 5105 3155 5161 in
3185 5105 3314 5175 ejus
3366 5105 3498 5160 Vita
3525 5105 3796 5173 habetur,

2144 5191 2483 5262 proponenti
2518 5192 2891 5248 Petronillam
2923 5193 3161 5249 viduam
3184 5199 3250 5249 ut
3271 5193 3570 5249 abbatissa
3600 5194 3790 5264 ﬁeret,

2141 5281 2334 5352 palam
2365 5285 2618 5336 testatus
2648 5287 2755 5348 est,
2791 5299 2863 5338 ne
2889 5281 2949 5338 id
2984 5287 3396 5351 remoraretur,
3449 5297 3512 5337 se
3533 5281 3798 5340 audiiss‘e

2139 5385 2274 5424 cum
2305 5369 2498 5424 Romae
2531 5373 2680 5425 esset
2701 5371 2772 5424 ab
2797 5369 3028 5426 Urbano
3045 5370 3094 5427 II
3116 5370 3352 5426 viduam
3373 5373 3626 5441 quatuor
3646 5371 3798 5426 viro-

2139 5473 2266 5513 rum
2295 5475 2398 5530 pro
2431 5459 2777 5514 necessitate
2807 5459 3054 5514 abbatize
3086 5457 3297 5532 praeﬁci
3331 5473 3524 5530 posse.

2135 5545 2482 5603 CCCXXXV.
2515 5547 3002 5604 Schismaticorum
3022 5551 3080 5604 in
3113 5548 3428 5604 Anselmum
3462 5550 3788 5605 reverentia.

2205 5638 2391 5692 Tanta
2438 5652 2570 5691 vero
2616 5637 2945 5693 sanctitatis
3001 5643 3057 5692 et
3105 5636 3382 5692 doctrinae
3441 5637 3616 5702 fama,
3671 5653 3792 5708 qua

2136 5727 2330 5782 Roma:
2364 5723 2616 5798 pollebat
2653 5725 2984 5792 Anselmus,
3039 5725 3193 5781 haud
3243 5725 3472 5782 inutilis
3520 5723 3786 5782 Ecclesiae
