3962 6370
168 424 181 449 ‘
196 414 319 482 249

1801 416 2006 481 νιΤΑ.

3452 416 3606 481 -250

199 546 330 622 fuit,
363 568 500 611 cum
532 552 701 612 multi
732 551 1090 613 schismatici
1120 570 1189 613 ea
1216 550 1465 629 permoti
1513 551 1586 611 ad
1624 549 1843 611 Urbani
1872 552 1926 621 Α
1960 568 2143 629 papaa.
2175 552 2273 629 qui
2299 552 2468 625 locus,
2499 551 2584 611 uti
2617 552 2939 614 Eadmerus
2969 553 3359 629 prosequitur,
3373 570 3485 613 non
3513 554 3606 613 ob-

201 645 591 701 obedientiam
620 646 768 701 tanti
799 646 903 701 viri
930 644 1197 719 exemplo
1228 643 1849 711 a'ccesserint,t'remen-

198 733 376 802 tibus,
409 735 495 788 uti
528 734 797 791 observat
844 735 1099 791 Joannes
1142 734 1589 791 Sarisberiensis
1627 733 1689 788 in
1721 733 1848 803 ejus

195 822 346 888 Vita,
379 823 764 880 Henriciauis.
793 825 1007 880 Mirum
1052 828 1143 881 est
1188 825 1344 897 quod
1375 841 1443 880 ea
1480 825 1552 879 de
1582 841 1643 879 re
1674 823 1849 879 habet

198 911 544 967 Eadmerus.
580 914 741 981 Quid,
788 913 998 984 inquit,
1060 916 1298 986 referam
1361 913 1654 968 nonnullos
1709 914 1850 968 cives

200 1000 375 1067 Urbis,
429 1017 659 1073 quorum
707 1005 904 1070 ingens
948 1003 1242 1059 multitudo
1287 1010 1508 1074 propter
1534 1002 1851 1073 ﬁdelitatem

196 1091 547 1161 imperatoris
576 1093 685 1155 ipsi
728 1107 893 1163 papae
937 1100 1055 1147 erat
1102 1095 1332 1164 infesta,
1362 1107 1761 1162 nonnunquam
1790 1092 1851 1146 in

196 1195 371 1233 unum
397 1180 756 1249 conglobatos,
788 1182 1107 1236 Anselmum
1136 1198 1169 1236 a
1200 1183 1489 1237 Lateranis
1507 1180 1577 1235 ad
1605 1183 1848 1235 sanctum

195 1269 419 1322 Petrum
447 1273 664 1324 euntem
709 1286 834 1323 cum
875 1272 990 1324 suis
1016 1274 1232 1342 propter
1264 1270 1449 1325 odium
1474 1285 1635 1341 papa:
1662 1285 1853 1340 capere

194 1358 465 1425 volentes;
496 1357 588 1413 sed
624 1374 755 1412 mox
800 1361 914 1414 viso
960 1361 1119 1415 vultu
1165 1361 1280 1429 eius
1332 1361 1551 1415 territos
1599 1360 1854 1430 projectis

191 1448 369 1501 armis
397 1453 543 1502 terra
568 1449 943 1518 procumbere,
970 1451 1023 1504 et
1066 1464 1121 1503 se
1165 1449 1322 1503 illius
1373 1449 1742 1504 benedictione
1768 1448 1857 1503 de-

189 1536 731 1608 poscere'insigneri.
761 1536 892 1592 Haec
925 1537 981 1591 in
1016 1538 1313 1608 specimen
1343 1537 1516 1604 dicta,
1550 1537 1719 1609 plura
1750 1536 1852 1591 ha-

193 1625 412 1680 bentur
440 1626 594 1698 apud
629 1625 979 1681 Eadmorum
1012 1629 1069 1681 et
1098 1626 1242 1681 alios
1274 1630 1540 1682 auctores
1584 1624 1852 1696 Anglica-

194 1730 327 1778 nos,
362 1730 511 1786 quos
540 1713 848 1771 consulere
879 1714 1034 1771 licet.

320 1802 693 1859 CCCXXXVI.
729 1806 975 1861 Urbanus
1010 1806 1190 1862 Romae
1222 1805 1489 1877 synodum
1513 1807 1725 1861 indicit.

266 1892 538 1988 Urbanus
566 1892 1198 1988 itaque,deﬁcie_ntibus
1229 1895 1448 1988 indies
1478 1896 1671 1988 Romae
1701 1896 1853 1988 Hen-
1885 1923 1932 1988 B

190 1980 553 2038 ricianorum
582 1981 825 2047 viribus,
851 1983 1040 2055 magis
1074 2000 1139 2038 ac
1173 1984 1362 2055 magis
1395 1983 1455 2039 in
1490 1985 1856 2041 adversarios

191 2069 564 2143 praevalebat,
594 2071 677 2127 ita
707 2077 769 2128 ut
799 2070 988 2127 Natali
1020 2073 1253 2128 Domini
1304 2060 1428 2129 cum
1476 2091 1678 2145 magna
1704 2092 1855 2146 pace,

193 2161 394 2232 inquit
424 2160 751 2230 Bertoldus,
786 2162 979 2217 Romae
1011 2161 1325 2226 celebrato.
1359 2162 1576 2219 Urbem
1618 2165 1857 2219 omnino

197 2250 310 2306 sub
342 2266 452 2305 suo
483 2249 743 2305 dominio
772 2255 910 2306 tunc
942 2252 1232 2307 habuerit.
1264 2254 1403 2308 Nam
1445 2257 1515 2317 et,
1546 2257 1612 2307 ut
1660 2270 1856 2324 prose-

195 2339 403 2411 quitur
429 2338 527 2394 ille
559 2343 779 2406 auctor,
812 2341 1096 2396 castellum
1126 2341 1317 2397 Sancti
1342 2342 1537 2409 ΛηρεΙί
1573 2358 1697 2397 cum
1726 2344 1857 2397 aliis

194 2428 603 2484 munitionibus
659 2431 721 2485 in
774 2447 874 2485 sua
929 2433 1190 2500 potestate
1254 2430 1510 2496 detinuit,
1570 2447 1858 2503 omnesque

194 2517 430 2576 mulos
456 2534 582 2574 suos
611 2520 670 2574 in
700 2520 917 2574 civitate
940 2536 1065 2574 cum
1096 2520 1191 2576 Dei
1220 2519 1492 2590 adjutorio
1519 2523 1654 2575 satis
1676 2521 1854 2575 virili-

196 2616 278 2663 ter
305 2615 405 2662 aut
428 2607 690 2679 placavit,
739 2616 833 2663 aut
880 2609 937 2663 vi
980 2608 1311 2679 perdomuit.
1345 2608 1509 2665 Unde
1558 2625 1692 2664 cum
1734 2626 1763 2664 e
1795 2626 1855 2665 re

195 2695 532 2752 Christiana
547 2702 808 2752 censeret
823 2713 950 2752 esse
972 2697 1230 2769 pontifex
1251 2695 1520 2769 generale
1541 2697 1854 2754 concilium

196 2786 532 2853 convocari,
594 2784 864 2857 synodum
933 2804 1093 2842 suam
1168 2788 1229 2841 in
1292 2789 1457 2842 tertia
1523 2785 1856 2843 hebdomada

198 2875 379 2931 Romae
408 2875 792 2930 celebrandam
817 2878 938 2947 post
966 2876 1198 2941 Pascha,
1228 2879 1414 2931 missis
1445 2877 1647 2932 litteris
1664 2893 1856 2947 usque-

195 2980 413 3036 quaque
460 2964 830 3019 denuntiavit.
890 2964 1035 3019 Eum
1093 2982 1226 3020 vero
1286 2965 1579 3035 reliquum
1621 2970 1853 3036 tempus

200 3069 392 3125 usque
425 3053 495 3108 ad
528 3053 733 3126 synodi
766 3053 1297 3131 celebrationemin
1322 3054 1470 3109 Urbe
1496 3055 1853 3126 transegisse

196 3158 267 3197 ex
296 3141 585 3196 Eadmero
630 3146 687 3196 et
738 3141 1048 3197 Bertholdo
1088 3142 1253 3198 facile
1282 3142 1595 3215 colligitur,
1624 3142 1757 3198 licet
1786 3159 1854 3197 ea

196 3246 325 3301 quae
357 3233 499 3284 tunc
528 3229 602 3284 ab
630 3228 731 3284 illo
763 3233 926 3301 gesta
956 3229 1173 3285 fuerint
1192 3230 1673 3303 ignoremus,nisi
1696 3232 1850 3303 quod

1954 647 2105 702 scuri
2125 647 2344 703 honoris
2390 649 2451 703 in
2497 646 2602 704 tali
2644 657 2908 705 conventu
2953 648 3089 705 solet
3115 648 3324 705 haberi.
3357 653 3519 707 Certe
3547 649 3607 706 in

1958 736 2200 793 concilio
2250 737 2520 792 Remensi
2570 754 2721 793 anno
2783 738 2923 793 1099
2973 739 3253 795 sedebant
3300 740 3499 796 Patres
3546 738 3607 796 in

1955 826 2177 882 modum
2223 842 2439 883 eorm
2494 827 2783 899 dispositi;
2825 829 2907 883 ita
2953 832 3021 883 ut
3069 828 3182 883 Leo
3235 828 3305 883 IX
3352 827 3610 901 pontifex

1959 916 2168 970 sedens
2201 932 2351 971 verso
2380 917 2533 971 vultu
2565 916 2635 971 ad
2661 918 2971 987 sepulcrum
3013 920 3189 973 sancti
3218 920 3468 990 Remigii,
3504 917 3607 975 ba-

1958 1004 2118 1059 beret
2148 1022 2213 1060 ex
2245 1006 2510 1077 opposito
2540 1010 2666 1061 ante
2694 1008 2874 1063 oculos
2913 1008 3260 1063 Remensem
3309 1014 3364 1064 et
3411 1008 3606 1064 Trevi-

1959 1111 2185 1149 rensem
2201 1093 2795 1166 archiepiscopos,qui
2810 1095 3031 1167 primas
3046 1097 3211 1152 sedes
3225 1099 3607 1170 occupabant.

1958 1183 2022 1238 In
2054 1183 2346 1239 veteribus
2370 1184 2676 1240 Remensis
2708 1184 3014 1256 provincia:
3063 1187 3460 1244 monumentis
3505 1187 3611 1243 Ca-

1960 1273 2315 1328 meracensis
2356 1274 2687 1346 episcopus,
2741 1291 2807 1331 ex
2858 1275 3126 1347 opposito
3177 1275 3610 1348 metropolitani

1959 1360 2153 1416 locum
2185 1361 2397 1416 habere
2430 1362 2808 1433 conspicitur,
2826 1368 2891 1418 ut
2918 1368 2974 1419 et
3005 1364 3268 1420 Delensis
3297 1365 3353 1420 in
3381 1366 3609 1435 provin-

1961 1451 2051 1506 cia
2080 1450 2564 1523 Turonensi,quae
2595 1451 2723 1506 duas
2754 1451 3019 1508 Ecclesia:
3043 1454 3151 1509 etsi
3182 1458 3322 1510 sunt
3348 1454 3612 1511 illustres

1961 1539 2112 1593 inter
2142 1538 2525 1600 alias.neutra
2545 1544 2740 1594 tamen
2772 1558 2888 1595 suae
2911 1540 3216 1613 provincias
3245 1548 3377 1614 post
3397 1547 3610 1599 metro-

1963 1626 2167 1698 polim,
2199 1628 2615 1699 protothronus
2645 1644 2747 1684 seu
2776 1628 3057 1700 primaria
3108 1632 3275 1687 sedes
3322 1636 3430 1687 est.
3465 1632 3611 1687 Nam

1963 1716 2021 1771 in
2059 1716 2287 1789 Belgica
2316 1719 2574 1773 secunda
2598 1717 2749 1772 hanc
2779 1716 3121 1789 dignitatem
3154 1719 3612 1785 Suessionensis,

1963 1810 2019 1861 et
2064 1806 2123 1860 in
2178 1807 2548 1877 Lugdunensi
2603 1806 2775 1862 tertia
2821 1808 3319 1864 Cenomannensis
3356 1808 3616 1865 Ecclesia

1964 1911 2194 1967 semper
2218 1894 2583 1960 obtinuit,uti
2613 1912 2681 1951 ex
2706 1896 3125 1953 vetustioribus
3163 1897 3481 1954 Galliarum
3511 1916 3614 1955 no-

1970 1983 2115 2039 titiis
2147 1989 2395 2040 constat.

2039 2072 2363 2128 Concilium
2422 2073 2481 2129 in
2533 2072 2779 2129 basilica
2833 2074 3026 2129 Sancti
3076 2074 3227 2130 Petri
3260 2073 3617 2130 celebratum

1966 2160 2150 2217 fuisse
2196 2162 2411 2218 diserte
2463 2161 2641 2218 habet
2684 2166 2853 2218 vetus
2899 2164 3078 2218 codex
3126 2164 3254 2233 ejus
3302 2180 3615 2233 canonum,

1969 2250 2259 2306 Lamberti
2292 2251 2691 2307 Atrebatensis
2721 2252 2998 2322 dictus,et
3027 2252 3266 2324 quidem
3288 2251 3620 2309 hebdoma-1a

1966 2341 2129 2394 tertia
2176 2340 2417 2409 Paschaa,
2469 2357 2568 2395 seu
2618 2349 2737 2413 post
2795 2342 3026 2406 Pascha,
3081 2346 3145 2397 ut
3202 2340 3507 2397 Bertoldus
3564 2346 3621 2398 et

1970 2428 2330 2485 Hovedemus
2358 2429 2608 2496 habent;
2638 2433 2695 2486 ot
2726 2434 2922 2501 aperte
2952 2429 3190 2484 omnino
3222 2430 3401 2485 codex
3448 2430 3618 2485 Lam-

1964 2518 2132 2584 berti,
2168 2519 2226 2572 in
2256 2519 2491 2574 secunda
2532 2520 2823 2574 Dominica
2874 2527 2997 2590 post
3039 2517 3218 2585 Albas,
3252 2536 3361 2590 qua
3401 2520 3616 2575 miseri-

1962 2606 2151 2661 cordia
2181 2608 2400 2662 Domini
2426 2615 2701 2662 causatur.
2737 2606 2792 2661 Is
2843 2622 2974 2660 cum
3011 2607 3318 2678 subjungit
3349 2607 3614 2677 ejusdem

1964 2694 2168 2767 synodi
2201 2696 2430 2751 decreta
2458 2695 2635 2766 pridie
2671 2695 2934 2750 Kalendas
2983 2695 3115 2750 Maii
3154 2695 3286 2750 (lata
3318 2695 3498 2750 fuisse
3524 2695 3615 2750 in-

1964 2785 2093 2839 nuit
2124 2785 2414 2857 synodum
2436 2785 2788 2857 perdurasse
2806 2782 3620 2857 totahachebdomada.Unde

1963 2890 2069 2928 nec
2100 2872 2425 2929 Chronicon
2475 2872 2857 2928 Malleacense
2910 2873 3216 2939 aberravit,
3253 2872 3353 2928 ubi
3404 2872 3620 2944 legitur

1960 2961 2111 3018 hanc
2144 2964 2402 3033 synodus
2431 2980 2510 3019 VYI
2543 2962 2835 3019 Kalendas
2870 2961 3002 3017 Maii
3033 2961 3381 3017 celebratam
3413 2961 3615 3031 fuisse;

1964 3069 2070 3107 nec
2101 3052 2329 3108 codices
2361 3070 2394 3108 a
2426 3051 2613 3117 Binio,
2640 3051 2970 3116 Sirmondo,
2998 3056 3099 3106 aut
3131 3052 3351 3107 Labbeo
3372 3050 3617 3119 laudati,

1961 3141 2063 3213 qui
2094 3141 2248 3196 diem
2279 3143 2315 3195 7
2344 3146 2443 3196 aut
2466 3143 2637 3208 6,aut
2658 3142 2830 3197 etiam
2866 3158 2900 3195 ιι
2936 3139 3224 3195 Kalendas
3247 3139 3382 3196 Maii
3412 3140 3618 3213 praefe-

1962 3233 2113 3284 rant.
2150 3233 2312 3285 Certe
2341 3230 2472 3301 ipsa
2503 3228 2808 3284 Dominica
2840 3226 3022 3283 tertia:
3060 3227 3460 3295 hebdomadis,
3493 3243 3620 3300 qua

192 3294 298 3373 illo
328 3316 638 3374 intervallo
684 3294 799 3373 duo
854 3318 1154 3392 privilegia
1203 3294 1444 3375 totidem
1477 3294 1849 3376 monasteriis
1880 3294 1922 3364 (ἶ
1963 3317 2073 3373 hoc
2117 3336 2269 3374 anno
2317 3294 2383 3374 in
2428 3319 2584 3377 diem
2630 3322 2699 3373 24
2749 3316 2983 3389 Aprilis,
3033 3333 3136 3372 seu
3183 3333 3284 3372 vm
3314 3294 3621 3373 Kalendae

196 3407 580 3475 concesserit,
605 3424 733 3480 quae
756 3407 1367 3480 supersunt.Primum
1400 3412 1489 3463 est
1522 3407 1861 3464 monasterii

192 3495 551 3551 Anianensis
581 3495 641 3550 in
667 3496 985 3562 Occitania,
1022 3496 1372 3568 inscriptum
1406 3498 1572 3552 Petro
1594 3498 1859 3567 ejusdem

193 3583 305 3641 loci
337 3583 559 3651 abbati,
592 3585 794 3639 datum
829 3584 1103 3640 Laterani
1137 3584 1228 3640 die
1260 3586 1344 3640 lt.
1369 3584 1629 3640 Alterum
1680 3585 1772 3641 die
1797 3588 1862 3640 19

195 3673 462 3745 ejusdem
496 3672 718 3729 mensis
748 3675 807 3729 in
837 3675 1050 3745 porticu
1083 3674 1228 3730 beati
1268 3674 1440 3739 Petri,
1485 3690 1600 3746 quo
1653 3691 1859 3729 mona-

195 3762 449 3817 sterium
480 3762 675 3818 Sancti
704 3762 1000 3818 Saturnini
1034 3762 1093 3817 in
1127 3761 1360 3817 dimcesi
1390 3761 1734 3834 Urgellensi,
1768 3780 1860 3818 cu-

190 3851 294 3923 jus
326 3851 533 3906 Petrus
564 3854 703 3906 tunc
733 3852 916 3907 abbas
947 3851 1432 3924 erat,insignibus
1465 3851 1782 3925 privilegiis
1806 3856 1861 3906 et

189 3938 431 4011 juribus
461 3938 927 3994 decoratur.Haec
956 3939 1073 3994 duo
1104 3939 1407 4012 privilegia
1438 3957 1473 3996 a
1504 3940 1671 3996 Petro
1719 3940 1857 3995 scri-

199 4026 389 4083 niario
422 4025 657 4100 scripta,
696 4033 752 4084 et
783 4045 886 4100 per
915 4044 1155 4083 manum
1187 4028 1433 4084 Joannis
1463 4028 1690 4084 diaconi
1724 4030 1859 4085 data

198 4117 498 4173 dicuntur.
523 4115 711 4173 Aliam
742 4117 960 4173 Urbani
993 4117 1216 4173 bullam
1246 4116 1640 4190 laudant,qua
1671 4118 1855 4174 Gello-

200 4222 383 4262 nense
411 4205 607 4261 Sancti
630 4204 922 4261 Guillelmi
946 4206 1016 4263 de
1043 4206 1273 4261 Deserto
1306 4205 1727 4263 monasterium
1752 4224 1850 4262 an-

199 4298 293 4350 tea
322 4294 560 4351 Aniana:
592 4295 948 4367 subjectum,
979 4297 1051 4350 ab
1099 4312 1164 4351 eo
1208 4296 1351 4366 jugo
1398 4294 1699 4351 liberatur.
1746 4296 1852 4350 Sed

196 4401 325 4439 eam
360 4384 555 4440 videre
586 4401 699 4440 non
730 4383 1029 4451 licuit,nec
1059 4384 1118 4439 in
1147 4383 1486 4440 alterutrius
1513 4384 1852 4441 monasterii

198 4473 435 4529 archivo
462 4472 731 4529 habetur.

483 4562 873 4618 CCCXXXVII.
905 4564 1216 4619 Concilium
1243 4564 1564 4619 Romanum.

1975 3406 2108 3462 Maii
2139 3406 2450 3474 incidebat,
2485 3405 2815 3478 complures
2855 3405 3149 3460 antistites
3198 3409 3390 3461 Romae
3441 3403 3620 3460 simul

1973 3494 2305 3566 congregati
2339 3495 2617 3567 rescripto
2648 3494 2947 3567 pontiﬁcio
2978 3494 3033 3548 in
3068 3492 3315 3566 gratiam
3358 3492 3620 3565 Hugonis

1974 3584 2382 3655 Lugdunensis
2414 3600 2515 3655 pro
2547 3582 2801 3656 primatu
2836 3587 3037 3638 contra
3084 3583 3488 3637 Daimhertum
3520 3585 3617 3638 Se-

1970 3690 2289 3728 nonensem
2323 3672 2673 3729 decertantis
2721 3671 3214 3743 subscripserunt.
3249 3670 3325 3724 Ex
3370 3670 3479 3725 hoc
3526 3686 3616 3725 re-

1968 3761 2500 3834 scripto,discimus
2523 3760 2923 3817 Daimbertum
2943 3764 3082 3815 tunc
3107 3758 3384 3831 temporis
3406 3758 3620 3830 prima-

1966 3855 2094 3906 tum
2130 3852 2580 3924 Lugdunensem
2604 3849 2995 3924 agnovisse,et
3015 3852 3311 3920 comperta
3327 3847 3617 3904 habemus

1968 3940 2190 4013 aliquot
2221 3940 2551 3996 antistitum
2579 3939 2943 4011 nomina,qui
2976 3939 3234 3993 Romano
3266 3936 3352 3991 illi
3375 3937 3617 3994 concilio

1967 4029 2377 4085 interfuerunt.
2413 4029 2456 4085 Ii
2489 4032 2862 4100 sunt,przeter
2892 4027 3289 4082 Daimbertum
3320 4026 3616 4082 Senonem-

1966 4136 2088 4174 sem
2124 4125 2181 4175 et
2212 4118 2433 4190 aliquot
2454 4117 2779 4173 cardinales
2795 4116 3059 4172 Ecclesiae
3083 4116 3353 4170 Romanae
3385 4116 3618 4189 presby-

1964 4213 2140 4275 teros,
2164 4208 2477 4264 Anselmus
2507 4207 2851 4274 Cantuariis,
2879 4204 3265 4278 Leodegarius
3288 4204 3615 4278 Biturigum

1965 4303 2023 4353 et
2049 4301 2294 4353 Amatus
2326 4296 2648 4370 Burdigalae
2683 4294 3150 4368 metropolitani;
3193 4293 3449 4369 episcopi
3478 4310 3615 4349 vero

1966 4385 2298 4442 Gualterius
2352 4385 2717 4449 Albanensis,
2768 4385 2889 4440 Odo
2936 4384 3244 4447 Ostiensis,
3278 4383 3615 4439 Guntardus

1962 4473 2629 4542 Tundanus,Leutaldus
2649 4472 3098 4529 Silvanectensis
3121 4476 3176 4528 et
3198 4473 3427 4528 Ismeon
3450 4471 3617 4527 Dien-

1963 4564 2176 4635 sis,qui
2203 4565 2379 4619 etiam
2411 4564 2656 4618 ultimus
2677 4568 2799 4618 erat
2823 4561 3083 4635 Hugonis
3106 4559 3517 4633 Lugdunensis
3540 4561 3616 4616 le-

266 4649 496 4706 Interea
527 4652 771 4707 Romam
804 4653 1224 4708 conveniebant
1247 4670 1314 4708 ex
1333 4652 1509 4708 variis
1533 4652 1851 4724 provinciis
1884 4671 1929 4735 ι)
1962 4657 2151 4726 gatus.
2181 4652 2457 4717 Quamvis
2490 4657 2682 4706 autem
2715 4652 2927 4706 unicus
2980 4650 3072 4704 hic
3122 4653 3479 4704 memoratur
3509 4649 3616 4705 Re-

191 4738 455 4811 episcOpi
487 4740 560 4795 ad
591 4738 901 4796 concilium
927 4742 997 4797 ab
1020 4741 1252 4797 Urbano
1283 4742 1850 4814 convocatum,quod

189 4844 459 4900 magnum
487 4830 800 4884 concilium.
834 4829 1178 4885 Hovedenus
1234 4831 1546 4898 generalem
1582 4830 1852 4903 synodum

192 4916 376 4973 codex
430 4917 745 4988 Lamberti,
797 4916 1124 4984 Bertoldus,
1172 4922 1374 4974 auctor
1416 4917 1659 4992 aequalis
1704 4919 1847 4973 Vite

188 5005 436 5062 Joannis
465 5006 920 5074 Ternannensis,
960 5012 1018 5063 et
1061 5007 1157 5063 alii
1206 5007 1522 5079 appellant.
1556 5008 1701 5064 Huic
1748 5010 1853 5063 150

192 5097 466 5167 episcopos
494 5099 547 5152 et
573 5095 812 5163 abbates,
842 5096 1379 5173 innumerabilesque
1407 5097 1631 5152 clericos
1671 5097 1851 5152 inter-

191 5185 380 5240 fuisse
418 5184 627 5241 scribit
672 5184 825 5241 idem
876 5185 1202 5255 Bertoldus,
1236 5187 1304 5239 ad
1340 5202 1516 5257 quam
1547 5186 1847 5257 primates,

192 5273 669 5347 archiepiscOpos
682 5279 737 5330 et
748 5275 1051 5347 episcopos
1071 5280 1410 5331 convocatos
1441 5275 1622 5329 fuisse
1638 5275 1746 5347 legi
1760 5280 1852 5329 tur

193 5363 255 5417 in
288 5363 484 5419 codice
514 5363 827 5431 Lamberti,
862 5380 1127 5436 quosque
1155 5380 1225 5420 ex
1253 5363 1415 5419 Italia
1438 5372 1488 5419 et
1520 5363 1699 5419 Gallia
1721 5380 1852 5419 con-

192 5457 486 5526 gregatos,
509 5453 569 5507 in
590 5453 812 5508 modum
835 5454 1290 5521 corona,sedisse
1309 5453 1633 5509 Eadmerus
1660 5453 1853 5508 obser-

192 5541 592 5597 vat.Ansclmo
615 5547 811 5598 autem
829 5542 1232 5599 Cantuariensi
1255 5541 1849 5615 archiepi500p0,cum

196 5630 426 5686 nullum
459 5631 571 5687 sibi
603 5632 965 5705 assignatum
1000 5632 1191 5689 locum
1221 5631 1652 5699 haberet,sedes
1676 5632 1850 5702 jussu

194 5721 493 5793 pontiﬁcis
528 5723 583 5777 in
616 5737 813 5777 corona
845 5725 1024 5795 posita
1078 5731 1178 5791 est,
1226 5721 1284 5775 id
1335 5725 1422 5777 est
1471 5736 1538 5776 ex
1585 5720 1848 5794 opposito

1963 4741 2183 4797 mensis
2215 4740 2522 4812 provinciae
2556 4738 2830 4794 Letaldus
2861 4735 3394 4810 episcopus,plures
3414 4739 3612 4793 tamen

1960 4831 2298 4887 interfuisse
2332 4829 2466 4884 huic
2499 4829 2719 4902 synodo
2750 4845 2779 4883 e
2828 4844 2936 4883 sua
2975 4825 3270 4898 provincia
3314 4828 3612 4883 Manasses

1959 4918 2718 4991 metropolitanustestatur
2745 4916 2806 4971 in
2835 4915 3083 4988 cpistola
3104 4930 3280 4986 quam
3313 4914 3466 4969 infra
3491 4914 3612 4970 lau-

1960 5008 2234 5065 dabimus
2281 5007 2352 5063 de
2399 5005 2718 5061 Morinensi
2764 5006 3052 5077 episcopo.
3087 5006 3250 5059 Certe
3297 5003 3355 5058 id
3397 5002 3612 5060 diserte

1958 5098 2232 5163 habetur,
2264 5097 2320 5151 in
2363 5095 2559 5151 codice
2588 5094 2881 5151 Lamberti
2931 5099 3058 5149 tum
3109 5110 3242 5161 ms.,
3276 5097 3404 5147 tum
3454 5092 3610 5149 edito

1960 5191 2115 5242 torno
2146 5186 2192 5238 V
2224 5184 2727 5240 Miscellaneorum
2764 5183 2998 5247 Baluzii,
3032 5183 3090 5237 id
3123 5199 3237 5254 quo
3269 5181 3388 5237 haec
3436 5182 3612 5238 verba

1960 5276 2235 5346 leguntur
2266 5292 2280 5329 :
2317 5275 2450 5329 Huic
2478 5289 2687 5345 quoque
2715 5275 2943 5329 concilio
2974 5290 3099 5328 cum
3141 5273 3348 5327 caeteris
3384 5272 3610 5327 Remen-

1958 5366 2036 5420 sis
2079 5363 2374 5435 provincia:
2425 5364 2688 5435 episcopis
2736 5363 2992 5434 interfuit
3040 5360 3353 5417 Lambertus
3391 5361 3612 5416 Atreba-

1962 5454 2127 5509 tensis
2173 5454 2473 5522 episcopus.
2508 5450 2592 5507 Ibi
2640 5452 2817 5507 etiam
2866 5452 3128 5519 aderant,
3162 5451 3245 5505 uti
3276 5449 3441 5505 exiis
3484 5467 3609 5521 quas

1962 5543 2134 5597 modo
2184 5541 2447 5596 dicemus
2496 5541 2734 5614 patebit,
2786 5540 3087 5597 Bisancius
3137 5537 3609 5610 archiepiscopus

1960 5629 2623 5703 Tranensisdicingerus
2652 5629 2986 5695 Luccensis,
3015 5626 3378 5683 llumbaldus
3415 5626 3608 5682 Antis-

1967 5717 2323 5776 siodorensis
2372 5722 2427 5773 et
2470 5719 2815 5775 Gotofrcdus
2863 5716 3292 5790 Magalonensis
3332 5714 3607 5788 episcopi,
