3962 6416
376 388 496 455 Ξῦί

1690 392 1758 456 Β.
1807 392 2098 460 URBANI
2142 397 2195 460 ll
2239 394 2486 462 ΡΑΡᾹΞ.

3679 404 3798 469 259

380 523 597 602 quibus
646 522 890 600 adjungi
936 522 1110 584 debet
1135 522 1491 601 Nurgandus
1519 523 1844 600 Eduensis,
1876 526 1968 586 cui
2000 544 2036 586 a
2061 527 2118 600 Α
2143 532 2243 589 tur
2269 529 2394 608 ipse
2424 528 2740 592 Anselmus
2770 528 2872 592 lib.
2904 531 3242 608 In,epist.73
3262 534 3335 592 ad
3358 532 3703 595 Paschalem
3727 537 3789 596 II.

379 621 550 676 Roma
597 632 810 673 reverso
867 615 1021 688 apud
1068 615 1398 684 Sedelocum,
1431 617 1684 673 occurrit
1719 618 1884 693 Hugo
1906 619 2034 692 jam

375 711 520 762 tunc
548 704 1004 761 Flaviniacensis
1035 706 1238 773 abbas,
1271 707 1356 761 uti
1389 706 1513 779 ipse
1543 712 1742 763 narrat
1771 707 1831 762 in
1853 707 2034 764 Chro-

377 794 801 867 nico.Denique
832 792 905 850 iis
935 794 1114 850 etiam
1143 797 1625 853 annumerandus
1646 812 1777 853 esse
1807 797 2036 853 videtur

377 884 546 957 Hugo
579 882 1156 956 Gratianopolitanus
1196 884 1462 953 antistes,
1490 885 1592 957 qui
1620 890 1755 958 post
1781 886 2032 942 reditum

375 973 599 1031 Urbani
627 972 924 1046 pontiﬁcis
952 973 1012 1028 in
1044 973 1272 1029 Italiam
1296 973 1529 1030 duobus
1546 975 1720 1030 annis
1737 974 1795 1030 in
1822 974 2034 1047 Apulia

373 1062 720 1120 infirmitate
749 1064 1023 1119 detentus
1053 1067 1450 1119 commoratus
1481 1067 1589 1130 est,
1621 1068 1687 1120 ut
1715 1064 1841 1137 ipse
1861 1068 2032 1120 testa-

372 1157 473 1211 tur
493 1153 551 1208 in
575 1151 775 1209 libello
792 1152 873 1208 De
890 1151 1385 1223 controversia,qu
1395 1168 1489 1208 am
1510 1152 1719 1208 habuit
1737 1168 1871 1208 cum
1895 1152 2031 1208 Gui-

373 1245 525 1300 done
554 1241 875 1299 Viennensi
904 1239 1206 1297 occasione
1236 1240 1716 1298 Salmoriacensis
1746 1240 2031 1297 archidia-

374 1336 643 1390 conatus.

354 1488 357 1489 ν
445 1423 576 1478 Haec
601 1437 774 1494 porro
814 1420 1072 1494 synodus
1101 1422 1416 1475 convocata
1465 1417 1681 1474 dicitur
1724 1417 1781 1473 in
1832 1417 2028 1475 codice

373 1509 667 1567 Lamberti
694 1525 794 1581 pro
823 1524 1007 1564 errore
1034 1515 1085 1563 et
1114 1507 1412 1565 haeresibus
1446 1506 1847 1570 Graecorum,ad
1879 1524 2026 1580 quos

369 1601 500 1673 ejus
530 1598 763 1654 decreta
794 1596 970 1654 etiam
1013 1602 1274 1669 spectare
1323 1597 1629 1670 subjungit
1675 1596 1768 1652 his
1809 1596 2024 1665 verbis,

358 1690 527 1763 apud
557 1685 858 1746 Baluzium
897 1685 1097 1743 relatis
1132 1705 1144 1741 :
1181 1687 1380 1755 Qualia
1408 1691 1597 1742 autem
1638 1686 1853 1741 decreta
1873 1701 2022 1758 pra-

364 1780 539 1836 dictus
566 1794 712 1850 papa
743 1776 1035 1843 Urbanus,
1067 1775 1132 1830 de
1164 1777 1361 1830 Latina
1384 1783 1435 1831 et
1463 1774 1651 1832 Graeca
1693 1776 1929 1829 Ecclesia
1976 1783 2027 1830 et

2148 622 2214 679 Et
2271 624 2511 696 quidem
2568 624 2715 680 Boso
2772 628 2977 697 postea
3030 622 3192 681 Becci
3225 625 3427 693 abbas,
3455 624 3683 685 amicus
3735 631 3795 683 et

2143 713 2470 785 discipulus
2500 713 2685 770 sancti
2714 712 2996 783 Anselmi,
3028 729 3334 786 nunquam
3361 714 3573 771 adduci
3604 715 3795 788 potuit

2143 807 2209 857 ut
2240 802 2568 858 hominium
2601 802 2721 874 regi
2750 802 3017 870 Henrico,
3051 802 3151 876 qui
3183 803 3580 860 Nortmannia:
3616 804 3792 861 etiam

2142 892 2260 947 dux
2289 894 2434 962 erat,
2461 891 2948 963 praestaret,quod
2977 890 3034 946 id
3070 907 3132 947 se
3163 908 3467 964 nunquam
3498 892 3792 949 facturum

2140 979 2436 1053 pollicitus
2466 996 2616 1053 papa
2649 980 2837 1036 fuerat
2866 983 2931 1034 ut
2958 979 3017 1034 in
3049 980 3177 1051 ejus
3198 980 3329 1036 Vita
3354 968 3794 1055 legitur.Neque

2140 1069 2235 1124 hic
2266 1068 2655 1125 omittendum
2671 1073 2760 1126 est
2789 1069 2945 1141 quod
2979 1069 3300 1143 Reingerus
3331 1069 3641 1126 Luccensis
3669 1070 3793 1143 epi-

2140 1174 2354 1230 scopus
2386 1157 2444 1213 in
2475 1157 2678 1213 eadem
2697 1156 2916 1230 synodo
2931 1157 3140 1214 fecisse
3169 1158 3241 1213 ab
3254 1158 3539 1214 Eadmero
3557 1157 3790 1215 dicitur.

2139 1246 2244 1303 Hic
2269 1246 2485 1320 quippe
2513 1263 2544 1302 a
2576 1247 2851 1318 pontiﬁce
2882 1250 3117 1319 propter
3147 1263 3443 1314 sonoram,
3466 1264 3585 1320 qua
3611 1247 3791 1320 polle-

2137 1334 2260 1406 bat,
2292 1351 2491 1391 vocem
2527 1333 2867 1408 designatus
2893 1334 2963 1390 ad
2986 1333 3233 1407 legenda
3276 1334 3506 1407 publice
3553 1351 3681 1408 quae
3730 1334 3791 1392 in

2138 1425 2360 1497 synodo
2390 1428 2611 1480 statuta
2658 1424 2910 1492 fuerant,
2944 1440 3078 1479 cum
3126 1423 3184 1478 id
3233 1428 3666 1495 exsequeretur,
3701 1439 3791 1480 re-

2137 1518 2309 1587 pente
2334 1513 2655 1586 interrupta
2682 1513 3045 1568 decretorum
3078 1511 3248 1580 serie,
3282 1516 3507 1568 mutato
3535 1512 3698 1568 vultu
3725 1530 3792 1568 ac

2134 1603 2292 1659 vocis
2322 1606 2379 1658 et
2408 1602 2587 1657 totius
2617 1601 2875 1673 corporis
2902 1600 3347 1665 habitu,terram
3367 1601 3511 1673 pede
3535 1617 3640 1657 suo
3664 1618 3790 1658 ver-

2135 1691 2348 1747 berans
2380 1690 2566 1746 multa
2595 1689 2931 1746 interseruit
2952 1690 3010 1745 in
3033 1689 3293 1745 Anselmi
3328 1689 3697 1758 bonorem,et
3721 1691 3791 1747 de

2134 1781 2230 1836 his
2260 1796 2386 1852 qua:
2418 1779 2515 1835 ille
2545 1797 2579 1835 a
2605 1796 2737 1852 rege
2765 1777 3117 1852 Angelorum
3146 1794 3358 1851 passus
3389 1779 3791 1852 fuerat,gravi-

365 1869 432 1924 de
457 1867 737 1923 ministris
765 1865 1037 1932 altaris,et
1068 1865 1132 1920 de
1162 1864 1432 1921 ordinatis
1460 1880 1494 1918 α
1542 1863 1941 1927 Simoniucis,et
1959 1863 2024 1919 de
2057 1898 2103 1962 Β
2138 1875 2227 1924 ter
2261 1874 2638 1941 conquestus,
2673 1869 2827 1940 quod
2878 1871 3010 1940 post
3039 1871 3263 1922 tantam
3296 1867 3355 1922 in
3389 1867 3530 1922 urbe
3560 1884 3788 1924 moram

371 1957 651 2029 beneﬁciis
682 1962 733 2011 et
758 1955 955 2026 officiis
982 1953 1360 2010 ecclesiasticis
1385 1969 1485 2025 per
1507 1954 1799 2024 pecuniam
1819 1952 2025 2024 aleptis
2057 1952 2100 1962 ”
2139 1974 2256 2013 non
2281 1958 2331 2014 ei
2367 1957 2571 2014 fuisset
2601 1956 3143 2023 satisfactum.Sed,
3177 1958 3469 2011 moments
3495 1972 3666 2028 papa,
3700 1956 3789 2014 le-

367 2050 497 2103 ante
521 2060 716 2117 corpus
749 2043 892 2100 beati
919 2044 1072 2099 Petri
1094 2042 1599 2109 dederit,studiosus
1622 2042 1785 2098 lector
1805 2042 2027 2110 legendo

366 2136 618 2192 invenire
642 2134 858 2206 poterit.
890 2131 1054 2189 Unde
1083 2131 1300 2188 mirum
1349 2136 1439 2187 est
1486 2129 1632 2186 nihil
1675 2129 1926 2202 speciale
1957 2130 2027 2186 de

368 2224 703 2282 Gracorum
724 2221 1020 2278 erroribus
1046 2220 1107 2277 in
1130 2219 1383 2293 vulgatis
1400 2219 1587 2291 hujus
1609 2217 1839 2275 concilii
1860 2235 2028 2275 cano.

367 2312 545 2370 nibus
574 2326 896 2368 occurrere.
931 2310 992 2365 Id
1024 2309 1171 2365 forte
1201 2308 1409 2377 evenit,
1435 2308 1589 2381 quod
1620 2307 1833 2363 horum
1858 2324 2027 2364 cano-

342 2415 511 2458 .num
541 2396 1041 2464 collectores,cum
1074 2394 1261 2452 Latini
1295 2395 1615 2463 fuerint,ea
1646 2399 1876 2451 tantum
1897 2412 2023 2467 quae

364 2487 438 2545 ad
469 2484 859 2543 occidentales
880 2485 1253 2559 pertinebant
1275 2483 1607 2554 retulerint;
1646 2485 2022 2557 quemadmo-

363 2577 507 2633 dum
533 2576 588 2632 id
621 2575 774 2648 quod
793 2575 1097 2631 occasione
1110 2573 1297 2630 sancti
1318 2572 1579 2630 Anselmi
1601 2575 1900 2630 decretum
1919 2573 2022 2629 ibi-

341 2665 495 2724 .dem
518 2664 689 2735 fuit,a
706 2662 849 2721 solis
868 2662 1205 2737 Anglicanis
1227 2661 1613 2736 scriptoribus
1636 2665 2016 2719 memoratur.

359 2755 451 2811 Sic
480 2754 661 2810 etiam
690 2751 998 2808 Bertoldus
1029 2755 1086 2808 et
1115 2750 1213 2808 alii
1247 2752 1471 2825 passim
1503 2755 1769 2808 auctores
1800 2751 1873 2807 de
1910 2751 2019 2807 hac

361 2843 583 2917 synodo
614 2840 985 2898 solummodo
1016 2840 1255 2908 habent,
1288 2840 1587 2896 Urbanum
1620 2839 1680 2894 in
1711 2855 1779 2896 ea
1798 2841 2017 2912 praede-

361 2946 663 2989 cessorum
693 2945 936 2985 suorum
969 2932 1187 2984 statuta
1213 2927 1865 2997 conﬁrmasse,iterasse
1886 2945 2021 2985 ana-

360 3020 623 3077 themata
639 3019 701 3073 in
712 3016 1055 3073 Guibertum
1069 3017 1118 3088 ej
1130 3033 1316 3089 usque
1327 3016 1640 3089 complices
1653 3018 1779 3089 jam
1804 3017 2017 3089 saepius

358 3108 481 3166 lata
501 3112 557 3165 et
574 3105 1251 3178 conﬁrmata,egisseque
1277 3106 1347 3162 de
1372 3106 1765 3179 promovenda
1782 3105 2015 3162 Jeroso-

2139 2046 2391 2103 ctionem
2424 2062 2715 2102 canonum
2747 2048 3244 2117 persecutusque
3278 2044 3508 2101 decreta
3530 2060 3598 2101 ea
3627 2046 3700 2102 de
3727 2062 3789 2101 re

2138 2133 2387 2202 fuerant,
2422 2138 2487 2189 ut
2529 2150 2663 2190 mox
2693 2132 3055 2200 dicebamus,
3092 2132 3329 2189 tandem
3382 2149 3517 2189 cum
3567 2134 3790 2191 caeteris

2135 2222 2498 2295 approbavit.

2209 2311 2433 2367 Interea
2462 2309 2718 2384 pontifex
2750 2309 2908 2366 haud
2937 2309 3268 2383 negligebat
3317 2327 3518 2366 eorum
3550 2327 3784 2382 causas,

2135 2399 2236 2472 qui
2269 2400 2341 2455 ad
2376 2400 2571 2472 ipsum
2622 2398 3019 2465 recurrebant,
3051 2398 3266 2471 quibus
3311 2398 3401 2456 vel
3450 2399 3576 2473 ipse
3622 2400 3787 2458 solus

2133 2488 2502 2561 providebat;
2535 2491 2636 2543 aut
2665 2491 2818 2544 certe
2846 2504 2944 2544 eas
2976 2487 3259 2544 referebat
3288 2488 3360 2543 ad
3391 2489 3703 2562 synodum,
3733 2490 3787 2546 si

2131 2577 2279 2632 tanti
2308 2580 2524 2647 essent,
2552 2581 2618 2632 ut
2641 2576 2700 2632 id
2732 2592 2919 2649 operae
2949 2575 3202 2649 pretium
3232 2581 3404 2633 esset.
3437 2578 3507 2633 Et
3538 2578 3782 2651 quidem

2131 2667 2380 2723 durante
2405 2663 2669 2735 concilio,
2703 2681 2912 2739 nempe
2948 2664 3039 2722 die
3085 2667 3156 2720 26
3186 2665 3396 2739 Aprilis
3438 2666 3511 2723 ad
3550 2667 3784 2740 petitio-

2130 2770 2265 2810 nem
2285 2754 2523 2810 Andreae
2536 2753 2771 2810 abbatis
2783 2753 3139 2810 monasteriu
3149 2771 3205 2809 m
3225 2753 3409 2811 Casali
3418 2772 3446 2811 s
3461 2754 3786 2825 Benedicti,

2130 2843 2285 2916 quod
2317 2841 2415 2898 ille
2443 2842 2598 2915 apud
2646 2842 2937 2916 Bituriges
2960 2844 3129 2915 juxta
3155 2842 3784 2902 Vallumbrosanorum

2126 2931 2399 2988 instituta
2427 2931 2536 2987 sub
2568 2930 2769 3004 regula
2799 2931 2984 2988 sancti
3017 2931 3314 2988 Benedicti
3353 2938 3783 3000 construxerat,

2126 3021 2280 3077 bona
2309 3037 2375 3076 ac
2405 3020 2809 3093 possessiones
2835 3019 3217 3089 confirmavit,
3243 3022 3380 3077 data
3407 3021 3586 3079 bulla.
3602 3022 3779 3079 Aliud

2123 3109 2493 3183 privilegium
2516 3108 2610 3165 die
2638 3110 2903 3181 sequenti
2956 3110 3026 3166 ad
3069 3110 3407 3183 petitionem
3434 3110 3618 3167 Amati
3642 3111 3786 3168 Bur-

357 3196 644 3272 lymitana
671 3194 1057 3268 expeditione.
1108 3194 1373 3250 Canones
1421 3209 1555 3250 vero
1595 3195 2009 3267 septemdecim
2047 3259 2085 3273 Α
2123 3197 2444 3272 digalensis
2490 3197 2931 3271 archiepiscopi,
2964 3202 3023 3254 et
3071 3197 3342 3255 Fulconis
3388 3198 3637 3268 abbatis,
3671 3201 3778 3273 qui

355 3288 537 3359 hujus
562 3282 918 3357 concilii,qui
933 3283 1104 3357 vulgo
1126 3283 1766 3355 circumferuntur,jam
1787 3283 1847 3338 in
1862 3285 2012 3356 prio-
2042 3259 2085 3328 C
2123 3287 2267 3344 forte
2292 3303 2426 3342 cum
2451 3302 2518 3343 eo
2548 3287 2806 3343 antistite
2824 3288 3068 3343 Romam
3086 3287 3159 3343 ad
3182 3286 3492 3343 concilium
3514 3259 3775 3360 venerat,

353 3377 522 3433 ribus
554 3372 815 3431 conciliis
843 3378 910 3428 ut
939 3372 1260 3446 plurimum
1293 3372 1646 3445 promulgati
1686 3372 2011 3442 fuerant,ut

350 3463 568 3539 legenti
598 3462 919 3535 patebit.At
950 3477 1243 3534 nusquam
1273 3461 1535 3518 invenire
1565 3461 1911 3534 licuit,quod
1935 3462 2007 3518 de

350 3555 556 3612 eadem
586 3552 808 3627 synodo
834 3550 1009 3607 refert
1038 3555 1240 3607 auctor
1269 3550 1539 3608 Chronici
1579 3549 2003 3619 Malleacensis,

348 3645 409 3701 in
443 3660 512 3701 ea
543 3641 765 3699 scilicet
793 3658 827 3697 a
850 3640 1122 3713 pontifice
1151 3641 1451 3697 decretum
1483 3640 1759 3711 fuisse,ut
1789 3639 2007 3714 singuli

348 3731 663 3792 Christiani
694 3730 853 3787 omni
888 3729 1031 3787 teria
1064 3733 1226 3787 sexta
1256 3733 1556 3786 servarent
1575 3729 1873 3802 jejunium
1901 3746 2005 3802 pro

340 3822 579 3897 peccatis
607 3821 743 3886 suis,
775 3827 825 3875 et
848 3820 1090 3875 numine
1113 3835 1215 3891 pro
1247 3818 1364 3874 illis
1393 3820 1590 3890 quibus
1621 3834 1735 3874 non
1776 3821 2007 3892 confessi

345 3919 475 3968 sunt
498 3912 862 3966 immemores.

420 3998 583 4066 Quod
602 3997 673 4053 ad
697 4012 790 4053 res
809 3994 1160 4068 Anglicanas
1189 3995 1761 4068 spectat,Eadmerus
1789 3996 1939 4053 libro
1961 4015 2002 4053 ιι

340 4090 657 4154 Novorum,
688 4089 746 4142 et
775 4088 909 4158 post
933 4100 1067 4140 eum
1124 4084 1408 4158 Rogerius
1455 4085 1823 4155 Hovedenus,
1857 4085 2000 4143 scri-

346 4179 514 4245 bunt,
551 4197 580 4227 «
611 4174 913 4233 Urbanum
945 4173 1004 4228 in
1030 4173 1232 4229 eadem
1280 4176 1499 4245 synodo
1549 4175 1901 4233 sententiam
1934 4193 2003 4232 ex

345 4262 899 4324 communicationis
925 4262 1238 4335 protulisse
1280 4262 1339 4319 in
1384 4265 1748 4323 adversarios
1784 4269 1999 4321 sancta:

342 4354 634 4422 Ecclesiae,
666 4369 734 4409 ac
763 4351 825 4407 in
856 4368 1061 4408 omnes
1089 4350 1288 4422 laicos,
1324 4354 1420 4427 qui
1469 4353 1848 4412 investituras
1896 4354 1996 4410 da-

338 4446 501 4512 bant,
554 4445 657 4498 aut
703 4439 947 4497 clericos
995 4440 1096 4513 qui
1137 4458 1237 4498 eas
1284 4442 1669 4516 accipiebant,
1706 4447 1807 4500 aut
1838 4444 1993 4516 ejus-

340 4532 498 4590 modi
512 4530 782 4589 homines
795 4531 867 4586 ad
883 4530 1141 4586 officium
1160 4531 1280 4588 dati
1294 4531 1536 4589 honoris
1548 4533 1990 4589 consecrabant.

2117 3376 2407 3434 concessit
2432 3375 2785 3433 monasterio
2811 3376 3036 3433 Sanctae
3076 3374 3277 3432 Crucis
3309 3376 3775 3450 Burdigalensis.

2188 3469 2256 3522 At
2286 3465 2519 3539 negotia
2548 3464 2790 3537 majoris
2838 3462 3121 3521 momenti
3169 3464 3229 3520 in
3277 3463 3520 3521 concilio
3551 3468 3778 3524 tracta-

2115 3555 2438 3611 bantur.Ex
2468 3554 2541 3610 iis
2574 3554 2684 3610 fuit
2707 3553 3068 3610 canonizatio
3096 3554 3281 3611 sancti
3332 3553 3551 3611 Nicolai
3603 3555 3776 3613 Pere-

2115 3644 2268 3714 grini
2302 3661 2315 3701 :
2348 3642 2495 3700 tales
2520 3643 2678 3699 enim
2709 3658 2919 3699 causas
2950 3643 3121 3715 juxta
3152 3641 3313 3699 illius
3363 3643 3465 3699 sevi
3505 3643 3773 3716 discipli-

2094 3751 2249 3804 Inam
2277 3733 2554 3806 plenariae
2584 3731 2783 3805 synodi
2810 3732 3089 3787 communi
3115 3748 3344 3787 assensu
3357 3733 3577 3803 ﬁrmari
3597 3732 3775 3790 debe-

2114 3822 2322 3895 reipse
2339 3820 2747 3892 Urbanusjam
2770 3823 2940 3877 antea
2990 3820 3062 3875 ad
3104 3819 3480 3876 Benedictum
3514 3821 3776 3879 Namne-

2112 3914 2360 3977 tensem,
2393 3913 2459 3966 ut
2487 3926 2592 3966 suo
2614 3907 2739 3964 loco
2769 3907 3354 3977 diximus,statuerat.
3386 3911 3578 3982 Atque
3624 3911 3777 3968 adeo

2111 3999 2418 4056 Bisancius
2471 3997 2787 4054 Tranensis
2840 3994 3336 4070 archiepiscopus,
3394 3997 3496 4070 qui
3545 3997 3777 4056 Nicolai

2111 4087 2609 4157 canonizationem
2675 4084 3158 4159 prosequebatur,
3215 4086 3501 4144 miracula
3565 4088 3637 4143 ab
3704 4105 3774 4146 eo

2109 4181 2360 4251 patrata,
2406 4174 2777 4250 praecipiente
2818 4172 3072 4242 Urbano,
3103 4189 3295 4231 coram
3340 4178 3597 4233 universo
3638 4193 3772 4234 con-

2107 4268 2235 4323 cilio
2266 4267 2545 4327 recitavit;
2577 4263 2792 4336 quibus
2841 4261 3005 4318 lectis
3056 4263 3317 4335 pontifex
3344 4264 3396 4318 ei
3428 4263 3771 4324 facultatem

2108 4355 2397 4412 concessit
2425 4358 2492 4409 ut
2521 4351 2811 4424 quidquid
2848 4350 2958 4407 hac
3006 4351 3066 4407 in
3096 4368 3157 4406 re
3207 4351 3420 4408 melius
3446 4352 3769 4426 videretur,

2106 4445 2176 4502 ad
2214 4443 2308 4500 Dei
2339 4441 2585 4516 gloriam
2620 4440 2971 4508 institueret,
2994 4439 3147 4497 datis
3178 4456 3246 4496 ea
3273 4441 3344 4497 de
3365 4458 3428 4498 re
3455 4440 3667 4499 litteris
3689 4447 3769 4501 ad

2105 4533 2348 4600 clerum,
2383 4529 2609 4587 nobiles
2657 4534 2715 4586 et
2760 4528 2992 4603 plebem
3047 4530 3365 4587 Tranensis
3403 4530 3677 4599 civitatis,
3710 4540 3773 4590 et

338 4622 602 4695 Denique
630 4620 691 4676 in
732 4636 852 4688 eos,
903 4619 1002 4693 qui
1060 4637 1165 4693 pro
1212 4620 1623 4679 ecclesiasticis
1672 4622 1997 4679 honoribus
2025 4632 2074 4698 D
2106 4622 2348 4695 quidem
2378 4620 2449 4676 ad
2481 4619 2638 4675 hunc
2668 4619 3000 4689 annum,ad
3029 4635 3204 4692 quem
3236 4621 3550 4694 pertinere,
3581 4619 3767 4678 etiam

337 4712 623 4769 laicorum
645 4709 914 4767 homines
947 4710 1114 4778 fiunt,
1130 4711 1286 4782 quod
1320 4710 1673 4767 exsecrabile
1702 4711 1990 4778 videatur,

332 4800 528 4874 inquit
556 4799 834 4873 pontifex,
869 4800 1240 4856 sacerdotum
1272 4816 1505 4869 manus,
1526 4817 1652 4872 qum
1679 4799 1739 4855 in
1765 4803 1991 4856 tantam

335 4889 717 4948 eminentiam
746 4892 1143 4958 excreverunt,
1177 4890 1432 4962 ut,quod
1465 4888 1611 4947 nulli
1641 4886 1981 4961 angelorum

334 4993 680 5035 concessum
711 4977 1010 5044 est,Deum
1041 4980 1252 5033 cuncta
1279 4981 1573 5034 creantem
1592 4995 1699 5033 suo
1726 4976 1988 5033 ministe-

266 5073 276 5087 '
336 5069 422 5124 rio
452 5069 730 5134 creent,et
758 5082 893 5122 eum
906 5066 1031 5122 lem
1053 5065 1250 5139 ipsum
1275 5084 1377 5139 pro
1402 5065 1800 5138 redemptione
1821 5070 1877 5123 et
1898 5082 1988 5122 sa-

330 5157 455 5214 lute
483 5156 667 5213 totius
698 5156 903 5212 mundi
935 5156 1152 5212 summi
1183 5156 1283 5212 Dei
1315 5155 1504 5212 Patris
1525 5155 1826 5212 obtutibus
1849 5155 1986 5211 oﬂ'e-

332 5251 499 5317 rant;
532 5245 591 5302 in
621 5245 771 5303 hanc
802 5244 1185 5319 ignominiam
1219 5245 1470 5310 detrudi,
1508 5249 1569 5299 ut
1599 5243 1821 5300 ancilla:
1845 5245 1989 5301 fiant

334 5353 538 5394 earum
570 5333 1198 5406 manuum,quaedieac
1212 5336 1380 5389 nocte
1410 5333 1680 5390 obscenis
1701 5333 1989 5407 contagiis

331 5425 738 5499 inquinentur,
773 5445 800 5473 ι)
833 5426 943 5479 etc.
978 5423 1095 5479 Hac
1125 5421 1351 5495 prolata
1380 5421 1670 5478 sententia
1700 5421 1987 5479 acclama-

331 5519 461 5572 tum
490 5517 580 5569 est
607 5513 678 5568 ab
711 5510 988 5567 omnibus
1022 5530 1034 5568 :
1066 5512 1332 5582 Fiat,ﬁat,
1366 5513 1415 5566 et
1443 5512 1505 5567 in
1535 5510 1621 5567 his
1643 5528 1987 5568 consumma-

328 5609 447 5660 tum
470 5606 548 5659 est
577 5600 1029 5657 conciliumﬂgec
1059 5599 1257 5657 omnia
1289 5617 1347 5656 se
1380 5601 1439 5657 in
1465 5603 1695 5659 concilio
1747 5619 1782 5658 a
1830 5618 1990 5660 vene-

334 5708 392 5750 re
423 5694 540 5750 illis
566 5688 848 5746 memoriae
871 5688 1089 5748 domino
1103 5707 1247 5764 papa
1265 5691 1478 5750 Urbano
1500 5691 1796 5750 audivisse
1819 5695 1992 5752 testa-

2104 4712 2329 4784 absque
2354 4707 2494 4765 ullis
2524 4706 2818 4765 chronicis
2851 4708 3029 4776 notis,
3060 4709 3251 4782 quivis
3283 4709 3450 4767 facile
3481 4726 3550 4766 ex
3585 4709 3765 4770 dictis

2101 4798 2400 4872 intelligit.

2166 4889 2580 4962 Compressum
2612 4887 2787 4944 etiam
2820 4887 2930 4943 hac
2968 4887 3029 4943 in
3082 4889 3304 4962 synodo
3350 4887 3463 4944 fuit
3512 4889 3765 4945 Tarven.

2094 4978 2296 5037 nensis
2326 4976 2594 5033 Ecclesiae
2619 4976 2902 5045 schisma,
2935 4978 3279 5034 confirmato
3327 4977 3388 5034 in
3430 4977 3561 5049 ejus
3592 4978 3762 5036 urbis

2095 5066 2356 5126 antistite
2384 5065 2627 5136 Joanne,
2662 5083 2838 5139 quem
2875 5066 3191 5124 diaecesani
3229 5066 3492 5135 abbates,
3525 5067 3759 5139 rejectis

2097 5156 2249 5225 aliis,
2282 5154 2637 5229 delegerant,
2672 5159 2987 5229 postquam
3018 5154 3311 5212 Gerardus
3341 5154 3464 5226 qui,
3489 5155 3573 5210 uti
3607 5155 3757 5212 dixi-

2098 5245 2320 5311 mus,in
2346 5245 2730 5301 Nemausensi
2763 5244 3011 5301 concilio
3042 5262 3076 5300 a
3102 5243 3226 5299 suis
3258 5242 3479 5299 muniis
3500 5259 3753 5316 suspen-

2096 5352 2201 5393 sus
2231 5334 2438 5404 fuerat,
2494 5333 2554 5390 in
2604 5333 3029 5392 monasterium
3078 5334 3293 5389 Montis
3342 5331 3540 5388 Sancti
3584 5331 3756 5407 Eligii

2097 5424 2457 5483 secessisset.
2490 5425 2678 5497 Hujus
2706 5423 2790 5480 rei
2823 5422 3150 5497 pracipuus
3176 5425 3375 5479 auctor
3420 5421 3533 5477 fuit
3582 5423 3751 5479 Lam~

2096 5517 2299 5572 bertus
2328 5515 2510 5572 abbas
2541 5512 3064 5580 Sithiensis,sancti
3094 5510 3355 5568 Anselmi
3387 5510 3755 5586 amicus,qui

2098 5622 2167 5663 ea
2191 5605 2262 5661 de
2304 5621 2387 5676 re,
2420 5613 2486 5659 ut
2533 5603 2907 5659 Malbrancus
2955 5602 3149 5671 refert,
3183 5600 3504 5658 orationem
3556 5616 3754 5658 coram

2099 5692 2307 5769 synodi
2357 5691 2627 5750 Patribus
2674 5691 2899 5749 habuit.
2949 5691 3199 5747 Litteras
3244 5690 3314 5748 de
3362 5690 3471 5747 hoc
3519 5690 3753 5763 negotio

2353 6364 2406 6382 —I
2418 6366 2720 6384 “mm
