3962 6372
292 407 410 474 283

1886 414 2091 480 VITA.

3571 413 3690 476 254

291 543 529 620 scripsit
553 545 809 621 pontifex
831 548 901 607 ad
926 545 1255 608 Manassem
1287 553 1632 610 Remensem
1653 550 1932 627 archiepi-
1961 553 2017 620 Α
2047 548 2325 608 abbatum
2347 549 2666 625 Colligitur,
2690 533 2849 606 illius
2870 541 3072 606 curam
3092 536 3321 622 Hugoni
3343 533 3540 606 abbati
3561 548 3693 606 Clu-

290 651 558 709 scopum,
587 643 714 694 tum
748 640 820 695 ad
849 641 1306 710 Tarvennenses,
1336 659 1402 698 ac
1427 641 1602 699 etiam
1632 644 1707 700 ad
1735 644 1932 716 ipsum

287 724 595 792 Joannem,
632 727 722 783 cui
755 730 1022 801 prohibet
1063 747 1135 786 ne
1182 730 1445 787 electioni
1497 750 1615 788 sua:
1648 734 1935 789 contraire

289 815 528 882 audeat;
560 817 663 872 sed
694 817 780 872 has
811 818 1001 875 solum
1051 819 1270 875 ultimae
1321 827 1656 894 supersunt,
1689 839 1836 893 quas
1869 839 1936 878 ex

287 903 554 974 ejusdem
571 905 814 963 Joannis
832 908 981 969 Vita.
1002 909 1140 963 olim
1159 909 1552 981 praeferantur.
1569 912 1716 966 Loco
1740 917 1934 967 autem

287 1009 490 1048 earum
517 1011 644 1066 quas
667 996 738 1050 ad
762 997 1092 1054 Manassem
1116 999 1342 1071 scriptae
1373 1007 1556 1068 erant,
1573 1001 1845 1057 dabimus
1875 1002 1934 1055 in

288 1081 620 1152 Appendice
639 1083 903 1154 ejusdem
927 1085 1344 1159 archiepiscOpi
1362 1087 1666 1158 epistolam
1686 1090 1753 1144 ad
1777 1090 1936 1161 ipsos

289 1169 749 1233 Tarvennenses.
774 1189 891 1244 qua
915 1189 1014 1230 eos
1044 1175 1114 1230 ad
1140 1175 1422 1231 Joannem
1448 1177 1616 1248 juxta
1648 1179 1939 1250 pontiﬁcis

291 1263 348 1313 et
377 1257 608 1314 concilii
638 1261 916 1316 mandata
945 1264 1386 1335 suscipiendum
1418 1266 1778 1335 adhortatur,
1804 1269 1938 1340 qui-

291 1346 404 1403 bus
446 1348 638 1420 reipsa
671 1365 770 1405 eos
809 1351 1073 1422 paruisse
1104 1370 1172 1408 ex
1214 1353 1601 1426 ipsorummet
1626 1355 1834 1412 litteris
1866 1359 1936 1414 ad

294 1437 673 1493 Lambertum
702 1439 1165 1506 Atrebatensem,
1193 1459 1224 1496 a
1253 1442 1488 1498 Baluzio
1535 1448 1691 1500 tomo
1725 1445 1770 1497 V
1801 1447 1937 1501 Mis-

289 1523 496 1581 cellan.
522 1525 720 1581 relatis
750 1531 923 1599 patet.
952 1529 1034 1584 lbi
1081 1531 1234 1585 enim
1267 1547 1324 1586 se
1348 1549 1508 1604 papae
1541 1535 1750 1590 litteras
1782 1553 1938 1591 acce-

287 1613 447 1685 pisse
474 1613 638 1670 aiunt
659 1632 821 1687 super
837 1619 1250 1687 conﬁrmatione
1270 1621 1551 1677 electionis
1571 1623 1759 1679 damni
1776 1627 1940 1681 Joan—

286 1704 377 1757 nis
407 1704 783 1759 archidiaconi
813 1707 1208 1770 Atrebatmsis;
1231 1709 1448 1780 quibus
1475 1726 1538 1767 se
1564 1713 1722 1768 corde
1747 1718 1796 1768 et
1826 1717 1944 1769 ani-

287 1807 376 1846 mo
407 1792 910 1864 obtemperaturos
953 1797 1321 1866 proﬁtentur.
1358 1800 1425 1853 Et
1479 1801 1716 1870 quidem
1771 1803 1942 1873 paulo

287 1884 438 1950 post,
459 1879 729 1937 videlicet
760 1900 795 1938 ιι
847 1900 1032 1939 nonas
1077 1885 1236 1940 Junii
1271 1886 1450 1958 hujus
1495 1890 1654 1955 anni,
1687 1892 1941 1947 Joannes
1973 1925 2020 1990 B

288 1970 844 1990 __--L__.__
968 1989 971 1990 ν
1026 1979 1034 1990 .
1113 1979 1121 1990 .
1765 1981 1799 1990 ..

288 1970 593 2040 presbyter
619 1971 924 2027 ordinatus
955 1979 1073 2040 est;
1108 1979 1233 2029 tum
1289 1993 1489 2032 mense
1538 1981 1801 2050 sequenti
1847 1999 1943 2045 xv;

290 2057 582 2114 Kalendas
610 2060 879 2133 Augusti,
906 2063 1102 2118 Remis
1133 2081 1166 2118 a
1200 2064 1465 2121 Manasse
1497 2071 1943 2141 metropolitano

289 2150 663 2202 consecratus
721 2149 1052 2220 episcopus,
1092 2152 1329 2207 tandem
1371 2155 1685 2210 Tarvennie
1732 2175 1946 2214 summa

289 2235 424 2290 cleri
439 2251 726 2306 procerum
755 2245 807 2292 et
821 2240 1014 2309 populi
1042 2242 1407 2297 exsultatione
1427 2253 1723 2316 susceptus,
1749 2265 1803 2302 1x
1825 2250 1922 2302 Kal

286 2324 529 2390 eiusdem
551 2328 757 2380 mensis
778 2328 1046 2383 cathedra
1062 2332 1381 2400 pontiﬁcali
1408 2333 1814 2390 inthronimtus
1845 2322 1943 2400 est:

287 2415 354 2467 ut
384 2411 558 2468 refert
593 2413 850 2469 Joannes
897 2415 1024 2485 ejus
1055 2397 1200 2472 Vitae
1230 2397 1457 2475 auctor
1504 2421 1744 2492 aequalis
1791 2397 1946 2496 apud

293 2500 644 2557 Bollandum
673 2503 766 2558 die
804 2506 875 2558 27
904 2504 1188 2572 Januarii,
1213 2523 1326 2577 quo
1374 2509 1501 2579 ejus
1552 2512 1835 2568 memoria
1880 2514 1939 2569 in

292 2588 519 2659 aliquot
548 2590 976 2663 Martyrologiis
1008 2593 1349 2651 celebratur.

363 2678 537 2734 Porro
562 2680 906 2737 Lambertus
927 2682 1128 2748 abbas,
1149 2683 1247 2755 qui
1274 2703 1376 2757 pro
1400 2685 1681 2744 electione
1703 2689 1945 2746 Joannis

293 2768 353 2823 in
386 2768 606 2840 synodo
656 2787 960 2842 perorasse
1000 2772 1233 2839 dicitur,
1267 2773 1740 2833 Cluniacensium
1789 2780 1948 2834 fama

294 2856 544 2924 illectus,
577 2874 676 2913 eos
717 2859 777 2914 in
817 2876 990 2915 suum
1023 2862 1219 2916 Sancti
1251 2863 1467 2920 Bertini
1502 2868 1945 2935 monasterium,

295 2947 354 3001 in
389 2963 503 3019 quo
561 2947 875 3020 disciplina
931 2949 1215 3022 regularis
1276 2953 1623 3026 intepuerat,
1673 2957 1947 3014 inducere

291 3034 649 3107 jampridem
691 3035 1109 3104 meditabatur;
1141 3045 1470 3111 opportuna
1511 3043 1691 3114 hujus
1721 3046 1947 3101 itineris

299 3123 544 3178 Romani
591 3140 736 3178 usus
784 3125 1106 3192 occasione,
1141 3126 1198 3181 id
1231 3126 1565 3199 impetravit
1591 3132 1661 3186 ab
1691 3131 1943 3198 Urbano,

296 3211 715 3268 interveniente
728 3211 1048 3268 Clementia
1063 3215 1560 3288 comitissa,cujus
1578 3220 1648 3274 ad
1671 3222 1942 3276 eumdem

2043 640 2301 697 niacensi
2325 641 2395 696 ad
2418 639 2698 713 Stephani
2723 638 2953 695 comitis
2974 639 3221 711 ejusque
3241 638 3438 694 uxoris
3465 655 3690 712 preces,

2043 729 2424 786 committere.
2449 730 2687 784 Exstant
2707 746 2775 784 ea
2804 730 2876 784 de
2906 745 2966 784 re
2986 728 3201 785 Urbani
3227 727 3451 795 litterae,
3475 727 3693 800 quibus

2046 819 2299 890 pontifex
2323 820 2377 873 id
2403 819 2757 873 exsecutioni
2783 817 3049 874 mandari
3079 817 3361 890 praecipit,
3387 819 3467 874 ita
3495 821 3692 873 tamen

2043 911 2109 962 ut
2137 907 2234 962 ille
2285 909 2430 963 locus
2461 910 2681 979 proprio
2729 907 2920 962 abbate
2973 923 3084 962 non
3141 915 3341 962 careat.
3399 908 3693 972 Quantum

2044 1011 2177 1051 vero
2208 995 2593 1050 laborandum
2616 996 2790 1051 fuerit
2813 1000 2878 1050 ut
2899 995 3019 1050 haec
3040 995 3275 1051 abbatia
3295 1013 3329 1050 a
3353 995 3695 1052 Cluniacen-

2047 1084 2202 1140 sium
2227 1085 2372 1156 jugo
2404 1085 2774 1150 eximeretur,
2811 1100 2880 1139 ex
2918 1084 3185 1140 Guidone
3215 1085 3560 1140 discendum
3609 1088 3699 1141 est

2048 1173 2104 1227 in
2139 1173 2329 1229 Gestis
2361 1174 2638 1228 abbatum
2686 1172 2880 1229 Sancti
2916 1173 3188 1228 Germani
3237 1177 3395 1228 tomo
3427 1174 3448 1229 Ι
3482 1173 3696 1230 Biblio-

2047 1263 2237 1317 theca!
2257 1263 2592 1318 Labbeanas.

2121 1349 2520 1423 Disceptatum
2551 1356 2641 1407 est
2683 1357 2885 1423 postea
2934 1368 3129 1408 coram
3178 1354 3442 1424 ejusdem
3492 1353 3696 1426 synodi

2051 1440 2318 1495 Patribus
2341 1440 2411 1495 de
2434 1441 2745 1496 cmmeterii
2769 1443 2903 1510 jure
2924 1441 2982 1496 in
3011 1441 3152 1496 urbe
3173 1443 3503 1516 Burdigala,
3529 1444 3698 1514 cujus

2050 1529 2477 1601 possessionem
2528 1529 2782 1585 ecclesiae
2831 1531 3023 1585 Sancti
3066 1531 3302 1585 Andreae
3347 1531 3699 1588 eathedralis

2052 1635 2112 1673 ca
2125 1617 2310 1673 nouici
2338 1619 2447 1672 sibi
2473 1619 2667 1674 deberi
2692 1619 3139 1685 contendebant,
3157 1624 3359 1674 contra
3376 1620 3700 1676 nitentibus

2052 1705 2277 1761 clericis
2310 1707 2502 1761 Sancti
2550 1705 2830 1762 Severini.
2866 1708 2974 1762 Sed
3009 1707 3067 1761 hi
3101 1706 3290 1762 ultimi
3344 1725 3523 1764 causa
3551 1708 3698 1764 ceci-

2054 1795 2282 1861 derunt,
2309 1800 2372 1848 ut
2401 1811 2469 1849 ex
2506 1795 2718 1849 Urbani
2746 1796 3024 1866 rescripto
3056 1795 3362 1856 discimus,
3388 1798 3542 1866 quod
3570 1803 3701 1868 post

2053 1883 2274 1954 aliquot
2307 1883 2431 1938 dies
2461 1900 2527 1938 ea
2557 1885 2626 1939 de
2678 1900 2737 1938 re
2769 1885 2837 1938 ad
2873 1884 3184 1940 canonicos
3217 1886 3414 1940 Sancti
3467 1886 3699 1941 Andrei:

2053 1973 2230 2028 dedit.

2127 2063 2247 2117 Huc
2277 2078 2509 2135 quoque
2548 2063 2907 2118 advenerunt
2954 2064 3220 2119 monachi
3273 2063 3698 2148 Molismenses,

2055 2152 2429 2223 conquesturi
2457 2152 2736 2207 adversus
2758 2153 3076 2209 Robertum
3100 2170 3272 2208 suum
3299 2170 3501 2208 eorum
3529 2155 3705 2211 abba-

2054 2243 2193 2304 tem,
2218 2239 2317 2310 qui
2361 2239 2504 2311 ipsis
2549 2240 2810 2296 dimissis
2841 2241 2911 2296 ad
2944 2240 3385 2298 Cisterciensem
3415 2258 3701 2309 eremum,

2056 2345 2202 2384 nova
2226 2329 2307 2382 ibi
2329 2333 2518 2384 erecta
2537 2329 2791 2395 abbatia,
2811 2330 3346 2402 transmigraverat.
3367 2335 3578 2386 Eorum
3603 2347 3704 2404 pe-

2043 2417 2242 2472 titioni
2277 2421 2610 2473 annuerunt
2655 2418 2884 2473 concilii
2931 2420 3162 2487 Patres;
3194 2425 3251 2474 et
3280 2420 3404 2491 ipse
3448 2420 3705 2492 pontifex

2055 2507 2400 2577 infatigabili
2448 2507 2895 2572 Molisme-nsium,
2941 2513 3005 2563 ut
3051 2507 3110 2562 in
3169 2507 3454 2562 Chronico
3513 2507 3705 2563 Arela-

2055 2595 2204 2651 tensi
2259 2595 2489 2666 legitur,
2524 2597 2745 2666 querela
2800 2600 2966 2651 actus
3028 2595 3216 2667 legato
3269 2611 3376 2651 suo
3398 2595 3466 2651 in
3499 2595 3704 2653 Galliis

2055 2684 2285 2755 Hugoni
2323 2683 2576 2755 scripsit,
2612 2688 2676 2737 ut
2726 2685 2974 2739 Roberto
3005 2684 3075 2738 ad
3109 2701 3247 2740 suos
3297 2685 3704 2742 Molismenses

2056 2773 2305 2828 reditum
2337 2773 2688 2844 persuadere
2734 2778 3070 2840 conaretur;
3105 2778 3206 2828 aut
3235 2773 3284 2828 si
3315 2774 3372 2828 id
3413 2774 3538 2830 fieri
3587 2791 3704 2830 non

2056 2865 2272 2934 posset,
2308 2878 2397 2916 res
2428 2861 2508 2916 ita
2555 2867 2890 2933 componat,
2911 2867 2976 2917 ut
3007 2864 3316 2933 utriusque
3368 2862 3704 2918 monasterii

2057 2950 2264 3005 fratres
2294 2949 2353 3002 in
2385 2966 2490 3005 suo
2523 2950 2740 3021 quique
2785 2948 2911 3005 loco
2941 2949 3216 3021 deinceps
3248 2950 3430 3021 quieti
3475 2967 3705 3023 perma-

2056 3042 2250 3094 neant.
2277 3043 2412 3093 Dato
2431 3055 2498 3094 ea
2513 3038 2583 3093 de
2602 3054 2664 3094 re
2689 3040 2939 3104 decreto,
2956 3056 3071 3111 quo
3088 3043 3322 3095 cavetur
3341 3055 3410 3093 ne
3432 3039 3706 3111 deinceps

2057 3127 2325 3183 monachi
2377 3143 2578 3182 eorum
2627 3127 3118 3184 monasteriorum
3149 3143 3179 3182 e
3221 3127 3342 3183 loco
3392 3128 3464 3182 ad
3512 3127 3706 3183 locum

2055 3216 2479 3288 transmigrare
2528 3220 2791 3287 pergant.
2816 3215 3032 3271 Urbani
3081 3215 3330 3288 epistola
3358 3214 3594 3273 dabitur
3639 3232 3708 3272 ex

296 3300 630 3373 pontificem
654 3300 877 3357 litteras
897 3318 963 3356 ea
983 3301 1051 3356 de
1069 3319 1127 3358 re
1145 3304 1541 3360 deferebat.Et
1557 3307 1794 3378 quidem
1819 3310 1947 3364 abs-
1977 3291 2018 3358 C
2056 3304 2230 3360 variis
2260 3305 2495 3376 scriptis
2525 3309 2581 3359 et
2610 3304 2810 3372 editis;
2844 3308 2901 3360 et
2931 3309 3130 3376 postea
3150 3305 3414 3375 ejusdem
3447 3305 3615 3360 ea‘de
3648 3321 3708 3361 re

294 3406 408 3462 que
428 3388 546 3444 ulla
565 3407 730 3446 mora
749 3389 972 3446 litteras
991 3392 1060 3446 ad
1078 3392 1379 3464 Hugonem
1395 3393 1652 3451 Cluniaci
1673 3397 1940 3453 abbatem

294 3477 528 3550 scripsit
556 3478 832 3551 pontifex,
865 3496 1118 3552 eumque
1143 3482 1373 3536 monuit
1402 3487 1466 3538 ut
1497 3484 1694 3539 Sancti
1724 3486 1941 3540 Bertini

293 3567 586 3624 Sithiense
607 3568 1031 3624 monasterium
1056 3571 1164 3625 sub
1184 3587 1293 3625 sua
1314 3587 1453 3627 cura
1474 3572 1771 3644 reciperet,
1789 3576 1943 3646 quod

294 3656 582 3712 Robertus
633 3657 1078 3713 Flandrensium
1130 3676 1324 3714 comes
1371 3676 1463 3714 an.
1501 3662 1639 3716 1106
1669 3679 1735 3716 ex
1784 3680 1943 3733 pere-

292 3745 616 3818 grinatione
647 3746 1137 3818 Jerosolymitana
1171 3765 1458 3816 reversus,
1491 3751 1774 3806 Attrebati
1808 3769 1944 3807 con-

293 3834 566 3902 ﬁrmavit,
599 3838 664 3890 ut
688 3852 757 3891 ex
786 3836 915 3906 ejus
948 3835 1150 3892 charta
1181 3842 1360 3908 patet,
1394 3838 1575 3894 relata
1619 3840 1678 3894 in
1725 3840 1946 3896 Biblio-

291 3921 462 3978 theca
491 3921 772 3990 Gluniac.,
808 3922 918 3978 col.
951 3925 1074 3979 538.
1105 3926 1251 3989 Quin
1299 3931 1354 3981 et
1403 3927 1528 3998 ipse
1578 3929 1942 3996 Lambertus,

293 4015 427 4082 post
458 4028 644 4084 pauca
671 4011 870 4068 relicto
894 4013 1234 4069 monasterii
1259 4015 1348 4070 sui
1377 4016 1680 4088 regimine,
1715 4017 1945 4074 Clunia-

293 4117 428 4155 cum
462 4100 722 4170 secessit,
748 4118 813 4157 ac
867 4119 1018 4157 nova
1041 4104 1409 4174 professione
1431 4121 1560 4160 sese
1581 4107 1796 4179 regulae
1822 4109 1949 4162 stri-

294 4188 450 4244 ctius
483 4189 770 4257 astrinxit,
787 4191 943 4244 unde
965 4193 1342 4261 postmodum
1362 4193 1432 4246 ad
1459 4209 1626 4248 suam
1652 4194 1947 4250 abbatiam

294 4277 602 4342 remissus,
627 4279 754 4348 ejus
785 4294 987 4333 curam
1042 4296 1227 4350 usque
1271 4281 1342 4335 ad
1391 4281 1520 4335 vitae
1574 4282 1749 4338 ﬁnem
1811 4285 1945 4357 egit.

292 4365 579 4421 Caeterum
610 4366 882 4423 monachi
912 4367 1250 4435 Bertiniani,
1281 4369 1398 4424 imo
1430 4374 1486 4424 et
1515 4370 1641 4441 ipse
1674 4372 1950 4428 Lamber-

291 4457 390 4510 tus
419 4455 576 4510 haud
605 4454 704 4510 diu
726 4456 1130 4512 Cluniacensis
1158 4457 1386 4513 abbatis
1414 4463 1544 4529 post
1575 4459 1727 4515 beati
1758 4461 1950 4534 Hugo-

291 4543 384 4599 nis
416 4547 664 4600 mortem
687 4545 897 4618 jugum
930 4546 1078 4600 ferre
1107 4544 1436 4618 valuerunt,
1460 4548 1544 4602 uti
1559 4549 1684 4604 fuse
1713 4557 1954 4606 narrant

2054 3394 2352 3449 decretum
2395 3411 2462 3448 ex
2510 3393 2783 3449 0rderico
2813 3393 3007 3448 Vitali.
3053 3393 3338 3449 Caeterum
3387 3394 3574 3466 Hugo,
3619 3411 3706 3450 re-

2054 3483 2236 3554 ceptis
2288 3483 2500 3537 Urbani
2561 3481 2791 3546 litteris,
2836 3499 2958 3537 rem
3021 3498 3154 3537 cum
3209 3482 3339 3538 aliis
3398 3483 3707 3555 provinciae

2053 3571 2341 3642 episcopis
2382 3575 2438 3624 et
2480 3570 2794 3625 abbatibus
2824 3570 2883 3624 in
2915 3569 3203 3642 colloquio
3234 3571 3388 3643 apud
3438 3572 3707 3628 Portum-

2052 3657 2288 3714 Ancillae
2310 3656 2597 3722 tractavit,
2615 3661 2790 3728 atque
2811 3656 2890 3712 ibi
2908 3658 3206 3713 decretum
3231 3662 3321 3714 est
3339 3662 3402 3712 ut
3422 3659 3708 3715 Robertus

2057 3746 2282 3803 reddita
2311 3746 2580 3818 episcopo
2611 3745 2979 3802 Cabilonensi
3011 3747 3175 3818 virga
3205 3745 3572 3803 Cisteriensis
3603 3749 3707 3804 ab-

2055 3837 2243 3903 batiae,
2278 3834 2666 3906 relaxatisque
2696 3836 2767 3890 ab
2799 3835 3141 3891 obedientise
3175 3834 3563 3907 promissione
3593 3835 3706 3893 sibi

2057 3927 2211 3982 facta
2236 3924 2541 3981 monachis
2561 3924 3064 3991 Cisterciensibus,
3089 3923 3447 3992 Molismum,
3473 3941 3606 3980 cum
3634 3925 3705 3980 iis

2057 4015 2159 4088 qui
2190 4032 2324 4071 eum
2370 4013 2534 4085 sequi
2564 4013 2854 4069 voluerint
2894 4019 3307 4081 reverteretur;
3341 4015 3425 4068 ita
3455 4018 3518 4069 ut
3561 4013 3703 4069 nulli

2059 4104 2350 4175 deinceps,
2376 4102 2487 4157 nisi
2515 4103 2680 4172 juxta
2701 4103 2855 4174 quod
2890 4102 3172 4174 permittit
3204 4103 3386 4157 sancti
3413 4101 3706 4158 Benedicti

2059 4193 2280 4266 regula,
2315 4192 2600 4247 tranéitus
2631 4192 2700 4246 ad
2737 4191 2895 4247 aliud
2929 4192 3347 4247 monasterium
3383 4191 3578 4247 licitus
3610 4191 3703 4247 sit.

2061 4284 2350 4339 Robertus
2373 4283 2586 4352 itaque,
2605 4281 2868 4336 Alberico
2891 4281 2949 4334 in
2973 4280 3415 4336 Cisterciensem
3437 4279 3706 4336 abbatem

2061 4372 2172 4428 sibi
2206 4371 2544 4438 substituto,
2570 4370 2906 4425 Molismum
2933 4369 3182 4440 repetiit,
3206 4369 3402 4441 ibique
3435 4369 3507 4423 ad
3530 4368 3706 4424 finem

2060 4462 2188 4516 vitae
2232 4459 2635 4532 perseveravit.
2670 4459 2797 4514 Haec
2847 4458 3016 4514 initia
3064 4465 3202 4514 sunt
3245 4457 3466 4513 ordinis
3495 4457 3706 4513 Cister-

2062 4549 2295 4615 ciensis,
2319 4549 2535 4620 quibus
2566 4549 2718 4604 sicut
2763 4553 2820 4604 et
2849 4547 3144 4603 natalibus
3192 4547 3375 4602 sancti
3429 4545 3704 4601 Bernardi

292 4632 518 4704 Iperius
562 4633 621 4688 in
667 4633 952 4689 Chronico
999 4635 1264 4704 ejusdem
1311 4635 1440 4702 loci,
1476 4640 1531 4691 et
1577 4621 1947 4694 Malbrancus
1979 4657 2024 4721 D
2061 4655 2214 4694 anno
2243 4639 2372 4691 1091
2399 4637 2580 4692 exorti
2603 4636 2933 4693 illustratus
2957 4641 3046 4691 est
3068 4635 3277 4691 Urbani
3313 4635 3704 4706 pontiﬁcatus.

289 4719 394 4774 lib.
421 4737 475 4774 Ix
500 4726 578 4776 De
600 4722 856 4777 Morinis.
881 4723 1122 4777 Exstant
1141 4739 1208 4778 ea
1239 4724 1310 4779 de
1342 4741 1401 4779 re
1433 4725 1668 4780 Honorii
1704 4743 1863 4798 papa:
1898 4728 1946 4783 Il
1980 4719 2012 4721 ﬁ
2055 4728 2136 4783 De
2166 4726 2258 4781 his
2299 4725 2640 4781 consulendi
2685 4726 3018 4796 Manriquez
3050 4725 3108 4778 in
3138 4723 3462 4778 Annalibus
3493 4723 3707 4779 Cister-

289 4807 495 4864 litterae
527 4809 584 4863 in
615 4809 862 4882 gratiam
907 4811 1058 4866 Petri
1099 4809 1519 4882 Cluniaeensis,
1554 4815 1625 4869 ad
1675 4816 1944 4871 abbatem

291 4898 485 4953 Sancti
520 4899 756 4966 Bertini,
791 4900 890 4970 qui
922 4901 972 4956 ei
1019 4900 1252 4955 obedire
1288 4901 1666 4974 detrectabat,
1692 4905 1792 4959 sed
1828 4905 1946 4961 haec

295 4986 482 5042 fusius
512 4989 790 5060 prosequi
823 5006 937 5044 non
968 4993 1152 5044 vacat.

365 5076 646 5132 Eamdem
678 5077 794 5133 fere
838 5079 1156 5145 fortunam,
1182 5079 1282 5134 sed
1315 5080 1388 5134 ob
1421 5080 1680 5137 diversas
1712 5067 1943 5153 causas,

295 5169 597 5235 expertum
631 5169 721 5221 est
759 5166 817 5221 in
865 5166 975 5222 hac
1020 5167 1241 5238 synodo
1291 5169 1713 5225 monasterium
1747 5172 1943 5228 Sancti

296 5254 565 5309 Germani
595 5271 773 5327 prope
803 5255 1294 5319 Antissiodorum,
1329 5258 1498 5326 cujus
1531 5259 1713 5314 abbas
1743 5260 1802 5314 in
1836 5262 1944 5316 Ne-

296 5343 593 5399 mausensi
643 5343 886 5400 concilio
932 5351 1342 5400 exauctoratus
1374 5347 1578 5402 fuerat.
1614 5355 1755 5404 Cum
1787 5352 1946 5406 enim

296 5432 520 5502 perdiu,
574 5433 675 5489 sed
725 5449 956 5506 semper
997 5435 1236 5500 frustra,
1288 5438 1512 5491 tentata
1565 5437 1773 5494 fuisset
1819 5441 1948 5512 ejus

296 5520 522 5576 abbatis
554 5523 870 5591 restitutio,
901 5522 1182 5595 locusque
1231 5523 1375 5579 adeo
1423 5524 1674 5597 insignis
1725 5529 1947 5601 absque

295 5610 480 5680 capite
512 5611 570 5665 in
619 5612 790 5683 pejus
836 5611 1074 5668 omnino
1106 5611 1311 5678 abiret,
1343 5613 1535 5668 visum
1587 5618 1676 5671 est
1719 5618 1949 5674 concilii

299 5698 567 5755 Patribus
627 5705 760 5772 post
819 5701 1158 5768 triennium,
1195 5700 1277 5756 uti
1308 5717 1376 5758 ex
1409 5702 1598 5759 Gestis
1657 5706 1784 5777 ejus
1838 5707 1948 5764 loci

2056 4814 2371 4879 ciensibus,
2419 4814 2728 4870 Ordericus
2775 4814 3001 4878 Vitalis,
3057 4829 3382 4884 anonymus
3431 4816 3634 4874 auctor
3677 4829 3711 4868 a

2057 4905 2283 4961 Labbeo
2314 4908 2472 4958 torno
2504 4903 2525 4958 Ι
2558 4901 2923 4959 Bibliotheca
2945 4903 3159 4972 editus,
3185 4901 3284 4973 qui
3316 4901 3492 4957 etiam
3514 4905 3710 4957 vetera

2054 4995 2465 5058 instrumenta,
2496 4992 2648 5047 sicut
2672 4997 2729 5048 et
2759 4992 2853 5048 alii
2886 4994 3107 5065 passim
3141 4991 3400 5047 Historia:
3434 4989 3708 5046 ecclesia-

2057 5085 2214 5139 sticae
2245 5083 2558 5155 scriptores
2592 5081 2811 5152 passim
2846 5083 3137 5138 exhibent.

2127 5172 2340 5226 Eodem
2375 5188 2528 5227 anno
2576 5175 2633 5226 et
2683 5171 2830 5226 forte
2874 5170 3047 5225 etiam
3107 5171 3165 5225 in
3225 5170 3425 5226 eadem
3487 5167 3709 5241 synodo

2057 5259 2362 5316 restitutus
2406 5259 2514 5314 fuit
2562 5260 2620 5314 in
2673 5260 2918 5332 gradum
2978 5276 3150 5314 suum
3211 5259 3386 5313 Fulco
3445 5255 3710 5313 Divensis

2057 5350 2280 5405 Sancta
2325 5349 2516 5404 Mariae
2566 5349 2904 5405 monasterii
2933 5348 2993 5404 in
3023 5347 3449 5404 Nortbmannia
3502 5347 3705 5412 abbas,

2057 5438 2155 5510 qui
2202 5439 2500 5510 instigante
2551 5439 2774 5508 Satana,
2809 5443 2876 5495 ut
2914 5440 3040 5511 jam
3092 5455 3160 5494 ex
3189 5435 3446 5494 Orderici
3495 5435 3644 5491 libro
3675 5452 3711 5489 x

2058 5527 2333 5596 diximus,
2369 5528 2568 5599 injuste
2595 5531 2923 5585 criminatus
2960 5532 3011 5585 et
3038 5529 3309 5600 depositus
3340 5525 3529 5580 fuerat
3575 5529 3711 5580 ante

2058 5632 2242 5672 annos
2274 5620 2518 5688 septem,
2545 5633 2692 5688 quos
2724 5619 2781 5672 in
2815 5623 3011 5674 monte
3039 5617 3270 5682 Casino,
3299 5611 3523 5668 monitu
3548 5616 3612 5668 ut
3631 5613 3710 5667 vi-

2059 5709 2228 5764 detur
2262 5704 2496 5773 Urbani,
2524 5707 2595 5761 ad
2640 5723 2814 5778 quem
2848 5708 3205 5779 confugerat,
3233 5701 3536 5774 transegit.
3570 5701 3708 5773 Ejus
