3962 6402
242 410 364 476 25

1545 400 1618 464 B.
1664 396 1957 465 URBANI
2002 396 2056 465 ΙΙ
2101 393 2352 461 ΡΑΡιΕ.

3537 391 3659 454 Ξὸἲδ

245 540 643 605 destitutionis
680 543 738 601 et
774 534 1163 600 restitutionis
1192 538 1428 612 tempus
1458 550 1526 594 ex
1552 534 1758 594 eodem
1790 551 1894 593 au-
1922 530 1979 604 Α
2006 531 2188 609 tione,
2215 549 2346 609 qua)
2374 530 2574 593 omnia
2612 527 2964 605 rescriptum
3007 526 3153 587 illud
3194 526 3364 587 valde
3406 525 3657 588 dubium

245 641 403 695 ctore
438 630 908 707 eolligimus,qui
960 629 1164 687 scribit
1193 628 1504 687 Fulconem
1555 643 1707 683 anno
1761 626 1898 681 1106

245 727 505 793 Guentae,
528 724 589 779 id
611 727 699 779 est
724 719 1054 785 Wintonize,
1070 719 1130 775 in
1152 717 1359 791 Anglia
1379 717 1595 773 obiisse
1618 734 1678 771 ιιι
1703 716 1898 771 Nonas

243 814 482 887 Aprilis,
515 830 632 869 suae
670 810 1058 867 restitutionis
1109 824 1261 864 anno
1311 807 1559 883 septimo
1591 823 1717 877 quae
1748 806 1899 860 facta

247 906 436 959 fuerat
464 906 596 975 post
634 900 779 957 alios
829 904 1050 971 septem
1093 914 1278 954 annos
1311 913 1460 967 quos
1508 894 1673 949 exsul
1703 892 1896 949 Casini

246 995 530 1065 exegerat.
553 990 717 1046 Hunc
737 1006 869 1045 vero
896 993 1022 1043 tum
1047 986 1106 1042 in
1131 986 1425 1041 abbatiam
1457 1001 1627 1040 suam
1656 983 1898 1038 rediisse

245 1099 371 1137 cum
393 1096 557 1154 papae
584 1080 832 1152 apicibus
863 1077 1118 1133 afﬁrmat
1146 1076 1300 1131 idem
1328 1073 1677 1141 0rdericus;
1714 1076 1771 1127 at
1799 1072 1886 1126 ha;

247 1170 451 1227 litterae
486 1168 803 1242 perierunt.

525 1254 946 1312 CCCXXXVIII.
980 1254 1263 1308 Anselmus
1295 1253 1458 1306 Roma
1490 1252 1622 1305 exit.

320 1346 516 1401 Prima
545 1349 737 1400 autem
772 1348 902 1414 post
932 1342 1189 1397 solutum
1222 1339 1532 1395 concilium
1565 1338 1658 1392 die
1687 1337 1896 1392 Ansel-

248 1452 403 1501 mus,
437 1438 583 1489 teste
633 1429 939 1496 Eadmero,
976 1434 1206 1499 recepta
1258 1443 1292 1481 a
1341 1426 1612 1498 pontifice
1664 1425 1899 1480 licentia

248 1522 521 1589 abeundi,
555 1521 738 1575 Roma
768 1519 963 1583 exivit,
1004 1535 1070 1573 ac
1129 1516 1422 1588 superatis
1470 1515 1717 1579 viarum,
1750 1532 1898 1584 quas

247 1610 478 1668 Henrici
510 1612 568 1665 et
596 1606 855 1665 Guiberti
888 1608 1144 1663 fautores
1181 1605 1565 1677 occupabant,
1598 1602 1896 1675 periculis,

250 1701 599 1773 Lugdunum
634 1697 892 1770 pervenit
932 1694 1266 1762 incolumis,
1301 1694 1399 1749 ubi
1433 1694 1505 1748 ab
1537 1694 1777 1765 Hugone
1808 1710 1899 1748 ar-

248 1787 617 1860 chiepiscopo
651 1802 883 1841 summo
915 1800 1049 1839 cum
1091 1783 1309 1839 honore
1358 1786 1634 1853 exceptus
1678 1785 1783 1836 est.
1818 1779 1900 1833 Ad

249 1882 517 1934 nostrum
552 1876 891 1932 institutum
924 1891 1039 1930 non
1082 1872 1291 1928 attinet
1337 1871 1523 1927 fusius
1568 1870 1695 1940 ejus
1727 1869 1903 1924 Gesta

249 1966 546 2041 persequi,
580 1982 705 2037 quae
737 1981 805 2019 ex
834 1963 1117 2019 Eadmero
1161 1960 1409 2032 aliisque
1438 1956 1773 2031 Anglicanis
1804 1972 1903 2011 au-

251 2056 510 2113 ctoribus
540 2054 855 2125 repetenda
890 2055 1047 2106 sunt.

473 2142 838 2199 CCCXXXIX.
869 2140 1231 2211 Privilegium
1259 2137 1681 2194 Psalmodiense.

324 2235 440 2290 Hac
468 2233 672 2289 eadem
721 2230 835 2296 die,
885 2247 1093 2302 nempe
1147 2227 1423 2284 Kalendis
1454 2226 1611 2296 Maii,
1650 2223 1908 2297 pontifex

253 2320 593 2381 monasterii
651 2317 1105 2386 Psalmodiensis
1149 2318 1207 2372 in
1239 2314 1621 2387 Septimania,
1679 2327 1908 2384 posses-

252 2413 449 2469 siones
499 2413 556 2465 et
603 2406 906 2481 privilegia
951 2405 1335 2470 confirmavit,
1370 2405 1506 2460 dato
1564 2401 1906 2473 diplomate,

254 2500 410 2575 quod
441 2516 508 2554 ex
537 2496 922 2569 autographo,
954 2495 1144 2551 lacero
1199 2494 1436 2566 quidem
1491 2497 1548 2547 et
1602 2507 1746 2563 pene
1772 2506 1905 2545 con-

254 2592 513 2661 sumpto,
539 2586 642 2642 sed
674 2590 869 2641 tamen
902 2584 1157 2639 indubia:
1189 2583 1321 2638 ﬂdei
1356 2583 1612 2637 dabitur.
1640 2579 1756 2635 Hoc
1786 2595 1910 2633 mo-

256 2677 574 2734 nasterium
610 2679 742 2747 post
770 2674 960 2730 varias
992 2674 1255 2728 fortunas
1301 2672 1374 2728 ad
1418 2672 1616 2743 Aquas
1648 2672 1908 2725 mortuas

253 2764 689 2841 (Aiguesmortes)
747 2762 1099 2819 translatum
1138 2765 1197 2818 et
1234 2760 1494 2817 saeculari
1546 2762 1684 2831 toga
1728 2758 1907 2812 dona-

253 2862 384 2913 tum
415 2854 651 2910 tandem
683 2853 755 2907 ab
788 2851 1013 2923 aliquot
1054 2849 1223 2906 annis
1266 2847 1547 2905 Alesiensi
1583 2846 1773 2919 (Alcis)
1807 2862 1907 2900 no-

256 2962 326 3001 vo
357 2941 738 3016 episcopatui,
793 2958 863 2996 ex
910 2938 1293 2995 Nemausensi
1345 2938 1626 3006 detracto,
1675 2935 1909 2989 unitum

257 3038 365 3091 est.
398 3034 536 3090 Post
567 3032 715 3086 duos
740 3029 863 3085 dies
894 3027 1156 3100 pontifex
1202 3025 1549 3098 rescriptum
1598 3024 1761 3080 dedit
1807 3039 1911 3095 pro

260 3120 557 3179 canonicis
574 3116 1127 3189 Burdegalensibus,
1143 3115 1293 3188 quod
1322 3116 1495 3170 modo
1517 3112 1908 3170 laudavimus.

262 3211 329 3267 Et
357 3210 449 3266 die
478 3205 770 3279 sequenti,
805 3206 872 3261 10
912 3204 1069 3271 Maii,
1101 3203 1470 3277 privilegium
1515 3203 1744 3275 insigne
1773 3218 1911 3258 con-

2009 628 2249 693 faciunt,
2284 642 2357 682 ne
2387 626 2579 683 dicam
2616 623 2855 682 falsum.
2889 624 3013 679 lmo
3044 638 3198 678 anno
3231 621 3371 678 1089
3394 621 3661 695 pontifex
3733 673 3741 680 .

2008 718 2185 781 idem.
2218 716 2361 771 visis
2401 719 2468 771 ut
2510 714 2767 770 vidimus
2815 714 3045 770 curulis
3090 717 3142 769 et
3192 712 3534 783 pactionibus
3589 728 3662 767 ex

2008 812 2254 878 utraque
2286 809 2447 877 parte
2487 803 2729 876 prolatis
2772 803 2835 859 in
2885 802 3131 858 concilio
3160 802 3543 874 Melphitano,
3573 814 3664 857 se-

2006 896 2265 951 cundum
2307 895 2593 949 Cavenses
2638 892 3134 965 pronuntiaverat.
3169 893 3319 955 Quin
3368 896 3426 947 et
3473 907 3665 963 nuper

2008 984 2343 1056 accepimus
2371 983 2482 1038 viri
2541 982 2852 1054 cujusdam
2880 982 2940 1037 in
2972 982 3067 1039 his
3120 982 3389 1055 partibus
3442 979 3662 1037 eruditi

2007 1073 2440 1129 observationes
2483 1073 2543 1128 in
2597 1072 2707 1128 hoc
2763 1071 3154 1144 privilegium,
3179 1072 3335 1143 quod
3394 1074 3663 1126 accurate

2007 1162 2358 1234 expenderet
2389 1162 2593 1228 factas,
2626 1161 2687 1216 in
2729 1161 2945 1233 quibus
2977 1162 3060 1216 ait
3106 1177 3168 1216 se
3224 1160 3370 1216 illud
3422 1160 3663 1232 quidem

2007 1252 2066 1306 in
2100 1250 2334 1307 archivo
2357 1250 2841 1322 archiepiscopali
2865 1250 3089 1306 Salerni
3113 1250 3435 1321 inspexisse
3457 1250 3517 1304 in
3541 1264 3666 1321 per-

2008 1357 2256 1414 gameno
2298 1340 2583 1412 scriptum
2629 1340 2855 1413 integro
2898 1344 2956 1395 et
2997 1357 3160 1405 sano,
3185 1340 3287 1395 sed
3331 1340 3668 1395 charactere

2008 1428 2108 1501 qui
2143 1428 2234 1483 his
2268 1427 2630 1500 temporibus
2660 1445 2778 1483 non
2819 1430 3107 1493 convenit,
3140 1446 3275 1483 cum
3309 1428 3465 1484 notis
3495 1427 3665 1483 chro-

2009 1518 2157 1573 nicis
2188 1519 2289 1573 sed
2340 1518 2523 1583 falsis,
2559 1517 2780 1587 absque
2836 1516 2957 1572 ullo
3006 1517 3194 1589 signo,
3228 1521 3331 1573 aut
3388 1516 3580 1588 Sigillo
3611 1520 3671 1571 et

2010 1606 2465 1676 subscriptione.
2498 1606 2569 1660 Et
2599 1606 2837 1677 quidem
2873 1622 3175 1678 nunquam
3209 1606 3280 1661 ab
3308 1621 3375 1661 eo
3407 1610 3669 1678 tempore

2013 1695 2138 1751 suis
2169 1694 2489 1766 privilegiis
2518 1694 2733 1750 excidit
2762 1694 3039 1750 Cavensis
3066 1695 3473 1759 abbatia.Quae
3490 1694 3668 1750 etiam

2013 1781 2293 1854 peculiari
2325 1783 2607 1855 rescripto
2636 1799 2909 1854 expresse
2934 1783 3301 1839 confirmavit
3340 1787 3475 1855 post
3516 1783 3670 1838 mul-

2015 1875 2104 1927 tos
2134 1871 2428 1928 variorum
2470 1875 2804 1944 temporum
2846 1872 3149 1944 pontifices
3181 1872 3495 1945 Gregorius
3524 1872 3666 1928 XIV.

2016 1960 2164 2016 Illud
2196 1965 2394 2017 tamen
2426 1960 2830 2032 qualecunque
2861 1961 2939 2016 sit
2982 1960 3361 2017 Salernitanm
3405 1961 3671 2017 Ecclesiae

2015 2050 2300 2122 scriptum
2332 2066 2401 2105 ex
2428 2049 2670 2122 Ughello
2711 2049 2969 2116 dabitur,
2999 2050 3072 2105 de
3114 2050 3288 2120 cuius
3320 2050 3671 2107 sinceritate

2008 2138 2302 2209 judicium
2335 2137 2469 2194 aliis
2503 2137 2919 2210 permittimus.

2102 2244 2341 2301 CCCXL.
2375 2244 2861 2317 Archidiaconatus
2891 2244 3347 2301 Salmoriacensis
3378 2245 3594 2317 Hugoni
3646 2242 3650 2255 '

2436 2316 2940 2387 Gratianopolitano
2966 2318 3255 2372 assa-itur.

2090 2403 2259 2461 Initio
2286 2403 2449 2460 Junii
2491 2404 2784 2471 Urbanus,
2817 2421 2847 2460 e
2875 2405 3155 2461 Vaticano
3198 2401 3547 2461 Lateranum
3581 2423 3675 2461 re-

2018 2508 2243 2559 versus,
2278 2492 2504 2565 Hugoni
2557 2493 2934 2566 Lugdunensi
2965 2510 3072 2549 suo
3121 2495 3180 2549 in
3222 2493 3428 2551 Galliis
3454 2495 3672 2551 vicario

2021 2581 2323 2653 rescripsit
2351 2596 2394 2637 ιι
2415 2582 2612 2637 Nonas
2631 2582 2894 2652 ejusdem
2919 2583 3141 2639 mensis
3173 2584 3229 2637 in
3262 2584 3513 2655 gratiam
3536 2585 3675 2640 Gra-

2020 2670 2456 2743 tianopolitanm
2494 2669 2763 2726 Ecclesiae
2815 2673 3094 2728 adversus
3143 2672 3468 2729 Guidonem
3497 2672 3672 2728 Vien-

2021 2776 2262 2817 nensem
2295 2758 2818 2832 archiepiscopum,
2842 2760 2943 2832 qui
2966 2777 3170 2816 rursus
3191 2761 3673 2818 Salmoriacensis

2023 2848 2533 2904 archidiaconatus
2562 2847 2850 2905 Ecclesiae
2878 2849 3188 2906 invaserat.
3212 2851 3275 2906 In
3309 2852 3423 2907 fine
3448 2850 3674 2907 littera-

2023 2953 2156 2993 rum
2185 2936 2402 2992 fatetur
2454 2935 2937 3006 religiosissimus
2989 2940 3246 3010 pontifex
3277 2954 3338 2996 se
3364 2940 3675 3012 hucusque

2023 3025 2083 3080 in
2116 3024 2523 3097 permittendis
2553 3027 2707 3097 apud
2740 3025 2956 3084 Gallias
2986 3027 3394 3101 episcoporum
3424 3028 3675 3084 transla-

2023 3115 2284 3170 tionibus
2308 3114 2485 3169 nimis
2510 3113 2736 3170 facilem
2765 3115 2948 3172 fuisse
2965 3134 2977 3184 ;
2994 3120 3122 3171 tum
3141 3117 3301 3173 addit
3320 3135 3381 3174 se
3403 3117 3677 3190 deinceps

2018 3204 2190 3275 juxta
2216 3202 2458 3259 Nicena;
2491 3204 2699 3275 synodi
2726 3208 2948 3260 statuta
2976 3206 3050 3261 ab
3073 3221 3140 3261 eo
3161 3207 3348 3262 abusu
3373 3207 3676 3262 abstentu-

262 3298 441 3355 cessit
482 3274 839 3351 monasterio
868 3274 1194 3367 Conquehti
1238 3274 1395 3364 apud
1442 3274 1762 3356 Ruthenos,
1796 3306 1909 3361 quo
1941 3274 1984 3341 C
2024 3274 2361 3363 rum,atque
2376 3274 2589 3347 hocest
2604 3292 2879 3348 ultimum
2897 3294 3248 3366 rescriptum
3262 3297 3415 3366 quod
3434 3295 3675 3367 quidem

262 3389 390 3459 ejus
440 3386 579 3457 j'ura
635 3387 693 3438 et
744 3381 1145 3453 possessiones
1175 3381 1618 3449 conﬁrmantur,
1655 3382 1912 3435 resecato

264 3477 454 3532 abusu
486 3472 587 3545 qui
630 3471 691 3527 in
738 3470 855 3527 illis
888 3470 1152 3543 partibus
1182 3469 1526 3540 invaluerat,
1577 3472 1915 3524 sanctorum

264 3561 751 3637 reliquias,etiam
779 3559 975 3615 invitis
997 3559 1321 3627 monachis,
1340 3560 1412 3615 ad
1441 3558 1655 3630 placita
1683 3556 1919 3630 publica

263 3651 582 3709 deferendi.
608 3648 783 3706 Paulo
829 3653 979 3721 post,
1010 3648 1068 3704 id
1098 3651 1189 3705 est
1217 3648 1312 3705 die
1357 3649 1423 3703 14
1470 3647 1627 3714 Maii,
1662 3646 1919 3719 pontifex

266 3739 661 3801 Ruthenensis
691 3738 897 3795 matris
926 3737 1180 3794 ecclesias
1211 3737 1531 3801 canonicis,
1555 3736 1654 3808 qui
1688 3734 1917 3808 regula-

264 3849 388 3889 rem
418 3830 597 3885 vitam
628 3826 880 3899 amplexi
915 3828 1163 3894 fuerant,
1196 3825 1497 3898 privilegia
1526 3824 1832 3888 concessit,
1863 3828 1922 3879 et

265 3920 461 3976 varias
492 3914 891 3989 possessiones
914 3915 985 3971 ad
1004 3915 1181 3969 vitam
1200 3930 1573 3969 communem
1592 3912 1921 3985 ducendam

267 4009 350 4064 eis
381 4004 651 4068 asseruit,
685 4004 820 4058 dato
872 4000 1208 4073 diplomate.
1241 4002 1454 4058 Eodem
1504 4018 1705 4057 mense
1748 4000 1920 4065 Maio,

268 4095 431 4152 nulla
461 4092 760 4165 assignate
790 4089 901 4157 die,
924 4091 1303 4163 consignatur
1325 4089 1542 4146 Urbani
1573 4090 1922 4160 rescriptum

271 4185 343 4241 ad
374 4182 648 4238 Alfenum
671 4177 1103 4236 Salernitanum
1136 4179 1611 4249 antistitem,Quo
1642 4177 1925 4233 revocatis

272 4291 308 4329 a
347 4289 409 4327 se
456 4287 559 4344 per
614 4266 1073 4339 subreptionem,
1106 4270 1172 4322 ut
1226 4265 1307 4322 ibi
1366 4266 1602 4332 dicitur,
1633 4266 1926 4323 concessis

276 4357 630 4418 monasterio
652 4356 891 4413 Cavensi
919 4354 1258 4428 privilegiis,
1279 4354 1427 4410 illud
1451 4359 1506 4409 et
1527 4354 1641 4413 alia
1661 4355 1927 4426 ejusdem

274 4448 542 4507 dioecesis
574 4444 929 4500 monasteria
958 4443 1391 4515 archiepiscopo
1419 4444 1610 4499 reddit
1640 4449 1697 4499 et
1725 4444 1930 4500 confir-

273 4542 418 4595 mat.
451 4536 663 4593 Datum
723 4535 907 4590 fertur
962 4533 1157 4588 Romae
1216 4548 1367 4589 anno
1404 4533 1562 4600 1098,
1594 4531 1795 4588 indict.
1826 4550 1926 4601 vn,

2022 3397 2157 3436 cum
2181 3380 2336 3436 notis
2352 3380 2645 3437 chronicis
2664 3381 3021 3453 supersit,ab
3040 3383 3269 3439 Urbano
3286 3384 3489 3438 datum
3507 3400 3520 3439 :
3536 3383 3677 3441 huic

2024 3470 2187 3527 aliud
2238 3470 2630 3542 subjungetur
2684 3470 2799 3542 ipsi
2848 3472 3079 3542 Hugoni
3132 3472 3676 3546 Gratianopolitano

2024 3557 2402 3630 inscriptum,
2431 3575 2547 3630 quo
2589 3559 2800 3628 eidem,
2843 3564 2901 3616 et
2940 3560 3335 3633 Magalonensi
3378 3562 3677 3635 episcopo,

2029 3646 2421 3719 cognitionem
2454 3664 2642 3704 causa:
2663 3664 2791 3721 quae
2818 3649 2972 3705 inter
2986 3650 3335 3723 Vigilienses
3364 3656 3421 3708 et
3450 3651 3681 3708 Clunia-

2030 3752 2235 3792 censes
2268 3737 2588 3794 monachos
2617 3739 2970 3806 vertebatur,
2998 3739 3482 3809 committitysed
3524 3745 3687 3797 caret

2032 3824 2193 3882 omni
2243 3826 2526 3898 temporis
2571 3830 2727 3883 nota.
2762 3828 3004 3883 Exstant
3032 3828 3093 3883 in
3125 3829 3425 3885 Chartario
3456 3828 3686 3886 Calme-

2032 3913 2272 3971 liaccnsi
2317 3913 2444 3970 aliis
2492 3915 2694 3970 Calixti
2752 3913 2955 3973 litteras
3012 3917 3202 3973 eidem
3259 3918 3489 3991 Hugoni
3535 3917 3685 3975 etP.

2033 4002 2232 4059 Diensi
2264 4003 2553 4075 episcopis
2583 4005 2655 4059 de
2684 4005 2887 4061 eadem
2915 4005 3221 4078 Vigiliensi
3244 4007 3515 4077 Ecclesia,
3540 4025 3689 4081 quas

2034 4090 2095 4146 in
2125 4107 2243 4147 uno
2274 4092 2401 4147 eod.
2432 4091 2664 4149 Urbano
2693 4093 2947 4151 tributas
2974 4094 3331 4163 invenimus,
3350 4097 3452 4153 sed
3485 4113 3690 4170 perpe-

2036 4196 2187 4248 ram,
2220 4184 2286 4235 ut
2316 4198 2384 4237 ex
2427 4180 2560 4237 aliis
2603 4182 2835 4239 duobus
2881 4184 3165 4256 exemplis
3196 4188 3442 4255 constat,
3476 4190 3535 4241 et
3564 4187 3693 4257 ejus

2035 4269 2164 4325 data
2190 4271 2406 4325 Privati
2448 4270 2567 4326 Kal.
2609 4270 2764 4337 Maii,
2797 4288 2925 4343 quae
2962 4272 3194 4328 Urbano
3242 4273 3551 4329 convenire
3597 4291 3697 4331 ne-

2039 4358 2185 4430 quit.
2212 4357 2523 4415 Gratianus
2542 4359 2632 4427 35,
2656 4362 2774 4431 q-2
2802 4363 2859 4414 et
2880 4360 2934 4425 3,
2957 4359 3160 4417 laudat
3192 4360 3588 4434 fragmentum
3619 4363 3697 4418 al-

2040 4448 2226 4504 terius
2272 4445 2537 4519 rescripti
2568 4447 2799 4503 Urbani.
2839 4447 2911 4503 ad
2959 4449 3231 4505 eumdem
3290 4450 3595 4524 Hugonem
3627 4453 3699 4509 de

2028 4534 2502 4592 extraordinaria
2531 4535 2875 4608 pollutione,
2909 4538 3062 4609 quod
3105 4554 3210 4594 suo
3236 4537 3363 4595 loco
3392 4539 3545 4597 inter
3568 4540 3699 4612 ejus

276 4642 480 4684 mense
509 4624 679 4690 Maio,
713 4640 841 4695 quae
889 4625 1037 4678 notae
1088 4620 1201 4677 sibi
1231 4638 1346 4676 non
1380 4619 1670 4677 coherent.
1702 4622 1772 4677 Et
1801 4622 1929 4694 qui-
1960 4639 2008 4705 D
2039 4626 2273 4682 decreta
2304 4624 2646 4696 proferetur.

278 4718 411 4772 dem
445 4731 596 4771 anno
632 4712 791 4779 1098,
827 4728 1028 4768 mense
1062 4710 1233 4780 Maio,
1256 4711 1382 4783 jam
1414 4714 1479 4767 ut
1509 4710 1748 4783 quidem
1774 4712 1934 4768 vide-

278 4811 400 4875 tur,
433 4804 724 4877 profectus
755 4802 814 4857 in
841 4799 1113 4873 Apuliam
1143 4803 1267 4855 erat
1294 4799 1587 4871 Urbanus,
1610 4817 1801 4872 quare
1833 4817 1934 4874 po-

280 4896 399 4951 tius
429 4894 620 4949 visum
649 4896 737 4948 est
770 4890 912 4945 illud
954 4889 1025 4947 ad
1067 4894 1410 4960 praesentem
1441 4906 1682 4957 annum,
1720 4890 1813 4945 cui
1844 4889 1933 4946 in-

283 4982 462 5040 dictio
486 4998 564 5036 vn
596 4980 883 5046 convenit,
935 4993 1219 5033 revocare.
1245 4978 1456 5034 Mirum
1499 4982 1589 5034 est
1632 4982 1847 5047 autem,
1883 4979 1933 5035 si

285 5070 634 5143 rescriptum
655 5069 765 5123 hoc
791 5068 1084 5123 sincerum
1107 5066 1202 5132 sit,
1230 5067 1524 5125 Urbanum
1548 5067 1607 5123 in
1630 5084 1698 5124 ea
1716 5066 1935 5126 dixisse

288 5161 402 5220 sibi
434 5160 779 5229 subreptum
814 5172 999 5228 usque
1028 5159 1168 5211 tunc
1198 5156 1379 5213 fuisse
1411 5174 1479 5213 ea
1508 5157 1565 5212 in
1597 5174 1677 5221 re,
1710 5160 1767 5212 et
1795 5157 1938 5212 visis

288 5255 430 5307 tunc
460 5247 718 5321 primum
753 5247 946 5301 Romae
981 5244 1299 5319 privilegiis
1332 5245 1592 5301 Ecclesiae
1624 5243 1938 5300 Salernita-

291 5358 398 5406 uae,
423 5354 550 5411 quae
582 5335 867 5391 hactenus
910 5332 1023 5389 sibi
1063 5333 1427 5407 incomperta
1463 5334 1713 5401 fuerant,
1738 5350 1941 5389 emen-

291 5431 463 5485 dasse
497 5423 867 5492 sententiam,
903 5439 1035 5479 cum
1067 5423 1371 5480 Salernum
1412 5427 1584 5479 antea
1614 5439 1728 5478 non
1761 5421 1943 5479 semel

292 5517 536 5575 adiisset
556 5518 687 5589 post
709 5530 985 5568 concessa
1006 5513 1241 5569 Cavensi
1264 5512 1619 5569 monasterio
1641 5511 1946 5585 privilegia

294 5614 347 5665 et
374 5608 509 5678 jura
554 5620 705 5660 anno
746 5602 1085 5675 praeedenti
1119 5603 1177 5657 in
1212 5602 1320 5657 hac
1376 5601 1627 5673 ipsamet
1682 5601 1944 5657 residens

295 5696 719 5759 confirmasset,
747 5690 904 5747 nulla
935 5690 1113 5763 hujus
1145 5689 1541 5761 subreptionis
1587 5690 1740 5748 facta
1777 5706 1944 5747 men-

2296 4712 2560 4769 CCCXLI.
2594 4716 2940 4787 Rescriptum
2972 4731 3073 4788 pro
3104 4717 3443 4775 Corbiniaco.

2114 4803 2200 4858 Ad
2232 4807 2493 4885 extrema
2523 4819 2753 4876 quoque
2785 4804 3000 4862 Urbani
3033 4806 3409 4878 pontiﬁcatus
3436 4812 3704 4880 tempora

2046 4891 2439 4948 revocandum
2470 4907 2598 4948 esse
2627 4893 2924 4950 credimus
2956 4896 3083 4965 ejus
3106 4897 3453 4969 rescriptum
3487 4897 3546 4952 in
3578 4913 3706 4971 gra-

2046 4981 2191 5036 tiam
2223 4980 2645 5037 monachorum
2679 4983 2878 5039 Sancti
2911 4984 3160 5059 Remigii
3193 4985 3519 5047 Remensis.
3554 5002 3703 5059 quos

2049 5067 2455 5142 Ingelramnus
2507 5070 2752 5126 [audiui
2802 5073 3049 5129 antistes
3106 5076 3349 5131 vexabat
3402 5075 3705 5132 occasione

2050 5158 2251 5214 altaris
2299 5159 2646 5215 Corbiniaci.
2680 5161 2750 5215 Et
2779 5161 3017 5232 quidem
3067 5179 3201 5219 cum
3261 5180 3414 5220 anno
3467 5167 3702 5220 tantum

2055 5246 2628 5318 10981ngelramnus
2678 5248 2830 5305 hanc
2887 5252 3087 5307 sedem
3145 5252 3370 5322 iniisse,
3400 5250 3705 5320 Elinando,

2050 5334 2151 5408 qui
2182 5335 2473 5414 Manassis
2518 5337 2953 5410 metropolitani
2984 5340 3338 5397 ordinationi
3383 5356 3536 5396 anno
3568 5340 3709 5397 1096

2051 5423 2416 5493 interfuerat,
2451 5426 2724 5483 defuncto
2772 5427 3022 5497 dicatur,
3068 5428 3225 5485 haud
3278 5428 3475 5485 minus
3528 5446 3707 5501 quam

2052 5512 2230 5569 unius
2263 5514 2492 5571 circiter
2510 5516 2647 5572 anni
2670 5516 2929 5588 spatium
2951 5516 3221 5591 exigitur,
3241 5521 3306 5572 ut
3335 5516 3430 5573 ille
3459 5518 3705 5575 antistes

2055 5603 2363 5661 monachis
2382 5605 2681 5679 negotium
2711 5606 3126 5675 facessierit,et
3154 5606 3267 5680 ipsi
3297 5607 3369 5663 ad
3404 5607 3705 5665 Urbanum

2056 5693 2408 5753 recurrerint
2435 5699 2611 5767 atque
2639 5695 3010 5769 impetrarint
3040 5695 3182 5752 illud
3214 5697 3583 5772 rescriptum.
