3962 6410
231 445 350 507 351

471 578 760 637 CCCXLII.
790 578 1112 647 Adalbertus
1140 581 1307 637 abbas
1335 579 1650 653 Schoﬁusae.

302 667 459 725 Inter
486 668 611 725 hinc
640 670 735 725 die
762 669 1044 738 24Junii,
1074 669 1388 727 Nativitate
1416 671 1603 726 sancti
1636 670 1885 726 Joannis

234 757 529 828 Baptistae,
562 758 943 815 Gebehardus
972 758 1190 815 Urbani
1218 759 1281 814 in
1315 759 1631 815 Germania
1657 758 1887 831 legatus

232 845 623 904 Adalbertum
660 848 719 903 in
770 848 1205 905 Schatt’usensis
1245 847 1584 904 monasterii
1615 848 1888 903 abbatem

237 934 486 991 solemni
512 934 636 990 ritu
664 935 960 992 benedindt
987 937 1113 992 loco
1144 936 1424 992 Gerhardi
1450 936 1573 1008 qui,
1598 940 1890 992 annuente

236 1023 605 1095 pentiﬁce,ut
627 1041 695 1080 ex
717 1024 986 1082 Bertoldo
1016 1025 1293 1093 diximus,
1327 1024 1667 1081 monasterii
1690 1040 1888 1079 curam

240 1112 563 1168 dimiserat.

310 1203 372 1257 Si
402 1201 801 1270 Theobaldus,
833 1208 899 1260 ut
924 1202 1147 1276 vulgati
1196 1201 1445 1275 catologi
1493 1201 1731 1269 habent,
1783 1200 1894 1256 hoc

240 1293 470 1347 tanaim
485 1307 641 1347 anno
653 1291 993 1348 monasterii
1004 1289 1406 1347 Malleacensis
1418 1289 1677 1363 regimen
1704 1305 1897 1345 susce-

242 1378 468 1451 pit,huc
482 1396 723 1453 quoque
734 1380 1201 1454 consignandum
1221 1383 1313 1436 est
1332 1378 1550 1435 Urbani
1572 1380 1892 1448 decretum,

244 1485 359 1540 quo
380 1470 571 1541 jussit
597 1474 665 1525 ut
692 1469 788 1526 ille
826 1470 1008 1526 abbas
1037 1468 1267 1542 Hugoni
1296 1467 1686 1533 Cluniacensi,
1719 1483 1895 1539 quem

243 1556 445 1630 procul
474 1558 656 1613 dubio
684 1559 1024 1627 offenderat,
1057 1557 1436 1613 satisfaceret.
1469 1556 1619 1620 Quid
1649 1556 1730 1612 rei
1761 1572 1894 1628 age-

244 1650 405 1701 retur
447 1645 609 1703 haud
652 1652 859 1703 notum
904 1651 1012 1703 est.
1043 1649 1117 1702 At
1167 1645 1388 1702 Urbani
1431 1645 1781 1701 sententiam
1830 1660 1903 1700 ea

245 1734 544 1792 Paschalis
574 1736 623 1791 II
654 1736 784 1807 ejus
802 1736 1160 1792 successoris
1181 1734 1431 1807 epistola
1452 1735 1641 1791 ms.ad
1664 1738 1898 1790 Petrum

248 1823 668 1881 Pictaviensem
697 1824 971 1893 dicimus,
996 1824 1055 1879 in
1082 1841 1199 1896 qua
1230 1830 1361 1896 post
1392 1822 1675 1879 nonnulla
1694 1824 1764 1879 de
1786 1840 1904 1878 mo-

249 1914 506 1969 nasterio
536 1913 735 1970 Sancti
767 1913 1037 1986 Cypriani
1065 1914 1373 1987 praemissa
1403 1911 1525 1968 haec
1570 1913 1807 1968 subdit:
1831 1913 1905 1968 De

249 2002 591 2058 Halleacensi
640 2017 847 2075 quoque
889 2003 1086 2058 abbate
1126 2003 1486 2075 praecipimus
1516 2006 1577 2056 ut
1594 2002 1761 2072 juxta
1806 2001 1901 2056 do-

247 2093 394 2147 mini
423 2092 632 2149 Urbani
669 2095 1000 2163 praeceptum
1044 2091 1232 2146 abbati
1280 2091 1638 2146 Cluniacensi
1680 2090 1899 2161 satisfa-

246 2181 358 2235 ciat
384 2197 403 2233 :
433 2181 685 2251 alioquin
711 2180 831 2236 vide
857 2196 929 2236 ne
957 2188 1017 2236 tu
1038 2196 1140 2252 pro
1169 2181 1249 2236 eis
1270 2179 1412 2234 sedis
1431 2179 1740 2250 apostolicae
1762 2178 1906 2234 indi-

247 2271 571 2341 gnationem
607 2270 936 2342 experieris,
970 2273 1024 2324 et
1067 2271 1178 2341 ipsi
1221 2269 1553 2337 condignam
1580 2269 1907 2323 sententiam

247 2372 361 2414 non
389 2358 675 2430 eﬂ‘ugiant.
713 2358 879 2415 Forte
906 2356 1003 2412 ille
1033 2357 1237 2425 abbas,
1271 2356 1426 2413 sicut
1457 2360 1514 2412 et
1544 2355 1905 2429 Cyprianen-

254 2447 358 2516 sis,
392 2446 668 2502 Cluniaco
698 2446 915 2517 subjici
941 2446 1271 2502 recusabat.

321 2535 642 2592 CCCXLIII.
666 2537 1070 2607 Magalonensis
1093 2536 1345 2591 Ecclesia
1366 2536 1504 2607 jura
1530 2533 1832 2590 vindicata.

325 2625 493 2681 Circa
519 2627 719 2682 eadem
751 2631 1014 2698 tempora
1045 2623 1428 2697 Raymundus
1457 2639 1651 2680 comes
1690 2623 1905 2696 Melgo-

258 2714 473 2771 riensis
499 2731 534 2769 a
561 2714 870 2771 Gotofredo
891 2713 1162 2786 episcopo
1182 2713 1759 2785 Magalonensi,quod
1779 2713 1908 2784 ejus

256 2803 526 2860 Ecclesiae
548 2805 687 2875 jura
720 2803 1033 2859 invasisset
1067 2801 1631 2869 excommunicatus,
1662 2801 1906 2856 Romam

257 2894 542 2966 perrexit;
576 2892 973 2959 Gotofredum,
1009 2892 1107 2965 qui
1136 2890 1308 2963 paulo
1341 2895 1474 2946 ante
1502 2889 1911 2962 illum,procul

258 2980 437 3041 dubio
468 2985 534 3036 ut
559 2980 805 3037 concilio
833 2980 1162 3045 interesset,
1196 2979 1488 3051 profectus
1518 2979 1727 3045 fuerat,
1743 2994 1908 3034 secu-

256 3074 375 3126 tus.
407 3069 554 3125 Cum
584 3085 718 3125 vero
748 3069 920 3125 ambo
951 3085 1147 3124 coram
1177 3068 1452 3140 pontiﬁce
1481 3084 1718 3123 causam
1741 3084 1909 3123 suam

260 3157 539 3230 egissent,
595 3174 793 3214 comes
840 3157 1064 3230 paterni
1122 3156 1457 3212 testamenti
1509 3156 1707 3212 violati
1776 3172 1911 3212 reus

260 3247 565 3302 convictus
592 3250 684 3302 est
711 3246 783 3301 ab
814 3245 1104 3318 episcopo;
1139 3260 1318 3318 quare
1347 3262 1416 3301 ea
1446 3262 1575 3318 quae
1616 3246 1911 3300 invaserat

262 3337 327 3390 in.
371 3337 669 3408 praesentia
714 3335 1086 3391 cardinalium
1130 3340 1189 3389 et
1233 3333 1485 3390 aliorum
1531 3334 1790 3389 virorum
1839 3332 1909 3388 il-
1942 3320 1984 3385 C

264 3422 545 3480 lustrium
574 3425 852 3496 guerpivit
878 3425 940 3478 in
966 3440 1137 3480 manu
1165 3422 1384 3478 domini.
1398 3439 1619 3496 papae,a
1648 3440 1762 3495 quo
1784 3427 1925 3495 post-

264 3513 486 3569 factum
511 3512 624 3585 ipsi
656 3512 1010 3581 hominium,
1041 3513 1385 3568 comitatum
1416 3512 1652 3584 recepit,
1680 3529 1747 3568 ea
1777 3529 1913 3568 con-

265 3602 487 3659 ditione
522 3606 591 3658 ut
617 3602 878 3657 Romano
936 3600 1194 3673 pontifici
1253 3600 1513 3674 singulis-
1561 3603 1732 3657 annis
1787 3601 1914 3657 auri

263 3691 499 3746 unciam
530 3690 898 3762 persolveret.
932 3691 1062 3745 Haec
1111 3694 1304 3745 autem
1344 3689 1543 3744 omnia
1573 3689 1631 3745 in
1662 3690 1915 3762 patriam

261 3796 535 3835 reversus
556 3779 649 3834 die
678 3779 1012 3835 Nativitatis
1058 3780 1280 3835 Sanctae
1330 3779 1525 3835 Mariae
1570 3779 1631 3833 in
1682 3778 1913 3851 publico

259 3868 475 3941 placito
505 3884 700 3924 comes
730 3867 1177 3936 conﬁrmavit,et
1205 3869 1405 3924 statim
1435 3870 1509 3923 ad
1531 3872 1800 3924 sanctum
1822 3867 1916 3923 Ja-

259 3958 471 4013 cobum
504 3958 798 4029 profectus
829 3960 936 4012 est.
968 3957 1434 4012 Instrumentum
1479 3973 1548 4012 ea
1595 3958 1667 4012 de
1715 3973 1777 4012 re
1807 3960 1914 4013 hoc

258 4063 415 4102 anno
443 4047 585 4103 1099
609 4046 935 4101 confectum
967 4046 1226 4100 referunt
1254 4044 1545 4101 Amaldus
1577 4046 1651 4100 de
1666 4045 1917 4102 Verdala

258 4140 421 4191 torno
453 4136 475 4191 Ι
507 4134 876 4191 Bibliotheca;
931 4149 1092 4190 novae
1154 4134 1496 4202 Labbeams,
1544 4134 1605 4190 in
1662 4135 1917 4190 Historia

262 4225 522 4297 episcop.
556 4223 1058 4296 Magalonensium
1091 4221 1302 4291 Gariel,
1338 4227 1395 4278 et
1434 4239 1503 4280 ex
1556 4228 1718 4296 parte
1749 4225 1913 4280 Sam-

263 4311 562 4368 marthani
592 4315 750 4367 tome
781 4311 829 4366 II
858 4309 1057 4366 Gallias
1089 4310 1451 4366 Christianas.

332 4417 653 4475 CCCXLIV.‘
682 4418 1060 4475 Caemeterium
1172 4419 1442 4474 Vincentio
1478 4418 1844 4476 Cenomannis

950 4506 1101 4545 asser
1128 4507 1238 4545 um.

950 4506 1121 4545 αδδθνι
1128 4507 1238 4545 um.

334 4548 549 4635 Exorta
576 4583 669 4634 est
700 4579 854 4634 circa
904 4579 1061 4634 idem
1108 4584 1345 4651 tempus
1395 4579 1589 4651 gravis
1618 4579 1912 4634 contentio

1833 438 2044 509 VITA.

1884 574 1889 581 ’
1916 584 1968 649 Α
1999 585 2124 635 tum
2158 580 2333 637 etiam
2364 580 2439 637 ob
2468 580 2598 652 eius
2629 582 2883 640 auctoris
2907 582 3315 639 famam.Hunc
3340 584 3494 639 enim
3519 600 3649 640 esse

3527 451 3649 511 258

1997 670 2400 726 Hildebertum
2427 671 2635 728 multis
2665 671 2797 728 aliis
2829 672 3064 745 scriptis
3097 671 3476 739 celebrem,et
3500 678 3646 728 tem-

1996 775 2203 830 porum
2234 760 2776 829 circ'umstantiaa,et
2803 760 2958 833 styli,
2988 761 3036 817 si
3070 778 3202 817 mea
3232 778 3324 816 me
3355 778 3470 817 non
3504 761 3651 817 fallit

1999 849 2758 920 conjectura,conformitas,
2790 850 2884 905 vix
2914 850 3222 906 dubitandi
3242 850 3437 906 locum
3476 850 3651 906 relin-

2000 943 2211 1009 quunt.
2244 940 2330 992 An
2361 954 2495 993 vero
2525 939 2748 1011 aliquid
2770 956 2838 995 ea
2869 941 2939 995 de
2970 956 3029 994 re
3060 940 3331 995 statuerit
3360 939 3650 1006 Urbanus,

2001 1026 2312 1096 incertum,
2346 1031 2404 1082 et
2435 1027 2580 1083 forte
2609 1031 2795 1083 morte
2822 1027 3177 1100 interceptus
3208 1028 3266 1084 id
3299 1044 3413 1083 non
3445 1029 3652 1100 potuit,

2003 1118 2061 1170 at
2091 1114 2150 1170 in
2180 1116 2445 1187 ejusdem
2478 1117 2819 1173 monasterii
2850 1117 3149 1172 Chartario
3174 1117 3424 1173 habetur
3441 1133 3658 1173 concor-

2000 1204 2093 1259 dia
2117 1205 2271 1260 inter
2298 1206 2609 1261 canonicos
2640 1210 2698 1261 et
2724 1208 2853 1277 ejus
2882 1205 2993 1261 loci
3025 1206 3344 1262 monachos
3392 1210 3656 1279 tempore

2002 1293 2319 1349 Hildeberti
2362 1295 2623 1366 episcopi
2669 1298 2727 1349 et
2769 1294 3022 1349 Ramnlﬁ
3071 1295 3301 1350 abbatis
3346 1295 3508 1364 inita,
3542 1311 3659 1367 qua

2004 1385 2351 1437 conventum
2400 1382 2529 1451 fuit,
2564 1387 2630 1438 ut
2675 1383 2940 1439 canonici
2989 1383 3375 1456 sepelirentur
3416 1384 3656 1456 quidem

2003 1470 2063 1524 in
2094 1470 2424 1527 ccemeterio
2455 1471 2857 1537 Vincentiano,
2901 1473 3000 1526 sed
3035 1471 3093 1525 in
3138 1471 3263 1527 loco
3312 1471 3673 1540 honestiori,‘

2005 1562 2181 1631 atque
2211 1576 2245 1614 a
2276 1559 2553 1615 laicorum
2579 1559 2900 1632 sepulturis
2922 1560 3391 1631 sejuncto,quam
3414 1576 3659 1635 conven-

1996 1649 2225 1704 tionem
2258 1649 2440 1721 hujus
2469 1648 2773 1705 occasione
2803 1648 3032 1704 discidii
3057 1650 3270 1704 factam
3297 1649 3479 1705 fuisse
3498 1649 3657 1704 haud

2011 1736 2377 1793 dubitamus.

2347 1825 2633 1881 CCCXLV.
2670 1826 2877 1883 Urbani
2905 1825 3082 1881 obitus
3113 1826 3311 1882 Romae.

2083 1916 2207 1970 Huc
2237 1915 2488 1987 denique
2535 1915 2789 1970 revocari
2838 1918 3028 1986 potest
3065 1913 3280 1970 Urbani
3314 1914 3561 1987 epistola
3588 1915 3663 1970 ad

2016 2004 2312 2061 Albertum
2342 2004 2681 2076 episcopum
2716 2004 3052 2073 Metensem,
3078 2003 3404 2059 aGratiano
3435 2003 3486 2072 Ι,
3521 2020 3575 2076 q.
3607 2004 3662 2071 5,

2012 2109 2061 2147 c.
2094 2093 2149 2160 3,
2181 2091 2382 2159 relata,
2412 2092 2484 2147 de
2514 2093 2768 2164 quodam
2815 2092 2915 2164 qui
2966 2092 3161 2147 oblata
3199 2093 3445 2163 pecunia
3474 2108 3666 2148 sacer-

2013 2180 2238 2235 dotium
2272 2181 2461 2235 fuerat
2486 2181 2756 2252 adeptus.
2789 2180 2893 2235 Hic
2925 2197 3135 2253 nempe
3161 2180 3447 2251 Albertus,
3466 2182 3518 2237 is
3540 2181 3668 2254 ipse

2013 2274 2102 2323 est
2131 2269 2417 2323 Adalbero
2463 2285 2567 2323 seu
2614 2269 2842 2337 Albero,
2879 2269 2977 2340 qui
3010 2274 3141 2341 post
3191 2269 3510 2325 Hermanni
3542 2268 3666 2324 obi-

2013 2363 2139 2414 tum
2172 2359 2243 2413 ab
2274 2357 2521 2412 Henrico
2564 2357 2705 2429 imp.
2742 2357 2799 2411 in
2850 2358 3047 2412 sedem
3098 2358 3412 2413 Metensem
3465 2362 3670 2414 contra

2015 2447 2345 2519 Popponem
2406 2446 2594 2501 fuerat
2648 2446 2939 2501 intrusus.
2998 2446 3147 2518 (Vide
3193 2446 3519 2502 Chr‘onicon
3579 2446 3671 2502 Si-

2015 2535 2262 2601 thiense,
2329 2552 2385 2606 p.
2455 2534 2606 2606 600.)
2668 2533 2832 2589 Certe
2907 2551 2975 2590 ex
3048 2534 3179 2589 Vita
3232 2535 3426 2590 Sancti
3483 2535 3677 2591 Theo-’

2015 2624 2157 2697 geri,
2193 2640 2372 2695 quam
2403 2638 2533 2678 saec.
2566 2623 2666 2678 XII
2698 2622 2757 2677 in
2790 2622 2952 2677 Actis
2984 2623 3082 2678 SS.
3118 2623 3243 2677 0rd.
3278 2622 3465 2678 sancti
3496 2623 3672 2679 Bene-

2016 2712 2154 2768 dicti
2188 2710 2647 2777 dabimus,sieut
2678 2716 2734 2766 et
2764 2710 2873 2766 hac
2920 2706 3134 2766 Urbani
3175 2710 3440 2782 epistola,
3474 2709 3669 2784 colligi

2017 2805 2211 2874 potest
2234 2800 2391 2856 hunc
2419 2801 2722 2855 Albertum
2740 2816 2841 2856 seu
2858 2799 3205 2856 Alberonem
3233 2798 3549 2874 aliquando
3566 2816 3670 2871 pro

2016 2868 2289 2962 episcopo
2320 2888 2586 2944 habitum
2621 2888 2908 2944 fuisse.De
2935 2889 3046 2943 hoc
3077 2888 3206 2944 fuse
3236 2868 3357 2961 agit
3385 2868 3671 2960 praedictas

2016 2978 2160 3033 Vitae
2192 2982 2394 3034 auctor
2423 2978 2670 3049 ejusque
2701 2977 3127 3050 depositionem
3165 2976 3226 3031 in
3276 2976 3522 3033 concilio
3555 2977 3664 3032 Re-

2019 3068 2206 3124 mensi
2241 3084 2392 3123 anno
2425 3067 2565 3122 1115
2589 3067 2939 3139 praesidente
2986 3066 3218 3122 Conone
3253 3065 3442 3139 legato
3474 3066 3672 3121 decre-

2018 3162 2140 3212 tam
2189 3161 2408 3221 narrat,
2459 3156 2553 3211 cui
2604 3156 2729 3228 ipse
2770 3155 3107 3228 Theogerus
3155 3155 3511 3211 substitutus
3562 3158 3671 3209 est.

2022 3246 2306 3301 Caeterum
2358 3249 2489 3317 post
2535 3245 2688 3301 hanc
2735 3245 3043 3317 epistolam
3075 3245 3198 3300 aliis
3257 3244 3572 3311 nonnullae,
3619 3248 3678 3300 et

2023 3334 2248 3407 aliquot
2275 3334 2491 3390 Urbani
2509 3335 2742 3390 decreta
2756 3335 3207 3406 subjungentur,
3227 3351 3356 3407 quae
3387 3350 3522 3390 cum
3545 3334 3678 3389 nul-

2022 3423 2139 3479 lam
2189 3428 2292 3479 aut
2340 3427 2495 3478 certe
2540 3423 3054 3479 indeterminatam
3104 3426 3303 3479 notam
3347 3424 3675 3496 praferant,

2023 3510 2195 3567 alicui
2228 3515 2382 3567 certo
2414 3528 2566 3566 anno
2597 3512 2944 3584 consignare
2983 3512 3071 3567 fas
3103 3529 3216 3567 non
3251 3513 3379 3567 fuit.

2093 3600 2364 3656 Urbanus
2398 3604 2530 3672 post
2561 3600 2824 3655 infinitos
2849 3600 3077 3656 labores
3107 3617 3211 3671 pro
3234 3600 3488 3657 Ecclesia
3509 3617 3680 3672 supe-

2022 3694 2199 3755 ratos,
2229 3689 2403 3744 rebus
2444 3690 2571 3760 jam
2625 3689 2866 3744 omnino
2917 3690 3156 3755 sedatis,
3202 3689 3678 3761 recuperatisque

2023 3795 2170 3850 quas
2199 3778 2260 3832 in
2300 3778 2450 3833 Urbe
2482 3778 2609 3849 ipsa
2642 3776 3000 3832 schismatici
3023 3777 3225 3832 tandiu
3251 3780 3679 3849 occupaverant

2023 3866 2473 3935 munitionibus,
2498 3883 2564 3921 ac
2588 3865 2869 3921 Romanis
2899 3865 3317 3943 omnibussibi
3350 3864 3677 3921 conciliatis

2021 3955 2267 4031 ipsaque
2298 3954 2613 4010 universali
2646 3953 2900 4009 Ecclesia
2928 3953 2987 4009 in
3011 3953 3499 4026 tranquilliorem,
3523 3952 3679 4009 ultra

2023 4061 2201 4116 quam
2233 4043 2404 4117 longe
2435 4048 2608 4099 antea
2636 4043 2845 4099 fuisset
2875 4048 2931 4098 et
2962 4043 3183 4115 sperari
3216 4047 3432 4115 posset,
3455 4047 3676 4098 statum

2025 4134 2548 4199 revocata,tandem
2582 4132 2922 4187 meritorum
2948 4132 3132 4187 multo
3157 4132 3343 4204 magis
3366 4148 3541 4204 quam
3560 4131 3679 4187 die-

2024 4239 2153 4277 rum
2189 4221 2616 4294 plenus,morte
2646 4222 2866 4293 ejus,ut
2903 4220 3166 4277 nonnulli
3199 4224 3465 4276 auctores
3482 4220 3680 4276 obser-

2020 4311 2461 4383 varunt,eclipsi
2489 4310 2735 4382 aliisque
2754 4310 2895 4366 visis
2913 4310 3243 4366 cmlestibus
3267 4310 3673 4383 przenuntiata,

2023 4401 2095 4455 ad
2162 4417 2406 4472 superos
2467 4399 2712 4455 evolavit
2777 4417 2842 4456 eo
2909 4401 3034 4473 ipso
3102 4404 3384 4473 tempore,
3445 4416 3559 4472 quo
3614 4399 3675 4454 in

2022 4489 2253 4545 Oriente
2285 4506 2451 4544 sacra
2477 4488 2975 4562 Jerosolymorum
3020 4490 3225 4545 civitas
3256 4507 3290 4545 a
3318 4487 3675 4544 Christiano-

2023 4594 2154 4632 rum
2201 4578 2477 4643 exercitu,
2522 4595 2700 4650 quam
2745 4579 2815 4632 ad
2869 4577 3021 4633 hanc
3066 4578 3489 4649 expeditionem
3543 4577 3677 4649 pius

258 4668 417 4740 apud
462 4667 870 4723 Cenomannos
910 4668 1060 4723 inter
1091 4666 1402 4723 canonicos
1431 4667 1684 4724 θοθίθείω
1717 4668 1913 4723 cathe-
1944 4689 1989 4755 D
2024 4665 2281 4738 pontifex
2322 4683 2696 4737 summopere
2742 4666 3102 4731 incitaverat,
3136 4670 3305 4737 capta
3349 4670 3455 4720 est.
3490 4671 3679 4722 Romae

258 4756 447 4813 dralis
502 4760 573 4813 et.
612 4757 812 4813 Sancti
867 4755 1156 4811 Vincentii
1224 4757 1543 4812 monachos
1610 4758 1914 4813 occasione

259 4845 440 4903 unius
469 4845 733 4902 canonici
774 4846 1055 4915 defuncti,
1106 4845 1276 4915 cujus
1327 4861 1538 4917 corpus
1588 4846 1826 4918 quidam
1882 4863 1914 4903 θ

257 4934 677 4991 canonicorum
727 4950 899 5007 grege
946 4933 1174 4989 factiosi
1227 4933 1286 4988 in
1338 4938 1494 4989 terra
1541 4934 1785 5007 profana
1815 4952 1911 4991 se-

258 5023 715 5096 pelierant;cum
745 5030 943 5079 tamen
965 5023 1068 5094 jus
1096 5026 1251 5078 esset
1277 5023 1696 5079 monachorum
1717 5025 1911 5080 Sancti

258 5113 574 5179 Vincentii,
606 5113 799 5186 prisca
824 5111 1245 5168 consuetudine
1275 5111 1452 5167 simul
1483 5119 1539 5166 et
1564 5112 1690 5185 lege
1716 5115 1910 5170 ﬁrma-

258 5207 413 5267 tum,
442 5206 511 5258 ut
537 5202 795 5274 episcopi
825 5206 886 5256 et
914 5199 1179 5256 canonici
1229 5199 1287 5254 in
1337 5216 1540 5255 eorum
1584 5200 1911 5256 cmmeterio

260 5289 669 5363 sepelirentur.
701 5290 838 5345 Post
865 5288 1082 5345 multas
1128 5287 1305 5355 rixas,
1336 5303 1469 5343 cum
1522 5287 1645 5344 haec
1690 5294 1915 5345 contro-

260 5379 452 5436 versia
480 5379 738 5452 episcopi
786 5377 1132 5434 auctoritate
1176 5377 1448 5450 componi
1481 5393 1596 5432 non
1626 5378 1914 5450 potuisset

263 5484 390 5524 rem
417 5467 690 5525 monachi
722 5468 794 5524 ad
826 5467 1126 5523 Urbanum
1157 5465 1437 5537 detulere,
1480 5466 1554 5521 ad
1585 5482 1759 5539 quem
1790 5469 1910 5541 epi-

263 5558 479 5630 scopus
508 5557 566 5612 in
597 5572 801 5614 eorum
831 5556 1082 5629 gratiam
1114 5554 1423 5627 epistolam
1463 5555 1717 5628 scripsit.
1751 5562 1912 5615 Hanc

259 5645 324 5701 in
346 5646 681 5719 Appendice
703 5662 745 5702 ‘a
772 5644 1071 5703 Chartario
1095 5643 1475 5701 Vincentiano
1521 5644 1794 5703 exhibere
1825 5648 1912 5704 vi-

264 5751 400 5797 sam
430 5740 537 5813 est,
564 5740 693 5799 tum
724 5735 879 5819 quod
910 5734 972 5799 in
1001 5751 1070 5797 ea
1092 5737 1217 5800 tota
1244 5732 1326 5799 rei
1356 5733 1535 5798 series
1566 5740 1909 5851 exponetur,

2022 4757 2080 4811 in
2130 4756 2402 4811 morbum
2456 4755 2680 4821 incidit,
2732 4759 2796 4810 ut
2831 4759 3084 4810 testatur
3113 4753 3423 4835 0rdericus
3466 4752 3676 4811 Vitalis

2022 4845 2170 4901 libro
2200 4863 2253 4912 ι,
2286 4844 2472 4910 initio,
2508 4844 2606 4898 ubi
2639 4844 2937 4900 mercedem
2967 4862 2999 4900 a
3026 4846 3131 4901 Deo
3174 4847 3525 4917 percepturus
3572 4860 3676 4916 pro

2023 4935 2177 4991 bonis
2204 4933 2626 5004 stndiis,quibus
2656 4935 2904 5005 apprime
2930 4936 3138 5006 ﬂoruit,
3171 4951 3240 4990 ea:
3267 4935 3369 4989 hac
3404 4935 3520 4989 vita
3564 4936 3675 4989 mi-

2020 5027 2200 5093 gravit
2228 5042 2277 5078 IV
2314 5022 2578 5079 Kalendas
2627 5023 2875 5093 Augusti.
2925 5028 3086 5079 Certe
3133 5040 3266 5079 eum
3316 5024 3513 5079 Romae
3562 5022 3674 5077 hac

2021 5115 2114 5169 dic
2170 5115 2384 5169 obiisse
2442 5129 2591 5167 anno
2649 5111 2785 5166 1099
2832 5117 3060 5166 constat
3102 5129 3170 5166 ex
3215 5111 3511 5167 Paschalis
3543 5112 3673 5183 ejus

2022 5202 2378 5258 successoris
2407 5200 2651 5273 epistola
2697 5217 2765 5256 ea
2806 5201 2875 5257 de
2923 5218 2985 5256 re
3021 5200 3239 5273 scripta
3264 5201 3335 5257 ad
3369 5202 3672 5275 Hugonem

2020 5291 2292 5347 abbatem
2323 5288 2789 5356 Cluniacensem,
2823 5306 2999 5362 quam
3031 5290 3087 5345 in
3122 5290 3452 5364 Appendice
3473 5295 3674 5346 nostra

2020 5380 2359 5436 referemus.
2414 5378 2819 5435 Pontificatum
2879 5379 3068 5436 tenuit
3120 5397 3306 5436 annos
3361 5396 3440 5448 χι,
3502 5394 3672 5433 men-

2022 5485 2116 5525 ses
2147 5485 2217 5533 IV,
2251 5467 2377 5523 dies
2406 5485 2562 5523 xvm.
2598 5468 2902 5526 Bertoldus
2925 5476 3168 5525 numero
3193 5469 3441 5525 rotundo
3462 5483 3673 5524 menses

2021 5559 2260 5631 quinque
2289 5555 2726 5629 scripsit,atque
2757 5560 2827 5615 de
2857 5560 2950 5615 his
2982 5559 3144 5614 nulla
3162 5563 3253 5615 est
3274 5558 3429 5630 apud
3450 5563 3671 5613 veteres

2020 5651 2122 5706 aut
2161 5646 2517 5703 recentiores
2568 5646 2878 5727 dissensio,
2912 5648 3017 5706 etsi
3048 5645 3317 5704 nonnulli
3361 5646 3434 5702 ob
3479 5644 3671 5703 varias

2021 5734 2401 5816 computandi
2424 5734 2683 5795 rationes
2711 5736 2839 5815 ejus
2872 5735 3078 5796 mortis
3108 5752 3329 5795 annum
3362 5733 3530 5795 aliter
3572 5750 3670 5798 ex-
