3962 6388
297 431 422 490 259

1596 428 1664 491 B.
1715 428 2005 493 UltBANI
2051 427 2102 488 Il
2149 425 2405 488 ΡΑΡιΕ.

3588 421 3710 482 260

297 561 639 634 presserint.
673 561 838 620 Hunc
883 565 1081 620 tamen
1125 563 1218 620 die
1261 580 1322 619 ιιι
1368 561 1660 619 Kalendas
1699 562 1951 634 Augusti
1984 567 2039 633 Α
2067 577 2232 633 quam
2280 558 2588 614 laudabilia
2627 558 2870 628 fuerunt,
2909 557 3089 612 nitore
3132 558 3392 628 famaque
3433 557 3711 628 magnitu-
3781 579 3791 584 -

296 651 443 708 forte
471 667 666 708 errore
695 651 940 719 librarii,
969 651 1149 708 vitam
1179 651 1404 709 ﬁniisse
1427 651 1640 726 legitur
1667 652 1722 706 in
1773 651 1948 706 Chro-

295 739 426 796 nico
450 740 940 814 Kemperlegiensi
965 747 1124 797 tomo
1144 741 1394 798 lBaluzii
1421 739 1943 797 Miscellaneorum.

296 828 497 886 Crateri
529 830 750 902 passim
777 833 1043 886 auctores
1073 830 1492 886 Chronicorum
1523 830 1679 885 diem
1715 845 1771 884 iV
1800 828 1949 884 assi-

295 921 500 991 gnant,
535 919 752 990 quibus
783 919 1280 974 monasteriorum
1313 923 1370 976 et
1398 917 1648 974 aliarum
1677 917 1948 974 ecclesia-

295 1023 430 1062 rum
477 1005 817 1080 Necrologia
866 1006 1260 1075 consentiunt,
1294 1011 1532 1080 excepto
1563 1005 1948 1074 Molismensi,

295 1095 356 1150 in
399 1111 516 1168 quo
545 1095 639 1150 die
671 1111 734 1151 ιιι
763 1101 1144 1162 memoratur,
1185 1097 1314 1168 ejus
1363 1096 1468 1152 loci
1511 1095 1951 1165 congregationis

295 1183 511 1240 dictus.
563 1182 817 1240 Celebris
864 1199 999 1240 vero
1049 1183 1326 1256 deinceps
1375 1183 1487 1238 fuit
1536 1183 1597 1239 in
1656 1182 1950 1254 plerisque

294 1270 440 1328 locis
468 1273 597 1343 ejus
629 1273 931 1340 memoria,
965 1271 1038 1327 ob
1072 1277 1306 1344 recepta
1331 1271 1404 1327 ab
1433 1287 1501 1327 eo
1533 1267 1953 1337 beneficia,vel-

294 1361 382 1416 uti
409 1359 470 1414 in
495 1359 885 1427 Cluniacensi,
919 1359 978 1414 in
1010 1363 1166 1416 Ceste
1199 1359 1406 1416 Deensi
1455 1359 1612 1432 apud
1655 1357 1946 1414 Cornelio-

295 1465 452 1516 nem,
486 1448 548 1503 in
573 1447 940 1504 Flavianensi
971 1448 1170 1504 Sancti
1202 1447 1434 1521 Egidii,
1459 1447 1520 1503 in
1553 1446 1950 1504 Lemovicensi

293 1537 491 1592 Sancti
523 1536 834 1604 Martialis,
865 1537 924 1590 in
957 1536 1280 1592 Pictavensi
1314 1535 1652 1592 Monasterii
1691 1535 1855 1602 Novi,
1887 1535 1950 1590 in

291 1625 772 1690 Nantuacensi,in
803 1623 1135 1680 Divionensi
1159 1625 1351 1680 Sancti
1375 1623 1704 1698 Benigni,et
1723 1624 1781 1678 in
1818 1622 1952 1679 aliis

293 1713 544 1770 aliarum
574 1712 963 1770 Ecclesiarum
992 1711 1350 1786 Necrologiis
1395 1730 1545 1786 quas
1593 1713 1720 1785 ipse
1748 1728 1948 1768 sacra-

295 1807 476 1873 verat,
508 1806 611 1858 aut
639 1801 957 1875 privilegiis
987 1802 1304 1858 munierat.

2061 649 2210 704 diuis
2238 662 2356 705 suae
2372 663 2474 720 per
2501 647 2684 703 orbem
2712 647 2820 702 late
2852 645 3150 716 divulgata
3178 653 3326 714 sunt,
3359 645 3715 702 inimicorum

2059 740 2226 794 etiam
2254 737 2496 792 lamenta
2523 751 2584 792 eo
2611 735 2866 807 defuncto
2895 737 3191 791 contestata
3234 741 3383 790 sunt.
3416 735 3487 790 Et
3521 731 3710 807 'paulo

2058 826 2306 882 inferius
2331 825 2475 881 dicit
2507 842 2520 880 :
2557 825 2770 902 Urbano
2793 840 2942 896 papa
2966 826 3024 880 in
3054 823 3210 880 domo
3239 824 3463 879 Domini
3481 823 3716 891 lucente,

2058 917 2120 971 in
2154 915 2404 971 tenebras
2429 913 2495 969 de
2521 912 2772 970 cordibus
2799 913 3118 969 mortalium
3151 911 3638 985 praedicationibus
3663 913 3718 968 et

2057 1003 2320 1076 exemplis
2348 1002 2618 1072 dignitate
2643 1002 2942 1074 eﬂ’ugante,
2973 1000 3238 1058 Guiberti
3256 1004 3499 1057 conatus
3530 999 3715 1056 fuisse

2057 1091 2274 1150 irritos.
2310 1091 2512 1164 Ipsum
2549 1091 2803 1162 denique
2849 1099 3034 1146 sancte
3079 1088 3477 1162 tripudiantem
3516 1090 3717 1146 obiisse

2059 1185 2376 1246 asseverat,
2433 1183 2598 1235 tanta
2642 1181 2766 1234 erat
2815 1179 2944 1250 ejus
2991 1179 3052 1234 in
3096 1177 3199 1234 Dei
3247 1176 3713 1236 misericordiam

2057 1267 2302 1324 ﬁducia!
2337 1268 2622 1324 Eumdem
2655 1267 2829 1323 morti
2853 1267 3184 1340 proximum
3207 1269 3475 1322 instinctu
3495 1265 3708 1335 divino,

2058 1355 2414 1413 cardinalem
2481 1356 2820 1412 Reimerum
2870 1356 3144 1412 abbatem
3209 1355 3540 1412 Romanum
3598 1354 3714 1412 sibi

2059 1460 2457 1502 successorem
2497 1443 2841 1518 designasse
2869 1445 3046 1500 refert
3071 1443 3346 1501 Albertus
3384 1443 3711 1510 Stadensis,

2060 1536 2216 1608 quod
2249 1535 2348 1591 alii
2381 1534 2556 1590 etiam
2587 1534 2900 1606 scriptores
2928 1535 3332 1591 observarunt.
3367 1537 3440 1589 At
3470 1531 3714 1589 Fulche-
3743 1527 3746 1530 ’

2059 1624 2182 1680 rius
2244 1623 2616 1680 Carnotensis
2684 1622 2955 1678 Balduini
3019 1623 3176 1696 regis
3238 1620 3719 1694 Jerosolymitani

2058 1711 2399 1784 capellanus
2429 1713 2490 1768 in
2522 1711 2670 1768 libro
2699 1712 2780 1768 De
2809 1712 3177 1785 expeditione
3195 1710 3714 1784 Jerosolymitana,

2057 1802 2142 1856 ait
2173 1801 2451 1858 Urbanum
2477 1802 2662 1856 virum
2690 1801 2974 1870 egregium
3019 1801 3134 1856 vita
3163 1807 3214 1856 et
3239 1799 3482 1856 moribus
3521 1800 3714 1870 fuisse,

360 1891 585 1965 Corpus
609 1893 738 1962 ejus
750 1907 819 1947 ex
833 1889 1218 1998 aadibusﬁetri
1253 1890 1463 1991 Leonis
1495 1890 1651 1962 apud
1673 1893 1944 1988 sanctum
1981 1882 2156 1998 B'qui
2181 1906 2394 1962 semper
2419 1890 2674 1946 Ecclesia
2701 1893 2908 1947 sancta"
2933 1893 3139 1945 statum
3167 1889 3462 1945 sublimius
3503 1903 3720 1998 promo-

292 1978 596 2036 Nicolaum
621 1979 681 2034 in
711 1994 940 2036 carcere
971 1977 1266 2046 Tulliano,
1291 1977 1393 2034 ubi
1422 1993 1768 2052 supremum
1792 1977 1946 2037 diem

291 2069 534 2135 obierat,
569 2084 672 2140 per
698 2066 995 2141 regionem
1025 2065 1524 2123 Transtiberinam
1557 2065 1816 2123 delatum
1861 2071 1952 2122 est

290 2157 351 2214 in
380 2156 680 2214 basilicam
711 2155 1139 2223 Vaticanam,in
1172 2172 1290 2228 qua
1310 2155 1630 2212 honoriﬁce
1650 2153 1948 2227 sepultum

291 2251 402 2304 est.
433 2246 497 2302 In
540 2246 736 2302 Gestis
785 2245 1075 2301 Lamberti
1103 2243 1506 2301 Atrebatensis
1551 2243 1832 2316 episcopi,
1861 2243 1946 2300 di-

290 2351 416 2408 gnae
442 2335 714 2391 memoria:
740 2335 1035 2404 religiosus
1060 2349 1207 2406 papa
1239 2333 1489 2390 Urbanus
1535 2332 1754 2388 dicitur
1801 2348 1948 2388 anno

293 2425 452 2490 1099,
504 2439 580 2479 ιν·
615 2422 878 2479 Kalendas
931 2423 1183 2490 Augusti,
1229 2422 1530 2478 indictione
1557 2437 1636 2476 vn
1669 2422 1948 2493 ingressus

287 2515 440 2569 viam
483 2513 753 2568 uni-versu
803 2513 993 2568 carnis
1039 2515 1091 2566 et
1137 2510 1383 2582 sepultus
1428 2512 1490 2565 in
1533 2510 1758 2566 ecclesia
1807 2510 1949 2566 beati

289 2604 446 2660 Petri
467 2603 700 2674 apostoli
717 2603 886 2674 juxta
913 2608 1161 2656 sanctum
1187 2601 1421 2656 Leonem
1443 2614 1649 2670 papam
1675 2601 1729 2654 et
1762 2598 1944 2670 Ephe—

289 2693 403 2748 sini
429 2691 650 2748 concilii
677 2695 968 2746 auctorem.
1002 2688 1258 2767 Manlius
1287 2691 1346 2742 et
1373 2685 1474 2742 alii
1524 2687 1626 2758 qui
1675 2687 1746 2744 de
1792 2686 1946 2742 Vati-

290 2797 437 2836 cana
464 2777 705 2836 basilica
735 2778 1042 2851 scripsere,
1077 2779 1408 2832 memorant
1438 2774 1656 2830 Urbani
1700 2777 1942 2847 sepultu-

287 2886 411 2924 ram
437 2869 570 2924 satis
597 2867 824 2940 pulchro
867 2865 1138 2921 schemate
1181 2866 1548 2919 constructam
1589 2865 1782 2934 fuisse,
1815 2880 1943 2936 quae

267 2950 578 3029 'hodieque
611 2973 786 3029 prope
817 2953 1136 3010 oratorium
1165 2951 1403 3007 Adriani
1435 2951 1609 3024 primi
1639 2951 1867 3019 visitur,
1909 2969 1944 3008 a

291 3045 564 3102 ﬁdelibus
596 3045 963 3116 frequentata
991 3039 1556 3106 ob-memoriam,uti
1579 3039 1754 3096 refert
1773 3040 1944 3096 Baro-

291 3135 447 3202 nius,
481 3133 629 3190 tanti
657 3129 970 3206 pontificis,
1005 3129 1148 3185 adeo
1176 3129 1248 3184 de
1280 3128 1552 3185 universa
1589 3133 1791 3184 sancta
1837 3130 1940 3185 Ec-

291 3223 467 3280 clesia
493 3223 644 3286 bene
673 3218 886 3276 meriti.
915 3217 1240 3289 Exsequias
1287 3219 1416 3290 ejus
1464 3217 1720 3274 celebres
1761 3217 1940 3274 fuisse

2056 1979 2292 2035 vendam
2338 1994 2504 2050 super
2550 1979 2740 2034 omnia
2788 1979 3030 2035 consulte
3073 1995 3138 2034 ac
3179 1982 3398 2034 strenue
3435 1975 3718 2034 moderari

2055 2069 2270 2138 sategit.
2303 2067 2512 2123 Postea
2543 2083 2678 2122 eum
2710 2083 2844 2122 cum
2872 2065 3147 2122 Guiberto
3179 2081 3546 2138 comparans,
3580 2065 3664 2122 ait
3697 2083 3710 2121 :

2059 2157 2397 2214 «Urbanum
2428 2155 2619 2211 virum
2641 2156 2984 2228 prudentem
3009 2159 3067 2210 et
3084 2155 3482 2210 venerandum
3503 2170 3710 2227 pacem

2057 2262 2364 2302 renovasse
2375 2243 2760 2316 Ecclesiaeque
2789 2245 2921 2316 jura
2945 2243 3150 2299 modos
3165 2241 3226 2298 in
3240 2241 3520 2314 pristinos
3544 2242 3714 2298 resti-

2056 2335 2322 2400 tuisse,et
2350 2349 2455 2406 per
2483 2333 2749 2406 regiones
2779 2332 3166 2399 incedentem,
3198 2330 3446 2404 populos
3495 2331 3554 2386 in
3605 2331 3711 2388 ali-

2057 2423 2293 2496 quantis
2321 2422 2522 2478 devios
2551 2422 2666 2477 Deo
2692 2419 3064 2490 conciliasse;
3099 2423 3184 2476 »et
3209 2419 3714 2500 quoniam,inquit,

2053 2516 2248 2568 cuncta
2278 2526 2404 2583 quae
2432 2511 2532 2566 Dei
2557 2513 2688 2567 sunt
2717 2511 2962 2566 exaltare
2989 2511 3210 2565 omnino
3238 2509 3504 2578 studebat,
3527 2525 3716 2565 omnes

2051 2603 2167 2673 fere
2191 2602 2516 2673 paternitati
2559 2613 2678 2657 suae
2705 2599 2803 2654 sub
2833 2599 2950 2670 ejus
2992 2598 3300 2654 obedientia
3329 2599 3563 2654 libenter
3599 2613 3718 2655 sese

2053 2689 2400 2746 dediderunt.
2433 2689 2583 2744 Tum
2609 2687 2774 2742 addit
2805 2703 2853 2742 :«
2877 2687 3160 2742 Eumdem
3191 2690 3345 2743 recte
3373 2685 3626 2742 electum
3651 2691 3715 2742 et

2053 2776 2126 2832 ab
2151 2773 2440 2847 episcopis
2467 2772 2863 2829 cardinalibus
2893 2777 3319 2843 consecratum,
3343 2789 3378 2828 a
3411 2773 3620 2845 majori
3648 2779 3710 2830 et

2053 2863 2328 2920 sanctiori
2360 2861 2561 2934 populi
2593 2864 2756 2933 parte
2786 2865 3149 2932 acceptatum
3170 2861 3383 2930 fuisse;
3417 2860 3556 2917 licet
3573 2862 3706 2934 ejus

2051 2968 2227 3024 opera
2257 2949 2572 3007 adversarii
2595 2949 2782 3022 ipsius
2810 2949 2968 3006 velut
2987 2951 3154 3007 irrita
3181 2955 3240 3007 et
3270 2949 3433 3006 nulla
3455 2949 3704 3024 vilipen-

2049 3042 2271 3098 derent.
2305 3062 2333 3091 »
2368 3039 2628 3112 Denique
2657 3038 2738 3094 ait
2771 3056 2784 3095 :
2823 3039 3067 3096 Urbanus
3091 3039 3404 3111 prosperior
3430 3044 3480 3095 et
3492 3041 3702 3112 justior

2047 3138 2182 3195 erat,
2211 3128 2330 3184 imo
2359 3132 2410 3184 et
2437 3128 2652 3199 fortior,
2701 3135 2880 3198 utpote
2927 3129 3024 3198 qui
3068 3127 3391 3198 cupiditates
3436 3131 3701 3200 tanquam

2047 3219 2221 3275 hostes
2243 3217 2487 3290 subjecit.
2513 3217 2593 3272 Ex
2624 3215 2736 3271 alia
2763 3232 2897 3272 vero
2928 3221 3091 3289 parte
3135 3238 3164 3268 «
3213 3217 3560 3273 Guibertum
3607 3233 3699 3274 re-

287 3316 539 3369 testatus
568 3313 660 3366 est
688 3309 812 3380 ipse
841 3307 969 3377 ejus
998 3307 1247 3374 amicus,
1279 3305 1380 3378 qui
1410 3323 1508 3361 eas
1536 3306 1777 3372 curavit,
1787 3321 1941 3378 prae-
1972 3294 2015 3360 C
2053 3311 2368 3380 praesentat
2394 3305 2669 3378 superbiae
2695 3306 2920 3361 stimulo
2951 3307 3254 3374 irritatum,
3285 3306 3385 3378 qui
3414 3305 3700 3378 populum

286 3403 482 3474 cipuus
543 3401 743 3454 sanctae
801 3397 1057 3451 Rmnanse
1112 3395 1371 3453 Ecclesia:
1424 3397 1596 3466 ﬁlius,
1657 3395 1742 3450 uti
1803 3413 1939 3452 eum

287 3485 544 3561 appellat
591 3483 864 3540 Gofridus
923 3483 1230 3540 Vindocini
1289 3483 1470 3540 abbas
1528 3483 1629 3539 lib.
1681 3501 1738 3549 v.
1781 3501 1868 3557 ep.
1905 3485 1941 3539 9

287 3577 496 3633 Petrus
526 3574 636 3630 Leo
669 3572 728 3628 in
759 3572 888 3642 ejus
917 3571 1398 3654 epitaphio,quod
1428 3572 1487 3628 in
1518 3572 1850 3645 Appendice
1871 3589 1940 3628 ex

287 3663 558 3721 0rderico
582 3660 760 3718 Vitali
791 3661 1112 3718 referemus
1142 3678 1276 3718 cum
1307 3661 1440 3718 aliis
1484 3661 1846 3718 carminibus
1885 3665 1942 3718 et
1971 3729 1980 3734 ν

289 3751 512 3826 elogiis,
537 3768 665 3824 quae
703 3767 838 3806 cum
887 3751 1018 3822 ejus
1064 3750 1200 3806 Vita
1243 3766 1314 3806 ex
1361 3749 1666 3816 Pandulfo,
1699 3750 1940 3806 Domni-

287 3841 456 3899 zonis
479 3839 748 3897 versibus
777 3843 836 3894 et
865 3838 1000 3895 aliis
1021 3837 1304 3896 analectis
1333 3838 1449 3894 huc
1481 3839 1673 3910 potius
1704 3840 1942 3910 rejicere

284 3929 502 3995 visum,
533 3944 711 4000 quam
743 3925 838 3982 hic
869 3925 1159 3992 exhibere,
1175 3943 1246 3982 ne
1272 3925 1521 3981 nimium
1551 3925 1941 3999 interrumpa-

285 4022 382 4074 tur
409 4015 764 4072 narrationis
794 4013 997 4070 series.
1051 4014 1195 4086 Ejus
1233 4031 1302 4070 ex
1323 4013 1560 4086 sequias
1580 4017 1742 4070 totius
1787 4015 1942 4070 urbis

283 4107 548 4162 Romanae.
573 4105 724 4161 luctu
751 4104 803 4158 et
833 4103 1063 4158 tristitia
1109 4101 1434 4158 celebratas
1493 4103 1676 4159 fuisse
1732 4103 1943 4160 asserit

286 4194 586 4251 Paschalis
614 4194 746 4263 eius
779 4208 1086 4248 successor
1133 4191 1192 4248 in
1238 4191 1488 4264 epistola
1525 4193 1651 4263 jam
1682 4191 1938 4261 laudata,

285 4286 358 4340 ob
385 4283 611 4340 scilicet
641 4282 928 4338 amissum
977 4285 1210 4338 tantum
1241 4280 1576 4354 pontiﬁcem
1614 4281 1861 4338 doctrina
1892 4286 1942 4338 et

283 4374 397 4428 vita
427 4376 547 4428 tam
579 4371 826 4428 clarum.
1601 4409 1606 4413 .

356 4461 524 4518 Hunc
552 4459 613 4516 in
645 4459 874 4515 ﬂorenti
907 4458 1098 4515 adhuc
1129 4464 1295 4515 aetate
1339 4475 1408 4515 ex
1455 4457 1564 4515 hac
1601 4459 1729 4515 luce
1759 4460 1942 4518 fuisse

285 4554 553 4622 ereptum
616 4546 829 4620 legitur
886 4547 944 4602 in
997 4547 1181 4604 altero
1235 4549 1363 4620 ejus
1420 4547 1735 4621 epitaphio,
1785 4551 1940 4622 quod

2049 3397 2121 3452 ad
2151 3395 2549 3452 confusionem
2581 3393 2795 3450 auxilio
2827 3394 3200 3466 imperatoris
3237 3393 3513 3452 suﬂ‘ultus
3559 3411 3703 3452 conc

2049 3485 2281 3551 citabat,
2315 3500 2488 3556 quem
2521 3483 2656 3539 licet
2683 3498 2853 3540 suam
2903 3484 3055 3538 inter
3108 3483 3221 3539 sibi
3264 3484 3702 3541 consentientes

2046 3577 2396 3647 potestatem
2427 3576 2738 3643 exerceret,
2767 3576 2826 3628 et
2853 3573 3112 3644 potentia
3138 3589 3206 3628 ac
3236 3571 3452 3630 divitiis
3492 3573 3702 3630 afﬂue-

2048 3669 2156 3728 ret,
2185 3685 2214 3712 »
2243 3679 2546 3734 nunquam
2577 3667 2776 3718 tamen
2802 3663 3036 3734 populus
3062 3662 3258 3718 melior
3288 3662 3453 3734 sequi
3496 3661 3698 3718 voluit.

2047 3751 2346 3808 Consentit
2411 3751 2689 3822 antiquus
2754 3755 2958 3806 auctor
3031 3748 3311 3806 Gestorum
3367 3752 3703 3808 Francorum

2047 3843 2485 3913 expugnantium
2528 3840 2851 3907 Jerusalem,
2894 3839 2994 3911 qui
3047 3839 3318 3895 eumdem
3363 3840 3701 3912 pontificem

2049 3929 2231 3986 fuisse
2261 3929 2344 3985 ait
2369 3931 2552 3984 virum
2579 3929 2874 4001 egregium,
2912 3933 3026 3984 vita
3061 3933 3112 3984 et
3157 3929 3400 3986 moribus
3446 3931 3704 4002 omnique

2043 4018 2342 4090 prudentia
2367 4019 2702 4089 scientiaque
2745 4016 3010 4082 edoctum,
3043 4021 3151 4072 etc.
3197 4022 3340 4073 Eum
3391 4017 3585 4074 adhuc
3613 4018 3700 4074 vi-

2049 4111 2278 4162 ventem
2325 4108 2502 4162 virum
2547 4107 2775 4162 scientia
2805 4109 2856 4160 et
2883 4106 3152 4174 religione
3174 4108 3701 4178 praestantissimum

2049 4195 2362 4270 appellavit
2374 4196 2692 4252 Deusdedit
2705 4199 2846 4251 tunc
2861 4196 3016 4252 cardi
3027 4213 3058 4250 n
3067 4195 3176 4252 alis
3189 4195 3492 4268 presbyter
3501 4196 3701 4252 Sancti

2049 4285 2201 4341 Petri
2232 4285 2303 4340 ad
2333 4284 2582 4340 Vincula
2613 4283 2765 4339 tituli
2796 4283 3085 4352 Eudoxits,
3117 4285 3217 4356 qui
3251 4283 3493 4340 alteram
3525 4301 3698 4341 cano-

2050 4390 2192 4429 num
2221 4373 2618 4430 collectionem
2650 4374 2762 4429 sub
2791 4375 2920 4445 ejus
2952 4374 3288 4446 pontitlcatu
3322 4373 3704 4431 edidiLAdel-
3803 4389 3806 4392 '

2049 4461 2229 4519 terius
2257 4479 2391 4518 vero
2432 4468 2634 4518 auctor
2675 4462 2853 4518 etiam
2902 4461 3144 4534 aequalis
3191 4463 3249 4516 in
3298 4461 3455 4518 Actis
3479 4463 3700 4543 ‘Sancti

2051 4551 2268 4608 Nicolai
2303 4551 2598 4624 Peregrini
2630 4557 2794 4624 parte
2823 4569 2884 4618 ιι,
2917 4553 3079 4624 cap.1
3105 4552 3259 4624 apud
3291 4550 3703 4608 Bollandianos

286 4638 552 4712 Philippo
585 4637 752 4725 Bonae
783 4636 918 4709 Spei
949 4637 1144 4692 abbati
1177 4637 1466 4692 tributum
1498 4637 1634 4693 item
1665 4654 1734 4694 ex
1761 4638 1939 4696 Orde-
1975 4661 2019 4725 υ
2049 4641 2143 4696 die
2168 4659 2209 4696 ιι
2229 4639 2411 4708 Junii,
2445 4641 2530 4696 sic
2559 4639 2734 4696 habet
2757 4657 2807 4696 :«
2840 4641 2985 4696 Cum
3018 4641 3290 4696 Romana:
3320 4639 3476 4697 sedis
3498 4657 3706 4696 secun-

289 4729 409 4784 rico
441 4727 513 4783 ad
553 4724 771 4782 calcem
825 4725 1130 4788 dabimus.
1189 4725 1258 4781 Et
1312 4725 1551 4798 quidem
1609 4726 1942 4799 gravissimi
1979 4724 2002 4725 ἡ
2051 4731 2184 4794 dus,
2230 4730 2374 4786 forte
2405 4732 2664 4796 sanctus,
2697 4729 3162 4800 gloriosissimus
3206 4729 3496 4799 Urbanus,
3529 4745 3704 4802 opere

285 4815 694 4888 labores,quos
725 4819 841 4871 toto
872 4813 965 4870 sui
996 4814 1376 4886 pontiﬁcatus
1398 4819 1658 4888 tempore
1679 4817 1936 4888 pertulit,

283 4903 562 4978 variaque
594 4903 804 4960 itinera
825 4904 886 4958 in
909 4903 1185 4960 extremis
1200 4903 1329 4959 vitae
1347 4918 1466 4959 suae
1487 4905 1657 4961 annis
1680 4907 1938 4963 confecta

285 4993 432 5052 satis
469 4993 732 5049 indicant
775 5009 911 5048 eum
957 4993 1098 5048 tunc
1144 4991 1426 5064 temporis
1477 4993 1638 5049 senio
1689 4995 1936 5052 fractum

287 5099 405 5139 non
435 5081 923 5153 fuisse.Ejusdem
956 5080 1214 5152 corporis
1235 5087 1294 5136 et
1314 5081 1523 5136 animae
1549 5082 1713 5138 dotes
1737 5085 1937 5156 paucis

285 5171 544 5244 exponit,
575 5176 643 5226 ut
663 5171 791 5242 jam
823 5169 1387 5236 diximus,0dericus
1420 5169 1622 5227 Vitatis
1655 5171 1802 5229 libro
1839 5191 1941 5230 vm

287 5261 387 5317 ubi
419 5259 623 5316 scribit
655 5276 668 5316 :
704 5259 846 5314 Eum
877 5273 1100 5330 corpore
1136 5275 1398 5331 magnum
1446 5259 1647 5328 fuisse,
1677 5261 1940 5318 modestia

285 5351 597 5416 discretum,
628 5349 896 5420 religione
921 5349 1248 5416 maximum,
1299 5351 1574 5420 sapientia
1601 5353 1653 5406 et
1681 5352 1938 5422 eloquen-

284 5440 364 5496 tia
381 5439 941 5510 praecipuum,quem
971 5437 1324 5508 apostolicam
1349 5437 1532 5494 sedem
1559 5447 1782 5496 strenue
1799 5443 1938 5496 viri-

287 5528 522 5600 literque
547 5528 775 5595 rexisse,
805 5525 888 5583 ait
929 5525 1097 5582 initio
1143 5524 1277 5581 libri
1306 5543 1340 5581 x
1371 5534 1424 5582 et
1450 5527 1751 5584 mercedem
1773 5546 1808 5584 a
1835 5528 1940 5585 Deo

283 5620 667 5690 perceptarum
693 5631 790 5690 pro
821 5616 976 5672 bonis
1004 5615 1420 5690 studiis,quibus
1447 5618 1697 5690 apprime
1735 5619 1942 5691 ﬂorue-

287 5714 506 5782 tat,.e.r
553 5705 652 5768 hoc
691 5703 894 5767 mundo
943 5705 1223 5782 migrasse.
1275 5705 1460 5782 Cujus,
1511 5705 1726 5784 inquit,
1778 5722 1943 5784 Opera

2047 4825 2103 4875 et
2136 4817 2399 4875 doctrina
2429 4822 2777 4889 praepotens,
2809 4823 2868 4873 et
2896 4817 3239 4889 eloquentiae
3283 4817 3442 4874 fonte
3485 4819 3703 4874 redun-

2048 4909 2194 4964 dans
2223 4906 2623 4978 apostolorum
2653 4910 2710 4962 et
2739 4905 3194 4978 apostolicorum
3221 4905 3470 4979 vestigia
3499 4923 3700 4979 prose-

2048 5012 2256 5070 quens,
2289 5012 2354 5050 ac
2384 4994 2663 5067 pastorali
2693 5012 2833 5050 cura
2861 4995 3120 5052 intentus
3149 4993 3530 5051 ecclesiarum
3575 4995 3700 5052 feli-

2047 5085 2192 5140 citer
2221 5085 2572 5156 gubernaret
2615 5083 2922 5158 regimina,
2955 5106 2984 5134 ››
3017 5088 3124 5140 etc.
3169 5083 3544 5141 Paucioribus
3571 5099 3698 5140 ver-

2047 5173 2138 5229 bis
2169 5173 2368 5229 omnia
2397 5172 2688 5228 concludit
2714 5171 2902 5245 elogia
2943 5171 3208 5228 Gerohus
3235 5172 3296 5228 in
3326 5175 3700 5246 Syntagmate

2047 5263 2248 5334 cap.16
2277 5262 2430 5335 apud
2463 5259 2880 5334 Tegnagellum
2907 5261 3232 5318 :«Urbanus
3255 5263 3408 5319 sicut
3429 5263 3485 5317 in
3509 5261 3704 5334 digni-

2048 5356 2186 5416 tate,
2219 5350 2300 5406 ita
2327 5367 2562 5422 quoque
2591 5349 2801 5406 virtute
2831 5351 3088 5424 Gregorii
3122 5351 3242 5418 VII,
3273 5352 3392 5408 imo
3423 5356 3480 5408 et
3509 5351 3700 5423 ipsius

2049 5441 2200 5496 Petri
2257 5439 2586 5513 legitimum
2632 5455 2695 5496 se
2752 5457 3152 5498 successorem
3213 5440 3494 5497 exhibuit.
3550 5463 3578 5490 «
3629 5440 3702 5496 Et

2046 5529 2342 5586 Berardus
2373 5527 2642 5584 Chronici
2673 5527 3055 5586 Casaurensis
3085 5528 3492 5602 scriptor,eurn
3523 5527 3700 5585 sicuti

2051 5619 2145 5676 alii
2176 5623 2444 5675 auctores
2474 5616 2695 5690 passim
2725 5621 2978 5674 sanctum
3023 5621 3082 5674 et
3126 5621 3334 5676 sanctae
3375 5635 3478 5676 seu
3529 5619 3703 5676 beate

2048 5709 2440 5774 recordationis
2467 5708 2650 5767 virum
2681 5705 2957 5782 appellat,
2978 5705 3039 5764 in
3068 5724 3185 5782 quo
3215 5707 3474 5769 Ecclesia
3493 5696 3702 5768 habuit
