3962 6400
164 419 270 483 261

1755 416 1964 486 νινιτΑ.

3450 422 3572 488 262

169 556 363 611 bonum
406 563 686 628 pastorem
737 555 1172 614 Christianitatis
1217 563 1518 614 amatorem
1572 565 1625 613 et
1687 557 1817 628 fidei
1845 559 1898 626 Α
1928 560 2143 630 ptores,
2174 557 2274 613 sed
2305 557 2481 614 etiam
2510 557 2816 630 pontiﬁces
2846 557 3096 615 Romani
3126 557 3189 617 in
3210 558 3334 615 suis
3354 560 3568 633 episto-

164 643 514 715 defensorem.
545 644 712 702 Unde
742 662 860 702 sure
887 645 1039 702 aetati
1069 643 1398 719 gratulatur
1435 644 1692 702 Joannes
1740 647 1811 702 de

166 731 314 790 Colle
343 733 532 791 Medio
563 738 766 791 auctor
790 733 933 790 Vite
963 734 1119 791 beati
1138 733 1385 790 Joannis
1404 734 1810 802 Tervanensis,

166 822 315 894 quod
348 823 460 879 sub
506 823 749 892 Urbani,
800 840 973 897 quem
1018 821 1194 897 paulo
1243 827 1415 879 antea
1467 824 1816 895 fortissimun

166 910 492 970 Simbniacae
512 914 680 985 pestis
706 914 1146 985 impugnatorem
1175 910 1586 985 appellaverat,
1630 910 1817 984 ponti-

169 998 335 1056 ﬁcatu
365 999 612 1058 ecclesia
655 1001 1031 1074 potissimum
1079 999 1379 1057 Gallicana
1422 1000 1702 1074 religione
1761 1003 1818 1055 et

168 1088 408 1145 scientia
428 1093 772 1161 praestantes
796 1090 1101 1163 episcopos
1121 1089 1448 1146 habuerit.»
1463 1089 1507 1146 Ο
1528 1095 1814 1162 tempora,

167 1177 377 1251 inquit,
407 1177 619 1248 felicia,
649 1180 866 1253 quibus
904 1196 1155 1253 superne
1204 1177 1437 1235 indulta
1495 1179 1818 1250 probantur

167 1266 473 1323 beneﬁcia!
505 1268 649 1324 Ecce
673 1268 908 1325 Urbano
936 1268 1306 1340 praesidente,
1338 1267 1573 1324 Urbano
1620 1271 1818 1341 pasto-

168 1353 387 1411 ralibus
419 1372 596 1429 supra
628 1372 863 1431 gregem
885 1356 1260 1413 Dominicum
1300 1355 1561 1412 excubiis
1609 1355 1817 1429 invigi-

167 1442 343 1511 lante,
391 1448 451 1501 et
497 1462 601 1518 per
638 1444 874 1519 singula
914 1444 1083 1501 ovilis
1128 1445 1219 1501 sui
1268 1443 1386 1501 late
1433 1442 1818 1501 sollicitorum

167 1532 464 1590 custodias
512 1533 913 1591 excubitorum
964 1534 1283 1607 prudenter
1356 1533 1682 1602 ordinante,
1744 1534 1818 1590 ab

166 1622 393 1692 ovibus,
437 1639 587 1696 quas
634 1623 763 1689 tibi,
822 1622 1072 1691 Christe,
1144 1622 1444 1679 redemisti
1519 1621 1820 1695 rapacium

167 1726 403 1768 morsus
423 1709 698 1785 luporum
728 1710 998 1784 prohibet
1016 1711 1349 1767 efﬁcaciter.
1377 1732 1405 1760 ››
1427 1711 1593 1767 Hunc
1624 1710 1820 1783 ipsum

164 1798 451 1873 privilegii
481 1799 860 1856 ecclesiastici
913 1798 1395 1855 ardentissimum
1454 1799 1820 1855 defensorem

165 1888 316 1944 felici
344 1888 510 1945 obitu
542 1893 862 1946 excessisse
891 1886 1096 1945 scribit
1125 1887 1478 1944 Laurentius
1516 1889 1587 1944 de
1611 1887 1821 1944 Leodio

170 1977 226 2033 in
242 1976 911 2051 Historiaepiscoporum
924 1975 1408 2044 Virdunensium,
1423 1977 1552 2048 ejus
1573 1979 1821 2032 mortem

168 2067 225 2122 in
255 2071 573 2141 conspectu
602 2066 834 2123 Domini
867 2066 1182 2139 pretiosam
1214 2065 1397 2121 fuisse
1424 2068 1677 2121 testatur
1717 2064 1820 2120 Pa-

170 2154 389 2211 schalis
415 2156 544 2228 ejus
574 2171 879 2212 successor
902 2154 960 2210 in
1011 2170 1163 2227 saepe
1192 2153 1430 2209 laudata
1448 2152 1696 2226 epistola
1729 2153 1822 2209 his

167 2243 400 2301 verbis!
426 2245 652 2312 Urbani,
680 2243 893 2316 inquit,
924 2244 1175 2300 doctrina
1198 2250 1250 2299 et
1268 2245 1399 2308 vita,
1419 2259 1581 2315 quam
1610 2246 1819 2310 sancta,

168 2350 335 2407 quam
380 2341 541 2405 grata
584 2338 693 2390 Deo
738 2334 1034 2400 exstiterit,
1088 2333 1266 2388 exitus
1324 2335 1563 2404 profecto
1627 2332 1825 2387 melior

172 2423 475 2497 approbat.
508 2422 670 2479 Unde
700 2423 816 2479 Deo
844 2439 913 2479 ea
932 2423 1004 2478 de
1036 2437 1098 2478 re
1117 2420 1338 2494 gratias
1387 2420 1644 2494 agendas
1693 2436 1824 2477 esse

170 2509 486 2568 concludit.
520 2512 777 2585 Denique
804 2511 1146 2585 Aymericus
1176 2509 1248 2566 de
1272 2510 1446 2567 Perac
1470 2508 1651 2565 abbas
1687 2509 1824 2566 Μοί-

173 2600 456 2657 siacensis
467 2606 600 2673 post
610 2606 910 2658 enarratas
922 2600 983 2656 in
1014 2598 1299 2656 Chronico
1321 2597 1538 2655 multas
1558 2599 1823 2670 ejusdem

176 2689 471 2762 pontificis
492 2689 770 2759 actiones,
795 2689 965 2763 plura
982 2689 1185 2762 paucis
1206 2687 1400 2744 verbis
1420 2686 1826 2743 concludenda

175 2795 303 2836 esse
331 2778 479 2835 dicit
514 2803 535 2829 ι
569 2796 703 2835 eum
735 2777 961 2835 felicem
993 2776 1360 2850 praedicando
1391 2776 1464 2833 ob
1494 2776 1822 2849 impensam

177 2868 305 2941 ejus
330 2868 394 2924 in
410 2886 504 2924 res
524 2886 723 2925 sacras
744 2871 803 2923 et
823 2867 949 2923 loca
969 2867 1084 2923 Deo
1106 2866 1297 2923 dicata
1317 2882 1540 2934 curam,
1555 2865 1628 2921 ob
1643 2865 1826 2922 schis-

177 2956 351 3014 matis
379 2957 879 3031 exstirpationem,
902 2972 1104 3030 regum
1127 2954 1666 3030 potentissimorum
1704 2971 1828 3010 cor-

140 3062 143 3065 ·
179 3046 530 3115 rectionem;
571 3062 637 3102 ac
685 3044 869 3101 multo
918 3046 991 3101 ob
1042 3036 1193 3101 suas»
1225 3045 1470 3099 virtutes
1517 3048 1575 3100 et
1619 3043 1828 3099 merita

181 3134 496 3191 feliciorem
527 3150 655 3207 quae
698 3134 748 3191 ei
796 3133 1045 3190 cmlestis
1097 3133 1292 3206 gloriae
1341 3131 1677 3188 fruitionem
1724 3131 1825 3186 Dei

1921 646 1995 701 lis
2025 663 2091 702 ac
2120 646 2367 704 decretis
2395 647 2618 720 passim
2649 647 2965 721 appellant,
2991 665 3024 704 a
3042 649 3202 721 cujus
3216 649 3409 705 semita
3433 667 3575 706 nun-

1921 752 2087 808 quam
2113 730 2451 792 recessurum
2475 735 2775 793 Paschalis
2805 739 2933 809 ejus
2963 754 3266 794 successor
3303 737 3481 795 variis
3514 740 3573 795 in

1923 824 2328 882 occasionibus
2357 828 2715 898 protestatus
2746 830 2854 893 est,
2888 843 2953 881 ac
2984 826 3359 899 potissimum
3399 827 3459 882 in
3507 844 3576 884 ea

1923 912 2057 967 fidei
2076 913 2458 985 professione,
2482 930 2659 987 quam
2679 914 2740 971 in
2758 914 3004 971 concilio
3022 914 3397 972 Lateranensi
3420 933 3575 973 anno

1924 1000 2065 1055 4112
2094 1001 2310 1069 emisit,
2339 1018 2516 1075 quam
2543 1002 2799 1059 universi
2831 1003 3029 1059 Patres
3056 1004 3180 1059 suis
3210 1003 3578 1075 acclamatio-

1924 1088 2101 1145 nibus
2130 1091 2617 1162 approbaverunt.
2652 1091 2866 1148 Eodem
2897 1094 3079 1147 sancti
3103 1091 3210 1146 viri
3260 1092 3428 1149 titulo
3472 1094 3577 1148 do-

1926 1180 2101 1234 natur
2129 1194 2163 1233 a
2183 1178 2438 1234 Goffrido
2458 1177 2897 1243 Vindocinensi,
2922 1181 2997 1236 ab
3019 1184 3255 1237 auctore
3274 1180 3418 1236 Vitae
3442 1198 3576 1237 san-

1926 1265 2002 1320 cti
2037 1265 2186 1322 Petri
2217 1267 2490 1324 Cavensis
2519 1268 2750 1324 abbatis
2772 1273 2829 1324 et
2857 1270 2928 1325 ab
2955 1269 3090 1325 aliis
3113 1269 3582 1342 passim.Sanctz

1924 1357 2210 1412 memoria:
2233 1370 2437 1427 papam
2468 1357 2747 1413 Urbanum
2777 1357 3107 1428 pandentem
3146 1359 3315 1430 plane
3360 1362 3412 1414 et
3451 1374 3582 1414 vere
3644 1380 3649 1385 ’

1927 1444 2283 1516 apostole
2309 1445 2493 1499 virum
2523 1442 2780 1518 ap'pellat
2807 1446 3016 1502 Petrus
3037 1446 3327 1503 Diaconus
3347 1446 3495 1503 libro
3518 1464 3575 1504 ιν
3614 1470 3625 1485 ι

1928 1531 2198 1587 Chronici
2228 1532 2584 1599 Casinensis,
2618 1532 2795 1589 Plura
2822 1533 3000 1590 habet
3031 1535 3307 1591 Domnizo
3337 1535 3398 1591 in
3447 1536 3576 1591 suis

1926 1620 2195 1678 versibus
2226 1638 2373 1694 quos
2403 1621 2585 1679 habes
2617 1623 2688 1677 ad
2721 1622 2959 1679 calcem.
3002 1623 3265 1679 Sanctum
3297 1624 3579 1681 Urbanum

1931 1708 2195 1765 absolute
2208 1709 2720 1782 appellantBerard
2730 1727 2800 1766 us
2811 1712 2930 1782 iam
2944 1711 3220 1768 laudatus
3232 1712 3579 1770 inChronico

1930 1798 2278 1854 Casaurensi
2302 1803 2359 1853 et
2377 1798 2816 1855 vetustissimus
2837 1802 3041 1855 auctor
3062 1800 3327 1857 Historiis
3348 1802 3579 1859 Jeroso-

1933 1885 2225 1958 lymitanaa
2256 1890 2416 1942 tomo
2446 1886 2468 1942 Ι
2499 1886 2686 1943 Musei
2712 1887 2895 1943 Italici
2926 1886 3326 1945 Mabilloniani
3358 1890 3577 1947 editus.

1851 1930 1899 1995 Β
1930 1975 2191 2031 Deniaue
2206 1975 2596 2031 Pandulfusin
2619 1977 2748 2031 eius
2763 1975 2896 2031 Vita
2913 1976 3117 2031 scribit
3137 1979 3431 2031 eumdem.
3450 1995 3577 2031 con-

1980 1975 2191 2047 enique
2206 1975 2526 2032 Pandulfus
2538 1976 2596 2031 in
2619 1977 2748 2048 ejus
2763 1975 2896 2032 Vita
2913 1976 3117 2033 scribit
3137 1979 3431 2047 eumdem,
3450 1995 3579 2035 con-

1927 2066 2187 2136 fessorem
2241 2072 2293 2120 et
2348 2066 2548 2121 bonum
2598 2064 2805 2120 Christi
2858 2067 3114 2121 athletam
3171 2071 3283 2124 Deo
3335 2070 3585 2124 animam

1930 2153 2257 2209 reddidisse:
2290 2169 2464 2226 quem
2495 2153 2552 2207 in
2577 2152 2693 2209 vita
2714 2153 3016 2211 Paschalis
3043 2155 3172 2227 ejus
3203 2156 3582 2225 successoris,

1929 2243 2188 2297 solemnis
2216 2245 2497 2298 menwria'.
2527 2243 2811 2299 dominum
2837 2244 3119 2302 Urbanum
3132 2263 3336 2319 papam
3353 2264 3583 2319 magna-

1929 2332 2146 2386 nimum
2175 2331 2334 2386 dicit.

2001 2419 2126 2474 Non
2158 2419 2355 2491 itaque
2386 2419 2604 2475 mirum
2626 2420 2806 2475 videri
2830 2421 3020 2490 debet,
3049 2422 3096 2478 si
3130 2423 3346 2480 Urbani
3370 2441 3584 2481 nomen

1933 2506 1992 2561 in
2027 2505 2321 2579 plerisque
2351 2507 2781 2580 Martyrologiis
2811 2513 2915 2564 aut
2945 2515 3281 2568 sanctorum
3303 2513 3584 2587 catalogis

1932 2595 2026 2650 die
2052 2595 2123 2649 29
2151 2595 2313 2664 Julii,
2348 2595 2730 2668 quo-excessit
2759 2613 2790 2653 e
2820 2598 2939 2654 vita
2959 2598 3308 2672 inscriptum
3333 2602 3585 2674 reperia-

1932 2688 2049 2752 tur;
2069 2684 2339 2756 quamvis
2361 2686 2490 2756 ejus
2511 2685 2884 2741 festivitatem
2912 2703 3216 2761 nunquam
3239 2689 3301 2745 in
3322 2689 3585 2747 Ecclesia

1932 2771 2281 2829 celebratam
2310 2772 2498 2829 fuisse
2528 2773 2831 2830 fatendum
2853 2767 2949 2832 sit.
2972 2776 3073 2833 His
3094 2777 3284 2834 verbis
3304 2779 3434 2851 ejus
3457 2795 3586 2835 me-

1932 2861 2118 2917 moria
2147 2862 2206 2916 in
2237 2861 2648 2936 Martyrologio
2679 2863 3054 2921 Benedictino
3083 2865 3323 2922 Arnoldi
3352 2865 3583 2925 Wionis
3608 2897 3612 2900 ~

1933 2953 1990 3005 et
2020 2950 2281 3023 Hugonis
2313 2950 2573 3007 Menardi
2606 2952 2872 3010 habetur:
2907 2954 3091 3011 Romae
3131 2954 3393 3027 depositio
3442 2957 3587 3014 beati

1938 3039 2144 3094 Urbani
2165 3055 2327 3111 papae
2348 3040 2594 3107 secundi,
2627 3041 2900 3113 quondam
2926 3045 3183 3100 monachi
3214 3044 3587 3102 Cluniacensi:

1937 3128 2208 3185 Cruciatae
2254 3128 2325 3184 ad
2379 3131 2848 3201 recuperationem
2897 3140 3056 3187 terrae
3102 3137 3304 3189 sancta
3351 3136 3589 3191 auctoris

180 3223 584 3281 misericordia
604 3223 1027 3296 acquisierunt;
1059 3239 1239 3295 quare
1253 3220 1616 3294 amplissimo
1633 3219 1826 3277 studio
1871 3293 1896 3296 _
1937 3218 2311 3288 libertatisque
2327 3218 2706 3275 ecclesiasticae
2719 3218 3024 3294 defensoris
3042 3224 3323 3291 acerrimi,-
3352 3225 3453 3296 qui
3466 3226 3591 3295 post

180 3293 859 3385 esselmtandum._quod
891 3313 1021 3384 ejus
1055 3293 1396 3367 sanctissimi
1418 3311 1529 3366 viri
1556 3309 1826 3382 precibus
1857 3293 1899 3360 Ο
1934 3308 2135 3363 multas
2158 3307 2233 3363 ab
2271 3309 2502 3364 Henrico
2545 3293 2877 3387 imperatore
2922 3311 2991 3366 IV
3034 3320 3280 3384 acceptas
3322 3293 3586 3385 injurias.

181 3402 416 3460 sublato
445 3401 719 3475 pestifero
749 3400 1089 3472 schismate,
1134 3399 1350 3459 ulceris
1393 3399 1693 3455 inveterati
1742 3399 1833 3454 fo-

180 3496 471 3561 mentum,
504 3494 562 3546 et
588 3490 699 3547 sub
729 3491 966 3546 obtentu
991 3490 1167 3546 unius
1184 3488 1576 3545 valentissimi
1607 3487 1831 3544 domini

178 3597 377 3637 veram
407 3579 572 3653 pacis
601 3582 658 3635 et
699 3577 1209 3652 redintegrationis
1265 3577 1540 3633 unionem
1590 3575 1835 3633 ecclesia

177 3669 487 3743 acceperit.
520 3689 550 3720 »
584 3668 800 3724 Caetera
844 3668 972 3739 ejus
1001 3667 1210 3740 elogia,
1259 3683 1386 3739 quae
1405 3665 1626 3738 passim
1677 3665 1830 3739 apud

178 3764 449 3816 auctores
472 3762 806 3827 occurrunt,
837 3772 1138 3812 recensere
1166 3755 1248 3811 nil
1284 3758 1472 3826 juvat,
1521 3771 1657 3810 cum
1711 3754 1833 3810 hac

180 3865 311 3921 quas
342 3845 700 3921 protulimus
730 3846 799 3902 ad
833 3845 1206 3902 asserendam
1239 3846 1367 3917 ejus
1398 3843 1727 3901 sanctitatis
1749 3843 1832 3899 fa-

182 3954 344 3993 mam
378 3935 615 3993 abunde
646 3934 963 3990 sufficiant.

254 4026 542 4082 Eumdem
572 4041 706 4080 vero
755 4027 886 4096 post
926 4024 1151 4080 obitum
1202 4022 1484 4079 claruisse
1533 4020 1834 4078 miraculis

180 4116 354 4173 testis
382 4118 474 4171 est
501 4114 814 4171 Guibertus
850 4112 1153 4186 Novigenti
1202 4112 1407 4178 abbas,
1456 4111 1544 4166 vir
1591 4110 1835 4167 minime

176 4204 482 4272 credulus,
514 4209 573 4259 et
602 4221 636 4260 a
694 4202 974 4275 religione
998 4200 1271 4257 muliebri
1303 4200 1559 4257 multum
1584 4199 1830 4256 alienus.

173 4294 269 4349 Sic
299 4296 498 4349 autem
531 4292 601 4347 de
631 4307 698 4348 eo
730 4290 933 4347 scribit
963 4289 1127 4345 initio
1154 4288 1288 4344 libri
1317 4307 1356 4345 ιι
1387 4289 1650 4345 Historiae
1680 4287 1827 4344 Jero

171 4377 565 4455 solymitanaa.
600 4403 627 4430 «
660 4383 987 4435 Attestatur
1031 4378 1211 4435 statui
1264 4378 1477 4435 mentis
1526 4377 1661 4433 finis
1707 4378 1836 4449 ejus

173 4472 499 4546 splendens
525 4469 845 4531 miraculis.
878 4468 1160 4524 Defuncto
1197 4468 1354 4523 enim
1376 4482 1443 4523 ac
1488 4466 1717 4538 sepulto
1747 4483 1834 4533 eo,

172 4561 333 4619 sicut
348 4560 669 4617 succedens
689 4559 737 4615 ei
763 4557 1050 4614 Ostiensis
1071 4556 1403 4630 episcopus,
1426 4573 1560 4611 cum
1576 4555 1834 4629 plurima

1937 3400 2055 3468 post
2082 3397 2347 3452 exsilium
2374 3399 2424 3452 et
2467 3413 2657 3468 graves
2702 3412 3006 3467 aerumnas,
3051 3400 3274 3473 aliaque
3319 3401 3378 3457 id
3417 3419 3591 3474 genus

1941 3484 2160 3541 tandem
2214 3486 2499 3540 sanctitate
2544 3485 2727 3540 clarus
2787 3488 3060 3557 confessor
3105 3490 3374 3546 occubuit.
3428 3490 3585 3548 Idem

1937 3576 2220 3629 sanctitate
2247 3574 2389 3628 clari
2416 3571 2671 3645 elogium
2703 3573 2754 3628 ei
2787 3574 3071 3631 tribuitur
3095 3576 3154 3631 in
3178 3577 3454 3651 Dorganii
3474 3579 3585 3634 Ka-

1941 3661 2221 3728 lendario,
2245 3661 2633 3733 ubiprzeterea
2643 3661 2828 3717 Officii
2856 3662 3036 3719 beatae
3053 3664 3245 3721 Mariae
3266 3664 3587 3737 institutor,

1920 3750 1923 3755 “
1940 3754 1999 3806 et
2033 3748 2239 3823 pulsus
2256 3765 2552 3822 campanae
2566 3765 2738 3805 mane
2748 3755 2806 3805 et
2828 3768 3068 3824 vespere
3078 3753 3149 3808 ad
3165 3753 3590 3812 Salutationem

1941 3837 2261 3913 angelicam
2294 3840 2544 3894 inventor
2570 3837 2751 3895 fuisse
2772 3839 3004 3896 dicitur.
3031 3841 3389 3899 Memoratur
3408 3843 3586 3900 etiam

1940 3945 2073 3984 cum
2108 3929 2252 3984 beati
2280 3927 2450 3983 titulo
2481 3928 2635 4001 apud
2664 3927 3002 4001 Philippum
3036 3930 3368 3988 Ferrarium
3400 3933 3458 3988 in
3491 3949 3589 3990 ca-

1940 4016 2133 4091 talogo
2155 4021 2515 4084 sanctorum,
2530 4017 2629 4089 qui
2650 4033 2763 4074 non
2783 4017 3078 4075 habentur
3097 4019 3156 4075 in
3180 4020 3590 4095 Martyrologio

1944 4107 2225 4163 Romano.
2260 4105 2435 4161 Plura
2462 4106 2680 4163 habent
2711 4106 3022 4165 Bucelinus
3060 4108 3121 4163 in
3140 4109 3464 4185 Menologio
3490 4111 3596 4168 Be-

1942 4196 2258 4260 nedictino,
2309 4196 2640 4268 Saussayus
2688 4195 2747 4251 in
2798 4196 3207 4273 Martyrologio
3270 4199 3590 4270 Gallicana,

1940 4284 2231 4340 Arnoldus
2260 4284 2437 4341 Wion
2468 4284 2526 4340 in
2559 4283 2738 4357 Ligno
2768 4284 2918 4341 vitae.
2946 4287 3048 4343 His
3067 4288 3318 4344 addendi
3339 4287 3588 4346 Vincen-

1942 4374 2060 4430 tius
2090 4372 2534 4441 Bellovacensis,
2566 4379 2804 4430 sanctus
2831 4376 3181 4446 Antoninus,
3205 4378 3588 4448 Trithemius,

1943 4462 2190 4528 Platina,
2225 4461 2467 4518 Michael
2498 4462 2899 4536 Buchingerus
2944 4466 3379 4536 Colmariensis,
3431 4468 3590 4525 Onu-

1944 4549 2457 4617 frius-Panvinius,
2487 4551 2794 4608 Ciaconius
2822 4557 2881 4608 ct
2910 4552 3030 4623 alii,
3063 4554 3164 4627 qui
3197 4555 3268 4611 de
3286 4556 3427 4612 viris
3448 4573 3591 4613 san-

172 4651 349 4725 signa
368 4651 494 4723 jam
528 4650 754 4716 tierent,
787 4646 973 4704 astitit
1000 4645 1245 4719 quidam
1271 4644 1535 4717 sepulcro
1557 4644 1718 4700 illius
1730 4645 1835 4717 ju-
1866 4661 1912 4727 D
1943 4640 2053 4696 ctis
2078 4638 2258 4695 autde
2272 4639 2648 4711 pontificibus
2663 4641 2943 4696 Romanis
2960 4641 3183 4714 aliquid
3201 4644 3590 4716 scripserunt,

171 4739 363 4809 venis,
395 4742 454 4795 et
473 4737 873 4793 membrorum
897 4737 1180 4792 damnum
1203 4734 1311 4790 sibi
1358 4734 1713 4807 imprecatus
1745 4739 1835 4789 est

174 4830 227 4886 si
259 4845 363 4902 per
388 4826 607 4885 Urbani
658 4826 886 4895 merita,
937 4824 1037 4898 qui
1088 4823 1210 4879 Odo
1264 4823 1551 4879 diceretur
1596 4823 1832 4896 signum

173 4934 445 4991 unquam
476 4916 695 4973 factum
724 4915 922 4983 fuerit,
953 4930 1018 4970 ac
1051 4914 1234 4970 fieret.
1268 4912 1526 4968 Necdum
1558 4911 1765 4984 pedem
1804 4927 1837 4967 e

173 5005 305 5064 loco
332 5003 643 5072 extulerat,
668 5020 800 5060 cum
827 5002 1018 5059 ofﬁcio
1048 4999 1337 5058 sermonis
1378 5000 1615 5066 amisso,
1649 5003 1707 5056 et
1754 4998 1837 5055 al-

174 5102 302 5153 tero
330 5094 585 5152 laterum
618 5092 873 5166 paralysi
898 5091 1319 5148 intercurrente
1337 5089 1839 5162 correpto,postri-

175 5184 275 5241 die
293 5183 512 5241 Urbani
532 5182 820 5238 virtutum
844 5179 1181 5237 testimonia
1204 5183 1480 5235 mortuus
1500 5177 1626 5249 ipse
1647 5178 1838 5250 perhi-

174 5273 325 5330 buit.
352 5295 383 5323 »
405 5272 566 5329 Idem
590 5268 942 5327 miraculum
959 5268 1380 5326 auctorveteris
1399 5267 1666 5324 Chronici
1681 5268 1836 5339 apud

172 5362 499 5420 Chesnium
528 5359 591 5416 in
622 5358 1066 5435 probationibus
1093 5357 1358 5415 Historia:
1380 5357 1593 5413 domus
1615 5355 1836 5412 Castel—

172 5451 465 5509 lionensis
494 5466 621 5523 cap.
655 5451 690 5505 8
718 5453 937 5506 narrat.
988 5448 1134 5505 Hinc
1181 5465 1299 5504 non
1346 5446 1565 5503 mirum
1610 5444 1660 5502 si
1708 5445 1837 5517 ejus

173 5539 517 5616 sepulcrum
542 5556 578 5596 a
607 5537 883 5595 fidelibus
912 5538 1343 5611 frequentatum
1365 5535 1505 5592 olim
1528 5533 1710 5591 fuisse
1744 5534 1838 5590 di-

174 5635 369 5689 catur.
399 5629 569 5687 certe
599 5645 734 5686 eum
763 5631 970 5688 sanctae
998 5631 1101 5686 aut
1128 5626 1301 5686 beata?
1338 5626 1625 5683 memoriae
1653 5624 1839 5681 virum

176 5726 239 5783 et
266 5720 585 5805 pontiﬁcem
614 5735 732 5779 non
764 5716 957 5783 solum
985 5722 1207 5781 veteres
1231 5732 1298 5778 ac
1318 5714 1671 5775 recentiores
1693 5714 1838 5774 scri-

1942 4730 2043 4786 sed
2075 4745 2221 4802 quos
2252 4727 2596 4801 singillatim
2641 4746 2941 4786 recensere
2987 4747 3091 4786 nec
3118 4738 3305 4799 vacat,
3349 4749 3456 4789 nec
3501 4737 3594 4791 est

1943 4835 2130 4893 operae
2162 4817 2434 4891 pretium.
2470 4816 2592 4874 Uno
2641 4818 2836 4886 verbo,
2884 4818 3082 4876 nullus
3126 4820 3309 4878 ferme
3337 4823 3593 4880 occurrit

1945 4912 2148 4964 auctor
2203 4906 2640 4974 Chronicorum,
2700 4912 2803 4964 aut
2847 4909 3117 4967 Historiae
3163 4910 3588 4983 ecclesiasticas,

1944 5002 2111 5054 vetus
2141 5001 2244 5054 aut
2273 5013 2492 5067 recens,
2526 4996 2624 5068 qui
2657 4996 2794 5053 data
2822 5015 3018 5071 opera,
3050 5004 3152 5057 aut
3181 5004 3335 5057 certe
3364 5017 3469 5075 pro
3499 5018 3592 5059 oc-

1945 5088 2195 5152 casione,
2215 5091 2482 5142 nostrum
2500 5085 2797 5142 Urbanum
2814 5087 3090 5146 laudibus
3110 5095 3452 5162 prosecutus
3474 5108 3591 5149 non

1945 5175 2139 5231 fuerit.
2172 5176 2282 5230 Eos
2304 5174 2509 5231 saltem
2534 5174 2880 5248 praecipuos,
2905 5176 3277 5236 laudavimus
3298 5179 3424 5237 suis
3445 5179 3591 5238 locis

1945 5281 2077 5322 cum
2109 5280 2236 5321 sese
2264 5269 2591 5337 Opportuna
2614 5264 2824 5321 obtulit
2852 5265 2907 5322 id
2941 5266 3190 5324 faciendi
3234 5269 3481 5326 occasio.

2016 5355 2230 5410 Locum
2260 5353 2437 5410 etiam
2464 5354 2618 5411 inter
2646 5355 2962 5429 scriptores
2991 5357 3419 5416 ecclesiasticos
3461 5374 3591 5416 me-

1946 5444 2064 5501 ruit
2087 5442 2377 5511 Urbanus,
2406 5443 2499 5499 cui
2530 5461 2647 5500 non
2680 5444 2869 5503 solum
2900 5447 3091 5505 varias
3133 5447 3437 5521 epistolas,
3488 5448 3590 5505 sed

1946 5533 2063 5590 alia
2091 5548 2322 5605 quoque
2340 5532 2625 5605 opuscula
2645 5534 2909 5592 nonnulli
2935 5536 3288 5607 tribuerunt,
3313 5541 3378 5594 ut
3394 5537 3591 5595 videre

1945 5628 2034 5680 est
2062 5622 2217 5697 apud
2250 5620 2555 5691 Platinam,
2601 5622 2875 5683 Wionem
2924 5630 2982 5682 et
3024 5625 3248 5684 similes
3297 5629 3587 5684 auctores.

1945 5713 2185 5794 ϐαι-91ης
2215 5730 2249 5773 a
2277 5715 2477 5775 sancto
2522 5711 2736 5773 Jacobo
2781 5714 2843 5774 in
2890 5714 3244 5779 bibliotheca
3290 5714 3594 5797 pontiﬁcis
