3962 6380
369 379 487 438 263

1621 399 1626 404 ·
1679 369 1747 434 Β.
1795 373 2090 437 ΗιὶΒΑΝῘ
2134 375 2186 438 ΙΙ
2228 369 2479 435 ΡΑΡᾹΞ.

3659 371 3779 432 264
3808 365 3816 370 ’

369 509 721 568 refertillum
743 495 1050 584 scripsisse
1071 513 1273 566 contra
1293 507 1699 565 hereticorum
1723 508 2016 580 dogmata,
2049 509 2105 576 Α
2135 508 2244 563 sub
2269 506 2483 563 Urbani
2510 506 2854 578 pontificatu
2873 505 3232 575 claruerunt,
3259 510 3360 564 aut
3373 507 3446 564 de
3464 505 3780 564 cardinali-

370 607 427 656 et
465 602 536 657 de
585 601 820 672 injuriis
869 601 976 658 sibi
1027 601 1100 656 ab
1149 599 1394 656 Henrico
1443 599 1794 670 imperatore
1840 597 2017 652 illatis

369 707 504 746 cum
567 689 826 762 Gregorii
882 690 980 746 VII
1038 689 1325 763 legatione
1383 689 1750 760 fungeretur,
1810 689 2018 757 praeter

368 779 660 835 orationes
689 778 1003 835 nonnullas
1025 784 1082 834 et
1101 779 1292 832 varias
1316 775 1613 850 epistolas.
1639 775 1780 847 Ejus
1801 775 2014 830 oratio-

366 884 472 925 nes
513 885 660 940 quas
709 869 769 924 in
817 867 1060 924 concilio
1109 866 1556 923 Claromontano
1605 863 2015 936 pronuntiasse

365 957 582 1013 dicitur
601 974 736 1013 cum
759 956 962 1030 paucis
979 955 1132 1022 aliis,
1155 955 1463 1024 habemus;
1491 971 1711 1010 necnon
1735 951 2014 1026 epistolas

365 1046 509 1102 satis
541 1063 753 1118 magno
779 1061 1046 1112 numero;
1080 1049 1140 1100 at
1159 1047 1366 1100 cetera
1385 1041 1670 1115 opuscula
1693 1041 2009 1098 nescimus.

365 1133 494 1191 Haec
526 1135 674 1190 forte
701 1151 769 1190 ex
803 1133 1028 1190 Platina
1055 1133 1154 1188 ille
1179 1136 1382 1188 auctor
1411 1131 1706 1197 hauserat,
1743 1129 1843 1201 qui
1893 1129 2008 1184 ait:

367 1225 646 1280 Urbanum
672 1224 1079 1278 sanctissimum
1124 1223 1442 1294 pontiﬁcem
1486 1235 1598 1276 non
1637 1234 1794 1290 apere
1837 1219 2012 1274 solum

363 1320 414 1368 et
439 1313 706 1383 exemplo,
738 1327 927 1366 verum
959 1313 1126 1366 etiam
1153 1312 1392 1380 scriptis,
1424 1313 1614 1364 contra
1633 1308 2013 1363 hzreiicorum

362 1401 614 1472 dogmata
639 1400 934 1456 Ecclesium
951 1401 1316 1470 confirmasse.
1345 1396 1576 1454 Similia
1595 1397 1777 1452 ferme
1793 1396 2013 1452 habent

360 1489 766 1562 Bergomensis
798 1487 945 1544 libro
981 1505 1062 1543 xu
1109 1493 1166 1544 et
1213 1486 1572 1542 Trithemius
1613 1486 1676 1540 in
1725 1483 2010 1540 Chronico

360 1575 760 1649 Hirsaugicnsi
793 1575 860 1630 ad
906 1591 1128 1630 annum
1177 1575 1320 1630 1087
1369 1573 1468 1629 ubi
1521 1573 1593 1628 de
1646 1573 1878 1628 Urbano
1928 1571 2011 1626 ita

359 1664 579 1721 scribit:
619 1666 708 1721 Vir
733 1666 844 1736 fuit
873 1663 1122 1720 doctrina
1149 1667 1200 1718 et
1227 1664 1514 1719 sanctitate
1535 1663 1866 1733 praecipuus,
1915 1661 2011 1730 qui

357 1757 518 1810 verba
575 1757 628 1809 et
683 1769 839 1825 opere
892 1753 1062 1808 simul
1119 1768 1182 1806 ac
1231 1753 1452 1822 scriptis
1520 1759 1709 1806 contra
1773 1749 2010 1818 insultus

359 1843 743 1901 hereticorum
769 1843 984 1914 fortiter
1011 1841 1310 1912 defensavit
1361 1840 1678 1906 Ecclesium,
1729 1838 2008 1909 multaque

356 1934 576 2004 scripsit
601 1939 759 2003 atque
785 1932 974 1986 statuit
1000 1929 1070 1984 ad
1117 1931 1414 1985 utilitatem
1457 1943 1823 1994 communem,
1879 1943 2005 1998 quin

360 2038 500 2076 sane
529 2020 756 2078 Urbano
785 2019 1004 2090 optime
1050 2017 1418 2084 conveniunt,
1464 2022 1524 2072 et
1571 2015 1622 2072 si
1671 2015 1840 2088 plura
1888 2031 2004 2069 non

359 2109 673 2182 scripserit,
703 2125 880 2180 quam
903 2125 1031 2180 quae
1063 2107 1232 2162 nobis
1257 2110 1593 2178 supersunt.
1617 2105 1834 2159 Verum
1858 2106 2006 2158 utut

358 2199 438 2256 sit
463 2199 536 2256 de
565 2199 692 2268 ejus
725 2197 976 2269 scriptis,
1011 2200 1166 2252 certo
1197 2198 1425 2252 constat
1454 2211 1589 2250 eum
1611 2194 1793 2249 fuisse
1811 2193 2002 2247 virum

356 2288 592 2343 doctum
623 2289 680 2340 et
708 2284 1022 2340 eruditum.
1059 2283 1340 2339 Rhetorcm
1369 2282 1633 2338 absolute
1663 2297 1798 2336 eum
1832 2281 2002 2336 Dom-

356 2377 484 2431 nizo
515 2375 734 2448 passim
767 2371 1040 2445 appellat.
1076 2373 1561 2429 Litteratissimum
1609 2373 1662 2426 et
1704 2369 2005 2441 facundum

355 2463 677 2520 Pandult’us
711 2463 770 2518 in
829 2461 1043 2518 Gclasii
1099 2462 1148 2517 ΙΙ
1198 2461 1368 2526 Vita;
1427 2463 1485 2516 et
1540 2460 1828 2524 doctorem,
1887 2474 2002 2529 quo

357 2553 638 2609 moriente
665 2552 866 2608 diserta
895 2551 1088 2622 lingua
1117 2551 1265 2606 orbis
1294 2551 1408 2605 ruit
1439 2547 1774 2604 Baldericus
1795 2549 1854 2603 in
1875 2548 2003 2619 ejus

355 2641 650 2716 epitaphio
677 2641 737 2696 in
765 2640 1099 2713 Appendice
1129 2639 1333 2694 relato.
1368 2639 1526 2694 Idem
1570 2637 1895 2692 Pandulfus
1943 2635 2004 2690 in

356 2731 542 2804 ipsius
571 2731 720 2796 Vita,
754 2746 933 2800 quam
958 2728 1134 2784 etiam
1159 2727 1238 2784 ibi
1259 2727 1540 2796 invenies,
1565 2742 1698 2782 eum
1723 2725 1804 2781 ait
1821 2727 2006 2780 virum

353 2820 537 2876 fuisse
577 2827 880 2885 strenuum,
927 2815 1134 2872 divinis
1183 2817 1480 2886 Scripturis
1525 2814 1798 2870 eruditum
1844 2822 2005 2884 atque

352 2909 732 2964 ecclesiasticis
789 2906 1181 2962 traditionibus
1237 2905 1526 2972 imbutum,
1589 2908 1640 2961 et
1697 2907 1757 2959 in
1812 2921 2004 2960 carum

354 2997 730 3052 observatione
747 2995 1247 3050 constantissimum
1269 2997 1748 3064 perseveratorem.
1801 2992 2000 3048 Infini-

354 3088 452 3141 tus
482 3084 616 3151 sim,
647 3083 696 3138 si
725 3099 793 3138 ea
823 3082 1022 3138 omnia
1051 3099 1178 3154 quae
1211 3081 1434 3154 passim
1461 3081 1615 3152 aqud
1641 3086 1908 3137 auctores
1930 3081 2000 3136 de

354 3173 484 3244 ejus
514 3173 781 3228 doctrina
809 3176 866 3227 et
895 3169 1226 3242 eloquentia
1246 3169 1536 3226 habentur
1561 3171 1672 3225 huc
1689 3185 1998 3242 congerere

2130 597 2240 652 bus
2271 613 2421 668 quos
2449 596 2522 652 ad
2555 595 2706 651 hanc
2722 595 3066 669 dignitatem
3085 595 3393 669 promovit.
3418 598 3521 656 Ast
3541 613 3679 658 cum
3702 596 3782 656 de

2127 684 2356 757 primis,
2388 701 2522 740 cum
2552 684 2922 741 sese-obtulit
2950 687 3199 752 occasio,
3224 686 3542 758 siquando
3555 684 3804 757 ahquid-

2126 775 2197 828 ad
2231 772 2492 829 Ecclesia:
2525 773 2834 830 utilitatem
2863 774 3260 840 contulerunt,
3305 775 3430 831 suis
3473 773 3617 833 locis
3662 774 3785 846 egi-

2125 879 2280 929 mus,
2332 867 2390 917 et
2427 861 2754 927 cardinales
2801 863 3278 930 memoravimus,
3331 880 3480 936 quos
3529 879 3599 920 ex
3645 880 3782 934 pro-

2124 949 2420 1006 babilibus
2477 951 2684 1008 saltem
2737 953 3114 1025 argumentis
3158 953 3230 1008 ab
3278 952 3510 1008 Urbano
3552 955 3784 1008 creatos

2123 1039 2308 1096 fuisse
2338 1039 2851 1112 deprehendimus,
2877 1058 2990 1098 non
3013 1057 3160 1112 opus
3183 1045 3272 1097 est
3291 1041 3386 1098 hic
3407 1041 3479 1097 de
3512 1040 3784 1113 utrisque

2124 1128 2314 1185 fusius
2333 1128 2563 1202 agendi.
2589 1129 2927 1187 Cardinales
2951 1131 3189 1186 omnino
3201 1130 3446 1204 triginta
3456 1133 3516 1186 et
3527 1133 3779 1202 septem,

2121 1222 2330 1288 praeter
2377 1217 2629 1290 ignotas,
2671 1218 2743 1274 ab
2806 1217 3038 1274 Urbano
3105 1223 3404 1291 promotos
3470 1222 3782 1276 recensent

2119 1305 2444 1372 Giaconius,
2479 1306 2842 1378 Onupbrius,
2875 1311 2932 1362 et
2955 1325 3025 1362 ex
3068 1307 3141 1364 iis
3191 1307 3310 1364 alii.
3359 1309 3468 1364 Sed
3518 1323 3777 1380 quorum

2121 1393 2532 1467 plerarumque
2563 1395 2804 1451 nomina
2832 1397 2991 1452 nuda
3025 1397 3376 1454 referuntur.
3427 1397 3508 1452 Ex
3555 1397 3629 1452 iis
3680 1413 3781 1452 se-

2120 1487 2277 1554 ptem
2311 1483 2592 1556 episcopi,
2625 1501 2880 1555 quorum
2903 1485 3167 1557 quinque
3184 1484 3483 1542 Paschalis
3505 1484 3780 1542 clectioni

2119 1571 2545 1628 interfuerunt:
2581 1572 2704 1628 Odo
2739 1571 2961 1630 scilicet
2991 1573 3298 1642 Ostiensis,
3332 1574 3550 1631 Urbani
3601 1574 3663 1630 in
3704 1589 3782 1630 ea

2119 1660 2255 1718 sede
2274 1678 2596 1730 successor,
2630 1661 2732 1733 qui
2764 1662 3102 1718 Paschalem
3137 1663 3511 1730 consecravit,
3547 1661 3784 1720 Gualte-

2118 1749 2241 1804 rius
2271 1748 2642 1818 Albanensis,
2673 1750 2825 1806 beati
2855 1751 3008 1806 Petri
3035 1752 3206 1824 Igniti
3254 1767 3578 1820 successor,
3635 1751 3781 1808 Milo

2117 1855 2186 1894 ex
2233 1837 2544 1906 Ajbiniano
2613 1840 2900 1896 monacho
2967 1840 3278 1913 episcopus
3353 1841 3778 1918 Praenestinus,

2115 1927 2432 1984 Mauricius
2466 1927 2566 2000 qui
2595 1928 2812 1984 Joanni
2842 1930 3144 1986 Portuensi
3191 1931 3252 1986 in
3278 1929 3466 1986 Gallia
3493 1930 3780 1988 defuncto

2113 2016 2416 2082 successit,
2453 2020 2511 2072 et
2531 2016 2899 2073 Crescentius
2919 2018 3280 2086 Sabinensis,
3306 2019 3475 2090 cujus
3498 2019 3806 2075 decessor-

2111 2103 2372 2160 Ubaldus
2418 2105 2594 2162 etiam
2645 2107 2716 2161 ab
2767 2105 3000 2162 Urbano
3050 2112 3353 2179 promotus
3403 2107 3592 2168 fuerat
3639 2111 3784 2180 post

2110 2192 2368 2266 Gregorii
2400 2197 2667 2250 mortem.
2703 2195 3000 2268 Septimus
3030 2212 3099 2251 ex
3145 2195 3260 2251 illis
3309 2196 3598 2270 episcopis
3648 2197 3784 2254 fuit

2109 2282 2366 2338 Joannes
2398 2282 2636 2339 Tusculi
2668 2283 3000 2355 episcopus,
3036 2285 3106 2340 de
3137 2300 3252 2356 quo
3285 2285 3476 2340 multa
3505 2284 3773 2342 diximus

2111 2387 2310 2443 supra.
2343 2371 2666 2444 Presbyteri
2701 2373 2767 2427 16
2799 2371 2956 2428 fuere
2987 2372 3291 2429 Oderisius
3337 2372 3531 2429 Casini
3589 2373 3784 2433 abbas

2111 2475 2181 2515 ex
2210 2459 2452 2516 diacono
2481 2461 2785 2532 presbyter
2813 2461 2888 2517 ab
2917 2460 3150 2517 Urbano
3181 2462 3509 2530 ordinatus,
3551 2462 3778 2518 Rober-

2112 2551 2208 2604 tus
2251 2547 2408 2602 tituli
2456 2547 2652 2604 Sancti
2712 2549 3047 2615 Clementis,
3105 2550 3377 2607 Albertus
3427 2554 3629 2622 postea
3683 2567 3783 2607 ar-

2113 2637 2519 2709 chiepiscOpus
2571 2638 2944 2708 Sipontinus;
2996 2639 3318 2712 Raynerius
3377 2641 3480 2712 qui
3539 2639 3782 2697 Urbano

2113 2727 2223 2782 sub
2256 2725 2552 2782 Paschalis
2582 2727 2817 2783 nomine
2859 2729 3160 2796 successit,
3203 2728 3364 2784 tituli
3414 2729 3610 2785 Sancti
3647 2727 3785 2786 Cle-

2113 2815 2349 2870 mentis:
2385 2814 2710 2887 Rangerius
2741 2832 2810 2872 ex
2840 2817 3126 2872 monacho
3157 2816 3402 2888 Majoris
3437 2817 3783 2885 Monasterii

2112 2903 2586 2976 archiepiscopus
2609 2903 2956 2978 Rhegiensis
2978 2906 3050 2960 ab
3077 2906 3283 2963 eodem
3316 2907 3590 2978 pontiﬁce
3623 2908 3786 2964 ordi-

2111 2997 2322 3060 natus;
2365 2991 2670 3049 Albericus
2715 2993 2870 3048 tituli
2922 2993 3192 3050 Eudoxim
3252 2995 3450 3051 Sancti
3499 2995 3650 3052 Petri
3699 2996 3783 3052 ad
3840 3023 3846 3028 -

2108 3079 2378 3149 Vincula,
2428 3081 2792 3155 proindeque
2841 3083 3159 3138 Deusdedit
3211 3083 3422 3140 celebri
3479 3100 3783 3140 canonum

2111 3169 2406 3226 collectori
2471 3170 2782 3239 suffectus;
2859 3170 3064 3228 Petrus
3134 3171 3292 3227 tituli
3359 3171 3600 3244 Equitii,
3663 3188 3774 3230 seu

354 3261 550 3332 velim,
597 3278 745 3332 quas
793 3260 1170 3333 potissimum
1218 3259 1278 3314 in
1327 3275 1394 3314 eo
1441 3257 1826 3314 laudaverunt
1873 3259 2002 3328 ejus
2037 3247 2078 3312 C
2117 3259 2462 3316 Sanctorum
2489 3259 2642 3315 Petri
2671 3265 2730 3316 et
2760 3260 2994 3316 Martini
3041 3261 3102 3316 in
3151 3261 3480 3330 Montibus;
3535 3262 3776 3320 amicus

356 3351 544 3407 aetatis
573 3355 860 3418 auctores,
889 3347 989 3422 qui
1021 3350 1093 3404 de
1122 3349 1306 3404 sacris
1349 3347 1815 3421 expeditionibus
1861 3348 2002 3404 scri-

354 3456 543 3512 psere:
572 3456 754 3495 unum
789 3455 894 3511 pro
926 3437 1202 3495 omnibus
1233 3437 1436 3493 audire
1467 3438 1722 3493 sufticiat
1761 3437 2003 3493 Guiber-

355 3535 486 3586 tum
515 3529 818 3602 Novigenti
848 3529 1140 3595 abbatem,
1172 3527 1271 3598 qui
1311 3527 1384 3584 de
1432 3526 1523 3582 his
1573 3525 1654 3582 ita
1699 3526 2000 3598 loquitur:

359 3641 388 3669 (ι
418 3619 558 3690 Ejus
588 3617 842 3674 scientiae
891 3615 1148 3686 litterati,
1191 3615 1540 3688 eloquentia
1587 3616 2008 3686 cooperabatur

355 3708 606 3782 agilitas.
639 3709 764 3764 Non
795 3707 952 3764 enim
996 3707 1048 3762 ei
1101 3705 1292 3762 minor
1338 3705 1644 3761 videbatur
1682 3705 1744 3760 in
1792 3705 2004 3760 Latinae

355 3797 762 3868 prosecutione
790 3793 1104 3861 locutionis
1135 3793 1396 3862 libertas,
1431 3810 1612 3866 quam
1643 3793 1858 3849 forensi
1878 3793 2004 3848 cui-

357 3884 500 3940 libet
527 3889 718 3956 potest
755 3878 882 3939 esse
931 3883 990 3936 in
1046 3887 1308 3938 materno
1355 3898 1623 3939 sermone
1669 3882 2003 3954 pernicitas.

357 3972 474 4028 Nec
493 3971 900 4026 altercantium
922 3969 1238 4026 multitudo
1261 3969 1632 4036 obtendebat,
1657 3969 2009 4024 concinnan-

357 4061 436 4116 tis
466 4059 770 4134 ingenium
799 4077 812 4127 ;
849 4059 972 4128 sed,
1007 4057 1142 4114 licet
1171 4057 1634 4130 praedicabilium
1664 4058 2006 4131 grammati-

359 4166 561 4206 corum
635 4147 941 4222 elegantiis
1017 4147 1384 4215 ambiretur,
1467 4153 1524 4202 et
1599 4152 1844 4204 oratum.
1909 4164 2006 4202 su-

358 4239 758 4311 pcrexundare
787 4237 1004 4308 copias,
1039 4253 1126 4302 ac,
1155 4252 1499 4292 sermonum
1521 4252 2011 4308 quorumcunque

360 4328 597 4384 facetias
627 4325 1068 4398 superequitare
1107 4325 1343 4381 litterali
1396 4323 1717 4380 luculentia
1759 4325 2006 4396 putaba-

359 4423 474 4473 tur.
513 4438 540 4464 »
572 4415 848 4488 Ejusdem
879 4413 1155 4486 epistolas
1183 4431 1342 4470 succo
1369 4415 1557 4487 ple-nas
1583 4414 1784 4470 laudat
1803 4419 2009 4488 Bergo-

361 4504 603 4573 mensis,
639 4521 786 4577 quas
817 4504 962 4560 tanti
994 4504 1129 4560 fecit
1161 4503 1470 4571 Baronius,
1505 4509 1570 4559 ut
1605 4521 1704 4560 eas
1740 4513 1814 4561 tot
1838 4507 2010 4576 fuisse

358 4611 598 4668 gemmas
654 4599 779 4666 quot
831 4596 1008 4665 apices
1064 4612 1179 4650 non
1229 4593 1580 4650 dubitaverit
1636 4610 2004 4651 asseverare:
2037 4619 2082 4684 D

361 4701 614 4759 quarum
663 4701 888 4757 magnae
937 4684 1120 4756 partis
1173 4684 1466 4754 jacturam
1521 4683 1649 4738 ideo
1711 4683 2002 4756 deplorat,

361 4774 662 4830 referendo
721 4774 781 4828 in
831 4772 1126 4844 specimen
1171 4771 1397 4844 aliquot
1451 4771 1776 4845 fragmenta
1823 4771 2002 4841 illius,

363 4879 490 4937 quae
523 4863 594 4918 ad
627 4862 872 4918 Lucium
905 4860 1284 4932 praepositum
1313 4861 1500 4916 sancti
1526 4861 1779 4918 Juventii
1802 4860 2007 4918 inscri-

364 4957 465 5023 pta
511 4954 638 5019 est;
697 4950 759 5005 in
814 4949 1030 5022 quibus
1088 4966 1284 5004 revera
1333 4950 1592 5022 pontifex
1648 4951 2003 5006 reconditam

362 5057 640 5114 magnam
669 5039 1058 5096 eruditionem
1089 5039 1317 5094 exhibet
1351 5039 1407 5093 in
1439 5040 1801 5110 proferendis
1831 5056 2005 5094 sacra:

361 5130 674 5202 Scriptura:
723 5133 780 5184 et
837 5133 1174 5184 sanctorum
1234 5129 1468 5184 Patrum
1529 5128 1882 5184 testimoniis
1933 5128 2004 5183 ad

363 5217 776 5276 stabiliendum
809 5217 880 5272 dc
908 5217 1099 5272 valore
1129 5217 1407 5290 baptismi
1437 5222 1494 5274 et
1519 5217 1766 5274 aliorum
1815 5233 2004 5273 sacra-

365 5313 698 5364 mentorum
724 5305 991 5362 Ecclesiai
1021 5306 1314 5363 catholicae
1343 5307 1740 5364 traditionem.
1791 5307 2006 5360 Verum

365 5397 487 5454 haec
517 5395 764 5469 epistola
788 5395 1026 5452 omnino
1065 5395 1292 5470 integra
1341 5413 1476 5452 cum
1521 5395 1651 5452 aliis
1700 5392 2007 5467 permultis

364 5491 535 5550 antea
583 5485 796 5559 ignotis
846 5485 909 5541 in
957 5486 1162 5558 pontif.
1214 5487 1381 5558 epist.
1435 5484 1772 5542 collectione
1820 5483 2007 5556 profe-

367 5581 547 5634 retur.

435 5667 623 5728 Locus
653 5665 748 5725 hic
779 5669 932 5724 esset
961 5666 1031 5724 de
1061 5665 1202 5726 viris
1245 5664 1578 5726 illustribus
1623 5662 1854 5740 agendi,
1907 5663 2009 5742 qui

2110 3349 2291 3405 abbas
2313 3349 2714 3406 Witurnensis
2742 3349 2898 3406 tituli
2931 3350 3153 3406 Sanctae
3175 3349 3376 3407 Crucis
3417 3351 3477 3405 in
3528 3350 3779 3410 Jerusa-

2113 3438 2260 3506 lem;
2295 3437 2513 3494 Paulus
2546 3439 2702 3494 tituli
2743 3439 2939 3496 Sancti
2981 3439 3168 3508 Xisti;
3225 3440 3558 3497 Bonifacius
3605 3441 3772 3498 tituli

2115 3527 2311 3584 Sancti
2357 3527 2564 3596 Marci;
2617 3528 2872 3584 Joannes
2920 3527 3074 3584 tituli
3127 3529 3348 3585 Sanctae
3413 3530 3774 3600 Anastasite,

2115 3615 2400 3672 Robertus
2427 3616 2775 3673 Parisiensis
2797 3616 3012 3685 Callus,
3047 3616 3203 3674 tituli
3253 3619 3450 3674 Sancti
3490 3618 3780 3688 Eusebii;

2116 3705 2290 3762 Risus
2323 3705 2482 3762 tituli
2515 3706 2866 3762 Sanctorum
2904 3707 3198 3763 Laurentii
3261 3712 3318 3762 et
3361 3707 3616 3775 Damasi,
3669 3709 3780 3780 qui

2115 3795 2588 3866 archiepiscopus
2617 3794 2897 3851 Barensis
2928 3795 3068 3862 fuit;
3103 3796 3436 3852 Bcrnardus
3457 3795 3779 3855 Ubertinus

2116 3900 2184 3938 ex
2213 3881 2640 3938 Camaldulensi
2667 3884 2900 3951 ordine,
2933 3883 3086 3938 tituli
3139 3884 3336 3940 Sancti
3385 3884 3774 3958 Chrysogoni,

2115 3975 2243 4026 tum
2275 3971 2585 4044 episcopus
2620 3972 2982 4040 Parmensis;
3015 3973 3406 4030 Theodericus
3438 3974 3773 4031 Germanus

2115 4059 2272 4116 tituli
2331 4061 2678 4116 Sanctorum
2723 4063 2970 4118 Joannis
3019 4067 3076 4118 et
3131 4061 3317 4131 Pauli,
3392 4063 3778 4135 postmodum

2117 4149 2320 4205 multis
2351 4149 2741 4222 legationibus
2771 4151 2829 4206 in
2863 4151 3175 4207 Germania
3205 4149 3478 4217 celebris;
3511 4151 3772 4207 Landul-

2115 4240 2210 4294 tus
2240 4238 2394 4294 tituli
2426 4239 2656 4296 Lucina-
2701 4240 2898 4296 Sancti
2945 4240 3260 4296 Laurentii.
3313 4239 3416 4296 His
3463 4239 3778 4298 addendus

2117 4328 2412 4386 Gotfridus
2440 4329 2749 4384 Vindocini
2783 4329 2986 4395 abbas,
3019 4333 3195 4402 atque
3225 4345 3292 4384 eo
3323 4328 3560 4386 nomine
3581 4329 3775 4386 cardi-

2116 4417 2268 4474 nalis
2291 4421 2511 4474 Sancta:
2544 4418 2772 4485 Priscae,
2806 4434 2979 4488 quem
3015 4417 3138 4490 ipse
3169 4417 3440 4473 Urbanus
3467 4415 3774 4489 presbyte-

2116 4525 2246 4562 rum
2289 4507 2598 4564 ordinavit.
2651 4505 2884 4562 Diaconi
2933 4510 3308 4562 recensentur
3358 4507 3454 4574 13;
3498 4505 3537 4560 ii
3587 4511 3770 4564 sunt:

2116 4596 2466 4662 Bernardus,
2516 4595 2830 4668 Gregorius
2891 4595 3072 4651 abbas
3139 4595 3535 4663 Sublacensis,
3611 4594 3773 4651 tituli

2115 4689 2338 4742 Sancta:
2371 4685 2557 4740 Lucis:
2585 4685 2658 4740 ad
2701 4687 2924 4756 septem
2971 4685 3148 4754 Solia,
3200 4684 3542 4751 Damianus,
3589 4682 3772 4740 Joan-

2114 4793 2238 4844 nes,
2269 4776 2404 4840 Azo,
2437 4773 2548 4829 Leo
2610 4771 2990 4840 Marsicanus,
3016 4771 3338 4830 monachus
3409 4772 3770 4844 Casinensis,

2115 4864 2217 4937 qui
2249 4861 2467 4918 Urbani
2500 4861 2736 4918 nomine
2765 4861 3097 4934 complures
3127 4860 3407 4935 epistolas
3456 4861 3776 4933 scripsisse

2115 4953 2360 5018 dicitur;
2393 4950 2464 5006 de
2493 4966 2560 5006 eo
2589 4950 2820 5022 egimus
2851 4950 2878 5022 Ξ
2906 4951 3006 5018 51;
3037 4951 3281 5007 Jonatas
3319 4950 3476 5005 tituli
3523 4951 3772 5006 Sancto-

2117 5057 2244 5096 rum
2295 5040 2516 5094 Cosmaa
2565 5045 2622 5095 et
2681 5039 2992 5108 Damiani;
3060 5037 3773 5096 Theodinus'Casinensis

2115 5129 2460 5196 monachus,
2491 5129 2648 5186 tituli
2681 5129 2903 5184 Sanctae
2935 5129 3128 5184 Mariae
3162 5129 3218 5184 in
3249 5128 3535 5196 .Porticu;
3584 5126 3775 5184 Theo-

2115 5217 2326 5274 baldus
2373 5217 2528 5274 tituli
2575 5222 2799 5274 Sanctae
2843 5217 3034 5274 Marica
3083 5217 3290 5286 Novas;
3342 5233 3538 5273 comes
3604 5215 3768 5272 tituli

2115 5308 2340 5363 Sanctae
2367 5307 2558 5362 Mariae
2583 5307 2645 5364 in
2675 5307 2956 5378 Aquirio;
3005 5307 3318 5380 Gregorius
3368 5305 3522 5362 tituli
3569 5305 3770 5360 Sancti

2113 5395 2337 5470 Angeli,
2361 5397 2462 5468 qui
2485 5401 2688 5469 postea
2708 5397 2817 5452 sub
2841 5396 3078 5462 nomine
3101 5395 3423 5452 Innocentii
3445 5393 3771 5466 IIpontifex

2116 5485 2327 5554 evasit;
2357 5489 2612 5542 Joannes
2642 5483 2800 5553 tituli
2837 5485 3035 5542 Sancti
3083 5482 3346 5550 Adriani,
3397 5499 3465 5540 ac
3513 5481 3780 5555 denique.

2113 5575 2372 5636 Joannes
2419 5575 2731 5648 Cajetanus
2769 5575 2990 5634 Sanctae
3051 5573 3245 5632 Mariae
3293 5571 3356 5630 in
3431 5571 3766 5642 Cosmedin,

2117 5663 2333 5725 Urbani
2365 5661 2768 5735 cancellarius,
2801 5667 2860 5724 et
2903 5663 3143 5727 tandem
3191 5661 3453 5740 pontifex
3498 5661 3767 5722 Gelasius
