3962 6364
393 392 512 454 2Ἱ9

463 525 932 604 Laudamentum
963 528 1071 586 hoc
1093 530 1267 604 jussu
1310 533 1714 604 prrenominati
1738 531 2034 603 Richardi,

389 598 449 676 in
508 599 816 676 praesentia
872 598 1172 676 Bertranni
1231 598 1672 676 archiepiscopi,
1742 598 2038 662 Gotofredi

390 669 820 746 Magalonensis
860 673 1142 746 episcopi,
1173 675 1406 746 Angerii
1430 669 1851 743 archidiaconi,
1885 677 2038 733 Gau-

1689 399 1756 460 B.
1805 400 2096 462 URBANI
2139 400 2193 460 II
2240 398 2494 461 ΡΑΡᾸΞ.

3679 393 3818 456 280

2221 533 2349 589 Haec
2378 531 2640 588 deﬁnitio
2687 532 2868 588 missa
2914 531 3026 586 fuit
3052 529 3123 586 ad
3155 525 3461 586 dominum
3486 526 3808 586 Urbanum

2149 621 2360 678 papam
2395 605 2742 678 secundum,
2775 603 2874 678 qui
2907 619 3036 658 eam
3075 601 3442 678 confirmavit
3475 599 3640 657 bulla
3669 617 3814 669 sua,

2149 673 2287 732 data
2338 677 2530 747 Romae
2591 676 2744 747 apud
2779 673 3057 747 Sanctum
3079 673 3346 747 _Pet_rum_
3375 687 3528 747 iper
3555 689 3820 747 manum

388 741 562 818 c_e_lini
595 743 666 798 de
695 741 956 818 Luneilb,
979 741 1308 818 Raymundi
1339 747 1619 804 Rainonis
1640 753 1696 804 et
1717 741 2036 804 multorum
2145 746 2388 804 Joannis
2406 741 2969 818 diaconicardinalis
2997 743 3270 818 Kalendis
3294 741 3447 813 Maii,
3480 743 3816 818 indictione

389 813 660 942 aliotrum.
691 815 998 872 Gotofredo
1029 813 1303 890 episcopo
1335 819 1592 876 dictante
1624 819 1862 876 Pontius
1891 819 2034 876 scri-

393 903 485 942 nsl
517 927 530 940 .

393 903 530 958 psit.

2147 836 2243 946 algu,
2279 835 2430 875 anno
2459 819 2616 887 1099,
2649 817 3025 890 pontiﬁcatus
3046 815 3139 873 sui
3174 833 3326 874 anno
3349 833 3450 886 xu,
3486 831 3667 889 quam
3698 816 3820 873 ha-

2191 907 2378 946 emus.

2191 907 2378 946 emus.

685 1187 1538 1322 EXCEBPTA
1601 1190 1815 1318 EX
1887 1186 2382 1322 LIBBO
2451 1184 3496 1322 DOMNIZONIS

1523 1416 1668 1502 DE
1727 1415 1995 1502 VITA
2049 1415 2670 1504 MATHILDIS

990 1585 1126 1646 Lib.
1160 1602 1229 1658 n,
1275 1601 1436 1664 capp
1485 1587 1546 1661 3,
1592 1585 1655 1658 Β,
1703 1585 1803 1657 10,
1839 1586 1936 1658 11,
1971 1587 2069 1662 12,
2105 1586 2133 1644 1

2247 1585 2345 1645 ubi
2379 1585 2578 1646 multa
2610 1584 2688 1644 de
2721 1583 2976 1647 Urbano
3008 1601 3197 1664 papa.

1205 1716 1372 1788 (Vide
1401 1715 1738 1790 Patrologiaa
1771 1720 1910 1773 tom.
1945 1717 2232 1782 CXLVIII,
2266 1717 2412 1790 Opp.
2449 1719 2508 1773 S.
2546 1716 2807 1790 Gregorii
2835 1715 2983 1788 VII.)

1633 1942 1976 2004 DONATIO
2018 1943 2282 2003 ARSINI
2327 1943 2429 2002 DE
2471 1940 2838 2003 ALBIONE.

1893 2079 2302 2102 Ἄ

457 2183 673 2240 Notum
696 2181 775 2238 sit
797 2180 1072 2238 omnibus
1087 2179 1299 2238 Christi
1325 2181 1597 2237 ﬁdelibus
1615 2181 1768 2253 quod
1787 2180 2032 2253 Arsinus

385 2255 457 2312 de
477 2253 743 2326 Albione,
774 2253 847 2326 ad
870 2270 1066 2326 preces
1087 2253 1416 2326 Raymundi
1455 2254 1528 2326 die
1573 2252 1815 2326 Aibione
1839 2252 2032 2326 fratris

387 2327 480 2383 sui
512 2325 740 2381 abbatis
797 2323 994 2381 Sancti
1030 2323 1192 2381 Petri
1241 2326 1312 2381 de
1349 2323 1690 2392 Condomio,
1750 2325 2030 2380 accersito

384 2396 659 2456 consultu
680 2396 860 2470 totius
883 2395 1207 2470 nobilitatis
1222 2414 1338 2470 suae
1353 2395 1681 2470 provincias,
1715 2395 1874 2470 dedit
1891 2395 2026 2470 Deo,

385 2474 444 2548 et
473 2469 686 2548 Sancto
731 2469 898 2548 Petro
921 2469 993 2524 de
1013 2468 1328 2548 Condomio
1353 2465 1427 2524 ‘et
1452 2467 1874 2548 habitatoribus
1901 2469 2029 2548 ejus
2140 2467 2300 2548 scopi
2333 2473 2390 2523 et
2419 2466 2771 2524 confessoris
2820 2465 2860 2522 C

385 2542 518 2598 dem
547 2539 678 2611 loci,
729 2543 850 2597 tam
881 2539 1266 2614 praesentibus
1297 2557 1475 2613 quam
1507 2540 1742 2608 futuris,
1777 2538 2028 2594 fundum

2143 2185 2202 2237 et
2223 2179 2550 2256 deminium
2571 2179 2902 2256 villa3_,_‘qu§e
2917 2179 3131 2256 dicitur
3147 2179 3356 2256 Nerag,
3374 2181 3452 2256 _in
3480 2183 3813 2256 praesentia

2142 2253 2400 2324 praedicti
2425 2252 2754 2324 Raymundi
2787 2250 3264 2324 abbatisifratris
3295 2250 3410 2321 s'ui,
3443 2250 3501 2310 et
3523 2253 3584 2310 in
3615 2272 3814 2314 manu

2142 2323 2365 2380 domini
2387 2323 2602 2396 Urbani
2645 2340 2805 2396 papa
2829 2323 3094 2396 secundi,
3127 2323 3226 2396 qui
3255 2328 3314 2380 et
3341 2324 3559 2382 ibidem
3591 2325 3652 2382 in
3686 2325 3811 2384 ho-

2143 2412 2284 2451 nore
2313 2396 2500 2452 sancti
2533 2394 2774 2450 Thomas
2826 2394 3071 2523 apostoli
3105 2394 3163 2450 et
3192 2395 3380 2452 sancti
3411 2396 3632 2454 Nicolai
3665 2399 3800 2471 epi-

2143 2467 2300 2523 sconi
2333 2473 2390 2523 et
2419 2466 2771 2523 confessoris
2820 2465 2860 2522 C
2909 2465 3034 2523 risti
3078 2466 3249 2523 nobis
3293 2467 3597 2523 ecclesiam
3631 2469 3800 2523 dedi-

2274 2467 2300 2593 ξ
2333 2473 2390 2523 et
2419 2466 2771 2524 confessoris
2820 2465 3034 2523 Christi
3078 2466 3249 2524 nobis
3293 2467 3597 2526 ecclesiam
3631 2465 3808 2528 dedi-

2143 2555 2312 2594 cavn.

1152 2793 1560 2854 EPISTOL/E
1601 2791 1993 2852 LAMBERTI
2037 2790 2631 2852 ATREBATENSIS
2687 2789 3042 2854 EPISGOPI

1752 2939 1832 2984 AD
1873 2939 2164 2986 URBANUM
2209 2939 2410 2984 PAPAI
2424 2967 2438 2980 .

1579 3056 1740 3129 (Vide
1777 3058 1836 3113 in
1883 3055 2169 3112 Lamberto
2205 3055 2276 3112 ad
2313 3073 2406 3112 an.
2449 3055 2636 3129 1115.)

1317 3285 1696 3348 EPISTOLA
1747 3285 2084 3346 ROBERTI
2115 3284 2448 3346 ABBATIS
2479 3284 2546 3344 S.
2583 3283 2880 3345 REMIGII

1576 3435 1658 3479 AD
1701 3434 2069 3480 LAMBERTUII
2111 3433 2622 3480 ATREBATENSEM.

1802 3551 1955 3622 (Vide
1985 3552 2044 3606 in
2072 3551 2403 3620 Lambert-o.)

1889 3683 2286 3695 *σῇ-

1197 3776 1578 3840 EPISTOLA
1621 3776 1994 3839 MANASSE
2046 3776 2642 3839 ARCHIEPISGOPI
2687 3777 3079 3839 REMENSIS

1921 3925 2004 3968 AD
2047 3924 2330 3971 MORINOS.

1682 4042 1834 4116 (Vide
1872 4044 1933 4096 in
1970 4042 2213 4097 Jlanasse
2255 4043 2546 4113 Remensi.)

1117 4269 1500 4332 EPISTULA
1543 4266 2012 4328 HILDEBERTI
2046 4266 2396 4328 EPISCOPI
2431 4267 3044 4330 CENOMANENSIS

1755 4417 1836 4459 AD
1879 4417 2174 4462 URBANUM
2222 4417 2440 4462 PAPAM.

1567 4533 1720 4605 (Vide
1756 4536 1816 4590 in
1872 4535 2181 4591 llildeberto
2223 4535 2664 4608 Cenomanensi.)

745 4809 1742 4944 EXCEBPTUM
1807 4809 2022 4938 EX
2083 4807 2580 4942 LIBRO
2647 4807 3464 4944 FULCONIS

1597 5007 1912 5070 COMITIS
1973 5009 2575 5071 ANDEGAVENSIS

917 5146 1042 5221 Quo
1069 5143 1298 5224 generis
1324 5143 1424 5202 sui
1446 5142 1756 5221 originem,
1792 5151 1845 5202 et
1873 5143 2172 5222 majorum
2215 5162 2286 5204 ac
2321 5143 2606 5226 proprias
2637 5162 2728 5204 res
2756 5153 2948 5225 gestas
2979 5143 3276 5206 describit.

1458 5275 1645 5348 (Apud
1704 5274 2041 5347 Acherium,
2092 5276 2282 5347 Spicil.
2327 5279 2369 5331 t.
2401 5276 2462 5344 Χ,
2497 5294 2554 5349 ρ.
2578 5277 2730 5348 393.)

459 5516 525 5567 In
557 5513 672 5568 fine
691 5511 866 5567 istius
900 5508 1038 5564 anni
1059 5507 1220 5577 1096,
1252 5508 1759 5581 appropinquante
1777 5509 2038 5581 Quadra-

387 5583 632 5656 gesima,
655 5584 815 5656 venit
832 5581 1210 5653 Andegavum
1238 5579 1388 5653 papa
1427 5579 2034 5656 RomanusUrbanus,

387 5651 444 5711 ξι
471 5654 780 5710 admonuit
830 5651 1058 5725 gentem
1110 5651 1368 5708 nostrain
1402 5657 1466 5706 ut
1521 5651 1672 5725 irent
1709 5651 2034 5725 Jerusalem

385 5725 772 5798 expugnaturi
795 5723 1071 5798 gentilem
1093 5725 1397 5798 populum,
1431 5724 1529 5796 qui
1553 5724 1844 5798 civitatem
1874 5723 2032 5798 illam

388 5802 443 5852 et
459 5795 640 5852 totam
680 5795 895 5852 terram
935 5795 1399 5854 Christianorum
1421 5795 1606 5867 usque
1627 5795 2032 5852 Constanlino-

390 5867 568 5939 polim
595 5869 1209 5941 occupaverant.'l‘unc
1229 5869 1285 5924 in
1308 5867 1751 5941 Septuagesima
1767 5867 2034 5941 dedicata

391 5936 804 5999 estecclesiaS.
828 5939 1048 5998 Nicolai
1061 5941 1132 5999 ab
1165 5941 1292 6015 ipso
1306 5936 1476 6014 papa.
1511 5936 1826 5998 Constituit
1854 5938 2029 5996 etiam

2149 5509 2301 5583 idem
2331 5507 2713 5583 apostolicus,
2741 5514 2798 5565 et
2819 5509 3003 5567 edicto
3025 5510 3225 5583 jussit,
3252 5513 3319 5583 ut
3366 5508 3424 5564 in
3447 5509 3656 5583 eodem
3685 5513 3804 5566 ter-

2148 5582 2306 5637 mino
2327 5580 2442 5652 quo
2466 5580 2889 5638 dedicationem
2910 5580 3140 5652 fecerat,
3174 5581 3466 5638 indictum
3494 5580 3801 5653 publicum

2147 5651 2537 5726 celebraretur
2559 5670 2914 5726 unoquoque
2936 5671 3088 5710 anno
3112 5651 3265 5726 apud
3297 5653 3356 5708 S.
3381 5651 3710 5726 Nicolaum,
3745 5658 3804 5712 et

2146 5725 2398 5807 septima
2413 5741 2554 5849 pars
2581 5722 3056 5796 poeriiteritiarum
3081 5722 3295 5798 populo
3327 5722 3700 5806 convenienti
3726 5726 3799 5782 ad

2144 5796 2306 5850 illam
2348 5811 2409 5850 ce
2435 5796 2738 5852 elmtatem
2785 5796 3195 5854 dimitteretur.
3256 5796 3419 5854 Unde
3480 5796 3791 5854 discedens

2144 5811 2306 5850 luam
2348 5811 2738 5852 celebritatem
2785 5811 3195 5854 dimitteretur.
3259 5811 3419 5854 unde
3480 5811 3791 5854 discedens

2143 5867 2585 5939 Cenomannum
2618 5869 2794 5936 venit,
2828 5874 2882 5924 et
2910 5869 3045 5925 inde
3073 5870 3373 5925 Turonum
3393 5885 3406 5936 ;
3425 5867 3619 5939 ibique
3641 5867 3796 5939 datis

2141 5937 2457 5996 venerabili
2486 5940 2730 5997 concilio
2775 5941 3020 5998 decretis
3082 5941 3274 5999 media
3331 5937 3794 6012 Quadragesima
