3962 6368
418 444 425 457 ,
451 369 571 434 283

1754 361 1825 430 B.
1871 363 2167 431 URBANI
2210 362 2265 431 ll
2310 364 2559 430 PAPE.

3745 354 3873 418 284

1417 642 1932 746 BEATI
2013 641 2078 743 ἴ

2269 641 2670 745 BAN!
2756 641 2889 742 II
3630 638 3660 671 ⁸

1788 812 2185 869 PONTIFICIS
2233 812 2512 870 ROMANI

832 960 1823 1117 EPlSTOLfE
1966 959 2206 1109 ET
2341 954 3459 1114 PRIVILEGIA

1943 1211 2344 1225 —_

1242 1304 1282 1358 Ι.

446 1414 742 1490 Ερὶιςίρίοια
775 1412 986 1490 Urbani
1006 1424 1166 1490 papae
1192 1412 1246 1465 Il
1273 1408 1343 1464 ad
1370 1408 1817 1490 .ﬁalzburgemem
1849 1409 2091 1490 aliosque

515 1489 805 1557 episcopos.
855 1483 1044 1563 -Εοιξ
1076 1480 1163 1563 de
1214 1496 1323 1563 sua
1367 1481 1426 1563 in
1472 1496 1749 1535 summum
1771 1480 2091 1563 pontiﬁcem

515 1551 777 1613 electione
822 1562 989 1609 certos
1017 1554 1172 1624 facit,
1205 1551 1556 1623 hortaturque
1607 1561 1666 1607 ut
1726 1552 1964 1606 viriliter
1988 1568 2089 1623 pro

516 1627 755 1685 Ecclesia
784 1629 1007 1681 certent.

1047 1714 1232 1785 (Anno
1290 1711 1475 1780 1088.)

442 1826 609 1899 [Dom
640 1824 923 1880 Mammas
951 1820 1127 1899 A1npl.
1159 1820 1364 1899 collect.
1400 1818 1599 1899 1,-529,
1627 1835 1698 1874 ea:
1743 1835 1844 1873 ms.
1896 1818 2089 1875 Sancti

974 1889 1231 1950 Germani
1256 1907 1289 1946 a
1310 1889 1538 1960 Pretia]

513 2021 790 2078 URBANUS
820 2017 1152 2091 episcopus,
1186 2032 1389 2071 servus
1420 2031 1718 2071 servorum
1771 2013 1891 2080 Dei,
1915 2031 2084 2070 vene-

440 2109 608 2168 rabili
627 2107 1069 2179 Salzeburgensi
1093 2103 1549 2176 archiepiscopo,
1569 2102 1830 2175 caaterisq
1842 2121 1912 2158 ue
1929 2120 2083 2159 reve-

440 2198 808 2258 rendissimis
859 2194 1171 2268 episcopis,
1205 2191 1555 2260 Pataviensi,
1586 2192 2081 2265 Wirceburgensi,

439 2285 876 2354 Wormatiensi,
914 2282 1292 2356 Augustensi,
1330 2280 1779 2346 Constantiensi,
1813 2286 1870 2339 et
1916 2299 2085 2338 vene-

436 2378 640 2436 randis
669 2375 1000 2441 abbatibus,
1030 2377 1087 2428 et
1114 2369 1558 2445 gloriosissimis
1594 2373 1909 2426 WELPHONI
1932 2372 1993 2426 B.
2027 2376 2086 2426 et

440 2471 501 2527 B.
518 2473 695 2541 atque
714 2464 989 2522 omnibus
1009 2461 1331 2533 majoribus
1343 2463 1401 2516 et
1419 2459 1741 2515 minoribus
1764 2461 1915 2515 beati
1933 2460 2084 2516 Petri

438 2559 733 2626 ﬁdelibus,
759 2554 1006 2611 salutem
1028 2555 1085 2606 et
1113 2548 1495 2621 apostolicam
1526 2548 2009 2605 benedictionem.

2119 1304 2174 1371 Α
2204 1303 2302 1359 ria;
2324 1304 2601 1377 Gregorio
2632 1321 2866 1377 semper
2895 1303 3233 1360 ostendistis
3281 1302 3560 1359 ﬁdelitate
3582 1305 3640 1358 et
3675 1302 3854 1358 devo-

2199 1393 2380 1457 tione,
2413 1401 2470 1449 et
2492 1394 2892 1450 benevolentia
2921 1393 3169 1450 ﬁrmiter
3211 1392 3518 1457 maneatis,
3552 1394 3854 1447 sanctam—

2200 1499 2314 1555 que
2364 1484 2687 1539 Romanam
2739 1483 3054 1539 Ecclesiam
3105 1489 3350 1538 matrem
3403 1487 3680 1547 vestram,
3723 1498 3851 1536 om-

2197 1573 2373 1629 nibus
2393 1574 2613 1645 quibus
2641 1573 2886 1628 valeatis
2918 1571 3156 1628 auxiliis
3180 1579 3239 1627 et
3252 1570 3514 1628 consiliis
3533 1571 3849 1641 adjuvetis.

2201 1661 2275 1716 De
2340 1678 2431 1718 me
2481 1679 2650 1733 porro
2706 1662 2785 1717 ita
2816 1661 2875 1716 in
2906 1662 3182 1717 omnibus
3212 1661 3507 1726 confidite,
3539 1666 3598 1716 et
3626 1661 3853 1717 credite

2197 1750 2349 1806 sicut
2376 1752 2447 1807 de
2473 1750 2814 1807 beatissimo
2857 1750 3024 1806 Patre
3075 1755 3275 1806 nostro
3336 1766 3487 1822 papa
3542 1749 3852 1822 Gregorio,

2195 1842 2367 1910 cujus
2421 1857 2491 1895 ex
2546 1843 2666 1895 toto
2711 1839 2879 1911 sequi
2908 1839 3156 1912 vestigia
3187 1838 3451 1910 cupiens,
3484 1838 3685 1895 omnia
3715 1856 3852 1911 qua:

2198 1928 2419 2000 respuit
2448 1945 2679 2000 respuo,
2712 1945 2839 1999 qua:
2879 1926 3180 1983 damnavit
3208 1929 3449 1993 damno,
3480 1944 3609 2000 quis
3639 1927 3854 1983 dilexit

2195 2034 2434 2090 prorsus
2453 2034 2543 2072 am
2555 2017 2789 2089 plector,
2806 2033 2932 2088 quae
2954 2033 3085 2072 vero
3108 2020 3236 2072 rata
3258 2020 3315 2072 et
3343 2014 3632 2072 catholica
3661 2016 3851 2072 duxe~

2195 2106 2269 2161 rit
2299 2107 2581 2162 conﬁrmo
2598 2112 2655 2161 et
2675 2106 2952 2177 approbo,
2968 2113 3023 2161 et
3039 2106 3112 2161 ad
3136 2110 3498 2178 postremum
3525 2105 3584 2161 in
3616 2111 3848 2161 utram-

2194 2211 2307 2268 que
2329 2202 2551 2267 partem
2575 2194 2962 2266 qualiteripse
2991 2194 3177 2250 sensit
3206 2194 3265 2250 in
3299 2194 3576 2250 omnibus
3598 2194 3846 2251 omnino

2195 2285 2381 2341 sentio
2437 2290 2613 2356 atque
2673 2283 2992 2339 consentio.
3023 2283 3189 2339 Nunc
3219 2299 3355 2353 ergo
3397 2300 3600 2354 precor
3626 2287 3687 2338 et
3717 2300 3848 2339 am-

2194 2372 2413 2445 plector
2468 2372 2891 2428 fraternitatem
2950 2376 3226 2435 vestram,
3261 2377 3327 2426 ut
3366 2372 3554 2441 agatis
3599 2371 3851 2428 viriliter

2193 2466 2366 2534 atque
2379 2466 2735 2531 constanter,
2756 2466 2812 2517 et
2829 2460 3233 2516 confortemini
3248 2460 3305 2515 in
3327 2461 3588 2534 potentia
3607 2460 3847 2516 virtutis

2195 2551 2291 2606 Dei
2326 2551 2709 2606 ascendentes
2738 2566 2807 2606 ex
2836 2551 3076 2606 adverso
3106 2555 3163 2605 et
3188 2554 3547 2622 opponentes
3601 2567 3847 2606 murum

511 2648 692 2703 Nosse
715 2643 986 2700 volumus
1021 2638 1440 2695 beatitudinem
1473 2642 1893 2710 vestramque
1934 2638 2086 2693 circa
2115 2672 2163 2737 Β
2193 2656 2298 2713 pro
2328 2640 2503 2727 domo
2527 2638 2806 2705 lsrael,ut
2827 2638 3223 2737 strenuissimi
3267 2639 3499 2695 Domini
3531 2638 3848 2695 bellatores

438 2753 548 2793 nos
574 2739 741 2810 gesta
769 2736 908 2789 sunt
954 2729 1178 2784 noviter
1208 2745 1222 2783 :
1258 2727 1729 2783 reverendissimi
1787 2727 2080 2799 siquidem

439 2826 647 2881 fratres
669 2821 851 2878 nostri
874 2818 1131 2891 episcopi
1151 2821 1208 2873 et
1231 2814 1578 2883 cardinales,
1603 2814 1892 2873 Saviensis
1921 2817 2080 2872 vide-

437 2914 593 2973 licet.
609 2906 1086 2973 Tusculaneusis,
1106 2904 1479 2969 Albanensis,
1493 2904 1796 2977 Signensis
1811 2911 2083 2977 praeterea

438 2996 496 3059 et
526 2999 859 3059 Portuensis
880 2995 1254 3067 legationem,
1285 2998 1342 3048 et
1370 3009 1743 3059 consensum,
1775 2999 1830 3048 et
1861 2994 2083 3065 petitio-

437 3109 573 3148 nem
606 3090 796 3145 ferens
817 3085 1082 3142 omnium
1110 3082 1371 3138 lidelium
1396 3081 1677 3149 laicorum
1705 3088 1916 3138 nostrae
1932 3085 2080 3153 parti

439 3179 758 3238 faventium
780 3174 1121 3232 clericorum
1146 3172 1339 3228 Roma:
1361 3170 1728 3241 eligentium,
1763 3176 1819 3226 et
1849 3170 2078 3243 religio-

438 3268 709 3326 sissimus
734 3264 917 3322 abbas
944 3260 1275 3317 Casinensis
1309 3259 1577 3315 omnium
1607 3259 2082 3330 diaconorum,et

438 3360 506 3415 Β.
539 3354 852 3414 cardinalis
882 3352 1035 3409 tituli
1066 3353 1123 3406 S.
1158 3348 1471 3405 Clementis
1523 3350 1786 3403 omnium
1812 3349 2075 3404 cardina-

436 3449 606 3511 lium,
641 3462 747 3501 nec
806 3459 922 3499 non
952 3445 1011 3497 et
1039 3440 1102 3494 Β.
1137 3439 1445 3510 praefectus
1495 3436 1759 3492 omnium
1817 3437 2079 3493 ﬁdelium

437 3537 743 3602 laicorum,
763 3549 883 3589 una
902 3548 1037 3587 cum
1056 3532 1122 3585 2l
1157 3526 1446 3600 episcopis
1476 3530 1536 3581 et
1564 3532 1819 3598 quatuor
1848 3528 2079 3583 abbati-

438 3628 550 3683 bus
566 3624 721 3697 apud
737 3620 1109 3679 Terracinam
1132 3615 1527 3681 coadunati,et
1553 3616 1825 3671 triduano
1849 3616 2080 3687 jejunio

439 3733 573 3773 cum
598 3712 800 3769 multis
830 3708 1099 3783 precibus
1129 3703 1520 3761 communiter
1550 3703 1860 3770 celebrato,
1889 3705 2080 3759 Domi-

439 3806 570 3862 nico
593 3801 831 3858 tandem
855 3798 1019 3853 diem
1050 3796 1186 3850 Idus
1216 3791 1405 3848 Martii
1436 3791 1581 3846 mihi
1610 3791 1875 3847 omnium
1928 3791 2081 3847 indi-

439 3893 725 3968 gnissimo
756 3892 961 3943 contra
988 3900 1161 3940 omne
1192 3886 1389 3937 votum
1421 3885 1479 3936 et
1517 3881 1895 3951 desiderium,
1928 3887 2081 3938 Deus

441 3982 576 4048 scit,
592 3984 648 4037 et
668 3976 991 4051 plurimum
1016 3970 1287 4028 renitenti
1300 3970 1559 4043 regimen
1575 3970 1733 4027 sedis
1752 3970 2080 4041 apostolica:

443 4043 809 4135 commisere,
824 4069 883 4121 et
898 4061 1161 4118 omnium
1181 4064 1298 4115 tam
1314 4059 1690 4131 praesentium
1705 4075 1882 4129 quam
1905 4065 1964 4114 et
1983 4058 2084 4113 ab-
2114 4043 2158 4108 C

442 4158 699 4218 sontium
730 4153 1143 4229 praedictorum
1165 4147 1428 4205 ﬁdelium
1450 4164 1740 4203 consensu
1766 4164 1859 4202 me
1878 4146 2092 4219 eligen-

436 4255 548 4319 tes,
578 4252 637 4305 et
665 4242 1069 4303 auctoritatem
1091 4244 1265 4311 atque
1287 4236 1600 4309 imperium
1632 4238 1849 4290 sancta
1875 4251 2091 4292 memo-

440 4339 541 4395 riae
589 4336 1081 4409 pradecessorum
1137 4343 1401 4383 meorum
1433 4323 1697 4396 Gregorii
1754 4329 1812 4379 et
1838 4324 2090 4381 Victoris

439 4428 654 4484 habere
671 4441 733 4480 se
758 4439 934 4494 super
954 4419 1061 4475 hoc
1082 4420 1435 4474 asserentes.
1453 4413 1625 4485 longe
1654 4412 1846 4483 impar
1865 4414 2089 4470 viribus

442 4516 591 4574 meis
613 4514 1022 4587 imposuerunt
1045 4525 1059 4575 ;
1080 4506 1183 4563 sed
1209 4503 1512 4576 quoniam,
1537 4504 1600 4557 ut
1630 4505 1763 4556 ante
1796 4506 1976 4558 Deum
2006 4503 2087 4559 lo-

440 4623 609 4679 quar,
643 4601 807 4659 nulla
852 4596 1093 4655 honoris
1123 4590 1462 4655 ambitione,
1482 4587 1647 4645 nulla
1675 4590 1914 4646 omnino
1946 4609 2091 4663 pm-

440 4678 799 4766 sumptione,
834 4689 936 4746 sed
969 4685 1093 4744 sola
1122 4686 1206 4739 tot
1238 4684 1652 4750 tantorumque
1680 4678 2090 4751 religiosorum

439 4784 701 4840 virorum
727 4798 843 4837 non
865 4780 1089 4849 absque
1111 4768 1371 4846 periculo
1389 4768 1814 4825 contemnenda
1825 4770 2093 4827 obedien-

442 4872 543 4942 tia,
567 4872 867 4929 conlidens
896 4869 1142 4938 insuper
1160 4863 1232 4918 de
1256 4855 1660 4914 misericordia
1672 4858 2090 4930 omnipotentis

442 4962 566 5028 Dei,
592 4965 821 5017 tantum
880 4973 1030 5013 onus
1077 4953 1135 5008 in
1169 4945 1439 5023 praesenti
1470 4943 1530 5000 in
1583 4949 1704 5001 tam
1764 4946 2090 5018 periculoso

442 5055 707 5123 tempore
736 5047 934 5105 subire
961 5060 1094 5100 sum
1124 5042 1380 5096 coactus.
1415 5034 1713 5107 Rogamus
1743 5039 1802 5090 et
1828 5037 2092 5096 obsecra-

443 5155 579 5195 mus
608 5138 665 5193 in
694 5135 934 5193 Domino
985 5133 1146 5195 Jesu,
1179 5132 1245 5184 ut
1277 5126 1338 5180 in
1381 5140 1449 5179 ea
1511 5140 1688 5196 quam
1748 5126 2005 5197 coepistis
2035 5134 2093 5185 et

444 5244 625 5301 quam
646 5225 884 5282 domino
902 5228 960 5279 et
980 5213 1391 5293 praedecessori
1430 5217 1629 5269 nostro
1662 5213 1838 5269 beatae
1870 5232 2089 5273 memo.

518 5369 592 5441 (3)
646 5367 899 5441 creatus
942 5367 1032 5441 est
1089 5355 1680 5441 summumst”?
1739 5356 2009 5441 Urbanus
2041 5360 2089 5416 II

446 5428 656 5513 quarto
678 5440 815 5513 Idus
838 5434 1233 5513 _Mart_ii,_‘an.no
1259 5428 1554 5513 .4088."l‘)ie
1586 5428 1782 5494 altera,
1816 5428 1872 5483 id
1907 5434 1996 5513 est
2027 5446 2089 5513 tu

2124 5417 2167 5481 Π
2196 5417 2562 5491 denuntiavit.
2580 5417 2695 5486 Has

2194 2706 2362 2785 stetis
2382 2706 2737 2801 in.pra31ioin
2754 2728 2848 2783 die
2867 2728 3075 2799 ipsius.
3100 2718 3216 2783 Vcs
3259 2743 3397 2800 ergo
3431 2727 3532 2798 qui
3562 2727 3843 2799 spiritua-

2189 2817 2324 2873 liter
2344 2818 2507 2886 estis,
2529 2834 2628 2872 eos
2644 2818 2743 2888 qui
2759 2816 3029 2873 instructi
3050 2834 3162 2873 non
3182 2822 3318 2872 sunt
3340 2818 3531 2873 verbis
3553 2823 3612 2873 et
3646 2834 3846 2873 exem-

2189 2907 2304 2981 plis
2328 2906 2616 2969 instruite,
2640 2911 2699 2960 et
2719 2906 3106 2961 exhortamini
3130 2904 3284 2960 sicut
3305 2905 3471 2961 scitis
3500 2909 3559 2960 et
3587 2906 3845 2962 necessi-

2188 3001 2280 3053 tas
2292 2996 2662 3067 exigithujus
2679 2994 2988 3066 periculosi
3008 2996 3310 3067 temporis.
3328 2996 3470 3050 Cum
3489 2997 3642 3049 enim
3678 2995 3837 3067 apud

2188 3102 2289 3141 vos
2314 3100 2498 3149 eram,
2523 3083 2670 3138 tales
2701 3100 2803 3138 vos
2846 3100 3050 3139 omnes
3092 3083 3307 3150 inveni,
3344 3088 3408 3138 ut
3456 3101 3592 3139 voce
3645 3084 3838 3155 ipsius

2190 3173 2419 3230 Domini
2455 3188 2684 3245 possem
2720 3172 2969 3228 clamare
3002 3175 3210 3229 :Amen
3238 3174 3364 3229 dico
3402 3174 3567 3237 vobis,
3602 3190 3718 3229 non
3749 3176 3835 3228 in-

2188 3265 2315 3320 vem’
2335 3271 2544 3318 tantam
2568 3262 2730 3332 ﬁdem
2746 3264 2802 3317 in
2828 3263 2997 3317 Israel
3013 3278 3032 3323 ;
3051 3264 3150 3333 qui
3195 3270 3382 3317 autem
3408 3264 3839 3337 perseveraverit

2189 3356 2250 3409 in
2269 3352 2453 3422 ﬁnem,
2478 3352 2568 3407 hic
2593 3352 2776 3407 salvus
2802 3352 2926 3407 erit.
2963 3356 3205 3422 Insuper
3235 3352 3387 3422 apud
3416 3352 3838 3423 omnipotentis

2188 3442 2288 3498 Dei
2327 3440 2786 3496 misericordiam
2817 3439 3127 3495 continuas
3158 3455 3357 3511 preces
3387 3438 3688 3504 effundite,
3724 3456 3840 3513 qua

2188 3534 2362 3585 tenus
2392 3533 2449 3584 et
2480 3527 2796 3583 Ecclesiam
2829 3543 2997 3583 suam
3015 3532 3278 3582 sanctam
3295 3526 3355 3581 in
3374 3528 3625 3598 gradum
3647 3527 3838 3597 pristi-

2190 3636 2332 3676 num
2361 3618 2815 3673 misericorditer
2835 3614 3466 3686 restauraredignetur.
3485 3621 3617 3687 Ipse
3637 3620 3836 3671 autem

2189 3709 2343 3765 Deus
2374 3707 2534 3779 pacis
2551 3709 2812 3761 conterat
2825 3708 3098 3759 Satanam
3121 3703 3233 3759 sub
3254 3704 3383 3775 pedi
3395 3706 3500 3759 bus
3516 3703 3730 3760 vestris
3746 3720 3838 3758 ve-

2189 3797 2413 3853 lociter.
2452 3793 2650 3849 Gratia
2699 3791 2932 3848 Domini
2960 3792 3144 3847 nostri
3173 3793 3308 3847 lesu
3347 3792 3559 3848 Christi
3591 3792 3673 3849 sit
3702 3809 3838 3850 cum

2190 3884 2465 3942 omnibus
2491 3882 2677 3944 vobis,
2708 3879 3077 3936 dilectissimi
3104 3879 3165 3935 in
3194 3880 3445 3937 Christo.

2263 3974 2473 4029 Datum
2509 3970 2663 4043 apud
2694 3969 3066 4026 Terracinam
3098 3986 3161 4025 ιιι
3195 3970 3331 4026 ldus
3362 3972 3440 4043 (3)
3471 3969 3686 4027 Martii.

2977 4076 3046 4132 ΙΙ.

2196 4167 2440 4241 Epistula
2502 4166 2708 4224 Urbani
2739 4167 2789 4241 [ι
2817 4181 2982 4241 papa?
3008 4166 3079 4221 ad
3126 4168 3405 4241 Hurgonem
3433 4168 3683 4223 abbatem
3714 4169 3840 4224 Clu-

2267 4241 2596 4295 niacensem.
2629 4268 2699 4279 —
2728 4238 3117 4309 Pontiﬁcatum
3160 4239 3267 4294 sibi
3294 4238 3535 4295 delatum
3594 4242 3839 4296 nuntiat.

2272 4313 2438 4383 Rogat
2465 4312 2523 4366 ut
2551 4309 2622 4365 ad
2649 4326 2703 4365 se
2729 4311 2937 4364 veniat.

2803 4399 2992 4471 (Anno
3020 4397 3202 4467 1088).

2497 4489 2788 4561 [ΜΑιιιιι.,
2820 4487 3021 4542 Annal.
3055 4487 3255 4544 Bened.
3288 4487 3356 4554 ν,
3387 4490 3539 4560 251.]

2271 4596 2547 4652 Haemus
2578 4594 2909 4666 episcopus,
2929 4609 3130 4650 servus
3154 4610 3454 4651 servorum
3481 4595 3602 4661 Dei,
3621 4596 3843 4653 Hucom

2198 4685 2684 4743 reverendissimo
2736 4682 2931 4738 abbati
2990 4682 3377 4751 Cluniacensi,
3411 4685 3687 4756 omnique
3717 4686 3846 4755 ejus

2199 4780 2399 4833 sancto
2424 4772 2730 4830 conventui
2755 4770 3003 4828 salutem
3024 4776 3083 4827 et
3102 4771 3481 4843 apostolicam
3502 4771 3847 4831 benedictio-

2200 4880 2357 4923 nem.

2271 4951 2556 5019 Quoniam
2579 4950 2948 5008 sanctitatem
2977 4954 3233 5006 vestram
3255 4951 3400 5006 satis
3431 4950 3660 5007 avidam
3691 4949 3843 5007 exal-

2197 5041 2436 5099 tationis
2452 5041 2724 5096 Romanis
2742 5039 3010 5094 Ecclesia
3028 5039 3319 5107 novimus,
3337 5056 3408 5096 ea
3427 5040 3725 5113 quascirca
3741 5054 3843 5094 nos

2198 5135 2329 5187 acta
2350 5133 2490 5187 sunt
2507 5127 2851 5201 compendio
2880 5127 3045 5184 vobis
3073 5128 3375 5185 notiﬁcare
3404 5145 3699 5185 curamus.
3735 5128 3843 5184 No-

2197 5222 2326 5274 tum
2338 5219 2537 5290 itaque
2549 5216 2798 5273 facimus
2810 5216 3111 5273 dilectioni
3123 5220 3347 5285 vestrae,
3361 5217 3517 5289 quod
3530 5216 3687 5290 apud
3701 5217 3841 5272 Ter-

2197 5363 2486 5444 decessoris
2510 5362 2627 5444 pie;
2654 5358 3421 5444 mcnwria'ndregoriifapae.
3441 5360 3845 5444 observaturum

2759 5446 2888 5486 orro
2908 5429 3135 5487 litteras
3154 5449 3189 5487 a
3214 5429 3462 5488 Baronio
3491 5431 3844 5488 desideratas

448 5499 585 5567 fdus
607 5511 816 5576 Martii,
835 5506 1029 5579 inquit
1050 5501 1353 5579 Bertoldus
1374 5501 1446 5579 ad
1466 5499 1623 5555 hunc
1653 5503 2097 5579 ann_u_m,_missi:
2206 5524 2272 5563 eo
2302 5499 2977 5579 libentius_evulgamus,
3000 5519 3114 5579 quo
3145 5503 3315 5577 plura
3343 5504 3416 5561 de
3445 5502 3735 5560 creatione
3752 5499 3847 5579 Ur.-

449 5584 649 5641 litteris
720 5572 970 5638 omnibus
1025 5575 1328 5649 catholicis,
1370 5576 1421 5628 et
1469 5587 1633 5649 suam
1686 5572 2096 5649 ordinationem
2203 5579 2341 5635 bani
2372 5572 2773 5649 Ilicontinent,
2806 5590 2933 5646 quae
2965 5572 3066 5631 aut
3085 5572 3365 5649 leguntur
3396 5591 3714 5648 nusquam,
3747 5573 3846 5628 aut

447 5655 700 5713 omnibus
729 5651 1047 5720 declaravit,
1070 5652 1120 5705 et
1148 5662 1204 5703 se
1235 5647 1295 5702 in
1325 5643 1575 5702 omnibus
1604 5644 1937 5715 vestigiasui
1954 5661 2093 5716 pm.

2203 5650 2375 5723 plane
2406 5648 2573 5704 aliter
2602 5646 2949 5701 referuntur.
