3962 6414
151 427 255 503 εει

1304 419 1711 490 EPISTOLE
1751 419 1851 486 ET
1895 417 2109 484 PRIVI
2119 420 2368 485 LEGIA.

3417 424 3536 489 986

155 575 395 633 raeinam
431 568 757 643 Campaniae
792 565 1082 624 civitatem
1115 568 1326 624 sancta:
1359 563 1630 619 Romanae
1679 560 1783 616 Ec-
1813 563 1868 628 Α
1896 557 2429 631 Gratian‘opolitanc
2460 556 2738 631 (Hugcni);
2769 540 2968 616 Diensi
3017 560 3282 634 (Ismz’onz‘)
3332 566 3390 619 et
3440 561 3536 617 Vi-

154 665 325 722 clesiaa
356 659 612 735 episcopi
663 663 720 714 et
750 653 1099 723 cardinales,
1130 651 1466 715 Portuensis
1495 649 1783 717 videlicet,

157 752 505 822 Sabinensis,
538 747 931 815 Tusculanus,
961 743 1311 801 Albanensis
1365 745 1421 798 et
1458 739 1782 814 Signensis,

157 863 278 903 eum
308 842 439 898 aliis
468 838 760 913 episcopis
790 852 1032 892 numero
1063 833 1353 891 sexdecim
1384 836 1443 887 et
1474 828 1786 886 abbatibus

158 938 413 1008 quatuor,
444 929 693 1000 aliisque
709 923 1161 998 quamplurimis
1189 921 1329 976 viris
1347 919 1634 993 religiosis
1656 935 1788 971 eon-

155 1007 718 1086 renientibus;cum
770 1012 1105 1070 Portuensis
1163 1010 1470 1083 episcopus
1521 1007 1788 1064 omnium

159 1115 543 1170 Romanorum
570 1104 914 1162 clericorum
963 1099 1257 1158 catholicae
1294 1097 1437 1171 parti
1471 1096 1789 1152 faventium

161 1221 215 1261 se
238 1203 495 1275 legatum
526 1196 760 1261 diceret,
796 1193 976 1248 abbas
1001 1207 1133 1246 vero
1163 1186 1496 1246 Casinensis
1518 1185 1791 1241 cardina-

158 1294 225 1351 lis
251 1291 532 1347 diaconus
589 1287 929 1341 creterorum
987 1279 1361 1336 diaconorum
1392 1294 1404 1342 ;
1438 1276 1500 1330 P.
1561 1288 1792 1347 quoque

160 1378 463 1439 cardinalis
488 1373 646 1431 tituli
677 1371 872 1429 Sancti
893 1367 1207 1425 Clementis
1245 1364 1506 1422 omnium
1529 1362 1793 1420 cardina-

161 1471 330 1537 lium;
359 1467 671 1541 praefectus
701 1465 895 1517 autem
919 1458 1089 1514 Urbis
1120 1456 1405 1513 laicorum
1437 1454 1701 1509 omnium
1733 1468 1798 1507 se

161 1562 299 1617 ferre
329 1556 617 1613 assereret
634 1550 1003 1625 legationem,
1029 1563 1280 1618 cumque
1306 1547 1437 1616 post
1456 1542 1796 1598 triduanum

156 1646 467 1723 jejunium,
496 1639 1021 1714 supplicationibus
1078 1634 1282 1690 multis
1322 1632 1669 1705 magnisque
1724 1627 1797 1683 ad

162 1740 338 1796 Deum
386 1732 660 1807 precibus
708 1729 1082 1784 vehementer
1124 1724 1478 1786 insisterent,
1531 1737 1646 1792 quo
1692 1735 1799 1807 ego

163 1805 403 1902 quidem
428 1821 669 1878 omnino
727 1818 938 1888 dignus
970 1830 1080 1868 non
1117 1811 1224 1866 fuit.
1273 1809 1510 1865 tandem
1541 1824 1633 1862 me
1688 1805 1797 1859 sibi

1889 647 2139 704 variensi
2172 646 2432 720 (Joanni),
2466 650 2523 704 et
2553 649 2820 706 universo
2842 647 2993 706 clero
3015 653 3072 707 et
3113 651 3327 726 populo
3363 653 3540 712 Vien-

1892 737 2091 793 nensis
2122 736 2412 805 Ecclesiae,
2436 737 2686 795 salutem
2710 744 2766 795 et
2789 740 3171 813 apostolicam
3194 744 3545 801 benedictio-

1893 843 2028 883 nem
2037 869 2050 881 .

1965 915 2250 972 Nolumus
2279 915 2455 972 latere
2499 917 2919 975 fraternitatem
2971 925 3225 978 vestram
3256 939 3364 979 nos
3420 922 3547 980 sola

1896 1004 2085 1078 gratia
2115 1005 2236 1070 Dei,
2268 1005 2445 1080 nullis
2475 1007 2692 1063 nostris
2718 1009 3177 1079 priscedentibus
3199 1011 3441 1083 meritis,
3474 1013 3547 1068 de

1900 1094 2165 1149 unanimi
2196 1101 2250 1149 et
2311 1095 2621 1152 universali
2680 1096 3097 1155 catholicorum
3152 1116 3440 1158 consensu
3472 1101 3546 1156 ad

1904 1185 2223 1240 Romanam
2250 1184 2566 1241 Ecclesiam
2584 1201 2650 1241 ac
2676 1186 2921 1242 Romani
2946 1187 3298 1260 pontiﬁcalis
3315 1188 3547 1248 culmen

1902 1273 2134 1329 electos.
2170 1273 2330 1329 Unde
2361 1274 2661 1345 quoniam,
2696 1280 2762 1331 ut
2778 1275 3069 1348 scriptura
3092 1281 3539 1353 testaturJrater

1902 1362 2132 1432 fratrem
2189 1363 2471 1435 adjumms,
2525 1366 2719 1420 civitas
2778 1368 2996 1422 munita
3049 1370 3102 1422 et
3144 1370 3310 1438 fortis
3365 1369 3546 1440 (Prov.

1906 1468 2060 1517 xvm,
2092 1452 2115 1506 4
2128 1454 2204 1522 9),
2238 1469 2513 1525 rogamus
2540 1470 2643 1509 vos
2672 1459 2729 1509 et
2783 1455 3159 1511 obsecramus
3191 1448 3250 1511 in
3308 1458 3550 1515 Domino

1904 1539 2046 1595 Jcsu
2078 1539 2323 1606 Lhristo,
2355 1544 2421 1596 ut
2478 1545 2599 1597 tam
2632 1559 2735 1615 pro
2784 1543 2952 1600 nobis
2981 1560 3158 1616 quam
3214 1562 3321 1618 pro
3350 1551 3553 1603 sancta

1909 1632 2096 1684 matre
2126 1633 2318 1685 vestra
2373 1630 2635 1686 Romana
2679 1631 2936 1688 Ecclesia
2962 1631 3326 1690 incessanter
3354 1635 3550 1692 Domi-

1912 1735 2052 1773 num
2076 1720 2343 1784 exoretis,
2361 1727 2653 1791 quatenus
2683 1723 2835 1791 quod
2855 1723 2981 1792 ejus
3002 1726 3147 1778 nutu
3171 1722 3445 1781 inchoare
3462 1742 3555 1797 po-

1909 1808 2450 1873 tuimus,univcrsis
2481 1809 2854 1866 inimicorum
2893 1811 3211 1873 obstaculis
3238 1813 3553 1885 superatis,

163 1896 366 1992 quarto
386 1913 526 1970 ldus
546 1907 736 1966 Martii
769 1906 825 1961 in
862 1903 1191 1978 pontiﬁcem
1215 1900 1529 1973 elegerunt.
1558 1896 1799 1995 Quibus,
1841 1936 1881 1998 Β
1914 1897 1982 1998 ad
2018 1896 2225 1970 (lignus
2259 1896 2487 1968 sibique
2524 1898 2815 1970 placentes
2846 1901 3087 1959 effectus
3118 1902 3431 1971 perducere
3457 1920 3556 1959 va-

161 1984 337 2063 ﬁeum
368 2007 575 2067 testor,
597 2015 710 2054 non
742 1992 1080 2052 ambitionis
1102 2008 1299 2055 causa,
1324 2006 1428 2044 nec
1450 1987 1701 2058 alicujus
1723 1984 1806 2040 di-

160 2094 397 2171 gnitatis
429 2087 717 2146 desiderio
747 2100 1057 2140 assensum
1107 2078 1324 2153 przebui
1352 2095 1366 2141 ;
1422 2077 1518 2130 sed
1554 2075 1693 2171 quia
1722 2077 1808 2129 tot

158 2164 452 2253 tantisque
487 2178 628 2233 viris
685 2173 1026 2230 inobediens
1087 2185 1212 2225 esse
1269 2168 1529 2231 verebar,
1586 2164 1806 2253 talique

159 2273 311 2349 quali
345 2252 609 2341 tempore
633 2265 681 2320 si
716 2266 1003 2337 quantum
1031 2260 1102 2315 ad
1135 2274 1226 2349 me
1256 2252 1811 2349 periclitantiEccle-

161 2343 253 2421 sia
266 2379 385 2417 non
408 2353 994 2420 subvenirem,Deum
1014 2365 1106 2405 me
1128 2347 1419 2403 offendere
1441 2343 1808 2407 metuebam;

163 2445 649 2527 praesertim'cum
714 2442 1169 2515 przsdecessores
1229 2451 1391 2527 meos
1436 2434 1590 2527 viros
1627 2430 1808 2527 omni

162 2519 531 2598 reparatione
563 2527 1143 2606 dignos,Gregorium
1177 2523 1401 2578 scilicet
1431 2526 1606 2593 atque
1627 2519 1814 2574 Victo-

166 2648 306 2696 rem,
335 2628 447 2683 hoc
478 2622 589 2682 sibi
622 2620 814 2678 divino
838 2615 1180 2691 prmrrpisse
1203 2614 1492 2667 asserunt.
1525 2610 1682 2682 Rogo
1703 2606 1810 2679 igi-

164 2725 277 2786 tur,
310 2709 877 2773 desiderantissime,
912 2704 1279 2775 nimiumque
1334 2707 1390 2756 te
1420 2700 1696 2796 deprecor
1729 2704 1809 2796 ut,

166 2810 211 2867 si
233 2824 353 2881 qua
373 2805 478 2860 tibi
503 2806 647 2859 sunt
670 2798 899 2871 pietatis
923 2795 1160 2854 viscera.
1178 2792 1227 2848 si
1251 2808 1367 2861 qua
1387 2788 1486 2843 filii
1510 2793 1566 2844 et
1589 2786 1812 2881 alumni

164 2879 370 2954 tui—est
400 2893 508 2950 tibi
530 2888 834 2954 memoria,
866 2900 959 2939 me
990 2883 1238 2937 multum
1274 2880 1328 2932 id
1363 2879 1692 2950 cupientem
1715 2880 1816 2930 tua

165 2982 475 3061 praesentia
502 2976 815 3042 consolari,
849 2977 1232 3042 sanctamque
1255 2972 1497 3023 matrem
1519 2970 1677 3061 tuam
1702 2964 1814 3019 Ro-

169 3053 407 3132 manam
438 3067 779 3131 Ecclesiam,
808 3064 857 3118 si
892 3077 1151 3133 unquam
1184 3056 1459 3130 possibile
1492 3053 1683 3122 fuerit,
1716 3058 1814 3108 tuo

168 3164 425 3222 multum
453 3158 626 3216 nobis
648 3152 891 3228 optabili
917 3152 1159 3207 adventu
1187 3148 1417 3203 visitare
1450 3145 1727 3213 digneris.
1748 3144 1819 3195 At

168 3271 322 3319 vero,
359 3248 410 3307 si
440 3249 500 3305 id
532 3246 657 3302 ﬁeri
681 3243 900 3315 nequit,
935 3246 999 3296 ut
1024 3238 1168 3293 tales
1199 3236 1424 3291 deﬁliis
1454 3234 1572 3289 tuis
1591 3232 1815 3288 confra-

1915 1984 2164 2042 leamus.
2215 1987 2329 2042 Nos
2377 1993 2573 2044 autem
2630 2007 2734 2061 pro
2773 1994 2928 2045 certo
2986 1990 3184 2048 sciatis
3244 1990 3559 2047 Ecclesiam

1913 2078 2164 2130 vestram
2199 2075 2448 2130 multum
2502 2075 2765 2149 diligere,
2824 2094 3069 2152 eamque
3124 2079 3275 2136 inter
3326 2083 3562 2137 caeteras
3654 2151 3667 2160 _

1915 2167 2126 2219 nostra:
2165 2164 2537 2236 providentia:
2597 2166 2943 2222 commissas
3002 2166 3289 2225 Ecclesias
3348 2186 3562 2243 magno

1916 2254 2134 2309 amoris
2160 2257 2288 2309 voto
2310 2271 2519 2327 cupere
2547 2255 2853 2312 honorare.
2887 2257 3173 2321 Quoniam
3205 2257 3387 2331 igitur
3405 2259 3562 2330 jam-

1918 2342 2017 2397 diu
2040 2345 2231 2396 vestra
2253 2342 2590 2415 metropolis
2617 2348 2846 2416 pastore
2868 2346 3243 2419 cognoscitur
3261 2346 3562 2419 destituta,

1919 2430 2238 2503 apostolica
2255 2431 2429 2487 'vobis
2460 2431 2840 2504 praeceptione
2870 2434 3223 2491 mandamus
3255 2439 3319 2491 ut
3371 2435 3563 2492 eidem

1920 2519 2202 2589 Ecclesias,
2238 2521 2585 2592 quantocius
2612 2522 2898 2593 poteritis,
2930 2526 3135 2595 aptum
3186 2527 3243 2579 et
3285 2524 3561 2580 idoneum

1922 2613 2211 2681 pastorem
2243 2609 2453 2682 eligere
2470 2611 2813 2683 procuretis.
2832 2612 3021 2667 Tanta
3040 2611 3196 2668 enim
3218 2612 3418 2669 dilatio
3439 2629 3563 2668 ma-

1921 2714 2101 2771 gnum
2119 2697 2837 2772 detrimentum,magnam
2850 2700 3178 2756 animarum
3195 2700 3342 2757 solet
3360 2702 3566 2758 afferre

1921 2787 2257 2859 perniciem.
2282 2788 2573 2843 Canonica
2601 2788 2777 2844 etiam
2810 2791 3153 2845 auctoritate
3175 2794 3414 2853 cautum
3438 2806 3567 2847 esse

1923 2877 2127 2942 nostis,
2149 2876 2305 2948 quod
2329 2876 2481 2932 ultra
2499 2880 2619 2932 tres
2641 2894 2875 2934 menses
2895 2879 3164 2951 episeopo
3185 2896 3291 2935 suo
3312 2870 3571 2936 Ecclesia

1921 2982 2124 3021 vacare
2156 2982 2270 3020 non
2291 2966 2462 3022 debet
2483 2970 2721 3037 ;quanto
2739 2967 2918 3039 igitur
2939 2967 3137 3023 minus
3151 2962 3254 3041 per
3281 2972 3366 3024 tot
3385 2985 3568 3024 anno-

1924 3073 2056 3110 rum
2089 3054 2412 3110 curriculal
2453 3055 2519 3111 Et
2549 3056 2826 3128 quoniam
2860 3057 3099 3113 solitum
3130 3060 3237 3126 est,
3271 3056 3331 3112 in
3380 3057 3570 3131 spatio

1928 3160 2044 3215 quo
2090 3150 2254 3198 vacat
2309 3142 2584 3211 Ecclesia,
2617 3162 2652 3200 a
2701 3145 2980 3223 nonnulls
3034 3144 3374 3220 irreligiosis
3419 3147 3574 3203 bona

1926 3233 2053 3303 ejus
2086 3249 2149 3286 ac
2181 3232 2462 3288 beneﬁcia
2493 3233 2687 3306 diripi,
2723 3233 3039 3306 apostolica
3086 3234 3195 3291 hoc
3237 3234 3574 3317 omnimode

381 3338 533 3396 meis
559 3340 615 3391 te
643 3334 714 3390 ad
740 3307 844 3387 nbs
867 3307 1145 3385 mandare
1162 3343 1278 3383 non
1304 3322 1580 3402 pigeat,in
1599 3320 1814 3392 quibus
1847 3307 1889 3372 C
1929 3320 2269 3376 auctoritate
2300 3321 2764 3379 interdicendum
2789 3325 3141 3380 mandamus
3167 3342 3181 3391 ;
3212 3323 3323 3381 hoc
3344 3312 3576 3398 quoque

167 3437 225 3489 te
252 3431 512 3498 videam,
544 3429 599 3481 te
630 3420 969 3494 suscipiam,
1002 3421 1111 3474 tuae
1157 3411 1570 3470 consolationis
1605 3411 1662 3465 in
1711 3410 1817 3463 im-

169 3519 396 3577 mensis
424 3509 965 3589 perturbationibus
1000 3506 1225 3579 positus
1255 3502 1423 3557 verba
1449 3514 1818 3589 cognoscam,

170 3609 270 3684 qui
300 3588 468 3665 tuam
501 3602 841 3658 charitatem
892 3604 1126 3684 tuasque
1169 3590 1495 3649 dilectionis
1551 3588 1820 3684 affectum

172 3676 318 3756 mihi
349 3692 791 3768 repraesentant,
844 3685 940 3760 qui
974 3682 1227 3757 qualiter
1257 3687 1307 3736 et
1344 3685 1399 3735 tu
1444 3676 1824 3768 omniumque

171 3765 438 3846 fratrum
456 3785 790 3839 nostrorum
827 3793 886 3832 se
912 3774 1128 3830 habent
1155 3767 1521 3843 congregatio
1553 3765 1695 3821 mihi
1726 3765 1822 3820 dc-

172 3876 468 3934 nuntient.
502 3871 711 3926 Precor
767 3871 959 3921 autem
992 3868 1052 3917 ut
1080 3878 1312 3915 omnem
1345 3862 1679 3913 sanctorum
1712 3853 1824 3908 fra-

171 3973 334 4023 trum
367 3957 879 4032 congregationem
934 3966 1300 4031 commonere
1331 3947 1528 4011 facias,
1578 3948 1640 3999 ut
1672 3943 1825 4014 apud

172 4047 600 4126 omnipotentis
620 4045 721 4102 Dei
740 4040 1106 4099 clementiam
1131 4054 1329 4112 preces
1349 4034 1667 4096 effundant,
1694 4048 1829 4130 qua-

174 4150 353 4201 tenus
376 4146 435 4198 et
455 4155 564 4195 nos
580 4140 636 4193 ct
655 4132 974 4191 Ecclesiam
1002 4145 1169 4186 suam
1195 4131 1478 4191 sanctam,
1500 4140 1625 4195 qua:
1653 4126 1829 4177 lautis

171 4234 412 4289 videtur
439 4219 1055 4299 subjaeerepericulis,
1076 4219 1135 4273 in
1159 4216 1477 4290 pristinum
1501 4215 1830 4268 restaurare

174 4325 402 4381 statum
436 4317 729 4389 dignetur.
757 4311 995 4366 Noveris
1023 4308 1178 4364 enim
1214 4304 1487 4360 omnibus
1518 4300 1830 4373 specialius

173 4414 288 4470 hoc
318 4406 623 4483 negotium
656 4417 832 4473 super
863 4403 916 4454 te
947 4397 1217 4470 pendere.
1251 4392 1412 4448 Vale.

250 4479 470 4558 Datum
502 4511 566 4551 ιιι
596 4492 733 4549 Idus
763 4487 901 4545 Maii
932 4487 1086 4559 apud
1113 4483 1487 4540 Terracinam
1521 4479 1644 4553 (3').

968 4612 1063 4668 ΙΙΙ.

180 4680 395 4776 Urbani
422 4713 475 4769 Π
496 4722 663 4783 papa
688 4704 920 4783 epistola
943 4701 1350 4783 ad_ep_iscopos,
1403 4697 1609 4783 ﬁlerunt
1656 4702 1707 4749 et
1732 4708 1835 4783 pc:
1868 4679 1912 4743 D

249 4787 450 4862 pultm:
494 4779 825 4862 Viennensis

254 4850 658 4927 hrchiepistopc
686 4850 862 4927 elige?!

247 4921 476 5004 pastore
502 4921 639 4982 esset
665 4921 941 4978 destituta.

456 5030 469 5045 τ
817 5009 1001 5079 (Anno
1039 5004 1219 5074 1088.)

180 5126 275 5200 [D.
308 5116 878 5200 Bonoqs'r,__liect{eil,
940 5118 1081 5169 tom.
1298 5105 1610 5200 pagatim,
1647 5119 1715 5159 ea:
1747 5104 1836 5158 Bi-

340 5178 384 5222 Ϊ
413 5178 425 5179 ί
449 5178 473 5186 ’
501 5178 690 5249 blioth.
723 5178 980 5253 Florida,
1014 5187 1178 5257 parte
1208 5178 1395 5252 mfpf
1413 5178 1529 5250 711.]

258 5304 543 5361 υιιΒΑΝυε
573 5296 904 5371 episcopus,
931 5307 1131 5348 servus
1163 5302 1462 5344 servorum
1494 5282 1591 5338 Dei
1611 5298 1841 5371 venera-

181 5393 413 5451 bilibus
441 5369 735 5462 episcopis
764 5387 820 5440 et
875 5378 1288 5438 confratribus.
1337 5371 1646 5462 Valentino
1680 5369 1840 5462 (Gen-

182 5483 395 5551 tardo),
424 5459 747 5535 Genevensi
778 5471 1077 5545 (Guidoni),
1101 5464 1495 5524 Maurianensi
1528 5459 1840 5534 (Conrado),

920 4765 1200 4831 rovinciaz.
1234 4765 1247 4770 ’
1274 4801 1339 4809 -
1397 4768 1468 4823 De
1543 4765 1835 4821 Viennensi

920 4793 1200 4831 I‘O‘UINCléL'.
1274 4801 1339 4809 —
1397 4793 1468 4823 νυ
1546 4793 1560 4821 ν
1583 4793 1830 4820 ιινηηυιωι

867 4793 954 4915 ἕο,
985 4861 1106 4900 cum
1132 4843 1249 4899 haec
1275 4839 1582 4910 nacti-epotis
1599 4837 1719 4909 jam
1742 4836 1837 4890 diu

259 5624 367 5693 (3')
397 5622 529 5678 Haec
553 5615 803 5693 epistola
818 5613 928 5693 seri
938 5616 1034 5685 pta
1047 5611 1276 5693 videtur
1295 5604 1571 5693 postridie
1586 5604 1713 5693 ejus
1730 5601 1843 5693 cie:

183 5677 424 5761 etienis,
450 5677 715 5762 adeo‘que
732 5677 1210 5762 forte_légendum
1242 5677 1460 5762 uildus
1473 5677 1706 5762 ’.Μαι-ωε
1729 5677 1844 5749 nisi

183 5768 237 5823 si
256 5751 392 5839 post
414 5751 843 5822 dedicationem
863 5751 1097 5814 Bantini
1114 5751 1453 5810 monasterii
1472 5751 1844 5806 Terracinam

1931 3409 2255 3481 specialiter
2302 3410 2701 3483 prmeipientes
2732 3416 2798 3467 ut
2827 3412 3081 3469 Ecclesia
3101 3414 3490 3470 Remanensis
3521 3418 3578 3470 et

1930 3495 2185 3551 Ecclesia
2198 3495 2417 3552 B.Petri
2431 3497 2503 3552 de
2523 3499 2987 3570 Campania,qua3
3001 3501 3109 3556 sub
3124 3501 3259 3572 jure
3279 3518 3344 3557 ac
3358 3501 3579 3558 ditione

1929 3585 2278 3640 Viennensis
2314 3584 2578 3647 Ecclesia:
2607 3588 2935 3660 antiquitus
2992 3588 3174 3645 fuisse
3231 3594 3575 3659 noscuntur,

1931 3673 2115 3730 eiilem
2152 3675 2417 3731 Ecclesia;
2465 3676 2658 3749 quiete
2713 3682 3112 3749 permaneant,
3146 3684 3204 3736 et
3261 3679 3423 3753 nulla
3452 3674 3578 3737 ma-

1933 3779 2048 3836 gna
2081 3779 2371 3835 parvaque
2400 3782 2650 3835 persona
2664 3765 2749 3822 vel
2766 3765 2924 3839 ipsas
2948 3767 3251 3835 Ecclesias,
3273 3768 3360 3824 vel
3375 3785 3576 3825 earum

1935 3853 2087 3907 bona
2114 3852 2349 3908 Viennae
2392 3853 2676 3924 Ecclesiae,
2737 3856 2957 3929 absque
3014 3855 3265 3929 alicujus
3317 3854 3579 3930 persona

1935 3941 2343 3999 molestatione
2372 3960 2476 4000 seu
2507 3943 3118 4018 diminutione,quieta
3138 3950 3195 4002 et
3214 3945 3441 4004 illibata
3458 3964 3583 4020 per-

1937 4046 2172 4085 manere
2203 4032 2311 4086 sub
2345 4033 2435 4087 sui
2469 4034 2758 4106 pontiﬁcis
2782 4034 3100 4107 apostolica
3129 4037 3470 4093 auctoritate
3489 4030 3585 4093 de-

1938 4119 2252 4175 cernimus.
2286 4120 2765 4197 Obtemperantes
2795 4141 2896 4181 vos
2943 4124 3319 4197 ju'ssionibus
3358 4123 3583 4187 anestris

1939 4209 2310 4283 omnipotens
2332 4211 2487 4268 Deus
2512 4213 2835 4270 benedicat.
3306 4214 3319 4219 ”
3438 4214 3443 4215 ί

2716 4358 2810 4413 ιν.

1947 4441 2153 4498 Urbani
2180 4444 2232 4498 II
2252 4459 2418 4569 papae
2445 4446 2674 4516 epistola
2701 4446 2773 4502 ad
2826 4448 3199 4532 Lam/raucum
3230 4448 3592 4532 Cantaurian-

2013 4529 2128 4568 sem
2155 4530 2251 4569 aro
2290 4532 2641 4569 zemsconum.
2661 4549 2726 4559 —
2756 4519 2832 4569 De
2857 4520 3111 4569 Eeclesme
3137 4524 3409 4569 anausim
3436 4537 3500 4569 ac
3526 4520 3592 4569 de

2013 4529 2128 4568 sem
2155 4516 2641 4591 archiepzsccpum.
2661 4549 2726 4559 —
2756 4519 2832 4576 De
2857 4516 3111 4577 Ecclesiae
3137 4521 3409 4591 angustiis
3436 4537 3500 4577 ac
3526 4520 3593 4577 de

2015 4589 2252 4655 suscepto
2277 4588 2533 4658 ponti/ica
2541 4593 2620 4644 tu.

2569 4696 2756 4764 (Anno
2791 4697 2971 4763 1088.)

2057 4808 2271 4874 [Edidit
2300 4810 2657 4877 Tuemsncs,
2690 4811 2970 4882 Disqm'sit.
3003 4813 3200 4879 critic,
3237 4828 3292 4883 p.
3328 4811 3477 4882 207.]

1948 4923 2227 4978 Unamus
2240 4925 2328 4997 epi
2339 4917 2779 4995 scopus,servns
2802 4944 3098 4983 servorum
3112 4926 3232 4995 Dei,
3254 4928 3593 4984 LANFRANCO

1948 5018 2159 5067 sancta:
2172 5013 2614 5070 Cantuariorum
2629 5015 2892 5071 Ecclesiae
2915 5015 3393 5073 reverendissimo
3414 5016 3599 5073 archi-

1949 5100 2219 5174 episcopo
2252 5102 2502 5160 salutem
2533 5107 2590 5160 et
2618 5104 2997 5178 apostolicam
3036 5105 3521 5162 benedictionem.

2018 5190 2141 5245 Non
2171 5191 2349 5247 latere
2362 5193 2656 5251 credimus
2670 5196 3041 5268 prudentiam
3053 5200 3214 5252 tuam
3224 5191 3244 5266 ,’
3253 5190 3598 5252 charissima

1949 5279 2140 5345 Pater,
2174 5286 2317 5351 quot
2348 5282 2640 5354 procellis,
2672 5288 2816 5357 quot
2845 5285 3297 5358 tempestatibus
3327 5301 3395 5340 ex
3422 5284 3596 5358 longo

1942 5369 2067 5439 jam
2101 5371 2359 5442 tempore
2390 5372 2610 5444 patitur
2640 5374 2805 5431 navis
2853 5374 3005 5431 Petri
3027 5376 3248 5447 jactata
3277 5391 3378 5431 seu
3411 5372 3597 5447 negli-

1951 5461 2118 5527 gente
2151 5456 2248 5514 illo
2271 5476 2375 5516 seu
2403 5462 2599 5534 potius
2630 5463 2954 5521 dormiente
2984 5464 3055 5521 ad
3089 5454 3279 5539 ipsam
3309 5463 3426 5520 fere
3457 5463 3599 5520 sub-

1952 5601 2203 5679 rcvertit,
2244 5604 2486 5679 pndein
2517 5607 2775 5665 Siciliam
2797 5607 3209 5665 transmiserit.
3231 5607 3598 5679 Quamquam

1952 5673 2109 5729 haud
2140 5673 2455 5733 verisimile
2484 5683 2575 5733 est
2604 5680 2903 5737 Urbanum
2934 5685 3052 5736 tam
3083 5696 3211 5735 sero
3255 5673 3599 5735 electiSnem

1952 5762 2121 5802 suam
2144 5748 2550 5806 amantissimo
2571 5751 2728 5808 Patri
2760 5752 3143 5826 signiﬁcasse.
