3950 6378
389 358 506 428 287

1697 357 1769 420 Β.
1814 357 2104 420 URAANI
2151 357 2203 420 II
2248 357 2499 420 ΡΑΡΔΞ.

3681 357 3804 418 288

387 491 741 552 mersionem
773 489 1055 566 perducta
1085 489 1176 549 sit.
1203 489 1538 549 Pervenisse
1559 487 1732 547 etiam
1756 489 1827 546 ad
1859 507 2030 548 aures
2059 492 2116 561 Α
2145 508 2298 562 mus,
2331 494 2396 548 ut
2427 494 2482 548 et
2510 489 2560 548 ei
2594 489 2651 547 in
2679 489 2911 549 servitio
2959 490 3113 549 beati
3145 490 3295 549 Petri
3319 493 3375 546 et
3433 489 3801 562 adjutorium

386 582 685 656 religionis
717 587 829 638 tuae
863 601 980 639 non
1012 579 1376 648 dubitamus,
1411 581 1563 654 quod
1595 585 1893 652 expetente
1926 598 2033 637 nos

385 676 562 747 atque
585 678 827 745 cogente
841 672 1112 728 universa
1125 671 1537 728 catholicorum
1553 671 1834 724 duntaxat
1847 668 2034 725 Eccle-

385 761 491 829 sia,
529 763 886 835 praecedente
919 778 1150 832 quoque
1167 760 1399 832 gemina
1426 759 1795 815 dominorum
1822 760 2033 831 prmdc-

383 867 683 907 cessorum
698 849 1296 921 nostrorumGregorii
1312 847 1700 921 atqueVitellii
1716 847 2031 902 inevitabili

383 938 782 1011 praeceptione,
801 937 1081 1012 temporis
1107 937 1283 992 etiam
1303 937 1645 992 necessitate
1673 936 2033 1008 permaxima

381 1027 836 1099 constringente,
859 1027 930 1082 ad
965 1042 1264 1081 summum
1289 1027 1560 1080 Romanae
1592 1025 1746 1081 sedis
1769 1025 2032 1080 sacerdo-

380 1117 530 1173 tium
552 1117 779 1190 indigni
802 1116 1036 1172 omnino
1051 1119 1106 1170 et
1126 1132 1366 1188 prorsus
1387 1119 1547 1170 tanto
1569 1115 1760 1170 ofﬁcio
1777 1115 2029 1186 impares

381 1223 495 1279 quo
508 1206 701 1262 nescio
733 1206 802 1261 de
818 1205 1040 1276 judicio
1067 1203 1320 1277 provecti
1343 1205 1739 1269 sumus.Quod
1762 1203 2030 1259 videlicet

379 1296 671 1369 quomodo
693 1299 750 1351 et
769 1293 1017 1366 qualiter
1033 1298 1262 1366 gestum
1279 1293 1427 1360 sit,si
1449 1309 1562 1347 non
1593 1291 1832 1346 forsitan
1862 1292 2029 1362 plene

378 1384 670 1451 eddicisti,
703 1382 1122 1438 dilectissimus
1149 1381 1304 1438 filius
1340 1385 1536 1436 noster
1560 1381 2030 1453 Rogerus,cardi-

378 1472 798 1528 nalisEcclesia
814 1475 1022 1528 nostras
1037 1470 1662 1539 subdiaconus,ordine
1681 1473 1802 1525 toto
1817 1470 2028 1525 referre

374 1560 607 1617 valebit.
641 1561 806 1615 Nunc
839 1562 1053 1632 itaque,
1081 1560 1359 1632 quoniam
1383 1563 1593 1614 sancta:
1619 1559 1888 1614 Romanae
1921 1559 2024 1612 Ec-

374 1649 561 1706 clesiae
593 1649 800 1705 matris
823 1649 1092 1704 videlicet
1112 1653 1222 1704 tuae
1256 1666 1440 1703 unum
1465 1652 1518 1703 te
1545 1647 1653 1703 hoc
1677 1653 1936 1720 tempore
1957 1648 2028 1702 de

371 1738 728 1812 primoribus
759 1737 943 1793 {ilium
980 1737 1413 1793 nobilissimum
1439 1741 1493 1792 et
1513 1737 1885 1792 verissimum
1911 1737 2026 1791 sci-

372 1828 606 1895 mus,ad
641 1828 768 1898 ejus
790 1826 1195 1894 servitium,ad
1231 1827 1356 1897 ejus
1379 1826 1875 1890 defensionem,ad
1899 1826 2025 1896 ejus

373 1917 627 1988 denique
678 1915 932 1970 debitam
969 1915 1361 1971 obedientiam
1405 1915 1828 1970 fraternitatem
1862 1920 2023 1970 tuam

374 2005 584 2061 litteris
616 2004 999 2077 praesentibus
1031 2004 1368 2074 invitamus,
1392 2008 1447 2059 et
1478 2009 1542 2059 ut
1575 2005 1620 2058 ei
1651 2004 1706 2058 in
1726 2003 1901 2058 tantis
1926 2021 2023 2058 ne-

372 2093 744 2150 cessitatibus
776 2095 1071 2166 tantisque
1103 2092 1375 2166 periculis
1407 2097 1462 2148 et
1492 2092 1719 2148 concilii
1751 2097 1807 2147 et
1823 2092 2023 2148 auxilii

370 2184 458 2240 tui
488 2185 786 2239 dexteram
818 2184 1102 2256 porrigas,
1135 2183 1363 2238 enixius
1394 2182 1749 2254 flagitamus.
1803 2182 2022 2254 Religio

371 2273 663 2344 siquidem
692 2273 1004 2344 prudentia
1034 2278 1089 2328 et
1120 2273 1264 2328 fides
1296 2272 1527 2344 egregia
1557 2277 1658 2326 tua
1676 2271 1894 2342 ubique
1917 2277 2024 2325 ter-

370 2378 568 2418 rarum
595 2362 695 2418 Dei
727 2362 916 2435 gratia
947 2363 1173 2418 famosa
1202 2366 1259 2417 et
1317 2360 1562 2416 celebris
1602 2366 1710 2416 est.
1765 2359 2022 2416 Ecclesia

367 2468 520 2521 vero,
555 2451 648 2507 cui
678 2452 979 2525 praesides,
1016 2468 1193 2524 quam
1227 2449 1540 2522 specialius
1586 2466 1716 2506 esse
1748 2450 2021 2504 Romanm

367 2541 574 2597 debeat
598 2541 864 2597 Ecclesia:
896 2542 1170 2597 obediens
1201 2558 1266 2596 ac
1297 2540 1520 2606 devota,
1546 2557 1648 2612 per
1673 2555 1848 2612 quam
1867 2537 2020 2595 scili-

367 2635 457 2687 cet
489 2630 784 2687 catholica:
810 2631 942 2687 ﬁdei
977 2631 1308 2686 rudimenta
1334 2629 1660 2701 suscipiens
1693 2647 1726 2682 a
1747 2628 2020 2684 servitute

365 2719 1098 2788 estdamoniacaliberata,
1125 2737 1238 2774 non
1266 2723 1356 2775 est
1374 2718 1756 2790 incognitum.
1774 2718 2020 2774 Studeat

366 2801 546 2882 igitur
572 2827 635 2864 ac
669 2813 899 2882 satagat
928 2808 1242 2882 prudentia
1280 2812 1382 2863 tua
1410 2824 1513 2880 pro
1546 2807 1693 2863 scire
1722 2824 1824 2878 pro
1846 2823 2016 2879 posse

367 2899 639 2955 Romanae
658 2897 924 2954 Ecclesia:
948 2897 1138 2954 modis
1156 2897 1428 2952 omnibus
1454 2897 2020 2962 subvenire,studeat

365 2991 598 3044 nostras
633 2986 917 3043 Ecelesias
949 2986 1207 3043 locorum
1267 2985 1488 3042 scilicet
1534 2985 1864 3041 diversitate
1895 2985 2015 3040 dis-

361 3079 574 3145 tantes,
609 3075 1031 3133 catholicorum
1055 3092 1287 3133 morum
1320 3074 1540 3130 unitate
1571 3078 1931 3143 connectere,
1961 3078 2018 3129 et

363 3165 411 3221 si
444 3165 582 3238 quid
614 3166 674 3220 in
695 3165 962 3238 partibus
979 3164 1094 3221 illis
1127 3163 1457 3238 apostolica:
1481 3163 1605 3219 sedi
1628 3163 2008 3232 contrarium,

2143 581 2201 636 in
2234 580 2527 647 omnibus,
2561 579 2778 653 quibus
2807 579 3147 654 indiguerit,
3180 581 3407 636 tribuas
3458 596 3802 636 exoramus.

2213 671 2358 725 Data
2387 671 2540 742 apud
2573 669 2882 726 Terracina
2903 675 3110 743 quarta
3140 669 3277 726 Idus
3307 667 3542 741 Aprilis.

2943 777 3011 834 V.

2141 866 2418 921 Primitias
2448 869 2703 923 Ecclesiae
2752 868 3119 1008 ἷιλίειαηῗοὲἓ
3141 869 3427 1009 ςιίδραηίιέ
3454 869 3799 924 restituitur.

2836 956 2948 994 nno
3128 982 3137 991 .

2836 956 2948 994 nno
2983 956 3137 993 1υόὄ.

2247 1025 2568 1096 [ΜΑΒῐιωΝ
2601 1031 2657 1082 et
2689 1028 2972 1096 RUINART,
3009 1029 3168 1082 Ott-vr.
3191 1030 3367 1100 posth.
3398 1027 3492 1096 III,
3522 1029 3674 1100 3/14.]

2212 1115 2488 1170 Unexrws
2501 1115 2831 1188 episcopus,
2847 1133 3049 1172 servus
3073 1134 3372 1173 servorum
3389 1117 3511 1183 Dei,
3528 1135 3797 1175 reveren-

2139 1202 2384 1260 dissimo
2417 1204 2578 1259 fratri
2631 1206 2960 1272 BERNARDO,
2994 1205 3430 1279 archiepiscopo
3490 1207 3796 1277 Toletano,

2139 1293 2384 1365 ejusque
2421 1294 2863 1350 successoribus
2897 1295 2951 1349 in
2986 1300 3351 1368 perpetuum.

2208 1383 2446 1439 Cunctis
2483 1388 2818 1440 sanctorum
2851 1384 3169 1441 decretales
3199 1385 3522 1442 scientibus
3557 1386 3798 1443 institu-

2135 1471 2322 1527 tiones
2354 1471 2537 1544 liquet
2591 1478 2819 1544 quantaa
2849 1473 3129 1529 Toletana
3183 1474 3442 1530 Ecclesia
3483 1475 3794 1548 dignitatis

2135 1559 2309 1615 fuerit
2339 1577 2406 1615 ex
2438 1561 2676 1633 antiquo
2708 1567 2763 1617 et
2785 1567 3012 1634 quantae
3037 1563 3444 1636 inHispanicis
3471 1569 3528 1620 et
3549 1564 3796 1622 Gallicis

2136 1649 2471 1721 regionibus
2494 1651 2569 1719 (4)
2603 1650 2966 1707 auctoritatis
2985 1651 3291 1720 exstiterit,
3316 1657 3670 1726 quantaeque
3687 1671 3800 1726 per

2135 1753 2263 1793 eam
2297 1739 2352 1792 in
2384 1737 2796 1796 ecclesiasticis
2828 1740 3075 1813 negotiis
3102 1741 3380 1798 utilitates
3411 1744 3795 1814 accreverint,

2134 1828 2231 1882 sed
2269 1832 2500 1900 peccato
2532 1829 2731 1901 populi
2791 1835 3151 1901 promerente
3185 1849 3217 1886 a
3252 1832 3556 1888 Saracenis
3585 1833 3796 1890 eadem

2139 1915 2341 1971 civitas
2375 1920 2563 1988 capta,
2618 1921 2674 1972 et
2706 1918 2777 1972 ad
2831 1917 3081 1973 nihilum
3115 1919 3455 1976 Christianae
3487 1920 3796 1994 reiigionis

2135 2003 2250 2060 illic
2285 2005 2524 2063 libertas
2547 2007 2778 2062 redacta
2801 2012 2910 2072 est,
2935 2008 3076 2064 adeo
3097 2014 3160 2063 ut
3181 2027 3282 2081 per
3297 2027 3481 2065 annos
3498 2013 3794 2069 trecentos

2135 2110 2279 2166 pene
2313 2095 2683 2167 septuaginta
2708 2094 2868 2151 nulla
2898 2094 3015 2151 illic
3045 2096 3293 2168 viguerit
3309 2097 3622 2154 Christiani
3645 2117 3794 2172 pon-

2133 2183 2296 2237 tificii
2329 2183 2603 2256 dignitas.
2664 2185 2888 2240 Nostris
2921 2189 3113 2240 autem
3171 2187 3532 2259 temporibus
3589 2189 3796 2246 divina

2132 2269 2414 2342 populum
2433 2290 2605 2327 suum
2624 2272 2970 2344 respiciente
2982 2273 3796 2348 clementia,studioIldefonsi

2132 2360 2368 2432 gloriosi
2379 2361 2543 2416 ssimi
2572 2361 2931 2434 regis,latore
2953 2362 3151 2435 populi
3173 2364 3487 2420 Christiani
3511 2367 3789 2424 Sarrace-

2133 2449 2225 2503 nis
2257 2449 2536 2521 expulsis,
2580 2449 3046 2507 Christianorum
3092 2453 3318 2508 viribus
3371 2456 3492 2526 [al.,
3519 2455 3791 2530 juribus]

2128 2537 2406 2594 Toletana
2422 2539 2624 2594 civitas
2651 2543 2739 2594 est
2763 2540 3243 2614 restituta.lgitur
3262 2542 3558 2600 voluntate
3579 2549 3635 2601 et
3650 2563 3791 2603 con-

2131 2643 2306 2682 sensu
2340 2627 2605 2682 unanimi
2634 2629 3213 2700 comprovincialium
3248 2632 3786 2706 pepulorum,pon-

2127 2716 2350 2772 tiﬁeum
2383 2720 2557 2788 atque
2618 2717 2972 2790 principum,
3021 2724 3078 2775 et
3108 2719 3381 2776 Ildefonsi
3436 2721 3777 2779 excellentis

2128 2805 2283 2878 regis
2304 2810 2379 2872 te,
2408 2805 2585 2860 frater
2614 2805 2959 2864 charissime
2992 2809 3301 2876 Bernarde,
3326 2810 3583 2882 primum
3617 2812 3788 2868 illius

2127 2892 2289 2949 urbis
2318 2897 2453 2966 post
2480 2897 2642 2950 tanta
2695 2899 2956 2969 tempora
3005 2898 3314 2970 praesulem
3372 2900 3507 2973 eligi
3565 2901 3785 2958 divina:

2125 2981 2344 3056 placuit
2371 2983 2623 3039 examini
2655 2986 3003 3056 majestatis.
3035 2988 3100 3042 Et
3121 3005 3226 3044 nos
3257 3005 3391 3061 ergo
3410 2989 3786 3048 miserationi

2124 3088 2389 3144 supernae
2421 3071 2617 3144 gratiae
2650 3075 3090 3146 respondentes,
3123 3077 3264 3149 quia
3290 3094 3394 3150 per
3413 3083 3574 3135 tanta
3593 3083 3782 3138 terra-

2126 3178 2256 3216 rum
2287 3160 2657 3234 mariumque
2689 3162 3030 3221 discrimina
3061 3165 3332 3222 Romana:
3364 3167 3781 3226 auctoritatem

363 3255 411 3310 si
444 3255 584 3326 quid
608 3255 754 3310 forte
783 3255 911 3326 ejus
943 3253 1274 3310 auctoritati
1307 3269 1642 3326 repugnans
1700 3251 2012 3308 invenieris
2045 3241 2088 3308 C
2125 3249 2391 3307 Ecclesiae
2410 3251 2750 3324 suppliciter
2764 3243 3470 3326 expetisti,auctoritatem
3487 3257 3782 3317 Christia-

362 3345 687 3400 secundum
705 3345 904 3400 datam
917 3343 1022 3399 tibi
1043 3342 1322 3398 divinitus
1337 3342 1687 3414 sapientiam
1703 3343 2009 3414 redargue,

2119 3356 2256 3396 nam
2287 3338 2578 3396 Toletana:
2629 3340 2894 3398 Ecclesiaa
2952 3344 3258 3401 restituere
3289 3363 3405 3402 non
3459 3363 3777 3420 negamus.

361 3431 590 3488 fortiter
619 3433 892 3504 reprime,
927 3431 1213 3505 sagaciter
1242 3448 1384 3487 cura
1429 3431 1737 3504 corrigere.
1794 3431 2011 3502 Regem
2120 3429 2457 3485 Gaudemus
2471 3429 2646 3486 etiam
2661 3431 3295 3504 corde[al.,gaudentes
3312 3437 3774 3508 ergocorde,etc]

362 3523 539 3578 etiam
562 3521 756 3594 ipsum
776 3526 1040 3577 nostrum
1063 3520 1512 3576 charrissimum
1537 3520 2014 3587 ﬁlium,auctora-

361 3611 498 3668 bilis
524 3612 856 3668 fraternitas
887 3616 990 3666 tua
1021 3610 1348 3678 conveniat,
1376 3611 1642 3666 hortetur
1668 3613 1724 3666 et
1755 3613 2008 3678 moneat,

2119 3516 2442 3586 laetissimo,
2467 3523 2525 3574 et
2547 3535 2814 3591 magnas,
2834 3525 2899 3576 ut
2915 3521 3097 3591 decet,
3129 3527 3242 3579 Deo
3274 3525 3490 3595 gratias
3512 3528 3776 3599 agimus,

2123 3607 2276 3679 quod
2293 3611 2516 3664 tantam
2540 3608 2756 3664 nostris
2786 3611 3171 3683 temporibus,
3203 3613 3478 3685 dignatus
3509 3620 3597 3672 est
3617 3616 3788 3673 Chri-

361 3700 629 3773 utetipse
642 3717 874 3774 quoque
893 3717 995 3773 pro
1017 3701 1190 3756 modo
1214 3717 1320 3755 suo
1343 3716 1446 3771 pro
1469 3699 1659 3755 ofﬁcio
1682 3715 1788 3754 suo
1808 3698 2013 3754 multis
2121 3697 2310 3754 stiano
2333 3696 2546 3770 populo
2568 3698 2784 3754 donare
2805 3699 3130 3771 victoriam,
3147 3706 3487 3776 statumque
3510 3705 3786 3777 ejusdem

361 3789 636 3863 periculis
654 3794 711 3846 et
732 3791 1004 3845 maximis
1027 3789 1476 3846 necessitatibus
1495 3788 1858 3844 laborantem
1883 3805 2014 3844 ma-

361 3887 510 3935 trem
543 3897 711 3936 suam
744 3880 1067 3936 Romanam
1098 3879 1415 3935 Ecclesiam
1447 3878 1690 3934 concilio
1722 3883 1779 3933 et
1808 3877 2015 3933 solatio

364 3986 470 4026 suo
501 3969 773 4040 adjuvare
805 3973 861 4024 et
919 3969 1203 4026 honorare
1235 3969 1485 4024 studeat.
1522 3969 1586 4022 Et
1616 3965 1918 4038 quoniam,
1954 3971 2018 4021 ut

363 4055 664 4130 Scriptura
692 4058 970 4131 loquitur,
1004 4059 1229 4114 amicus
1251 4057 1310 4112 in
1343 4057 1688 4113 necessitate
1713 4056 2014 4128 probatur,

363 4151 420 4203 et
444 4146 625 4203 item:
658 4148 784 4203 Non
816 4148 1191 4220 cognoscitur
1217 4146 1274 4200 in
1309 4145 1478 4202 bonis
1509 4145 1754 4212 amicus,
1792 4161 1893 4200 nec
1925 4161 2015 4200 ce-

361 4235 518 4292 latur
548 4236 607 4291 in
635 4236 804 4294 malis
836 4233 1506 4304 inimicus,necessitatis
1527 4234 1636 4289 hoc
1664 4238 1892 4306 tempus
1915 4233 2019 4288 mi-

363 4326 522 4382 nime
545 4327 958 4399 negligendum
977 4325 1281 4396 ducat,sed
1301 4324 1349 4379 si
1373 4339 1549 4395 quam
1569 4322 1821 4389 fidem,si
1841 4338 2017 4395 quam

364 4415 636 4472 Romane
650 4415 914 4473 Ecclesiae
929 4415 1246 4472 amicitiam
1269 4413 1460 4479 debet,
1477 4428 1631 4468 nunc
1653 4427 1787 4466 cum
1811 4428 2020 4484 oppor-

365 4511 574 4562 tunum
597 4505 1030 4578 quammaxime
1049 4508 1160 4570 est,
1199 4501 1456 4558 liberalis
1487 4506 1543 4557 et
1565 4503 1804 4557 devotus
1824 4505 2021 4557 osten-

2124 3787 2287 3842 urbis
2319 3786 2510 3858 quoad
2541 3790 2774 3843 nostras
2791 3787 2966 3844 etiam
2993 3790 3301 3848 facultates
3323 3793 3584 3850 stabilire
3607 3799 3791 3868 atque

2124 3891 2354 3946 augere,
2385 3875 2511 3946 ipso
2533 3875 2868 3946 adjuvante,
2917 3883 3332 3952 praeoptamus,
3367 3887 3494 3938 tum
3527 3884 3790 3942 benevo-

2125 3962 2306 4018 lentia
2333 3962 2602 4019 Eeclesie
2636 3965 2906 4022 Romanae
2939 3967 3131 4037 solita,
3163 3973 3221 4024 et
3270 3970 3449 4044 digna
3494 3971 3793 4030 Toletanae

2126 4051 2389 4108 Ecclesiae
2419 4055 2761 4122 reverentia,
2789 4060 2917 4112 tum
2945 4057 3277 4115 charissimi
3296 4060 3400 4115 filii
3425 4062 3610 4117 nostri
3633 4079 3790 4134 prae-

2127 4141 2472 4198 stantissimi
2497 4143 2650 4217 regis
2675 4143 2948 4202 Ildefonsi
2972 4148 3258 4219 praecibus
3280 4149 3792 4223 invitati,pallium

2126 4229 2251 4299 tibi,
2287 4231 2462 4286 frater
2491 4234 2838 4291 venerabilis
2860 4237 3245 4304 Bernarde,ex
3266 4239 3667 4312 apostolorum
3688 4243 3794 4298 Pe-

2126 4319 2200 4375 tri
2232 4323 2288 4375 et
2318 4320 2479 4376 Pauli
2504 4321 2902 4380 benedictione
2925 4327 3791 4402 contradimus,plenitudinem

2130 4407 2355 4464 scilicet
2384 4411 2575 4466 omnis
2609 4413 2988 4470 sacerdotalis
3019 4415 3343 4488 dignitatis,
3367 4422 3790 4490 teque,secun-

2129 4499 2270 4554 dum
2303 4500 2456 4571 quod
2472 4499 2733 4570 ejusdem
2760 4502 2920 4558 urbis
2936 4505 3265 4577 antiquitus
3282 4511 3510 4564 constat
3522 4508 3790 4567 extitisse

361 4596 480 4651 dat.
514 4596 826 4652 Pecuniam
859 4612 1051 4668 porro,
1080 4609 1256 4665 quam
1284 4593 1355 4647 de
1387 4607 1564 4664 regno
1582 4591 1784 4647 eodem
1806 4591 2012 4647 beatus
2045 4615 2091 4681 D
2129 4588 2525 4681 pontificesjn
2548 4591 2684 4646 totis
2706 4592 3123 4681 Hispaniarum
3147 4597 3301 4669 regis
3326 4597 3636 4669 primatem
3661 4600 3789 4671 pri-

362 4685 565 4740 Petrus
595 4683 1158 4742 consuetudinaliter
1177 4681 1401 4737 solebat
1421 4681 1699 4753 accipere,
1725 4698 1827 4753 per
1855 4681 2012 4736 hunc

363 4775 766 4846 supradictum
780 4773 964 4829 ﬁlium
982 4775 1248 4828 nostrum
1267 4771 1556 4842 Rogerum
1574 4769 1692 4826 sive
1717 4786 1818 4842 per
1830 4768 2013 4826 alium

362 4880 537 4919 suum
568 4864 797 4920 fidelem
837 4862 1096 4935 legatum
1128 4876 1408 4940 una.cum
1440 4876 1505 4915 eo
1535 4859 1624 4916 vel
1660 4876 1846 4932 usque
1877 4859 2012 4916 Clu-

361 4951 595 5008 niacum
629 4951 978 5025 quantocius
1009 4949 1261 5022 potuerit
1293 4950 1674 5019 transmittat,
1710 4954 1776 5005 ut
1803 4954 1859 5005 et
1883 4966 2015 5022 gra-

359 5042 503 5097 tiam
533 5042 797 5113 ejusdem
829 5039 981 5095 beati
1015 5039 1164 5095 Petri
1197 5039 1439 5110 adipisci
1469 5038 1678 5109 valeat,
1693 5043 1751 5095 et
1775 5056 1882 5095 nos
1913 5057 2013 5094 su-

359 5147 464 5204 per
479 5129 953 5203 augmentatione
974 5133 1031 5184 et
1050 5127 1398 5184 exaltatione
1413 5129 1572 5202 regni
1596 5129 1686 5184 sui
1710 5133 2014 5201 promptos

361 5236 593 5292 semper
621 5223 678 5274 et
708 5221 938 5292 paratos
990 5216 1263 5272 inveniat.
1315 5218 1595 5273 Praeterea
1650 5216 2013 5272 orationibus

361 5307 690 5366 sanctitatis
713 5312 824 5363 tua:
856 5325 960 5363 nos
990 5307 1363 5364 devotissime
1384 5307 1834 5375 committentes,
1869 5323 2013 5378 prae-

361 5397 616 5454 sentium
630 5397 872 5455 latorem
887 5397 1176 5471 Rogerum
1189 5397 1291 5455 tibi
1306 5397 1631 5471 plurimum
1645 5396 2016 5454 commenda-

2122 4676 2313 4750 vilegii
2347 4680 2531 4734 nostri
2563 4680 2862 4737 sanctione
2882 4684 3216 4741 statuimus.
3234 4686 3549 4742 Primatem
3574 4691 3629 4743 te
3651 4688 3793 4743 uni-

2121 4767 2270 4822 versi
2304 4766 2581 4838 praesules
2608 4767 3022 4841 Hispaniarum
3054 4774 3391 4846 respiciant,
3424 4779 3482 4831 et
3511 4775 3584 4831 ad
3617 4779 3696 4846 te,
3735 4778 3790 4833 si

2124 4857 2264 4929 quid
2294 4855 2445 4913 inter
2497 4873 2595 4913 eos
2627 4860 2946 4930 quaestione
2977 4861 3222 4935 dignum
3276 4867 3540 4920 exortum
3585 4865 3794 4936 fuerit,

2123 4944 2559 5011 referent,salva
2587 4949 2782 5003 tamen
2816 4948 3086 5006 Romana?
3109 4951 3375 5008 Ecclesize
3405 4954 3780 5023 auctoritate,

2122 5039 2180 5091 et
2209 5035 2792 5106 metropolitanorum
2824 5038 3145 5113 privilegiis
3182 5041 3572 5115 singulorum.
3595 5042 3776 5100 Tole-

2123 5127 2321 5179 tanam
2353 5140 2488 5196 ergo
2517 5124 2820 5182 ecclesiam
2845 5129 2980 5198 jure
3012 5135 3289 5202 perpetuo
3313 5131 3420 5186 tibi
3450 5130 3778 5203 tuisque,si

2123 5213 2318 5268 divina
2349 5213 2679 5285 praestiterit
2739 5217 2945 5289 gratia,
2981 5219 3424 5278 successoribus
3481 5221 3784 5279 canonicis

2122 5306 2319 5358 tenore
2350 5302 2530 5374 hujus
2565 5303 2846 5380 privilegii
2877 5310 3318 5379 confirmamus,
3343 5315 3453 5367 etc.

2195 5396 2404 5449 Datum
2436 5394 2710 5467 Anagniae
2741 5413 2844 5469 per
2874 5413 3084 5456 manus
3115 5399 3356 5457 Joannis
3385 5404 3442 5456 S.
3478 5401 3543 5456 R.
3579 5397 3784 5456 E.dia-

430 5651 508 5724 (4)
538 5649 600 5710 Id
631 5651 703 5709 de
731 5649 927 5709 Galliae
956 5654 1116 5727 parte
1139 5647 1583 5723 intelligendum
1601 5665 1729 5722 quae
1752 5645 2137 5722 Wesigotthis
2169 5645 2428 5720 parebat,
2453 5660 2660 5718 nempe
2693 5646 3055 5708 Narbonensi
3088 5649 3404 5724 provincia.
