3950 6368
400 391 512 451 291
784 395 788 401 ’
1077 442 1088 451 .
1705 384 1776 447 Β.
1824 384 1960 447 URI

2297 384 2513 447 'APJE.
3703 389 3857 451 292

400 522 731 590 recurretis,
766 523 1013 594 ejusque
1035 521 1258 592 judicio
1297 538 1426 593 qua
1457 520 1621 577 vobis
1664 524 1803 576 sunt
1850 517 2051 591 gravia
2079 520 2134 585 Α
2164 518 2492 590 apostolica
2522 518 2938 588 familiaritate,
2969 534 3145 592 quam
3179 536 3248 576 ex
3288 519 3660 579 nobilissima
3703 526 3843 579 tua:

401 611 815 668 terminabitis.
851 612 1012 674 Quod
1033 613 1082 665 si
1114 611 1253 683 quid
1276 612 1419 666 forte
1448 610 1636 681 ipsius
1653 625 1885 681 quoque
1891 607 2051 678 judi-
2166 606 2370 679 tuique
2401 607 2646 663 canobii
2678 608 2973 680 religionis
3022 609 3365 675 reverentia,
3425 609 3764 682 singularis
3800 629 3860 667 ει

402 700 488 755 cio
521 699 846 771 nequiverit
875 700 1126 767 deliniri,
1188 700 1258 754 ad
1311 698 1688 771 apostolicam
1737 698 1959 762 sedem,
1991 700 2055 751 ut
2163 697 2335 753 nobis
2362 698 2605 752 debetur
2635 697 3374 769 prarogativadilectionis.
3409 699 3508 754 Est
3537 705 3853 769 praterea.

400 789 648 860 dignum
681 793 792 854 est,
822 787 980 843 velut
1009 788 1276 843 omnium
1307 788 1538 843 sedium
1558 784 1877 857 principem
1908 784 2054 839 refe-
2163 786 2316 857 quod
2349 802 2455 840 nos
2487 786 2593 840 tibi
2626 802 2738 841 non
2773 786 2990 851 minus,
3021 791 3240 858 tuoque
3260 787 3618 842 monasterio
3640 789 3851 844 faciat

400 884 581 932 retur.
615 877 722 942 Qui
756 881 953 932 autem
985 880 1243 932 vestrum
1277 874 1402 931 sine
1434 873 1896 945 metropolitanis
1929 889 2053 943 pro-
2161 874 2471 940 debitores,
2506 874 2780 945 quoniam
2816 891 2917 946 per
2944 881 2999 930 te
3031 875 3365 931 monasticae
3396 876 3699 947 religionis
3726 895 3846 933 ru-

400 965 544 1040 priis
575 973 737 1032 sunt,
770 966 881 1038 ipsi
901 965 1136 1021 interim
1168 964 1323 1021 velut
1350 964 1586 1037 proprio
1604 964 1849 1019 subesse
1878 962 2049 1017 debe-
2159 964 3142 1035 dimentasuscepiJntuocanobio
3175 967 3608 1035 persecundam
3623 966 3838 1023 sancti

397 1059 567 1112 bunt.
601 1054 823 1110 Valete.
2156 1051 2409 1123 Spiritus
2435 1053 2687 1130 gratiam
2706 1068 2839 1107 sum
2872 1058 3131 1118 renatus,
3155 1054 3245 1108 cui
3279 1053 3563 1109 hactenus
3586 1053 3842 1125 impen-

2156 1139 2299 1195 ‘siori
2331 1140 2519 1212 gratia
2540 1140 2803 1195 Romana
2818 1140 3071 1196 Ecclesia
3084 1141 3411 1199 dilectionis
3424 1160 3489 1198 ac
3510 1144 3839 1216 protectio-

2158 1226 2463 1281 niscuram
2484 1227 2843 1298 impendisse
2878 1228 3258 1300 dignoscitur.
3292 1229 3586 1302 Quidquid
3629 1233 3832 1304 igitur

2158 1314 2463 1381 libertatis,
2495 1316 2782 1388 quidquid
2816 1316 3232 1384 immanitatis,
3252 1319 3537 1391 quidquid
3559 1322 3831 1378 auctori-

1155 1142 1301 1198 VlII.

403 1234 609 1291 Urbani
635 1234 687 1289 ΙΙ
731 1232 959 1303 epistola
984 1232 1055 1287 ad
1101 1232 1380 1303 Httyonem
1420 1230 1668 1303 abbatem
1725 1229 2048 1284 Cluniacen-

574 1321 685 1360 sem
708 1302 772 1359 de
794 1304 1044 1375 primatu
1073 1302 1268 1358 collato
1294 1303 1550 1358 Eccleske
1582 1302 1866 1357 Toletanw.

1019 1391 1206 1462 (Anno
1240 1392 1424 1458 1038.)

576 1482 843 1553 [MABlLL
878 1484 935 1537 et
960 1480 1159 1548 Ituran,
1195 1479 1359 1535 Ouvr.
1385 1479 1560 1551 posth.
1597 1478 1694 1546 ΙΙΙ,
1727 1478 1878 1548 350.]

446 1594 749 1657 υιιΒΑΝυε,
782 1593 916 1655 etc.,
950 1588 1203 1656 Hucom,
1238 1585 1437 1643 abbati
1468 1584 1856 1651 Cluniacensi,
1889 1587 1999 1639 etc.

465 1678 873 1735 Venerabilem
904 1678 1141 1732 fratrem
1177 1680 1444 1730 nostrum
1485 1674 1846 1730 Bernardum
1883 1672 2043 1727 Tole-

396 1774 546 1826 tana
575 1766 844 1824 Ecclesia
875 1763 1185 1838 praesulem
1214 1768 1334 1819 tam
1367 1779 1472 1836 pro
1501 1767 1614 1819 tua
1656 1760 2045 1835 postulatione

397 1856 746 1922 dilectionis,
778 1870 958 1927 quam
983 1870 1087 1926 pro
1118 1854 1305 1926 ipsius
1324 1852 1642 1907 reverentia
1672 1849 1970 1924 religionis
1989 1854 2047 1906 et

395 1946 684 2003 Toletana
728 1943 994 1999 Ecclesia
1047 1942 1263 1998 honore
1309 1946 1638 2011 reverenter
1691 1937 2045 2011 excepimus.

397 2035 513 2108 Ipsi
545 2035 722 2090 etiam
754 2032 827 2087 ad
857 2031 1012 2087 sedis
1044 2009 1376 2101 apostolica
1397 2034 1454 2085 et
1485 2029 1758 2084 ltomana
1780 2009 2047 2083 Ecclesia

398 2130 462 2180 ut
492 2123 697 2179 matris
719 2121 985 2176 omnium
1020 2121 1410 2189 maiestatem,
1435 2117 1934 2189 quemadmodum
1967 2116 2050 2170 di-

394 2229 577 2286 gnum
607 2216 698 2266 est
726 2212 926 2265 devote
954 2225 1021 2264 ac
1051 2207 1392 2279 simpliciter
1407 2206 1772 2261 concurrenti
1804 2206 2049 2277 antiqua

395 2301 664 2359 Ecclesia
683 2317 802 2354 sua
818 2303 989 2370 prout
1008 2298 1222 2369 rogasti
1239 2313 1334 2350 mu
1346 2296 1608 2351 nimenta
1621 2294 2043 2364 concessimus,

395 2397 454 2447 et
483 2388 768 2464 privilegii
803 2387 984 2442 nostri
1018 2387 1290 2457 paginam
1311 2384 1560 2456 pristina
1590 2382 1821 2455 plenam
1854 2382 2043 2455 digni-

394 2484 533 2544 tate,
564 2477 815 2532 libenter
848 2474 1224 2531 indulsimus.
1270 2474 1588 2528 Primatem
1636 2473 2043 2544 episcoporum

395 2569 681 2634 omnium,
714 2566 815 2638 qui
844 2565 903 2621 in
934 2562 1230 2635 Hispaniis
1247 2562 2045 2633 sunteffecimus,etquaque

393 2674 569 2733 super
596 2672 663 2712 eo
694 2660 796 2710 tua
824 2671 930 2709 nos
961 2653 1216 2709 charitas
1248 2651 1550 2724 ﬂagitavit,
1583 2667 1716 2704 cum
1752 2649 1913 2720 pallii
1936 2652 2044 2705 da-

392 2747 549 2802 tione
579 2744 1062 2801 contradidimus.
1085 2741 1213 2796 Tibi
1229 2757 1366 2812 ergo
1389 2756 1494 2811 par
1521 2744 1610 2794 est
1621 2738 1837 2795 amoris
1858 2739 2039 2795 nostri

394 2835 589 2893 studio
620 2833 991 2905 respondere,
1024 2837 1081 2885 et
1111 2830 1329 2885 nostris
1361 2843 1426 2883 ac
1458 2828 1732 2882 Romana
1773 2826 2041 2883 Ecclesia

394 2924 626 2980 auxiliis
656 2922 905 2978 fideliter
932 2919 1244 2975 deservire.
1268 2917 1383 2972 Nos
1406 2916 1564 2972 enim
1595 2921 1651 2971 et
1680 2916 2041 2988 pracipuate

396 3031 461 3070 ac
487 3015 697 3070 fratres
724 3019 858 3067 tuos
890 3007 1195 3063 affectione
1225 3005 1550 3078 diligimus,
1583 3010 1641 3060 et
1680 3007 1878 3060 omnia
1916 3022 2041 3061 mo-

395 3102 635 3159 nasterii
666 3099 844 3156 vestri
875 3098 1021 3160 loca,
1053 3097 1154 3151 ubi
1179 3095 1429 3150 liberum
1480 3094 1671 3160 fuerit,
1727 3094 1783 3148 in
1832 3101 2039 3150 nostra

394 3190 724 3264 specialiter
754 3203 967 3243 manus
999 3185 1410 3257 protectionem
1444 3184 1829 3254 suscipimus;
1862 3183 1944 3238 ita
1974 3191 2041 3238 nt

2158 1403 2295 1459 tatis
2326 1404 2453 1471 tibi,
2487 1404 2725 1477 tuisque
2755 1407 3215 1475 successoribus,
3250 1414 3471 1480 tuoque
3517 1408 3822 1478 canobio,

2157 1510 2260 1565 per
2288 1499 2723 1549 antecessorum
2743 1500 3077 1550 nostrorum
3108 1494 3411 1569 privilegia
3458 1513 3820 1554 concessum

2157 1583 2339 1638 l'uiSse
2368 1586 2616 1650 constat,
2648 1600 2756 1638 nos
2788 1600 3019 1655 quoque
3050 1584 3228 1655 hujus
3258 1584 3445 1640 nostri
3468 1585 3687 1642 decreti
3706 1602 3820 1659 pa-

2154 1672 2683 1744 ginaconferimus,
2705 1671 3015 1740 tradimus,
3042 1676 3480 1730 conﬁrmamus.
3506 1675 3818 1731 Hocinsu-

2155 1779 2257 1833 per
2272 1760 2703 1830 adjicientes,ut
2717 1762 3136 1818 monasterium
3156 1763 3570 1819 SanctaMaria
3583 1765 3656 1820 de
3667 1765 3828 1822 Cha-

2158 1852 2346 1916 ritate,
2398 1850 2820 1906 monasterium
2882 1852 2939 1905 ὃ.
2992 1851 3225 1906 Martini
3259 1853 3331 1907 de
3378 1852 3615 1925 Campis
3647 1854 3814 1925 apud

2158 1940 2432 2008 Parisios,
2466 1939 2888 1995 monasterium
2923 1940 3118 1995 Sancti
3146 1941 3407 2013 Dionysii
3450 1943 3608 2014 apud
3640 1942 3809 1999 Nun-

2157 2035 2420 2102 gentum,
2451 2028 2508 2083 S.
2544 2028 2738 2083 Maria
2769 2030 2839 2083 de
2870 2030 3109 2095 Nazara,
3142 2030 3201 2085 S.
3235 2030 3490 2086 Gervasii
3526 2032 3599 2087 de
3649 2032 3812 2100 Exis,

2155 2123 2210 2174 S.
2246 2119 2436 2173 Maria
2467 2118 2536 2172 de
2584 2118 2801 2184 Arulis,
2836 2119 2898 2174 S.
2954 2119 3106 2173 Petri
3162 2120 3234 2176 de
3283 2118 3815 2191 Campo-rotundo,

2157 2211 2214 2265 S.
2248 2207 2475 2263 Genesii
2508 2208 2564 2260 in
2594 2207 2827 2262 Elnensi
2861 2209 3218 2287 episcopatu,
3253 2208 3313 2265 S.
3371 2209 3501 2266 Puli
3544 2209 3603 2265 in
3636 2210 3816 2267 Valle

2155 2296 2282 2366 olei,
2317 2296 2374 2352 S.
2439 2295 2630 2351 Maria
2661 2298 2732 2351 de
2790 2296 3060 2363 Cubaria,
3094 2297 3152 2353 S.
3211 2298 3404 2354 Maria
3436 2297 3508 2354 de
3562 2298 3802 2369 Balella,

2152 2393 2208 2441 s.
2271 2384 2462 2441 Maria
2517 2385 2587 2439 de
2615 2382 2843 2452 Tolosa,
2878 2385 2936 2442 S.
2971 2386 3277 2441 Trinitatis
3332 2387 3393 2443 in
3420 2385 3798 2455 Marciniaoo,

2155 2475 2307 2547 quod
2345 2480 2405 2529 tu
2437 2472 2497 2529 in
2529 2473 2720 2529 alodio
2743 2474 2975 2545 prOprio
3007 2475 3328 2542 adificasti,
3354 2493 3657 2547 nunquam
3676 2484 3815 2546 tuo,

2152 2569 2504 2634 tuorumque
2534 2580 2939 2619 successorum
2974 2562 3242 2635 regimini
3274 2563 3638 2621 ordinatione
3660 2566 3812 2622 sub-

2151 2653 2438 2709 trahatur.
2471 2656 2687 2708 Catera
2698 2669 2828 2707 vero
2851 2652 3187 2724 omniaqua
3201 2658 3599 2710 antecessores
3616 2655 3810 2710 nostri

2150 2750 2341 2797 vestro
2356 2741 2709 2797 monasterio
2722 2739 3023 2813 privilegia
3041 2742 3423 2810 tradiderunt,
3445 2758 3553 2798 nos
3567 2759 3810 2815 quoque

2150 2831 2550 2886 contradimus
2600 2834 2775 2901 atque
2835 2828 3158 2887 firmamus.
3220 2831 3604 2888 Moisiacense
3661 2849 3811 2890 sane

2149 2916 2500 2985 canobium,
2534 2917 2592 2972 in
2622 2932 2711 2985 ea,
2746 2934 2862 2990 qua
2892 2935 3049 2973 nunc
3069 2922 3178 2983 est,
3212 2918 3270 2973 in
3302 2922 3604 2992 posterum
3631 2918 3811 2977 liber-

2147 3011 2266 3063 tate
2314 3011 2670 3079 permaneat,
2730 3006 2843 3062 nisi
2902 3007 3046 3062 forte
3103 3008 3409 3081 episcopus
3467 3008 3800 3082 admiserit,

2147 3100 2383 3168 propter
2402 3095 2556 3167 quod
2577 3095 2704 3166 ejus
2732 3095 2938 3152 debeat
2954 3096 3172 3153 ditione
3185 3097 3427 3169 privari.»
3452 3097 3803 3170 Quicunque

2148 3188 2343 3241 autem
2377 3183 2634 3241 melioris
2659 3183 2785 3240 vita
2802 3185 3085 3258 appetitu,
3103 3190 3362 3242 vestrum
3374 3184 3809 3243 volueritadve-

395 3252 500 3336 nec
529 3279 840 3351 episcopus
871 3274 1133 3346 quilibet,
1166 3290 1271 3328 nec
1292 3272 1540 3345 legatus,
1575 3273 1681 3326 nisi
1715 3274 1804 3326 cui
1826 3273 2040 3329 anobis
2069 3252 2111 3318 C
2151 3275 2276 3330 nire
2307 3272 2657 3341 coenobium,
2688 3273 2870 3329 libera
2900 3274 3025 3339 tibi,
3067 3274 3302 3347 tuisque
3351 3276 3803 3332 successoribus

394 3368 653 3440 idipsum
684 3363 1013 3436 specialiter
1042 3363 1371 3431 injunctum
1393 3362 1583 3425 fuerit,
1604 3365 1812 3432 prater
1838 3362 2040 3418 volun-

394 3462 576 3513 tatem
606 3460 769 3510 tuam
786 3454 858 3508 de
869 3452 1077 3507 vestris
1090 3453 1302 3506 audeat
1315 3450 1563 3522 negotiis
1572 3450 1859 3521 judicare.
1880 3452 2037 3506 salvo

396 3544 735 3616 tamenjure
746 3541 1148 3615 episcoporum
1170 3541 1324 3611 quod
1338 3541 1397 3594 in
1410 3539 1495 3594 eis
1510 3537 1795 3594 hactenus
1807 3539 2041 3595 habuis-

395 3652 457 3692 se
468 3631 931 3690 noscuntur.Vos
942 3645 1077 3701 ergo
1090 3620 1621 3698 nostris'semperin
1636 3628 1910 3683 omnibus
1921 3644 2041 3684 ves-

392 3724 499 3780 tris
512 3725 585 3780 ad
606 3722 920 3779 Dominum
938 3720 1204 3791 precibus
1218 3732 1506 3772 memores
1521 3716 1670 3782 sitis;
1696 3723 1754 3771 et
1766 3718 1917 3772 sicut
1932 3735 2039 3773 nos

391 3830 495 3871 vos
508 3818 565 3868 et
575 3818 765 3868 vestra
777 3808 1104 3880 specialiter
1120 3809 1401 3872 fovemus,
1422 3805 1503 3859 ita
1515 3822 1613 3861 vos
1632 3822 1737 3860 nos
1751 3806 1903 3878 apud
1931 3806 2039 3862 Do-

394 3901 622 3957 minum
653 3894 1453 3971 spiritualitercommendare
1470 3895 1708 3959 curetis;
1735 3911 1959 3965 nosque
1977 3912 2042 3951 ac

395 3992 719 4046 Romanam
752 3985 1091 4052 Ecclesiam,
1111 3982 1210 4039 ubi
1240 3989 1486 4056 oportet,
1508 3988 1566 4038 et
1584 3983 1680 4038 ubi
1696 3982 1942 4039 facultas
1954 3989 2044 4041 est

393 4077 702 4151 adjuvetis.
738 4074 1019 4130 nominas
1049 4073 1419 4144 omnipotens
1448 4091 1557 4128 sua
1588 4089 1695 4127 nos
1728 4072 1916 4145 gratia
1954 4073 2041 4131 fo-

392 4172 542 4235 veat,
576 4157 879 4222 conservet
910 4179 975 4219 ac
1002 4168 1284 4235 protegat.
1309 4166 1513 4218 Amen.

1176 4269 1261 4325 IX.

397 4364 647 4423 Urbanus
697 4362 744 4417 11
769 4361 1098 4416 monasterii
1158 4359 1537 4415 Cluniacensis
1596 4361 1953 4430 possessiones
1992 4365 2042 4417 et

460 4435 755 4507 privilegia
775 4434 1083 4503 con/Nmat,
1100 4439 1151 4486 et
1172 4432 1219 4485 Η
1222 4432 1386 4507 agniti
1397 4430 1791 4495 abbatimitra,
1822 4433 2041 4507 dcima-

462 4502 607 4575 ῖίεέε,
638 4506 1091 4570 chirothecamm,
1123 4502 1501 4557 sandaliorum
1519 4519 1679 4558 usum
1707 4504 1967 4561 concedis.

1018 4594 1204 4665 (Anno
1238 4591 1419 4663 1088.)

698 4682 1057 4756 [Bibliotheca
1083 4681 1474 4750 Cluniacensis,
1509 4700 1565 4755 ι).
1597 4684 1747 4754 514.]

462 4793 743 4848 ΗΒΒΑΝυε
774 4790 1105 4861 episcopus,
1140 4802 1344 4843 servus
1361 4805 1658 4845 servorum
1675 4790 1795 4857 Dei,
1828 4790 2046 4843 Hucom

391 4883 772 4939 sanctissimo
795 4879 992 4933 abbati
1015 4878 1403 4947 Cluniacensi,
1429 4882 1674 4951 ejusque
1700 4874 2048 4933 successori-

392 4973 507 5028 bus
538 4972 600 5026 in
634 4975 1001 5042 perpetuum.

461 5062 608 5115 Cum
640 5057 921 5114 omnibus
938 5063 1151 5112 sancta
1185 5057 1323 5113 filiis
1340 5057 1612 5113 Ecclesia
1631 5072 1700 5111 ex
1732 5054 1890 5109 sedis
1907 5067 2044 5123 apo-

394 5149 610 5207 stolica
643 5146 1006 5219 auctoritate,
1040 5152 1096 5202 et
1112 5147 1510 5204 benevolentia
1538 5145 1831 5200 debitores
1846 5140 2043 5197 existi-

391 5256 547 5306 mus,
608 5234 1042 5294 venerabilibus
1100 5241 1295 5293 tamen
1354 5232 1620 5309 personis
1670 5239 1844 5303 atque
1876 5230 2040 5300 locis,

390 5328 643 5385 maxime
692 5344 820 5399 qua
881 5326 1214 5399 apostolica
1266 5325 1391 5380 sedi
1446 5338 1679 5393 semper
1733 5319 2044 5392 specialius

388 5418 762 5474 adhaserunt
792 5435 857 5473 ac
872 5417 1159 5482 devotius,
1186 5428 1432 5485 quaque
1446 5410 1716 5483 ampliori
1742 5409 2044 5483 religionis

385 5508 572 5581 gloria
601 5507 881 5575 eminent,
916 5503 1277 5579 propensiari
1304 5519 1410 5558 nos
1442 5500 1712 5557 convenit
1741 5498 2044 5557 charitatis

386 5597 584 5655 studio
617 5596 943 5653 imminere.
977 5595 1107 5650 Tibi
1142 5608 1302 5667 ergo,
1336 5591 1727 5663 sanctissime,
1779 5608 2041 5649 reveren-

384 5686 617 5771 tissime
647 5705 711 5748 ac
744 5684 1123 5751 dilectissime
1157 5682 1352 5753 frater,
1372 5685 1493 5741 tam
1523 5698 1590 5741 ex
1619 5680 2042 5760 antiquasedls

2150 3362 2399 3419 facultas
2413 3367 2663 3435 maneat,
2679 3364 3000 3419 secundum
3033 3368 3291 3437 tenorem
3307 3362 3517 3435 regula
3533 3368 3590 3420 S.
3611 3364 3803 3422 Patris
3892 3406 3903 3413 .

2148 3452 2331 3509 nostri
2365 3452 2658 3509 Benedicti
2671 3469 2769 3509 eos
2787 3453 3402 3533 suscipereLPraterea
3422 3453 3801 3511 decernimus

2149 3547 2321 3614 atque
2345 3541 2679 3597 stabilimus
2710 3560 2779 3597 ne
2810 3542 2945 3613 quis
2979 3541 3131 3597 ultra
3163 3541 3389 3615 legatus
3413 3542 3660 3599 Romani
3693 3560 3801 3599 an-

2148 3631 2351 3688 tistitis
2373 3630 2597 3686 visesin
2628 3631 2833 3687 vestris
2847 3631 3111 3703 partibus
3130 3649 3327 3703 agens,
3362 3632 3585 3703 absque
3610 3632 3799 3704 ipsius

2150 3721 2383 3775 licentia
2405 3719 2487 3776 vel
2522 3721 2924 3792 praeceptione,
2961 3719 3205 3775 buccam
3237 3722 3296 3775 in
3323 3738 3444 3787 vos,
3475 3726 3577 3776 aut
3605 3724 3800 3777 vestra

2149 3809 2504 3865 monasteria
2535 3809 2745 3864 audeat
2765 3806 3008 3879 aperire,
3042 3808 3127 3862 vol
3151 3808 3262 3864 nisi
3291 3810 3364 3865 ad
3390 3809 3649 3881 idipsum
3671 3826 3811 3882 spes

2149 3898 2371 3954 cialiter
2398 3897 2701 3970 dirigatur.
2738 3897 3037 3968 Episcopis
3058 3914 3209 3967 vero,
3242 3899 3299 3953 in
3315 3915 3566 3970 quorum
3588 3899 3796 3955 diace-

2150 3988 2315 4043 sibus
2344 3992 2549 4043 vestra
2581 3992 2721 4042 sunt
2751 3985 3077 4053 facultates,
3109 3988 3347 4042 omnino
3377 4005 3493 4043 non
3525 3987 3697 4043 liceat
3724 3989 3798 4045 de

2149 4076 2359 4133 vestris
2388 4075 2692 4132 monachis
2724 4078 2825 4128 aut
2884 4074 3254 4130 monasteriis
3298 4077 3584 4146 judicare.
3626 4076 3795 4132 Salvo

2153 4166 2433 4223 canonico
2465 4164 2564 4219 illo
2583 4165 2737 4234 jure,
2772 4164 2924 4233 quod
2957 4163 3017 4217 in
3032 4164 3115 4217 eis
3135 4164 3417 4220 hactenus
3449 4165 3800 4221 habuerunt.

2148 4255 2204 4309 Si
2237 4254 2376 4326 quid
2410 4256 2604 4307 autem
2635 4267 2825 4307 causa
2859 4250 2917 4304 in
2962 4267 3059 4305 eos
3090 4250 3421 4316 habuerint,
3476 4257 3553 4319 te,
3599 4258 3802 4310 tuosve

2154 4357 2523 4400 successores
2544 4339 3030 4410 appellent.Quod
3066 4340 3115 4395 si
3134 4356 3237 4411 per
3251 4358 3348 4395 vos
3379 4341 3451 4397 lis
3478 4343 3810 4415 nequiverit

2153 4430 2483 4491 deliniri,ad
2506 4430 2702 4483 sedem
2724 4427 3100 4500 apostolicam
3112 4431 3426 4493 referatur.
3451 4433 3578 4504 ejus
3597 4432 3804 4502 solius,

2151 4519 2237 4575 vel
2271 4517 2445 4589 legati
2478 4517 2606 4587 ejus
2630 4517 2854 4587 judicio
2886 4517 3305 4573 definiendum.
3330 4520 3458 4576 Tibi
3494 4520 3665 4591 plane
3708 4537 3807 4592 pe-

2075 4619 2121 4682 ])
2154 4607 2356 4665 culiari
2388 4607 2690 4662 devotione
2721 4608 3116 4675 concedimus,
3154 4614 3219 4663 ut
3248 4610 3307 4664 in
3356 4610 3801 4682 processionum

2160 4698 2595 4767 missarumque
2625 4694 2986 4751 solemnibus
3000 4699 3173 4753 mitra
3190 4698 3719 4771 utarisepiscopali.
3744 4699 3807 4755 In

2157 4784 2465 4856 praecipuis
2494 4800 2627 4838 vero
2659 4784 3161 4853 festivitatibust
3177 4793 3265 4842 est
3280 4788 3338 4841 in
3354 4788 3638 4860 quinque,
3658 4805 3808 4859 quas

2155 4889 2479 4945 pracipuas
2509 4873 2760 4944 habetis,
2791 4879 2850 4929 et
2878 4876 2935 4929 in
2969 4876 3366 4947 Theophanis,
3400 4882 3457 4931 et
3505 4878 3562 4931 in
3592 4879 3804 4932 Ascen-

2154 4963 2337 5031 sione,
2372 4979 2476 5017 nec
2505 4980 2617 5017 non
2651 4969 2708 5018 et
2738 4964 2797 5018 in
2845 4964 3219 5020 Dedicatione
3263 4972 3472 5021 vestra
3518 4966 3800 5034 Ecclesia,

2154 5050 2549 5119 dalmaticam,
2596 5052 2964 5109 cbirothecas
3021 5059 3079 5109 et
3107 5055 3377 5110 sandalia
3423 5055 3704 5110 induaris.
3740 5055 3805 5110 Et

2154 5139 2262 5195 hoc
2288 5140 2360 5195 ad
2377 5145 2491 5195 tua
2510 5140 2811 5214 religionis
2824 5142 3173 5198 evidentiam
3207 5148 3381 5214 atque
3412 5143 3799 5199 ostensionem

2154 5234 2365 5285 nostra
2391 5227 2707 5301 peculiaris
2736 5229 3085 5298 dilectionis,
3111 5248 3286 5303 quam
3307 5248 3376 5287 ex
3405 5231 3541 5288 sede
3574 5236 3801 5304 aposto-

2152 5316 2271 5374 lica
2298 5319 2488 5391 magis
2502 5319 2727 5375 meritis
2742 5320 3112 5392 exigentibus
3133 5321 3503 5391 promereris.
3532 5321 3716 5377 Tuam
3732 5321 3802 5379 de

2155 5412 2364 5464 catero
2413 5408 2693 5463 condecet
2740 5410 3133 5479 sanctitatem,
3188 5410 3684 5480 quemadmodum
3731 5411 3801 5467 ab

2158 5495 2421 5552 Romana
2451 5495 2704 5551 Ecclesia
2737 5496 3048 5567 specialius
3068 5496 3406 5566 honoratur,
3433 5499 3510 5554 ita
3541 5498 3801 5572 ejusdem

2152 5585 2415 5645 Ecclesia
2430 5584 2679 5643 servitiis
2693 5591 2747 5642 et
2763 5585 3111 5645 utilitatibus
3126 5588 3498 5663 singulariter
3509 5589 3797 5656 insudare,

2153 5679 2445 5757 quatenus
2476 5679 2532 5735 et
2559 5673 2846 5735 hactenus
2868 5676 3031 5739 vobis
3063 5678 3134 5741 ab
3154 5679 3354 5739 eadem
3386 5679 3641 5749 Ecclesia
3666 5694 3797 5739 con-
