3950 6360
414 351 532 408 295

1725 329 1793 390 Β.
1839 326 2132 389 URBANI
2179 325 2229 386 Il
2277 327 2526 386 ΡΑΡᾹΞ.

3698 318 3837 380 296

485 474 816 553 Scripsistis
854 471 1024 530 nobis
1053 468 1375 527 maximum
1424 464 1578 538 apud
1598 478 1700 520 vos
1719 459 2064 520 scandalum
2093 459 2149 529 Α
2180 458 2290 532 sibi
2310 459 2378 514 ad
2391 459 2493 530 jus
2512 461 2770 515 vestrum
2800 454 3460 530 pertinentibus,praater
3487 451 3837 526 synodales,

415 548 744 635 emersisse,
778 581 895 638 quo
923 562 1201 619 Pisanum
1250 557 1590 630 episcopum
1639 548 2063 609 consecraveri-

414 678 570 729 mus,
610 657 764 732 quod
810 671 845 711 a
887 649 1209 710 Guezelone
1250 645 1521 703 hmretico
1567 643 1851 699 diaconus
1878 640 2066 696 fuerat

413 727 740 808 ordinatus.
773 746 845 802 Et
871 759 978 798 nos
1008 739 1263 813 profecto
1294 735 1514 792 scimus
1544 730 1926 789 Guezelonem
1955 727 2065 784 hae-

414 840 661 897 reticum
688 828 1425 903 fuisse,Moguntinumque
1455 823 1859 895 episcopatum
1880 817 2066 874 Simo.

414 929 583 986 niaco
615 923 911 982 credimus
927 916 1180 976 facinore
1194 913 1481 971 invasisse
1509 913 1748 984 propter
1767 923 1942 981 quem
1965 908 2067 962 aut

415 1017 598 1075 alium
628 1009 1053 1086 acquirendum
1075 1005 1197 1079 regi
1218 1004 1328 1060 sub
1350 1000 1722 1059 anathemate
1741 996 1931 1070 posito
1961 994 2063 1051 diu

414 1105 780 1171 servierat,et
807 1102 1043 1173 propter
1072 1091 1425 1167 acquisitum
1450 1088 1611 1147 omni
1640 1087 1770 1144 vitm
1801 1101 1906 1141 suo
1924 1087 2066 1173 tem-

413 1211 554 1270 pore
593 1172 919 1250 deservivit.
951 1185 1235 1244 Eumdem
1286 1184 1345 1238 et
1390 1177 1503 1253 ipsi
1552 1193 1660 1234 nos
1706 1191 1811 1248 pro
1859 1172 2063 1270 eadem

414 1263 613 1352 causa,
645 1281 747 1355 qui
779 1279 852 1336 ab
881 1270 1400 1334 excommunicatis
1441 1269 1814 1325 consecratus
1860 1266 1968 1331 est,
2000 1263 2062 1317 in

414 1351 682 1445 synodali
712 1357 1635 1426 concilimexcommunicavimus,
1651 1351 2060 1411 condemnavi-

413 1440 569 1532 mus,
601 1464 661 1517 et
689 1459 763 1515 ab
794 1456 957 1514 omni
984 1450 1377 1509 ecclesiastico
1401 1446 1591 1506 ofﬁcio
1608 1444 1735 1501 sine
1764 1459 1868 1517 spe
1898 1440 2062 1499 resti-

410 1548 658 1610 tutionis
689 1546 887 1619 aliqua
905 1540 1309 1616 deposuimus.

1172 1628 1296 1684 XII.

415 1729 619 1790 Urbani
646 1728 699 1784 II
721 1738 884 1799 papae
926 1720 1424 1848 ρνὶυίξριῦιτζιωρνο
1473 1713 1694 1770 abbatia
1740 1713 1796 1768 S.
1836 1711 2061 1767 Joannis

1123 1808 1151 1847 θ
1222 1807 1238 1845 τ
1315 1805 1382 1843 ις.

1123 1808 1151 1847 ϐ
1179 1805 1382 1847 γτηειδ.

1038 1881 1225 1952 (Anno
1257 1875 1440 1947 1089.)

487 1980 588 2049 [De
615 1971 1104 2049 LousN,_His_t_cire
1130 1966 1481 2049 denl’Abbaye
1509 1961 1990 2049 royalremd‘e‘Saint-

658 2032 1162 2112 Jcan-ltcs-Vignes,
1196 2032 1466 2106 Preuves,
1500 2032 1630 2109 pag.
1664 2032 1815 2104 281.]

485 2162 760 2218 URBANUS
790 2155 1122 2227 episcOpus,
1155 2163 1358 2205 servus
1389 2159 1690 2201 servorum
1724 2137 2067 2207 Dei,charis-

413 2251 562 2308 sime
592 2245 755 2304 fratri
780 2225 1240 2309 Rbcsao,abbati
1261 2233 1552 2292 canonica:
1573 2228 1771 2287 Sancti
1795 2225 2062 2294 Joannis,

413 2340 516 2413 qui
575 2332 1021 2409 cognominatur
1076 2327 1141 2383 de
1201 2326 1403 2390 Vincis,
1441 2323 1612 2394 juxta
1669 2315 2066 2395 Suessionem,

411 2405 807 2497 fratribu'sque
836 2419 1054 2476 ibidem
1076 2416 1186 2474 sub
1204 2413 1408 2487 regula
1427 2409 1579 2468 beati
1600 2405 2069 2497 Augustinicon-

380 2515 634 2592 ,stitutis
690 2495 749 2570 et
804 2505 1231 2568 constituendis
1279 2501 1530 2558 salutem
1581 2503 1638 2555 et
1683 2495 2065 2569 apostolicam

408 2603 893 2671 benedictionem.

480 2694 671 2761 Justis
697 2690 848 2748 votis
877 2700 1186 2744 assensum
1219 2680 1492 2754 praebere,
1518 2675 1815 2750 justisque
1845 2675 2068 2748 petitio-

414 2786 589 2845 nibus
617 2797 790 2840 aures
816 2774 1256 2837 accommodare
1303 2786 1413 2826 nos
1461 2765 1749 2834 convenit,
1778 2765 1899 2837 qui,
1932 2763 2066 2821 licet

415 2874 664 2947 indigni,
708 2867 959 2943 justitiaa
1006 2877 1320 2936 praecones,
1355 2862 1528 2930 atque
1577 2856 1849 2912 custodes
1878 2855 1937 2909 in
1968 2871 2065 2910 ex-

415 2943 572 3020 celsa
600 2957 998 3036 apostolorum
1030 2951 1183 3009 Petri
1225 2953 1283 3006 et
1326 2946 1490 3036 Pauli
1539 2943 1796 3036 speculo,
1828 2944 2062 3015 dispen-

416 3031 875 3121 sationeﬁsumus
905 3043 1106 3099 divina
1134 3035 1456 3096 constituti.
1491 3034 1640 3101 Quia
1666 3033 1846 3107 igitur
1889 3031 2067 3104 inSpi-

414 3146 580 3199 rante
609 3120 867 3202 domino,
901 3131 1117 3188 dictam
1149 3125 1490 3185 canonicam
1535 3122 1857 3180 secundum
1909 3120 2060 3176 beati

412 3226 726 3304 Augustini
751 3221 1013 3296 regulam
1035 3216 1513 3292 delegistis,bono
1534 3208 1911 3304 aclaudabili
1932 3213 2060 3266 voto

416 3299 719 3377 dev'otione
748 3311 945 3370 debita
973 3306 1491 3382 congaudemus,et
1518 3306 1581 3358 ut
1609 3299 1904 3357 laudabile
1936 3316 2063 3372 pro-

416 3407 677 3481 positum
706 3398 1096 3458 laudabiliora
1122 3395 1558 3481 subsequantur
1577 3391 1936 3447 incrementa
1966 3405 2063 3461 pa-

415 3478 586 3552 terna
638 3508 740 3548 vos
798 3487 1118 3554 affectione,
1152 3486 1218 3541 ut
1273 3482 1425 3539 ﬁlios
1466 3478 1868 3547 charissimos,
1928 3494 2063 3534 cum

416 3582 692 3641 omnibus
718 3576 1080 3653 appendiciis
1106 3571 1340 3641 vestris,
1372 3571 1481 3628 sub
1511 3567 1867 3642 protectione
1906 3565 2064 3624 sedis

416 3671 746 3748 apostolica:
776 3666 1154 3740 suscipimus,
1187 3667 1245 3719 et
1282 3659 1483 3732 scripti
1531 3656 1715 3715 nostri
1763 3654 2064 3748 privilegio

416 3746 856 3819 communimus
889 3773 902 3812 :
936 3756 1258 3812 statuentes
1307 3749 1602 3822 siquidem
1633 3748 1692 3803 in
1724 3746 1952 3820 primis,
2002 3748 2065 3801 ut

416 3850 645 3909 ordinis
708 3846 887 3904 vestri
943 3842 1233 3901 canonicis
1289 3837 1687 3895 institutiones
1740 3834 2064 3893 secundum

418 3941 603 3997 Deum
660 3941 718 3995 et
772 3933 929 3991 beati
972 3928 1286 4005 Augustini
1332 3927 1617 4002 regulam,
1652 3924 1950 3999 perpetuis
2004 3922 2065 3979 in

419 4026 666 4086 ecclesia
691 4028 886 4082 vestra
927 4015 1728 4094 temporibus,inviolabiliter
1757 4015 2066 4071 observen-

418 4122 516 4185 tur
548 4134 561 4173 :
594 4119 875 4189 praterea
903 4125 1306 4185 quascumque
1336 4104 1756 4180 possessiones,
1791 4120 2065 4176 quaecun-

2089 1832 2138 1897 B

2094 3203 2136 3270 C

2173 548 2344 605 liceat
2371 547 2591 622 aliquid
2621 547 2866 620 exigere,
2898 545 3163 617 nullique
3191 544 3364 600 liceat
3391 558 3602 599 novam
3635 541 3842 598 eccle-

2173 638 2321 694 siam
2342 637 2430 694 vel
2463 639 2679 695 atrium
2697 638 2851 693 intra
2870 636 3153 692 terminos
3173 633 3586 707 parochiarum
3604 636 3844 689 vestra-

2174 744 2326 795 rum,
2360 727 2485 784 sine
2514 731 2705 783 vestro
2736 730 2794 782 et
2823 725 3081 798 episcopi
3116 724 3295 780 vestri
3342 739 3654 791 consensu,
3685 737 3843 777 con-

2174 817 2433 873 stituere.
2465 815 2788 872 Statuimus
2818 815 2993 872 etiam
3025 815 3180 886 quod
3210 811 3601 887 parochianos
3638 809 3841 867 eccle-

2173 906 2395 964 siarum
2424 909 2752 963 vestrarum
2807 904 2931 961 sine
2979 902 3403 977 parochialium
3450 901 3839 958 sacerdotum

2173 1012 2483 1065 consensu,
2534 994 2682 1051 nulli
2728 994 2899 1051 liceat
2946 993 3210 1066 sepelire,
3243 992 3331 1048 vel
3363 1007 3561 1048 servos
3597 993 3841 1047 vestros

2173 1086 2301 1143 sine
2329 1102 2617 1142 consensu
2646 1089 2839 1142 vestro
2870 1084 2931 1139 in
2959 1084 3196 1140 fratrem
3244 1083 3519 1154 recipere.
3572 1079 3837 1136 Interdi-

2173 1174 2362 1230 cimus
2392 1173 2569 1232 etiam
2598 1191 2670 1230 ne
2699 1173 2914 1246 aliquis
2951 1172 3235 1229 terminos
3287 1170 3700 1244 parochiarum
3756 1168 3839 1224 de

2171 1264 2320 1321 laica
2341 1263 2429 1321 vel
2459 1263 2851 1320 ecclesiastica
2881 1279 3081 1329 manu,
3115 1261 3242 1317 sine
3289 1276 3578 1317 consensu
3626 1263 3835 1315 vestro

2171 1353 2432 1427 recipiat.
2464 1352 2524 1409 Si
2554 1369 2733 1425 quam
2764 1352 2936 1408 etiam
2966 1356 3183 1407 terram
3232 1351 3304 1406 de
3350 1365 3470 1421 qua
3513 1348 3678 1405 vobis
3719 1348 3829 1403 de-

2171 1443 2324 1500 cima
2352 1441 2652 1499 consuevit
2680 1438 2914 1511 exsolvi,
2932 1441 3004 1496 ad
3036 1439 3209 1496 aliam
3241 1455 3484 1496 manum
3504 1437 3835 1495 transferre

2170 1532 2507 1606 contigerit;
2569 1530 2952 1587 nihilominus
3006 1529 3141 1587 inde
3195 1528 3359 1585 vobis
3425 1527 3653 1585 decima
3719 1526 3838 1583 tri-

2170 1623 2405 1679 buatur.
2455 1622 2605 1678 Sane
2654 1619 2950 1676 novalium
2997 1623 3325 1689 vestrorum
3376 1634 3525 1690 quos
3568 1615 3834 1689 propriis

2170 1711 2447 1767 manibus
2474 1709 2562 1766 vel
2589 1708 2924 1781 sumptibus
2955 1708 3165 1773 colitis,
3196 1706 3453 1764 decimas
3482 1719 3654 1762 nemo
3686 1721 3838 1777 prae-

2171 1804 2368 1856 sumat
2407 1799 2652 1873 exigere.
2687 1798 3067 1855 Decernimus
3098 1797 3278 1870 igitur
3306 1800 3373 1852 ut
3404 1794 3550 1851 nulli
3582 1792 3835 1850 omnino

2173 1891 2344 1947 liceat
2371 1894 2564 1946 vestra
2592 1887 2676 1943 vel
2710 1888 2953 1953 auferre,
2975 1884 3063 1942 vel
3095 1885 3395 1957 aliquibus
3419 1883 3831 1940 exactionibus

2173 1980 2466 2036 infestare.
2511 1978 2683 2034 Porro
2733 1977 2781 2033 si
2830 1977 2963 2048 quis
3013 1976 3122 2031 hoc
3169 1972 3553 2047 provilegium
3604 1975 3829 2028 nostra:

2175 2069 2494 2126 sanctionis
2520 2066 2824 2123 temerario
2847 2082 2992 2121 ausu
3015 2064 3330 2136 infringere
3359 2060 3829 2135 praesumpserit,

2175 2177 2209 2215 a
2237 2158 2444 2214 Christi
2480 2174 2611 2213 cum
2643 2160 2700 2213 et
2727 2154 2994 2211 Ecclesia:
3024 2171 3261 2226 corpore
3293 2152 3668 2225 segregamus
3718 2167 3829 2207 au-

2174 2248 2443 2305 ctoritate
2473 2244 2823 2319 apostolica;
2864 2243 3343 2300 conservantibus
3382 2234 3578 2297 autem
3627 2257 3745 2313 pax
3797 2256 3833 2297 a

2174 2338 2420 2394 Domino
2498 2341 2556 2392 et
2635 2333 3034 2391 misericordia
3108 2335 3540 2388 conserventur.
3611 2334 3830 2397 Amen,

2175 2443 2369 2494 amen,
2404 2443 2594 2482 amen.

2245 2518 2456 2573 Datum
2487 2515 2683 2572 Romae
2713 2530 2818 2587 per
2842 2529 3054 2568 manus
3083 2511 3346 2579 Joannis,
3373 2513 3587 2566 sancta;
3616 2508 3834 2565 Roma-

2176 2625 2259 2663 nae
2290 2605 2555 2662 Ecclesiae
2588 2604 2816 2660 diaconi
2848 2601 3163 2658 cardinalis
3187 2606 3244 2657 et
3271 2596 3837 2674 prosignatoris,Do-

2174 2696 2404 2752 minicaa
2434 2695 2723 2751 Incarnat.
2756 2692 3065 2748 millesimo
3098 2689 3494 2762 octuagesimo
3524 2703 3698 2756 nono,
3738 2688 3832 2743 in-

2173 2786 2309 2842 dict.
2342 2800 2443 2852 xu,
2475 2801 2536 2839 ιιι
2570 2781 2769 2838 Idibus
2811 2781 2965 2848 Jan.,
3000 2796 3151 2835 anno
3200 2777 3574 2852 pontiﬁcatus
3616 2775 3831 2832 domni

2173 2872 2390 2931 Urbani
2422 2872 2631 2945 primo.

2924 2985 3069 3041 XIII.

2271 3101 2291 3123 "
2327 3097 2574 3154 Urbanus
2605 3095 2672 3165 Il,
2703 3095 3032 3150 monasterio
3064 3092 3116 3147 S.
3157 3092 3380 3148 Victoris
3408 3089 3743 3146 Massiliensi

2778 3165 2984 3221 bullam
3005 3165 3217 3220 tribuit.

2797 3248 2983 3316 (Anno
3017 3244 3196 3315 1089).

2206 3338 2371 3411 [Vide
2400 3338 2697 3393 MABILLON
2730 3340 2787 3392 et
2817 3335 3120 3411 Ruinam,
3143 3335 3422 3402 Ouvrages
3452 3330 3792 3403 posthumes,

2877 3405 2971 3469 III,
3005 3405 3121 3476 51.]

2927 3520 3068 3577 XIV.

2176 3626 2382 3684 Urbani
2408 3626 2460 3681 II
2487 3623 2715 3696 epistola
2743 3620 2815 3696 ad
2845 3619 3172 3691 Gaufridum
3203 3618 3666 3696 Constantianst
3706 3616 3834 3696 epit

2242 3714 2480 3770 scapum.
2511 3688 2600 3736 ’-
2644 3688 3031 3770 ΡονΓυςγςηῃέ⁸
3060 3692 3389 3746 monasterio
3439 3688 3839 3770 Schafhusensi

2241 3762 2402 3824 tertio
2431 3767 2676 3824 revocari
2700 3762 2948 3830 mandat,
2980 3766 3034 3818 et
3071 3778 3269 3835 parere
3315 3762 3649 3818 recusantem
3685 3774 3832 3814 ana-

2245 3840 2472 3896 themati
2501 3836 2688 3893 tradit.

2802 3924 2990 3995 (Anno
3026 3922 3205 3994 1089.)

2602 4014 2828 4080 [Massr,
2862 4012 3065 4069 Concit.
3099 4010 3211 4079 XX,
3245 4010 3396 4081 707.]

2246 4106 2547 4174 URBANUS,
2581 4104 2890 4176 episcopus
2924 4118 3126 4159 servus
3155 4112 3459 4157 servorum
3490 4097 3612 4166 Dei,
3645 4096 3836 4153 dilec-

422 4224 537 4280 que
567 4185 816 4273 b—ona,in
847 4202 1111 4258 futurum
1140 4197 1227 4255 νει
1259 4212 1487 4270 regum.
1519 4199 1692 4267 atque
1723 4192 2069 4265 Ρριιῐίίῖοιιω
2176 4204 2233 4255 to
2264 4195 2427 4252 fratri
2456 4199 2514 4251 et
2543 4194 2867 4267 ccepiscOpo
2889 4192 3187 4248 Gwrmoo
3216 4187 3645 4246 Constantiensi
3675 4185 3839 4243 salu-

420 4294 788 4361 liberalitate;
820 4289 907 4348 vel
940 4288 1229 4347 oblatione
1267 4285 1527 4343 fidelium
1558 4282 1822 4357 poteritis
1852 4281 2067 4354 adipis-

420 4386 473 4442 ci
502 4384 684 4457 (salva
710 4381 1170 4438 dioecesanorum
1218 4376 1414 4444 debita
1460 4372 1802 4443 reverentia)
1842 4371 2071 4443 integra

416 4473 582 4532 vobis
611 4468 936 4547 vestrisque
985 4465 1446 4543 possessoribus,
1480 4466 1537 4520 et
1571 4461 1794 4517 illibata
1840 4477 2067 4533 perma-

2174 4293 2294 4345 tem
2325 4290 2383 4342 et
2408 4284 2790 4357 apostolicam
2818 4280 3305 4338 benedictionem.

2248 4374 2675 4432 Dilectissimus
2704 4372 2860 4428 filius
2891 4373 3089 4427 noster
3114 4369 3182 4426 N.
3212 4371 3570 4439 conquestus
3602 4370 3692 4423 est
3722 4383 3833 4423 no-

2176 4465 2268 4522 bis
2289 4465 2446 4537 quod
2477 4464 2717 4536 quidam
2746 4460 3096 4530 vir,nomine
3125 4458 3217 4524 N.,
3252 4461 3565 4530 postquam
3597 4471 3661 4512 se
3690 4471 3834 4512 sua-

420 4545 983 4635 neant.Adjicientes
1009 4563 1288 4631 praeterea.
1313 4550 1720 4645 interdicimus
1752 4566 1824 4645 ῐξϐ
1855 4549 2069 4645 aliquis
2101 4579 2146 4645 Β
2178 4571 2290 4627 que
2321 4553 2519 4610 omnia
2550 4568 2727 4625 super
2755 4550 2936 4606 altare
2964 4545 3195 4604 Domini
3229 4545 3546 4604 Salvatoris
3593 4548 3651 4601 et
3694 4560 3826 4600 om-

420 4650 717 4710 saacularis
747 4650 805 4705 in
835 4645 1267 4722 parochialibus
1315 4640 1574 4698 ecclesiis
1610 4639 1821 4696 vestris
1850 4638 2069 4694 substi-

420 4746 621 4799 tuatur
649 4739 969 4815 presbyter,
1003 4735 1117 4792 nisi
1165 4733 1266 4806 qui
1313 4732 1386 4788 ab
1436 4729 1644 4786 abbate
1688 4731 1900 4797 vestro,
1935 4743 2069 4783 cum

422 4848 712 4889 consensu
742 4827 983 4902 capituli
1007 4824 1209 4893 vestri,
1240 4822 1567 4879 dioecesano
1610 4818 1788 4874 fuerit
1818 4834 2067 4890 praesen-

421 4926 580 4978 tatus
611 4921 904 4993 episcopo.
936 4915 1114 4972 Vobis
1145 4916 1340 4970 autem
1384 4908 1624 4964 claustri
1673 4907 1848 4964 vestri
1898 4923 2069 4964 cano-

423 5010 554 5066 nico
586 5026 687 5083 per
708 5005 1068 5082 parochiales
1116 5000 1389 5059 ecclesias
1437 5001 1660 5053 vestras
1704 4995 1874 5051 liceat
1915 4997 2069 5052 ordi-

423 5115 584 5157 nare.
616 5096 891 5154 Praesenti
921 5096 1098 5151 etiam
1130 5093 1357 5148 decreto
1387 5086 1705 5145 statuimus
1730 5090 1794 5142 ut
1824 5085 1967 5141 nulli
1989 5102 2075 5141 ec-

425 5187 734 5246 clesiastici
764 5184 990 5244 ordinis
1010 5177 1388 5257 personm,vel
1419 5195 1453 5234 a
1479 5176 1666 5244 vobis,
1696 5175 1787 5232 vel
1810 5177 1881 5231 ab
1898 5176 2072 5233 eccle-

422 5313 751 5398 Moguntini
783 5307 1201 5398 arcbiepiscopi
1224 5300 1514 5388 demortui
1545 5317 2072 5398 successoremseu

422 5374 621 5461 potius
650 5374 1003 5461 Moguntina}
1045 5374 1328 5461 ecclesia
1349 5375 1678 5430 invasorem
1709 5374 1809 5461 ab“
1830 5375 2073 5461 lienrico

425 5445 560 5534 rege
591 5445 1166 5534 intru‘éumnu‘tpatet
1193 5466 1262 5505 ex
1292 5448 1525 5534 iisqua:
1554 5461 1734 5534 supra
1756 5445 1911 5528 dicta
1938 5448 2077 5534 sunt

424 5516 759 5587 inuconcilio
791 5516 1548 5594 Qui'ntilineburgensi'sub
1593 5516 2075 5594 G‘regorio__s_ep_t_i-

427 5618 545 5659 mo.
575 5600 695 5674 Nec
725 5588 922 5656 obstat
965 5594 1129 5674 quod
1171 5588 1326 5667 ap'ud
1369 5588 1823 5674 Urspergengem
1854 5588 2076 5674 VVecilo

2180 4644 2343 4701 nium
2376 4648 2708 4699 sanclorum
2742 4640 2803 4695 in
2831 4637 3193 4695 Schafhusen
3216 4635 3522 4703 obtulerat,
3546 4633 3837 4691 instinctu

2179 4731 2397 4790 diaboli
2428 4729 2812 4804 apostatando
2834 4745 2897 4785 se
2926 4744 3151 4800 suaque
3167 4727 3239 4783 ab
3258 4726 3460 4783 eodem
3476 4723 3836 4781 monasterio

2180 4823 2433 4881 alienare
2462 4816 2921 4892 praesumpserit.
2953 4816 3239 4873 Volumus
3270 4818 3667 4888 ergo,tuaaque
3690 4809 3837 4868 cha-

2179 4912 2333 4968 ritati
2382 4909 2770 4982 injungimus,
2822 4911 2889 4962 ut
2936 4906 3207 4961 eumdem
3260 4904 3455 4960 virum
3503 4902 3833 4961 secundum

2179 4998 2570 5073 evangelicam
2598 4995 3003 5053 auctoritatem
3036 4995 3291 5050 secundo
3338 4996 3395 5048 et
3438 4991 3609 5048 tertio
3648 5007 3831 5047 cano-

2181 5091 2307 5147 nice
2338 5094 2403 5144 ut
2432 5090 2751 5143 revertatur
2781 5100 3174 5140 commoneas.
3206 5082 3265 5138 Si
3294 5082 3619 5154 vero,quod
3653 5078 3828 5147 absit,

2181 5181 2240 5236 in
2271 5177 2553 5251 pravitate
2583 5192 2692 5232 sua
2723 5173 3063 5247 perstiterit,
3094 5176 3157 5229 tu
3203 5172 3264 5228 in
3313 5174 3587 5245 promptu
3626 5168 3833 5225 ulcisci

2183 5302 2482 5386 appellati:
2518 5317 2652 5383 nam
2684 5298 2971 5383 familiare
2999 5302 3089 5355 est
3116 5297 3295 5382 Gallis
3345 5296 3594 5367 aliisque
3613 5293 3829 5386 ,ηεξίο-

2183 5363 2359 5432 nibus
2395 5378 2461 5430 ut
2491 5373 2732 5456 nomine
2777 5372 2999 5456 o_mnia_
3023 5369 3276 5453 propria,
3310 5385 3438 5440 quae
3489 5363 3643 5449 apud
3692 5363 3833 5456 (ier-

2186 5463 2390 5503 manos
2420 5444 2759 5501 scribuntur
2804 5443 2864 5497 in
2915 5436 3201 5516 principio
3246 5436 3349 5513 per
3376 5436 3678 5512 geminum
3709 5436 3833 5504 W.,

2186 5519 2299 5593 ipsi
2369 5517 2637 5593 primani
2689 5514 2946 5593 litteram
2998 5513 3073 5593 _V_
3129 5513 3188 5568 in
3217 5516 3291 5593 AG
3345 5512 3737 5593 _convertant,_
3771 5526 3834 5565 a-

2185 5580 2407 5664 deoque
2437 5604 2539 5662 pro
2562 5584 2871 5644 Wezelone
2900 5584 3183 5660 scriptum
3212 5582 3387 5641 fuerit
3417 5580 3680 5641 Guezelo.
3702 5581 3830 5639 Ssv.

428 5672 783 5740 nominetur,
817 5660 1001 5745 quem
1039 5660 1305 5728 Urbanus
1356 5660 1506 5741 papa
1552 5660 1646 5721 hic
1695 5660 2076 5720 Guezelonem
2188 5663 2312 5723 Bm.
