3950 6396
150 370 262 435 297

1354 374 1762 438 EPISTOL/E
1807 377 1905 438 ET
1948 377 2425 440 PBIVILEGIA.

3429 381 3549 441 298

151 504 370 575 habens
398 521 635 563 omnem
664 505 1119 564 inobedientiam
1145 525 1247 581 pro
1269 509 1446 565 ofﬁcii
1480 508 1564 564 tui
1598 510 1792 565 debito
1821 518 1877 584 Α
1978 510 2211 574 Quarto.
2244 511 2420 565 Porro
2443 512 2514 566 de
2531 510 2754 568 clericis
2800 512 2899 583 qui
2921 513 2994 568 ab
3029 514 3548 570 excommunicatis

149 593 407 666 gladium
431 595 1051 651 exeommuuicationis
1076 598 1131 653 iu
1157 598 1320 654 illum
1352 599 1657 671 evaginare
1680 616 1795 655 non

152 682 474 751 diﬂ'eras,ut
504 684 554 740 si
575 683 702 758 ipse
728 685 1142 759 incorrigibilis
1172 687 1582 760 permanserit,
1607 687 1795 743 eateri

150 770 415 828 timorem
438 772 709 831 habeant.
746 776 999 832 Labores
1027 779 1085 831 et
1112 777 1414 850 angustias
1445 776 1796 833 universalis

150 861 353 921 matris
384 861 659 921 Romana
700 863 965 921 Ecclesia
1009 865 1117 920 tibi
1170 869 1450 938 tanquam
1482 865 1639 921 ﬁdeli
1674 866 1792 921 tilio

143 952 646 1011 commendamus.
681 953 808 1009 Dat.
836 954 1030 1009 Roma
1051 950 1296 1027 x’April.

906 1061 1023 1117 XV.

156 1146 361 1223 Ur_ba_ni
388 1149 445 1223 ῌ
476 1149 709 1220 epistola
744 1165 814 1205 ea:
854 1150 1060 1223 synodo
1098 1152 1339 1207 Romana
1367 1152 1572 1222 scripta
1601 1151 1672 1206 ad
1704 1151 1799 1206 Ge-

215 1219 518 1294 beliardum
589 1219 923 1279 Constantia}:
979 1223 1293 1294 episcopum
1349 1219 1638 1289 canonica,
1689 1239 1796 1294 qua

212 1289 391 1365 eidem
414 1363 419 1365 Α
441 1291 767 1362 legationem
818 1289 1196 1364 apostolicam,
1242 1302 1294 1348 et
1352 1289 1797 1365 procuratioan

214 1363 584 1436 Maiarum
612 1366 669 1419 in
696 1363 965 1433 Suetonio,
1009 1363 1368 1429 Alemannia,‘
1392 1364 1562 1436 defert
1587 1369 1639 1420 et
1667 1381 1796 1421 con-

212 1435 420 1504 ﬁrmat.

765 1526 951 1596 (Anno
985 1524 1006 1580 Ι
1017 1524 1170 1597 089.)

146 1602 377 1686 {Manen
402 1611 608 1669 Coneil.
632 1613 746 1681 XX,
777 1614 905 1681 715,
927 1645 1006 1686 -ί
1031 1614 1111 1669 Ex
1142 1614 1268 1670 cod.
1291 1614 1474 1670 Valie.
1506 1614 1611 1668 382
1644 1613 1797 1669 eruit

210 1685 556 1827 Βοὶὲἰᾎηῗιη
587 1703 656 1741 ex
695 1702 810 1757 quo
850 1685 1185 1741 Harthzeim
1215 1702 1374 1742 conc.
1407 1686 1602 1742 Germ.
1632 1691 1668 1740 t.
1697 1687 1793 1754 ΙΙΙ,

213 1773 271 1827 p.
324 1814 335 1823 ,
418 1799 430 1811 .

216 1838 495 1903 Uiuimus
524 1846 859 1919 episcopus,
894 1863 1100 1902 servus
1131 1863 1431 1903 servorum
1463 1846 1585 1916 Dei,
1611 1846 1790 1902 Gene-

144 1941 337 1995 nanno.
371 1934 801 1991 Constantiensi
844 1935 1149 2008 episcopo,
1180 1935 1429 1992 salutem
1445 1934 1791 2007 etapostoli-

141 2041 270 2081 eam
300 2024 784 2080 benedictionem.

210 2114 359 2179 Quia
388 2112 728 2186 tespeciale,
748 2118 880 2186 post
905 2114 1235 2183 Dominum,
1264 2131 1546 2169 manuum
1562 2118 1787 2169 nostra-

144 2219 272 2258 rum
292 2218 443 2274 opus
473 2218 601 2257 esse
620 2203 1118 2274 perpendimus,ct
1141 2204 1274 2275 quia
1299 2201 1609 2275 specialem
1642 2203 1701 2257 in
1733 2208 1789 2258 te

140 2290 441 2366 religionis
473 2290 721 2363 gratiam
752 2308 880 2346 esse
903 2293 1333 2364 cognoscimus,
1362 2291 1576 2346 ideirco
1603 2297 1655 2346 te
1686 2292 1787 2347 acl-

134 2381 339 2451 juvare
368 2381 607 2452 tuisque
638 2380 1084 2436 necessitatibus
1106 2380 1437 2452 specialiter
1457 2381 1788 2450 subvenire,

142 2468 390 2524 Domino
421 2471 732 2534 annuente,
782 2468 1128 2542 satagimus.
1182 2469 1543 2535 Quastiones
1592 2474 1787 2525 autem

142 2574 289 2631 quas
310 2558 428 2613 tuis
456 2556 665 2612 litteris
686 2557 1032 2630 signiﬁcasti
1070 2559 1280 2613 vestris
1300 2558 1357 2612 in
1382 2558 1644 2630 partibus
1666 2558 1787 2631 agi-

142 2646 271 2716 tari,
303 2646 463 2719 apud
488 2662 594 2701 nos
615 2662 849 2718 quoque
869 2646 1014 2702 satis
1031 2647 1366 2719 frequenter
1387 2648 1616 2702 noveris
1637 2664 1789 2703 com-

140 2735 378 2793 moveri.

206 2825 479 2880 Fratrum
528 2823 723 2896 itaque
771 2825 1202 2880 communicato
1255 2825 1519 2889 consilio,
1569 2824 1789 2897 diuque

136 2913 759 2969 exeommunicationis
789 2914 1110 2986 quastione
1130 2918 1398 2983 tractata,
1433 2914 1617 2969 sancti
1652 2931 1791 2986 pra-

136 2990 460 3059 deeessoris
482 3002 941 3076 nostriGregorii
970 3004 1323 3059 sententiam
1350 3003 1785 3069 continuantes,

139 3093 214 3148 ita
241 3110 372 3148 eam
406 3091 654 3147 Domino
685 3090 1010 3165 inspirante
1041 3091 1579 3148 determinavimus.

208 3181 403 3237 Primo
426 3182 665 3253 quidem
688 3181 872 3257 gradu
896 3182 1290 3236 Ravennatem
1316 3180 1785 3253 baresiarcham,

1905 599 2195 675 episcopis
2224 599 2475 655 ordinati
2504 604 2642 655 sunt
2672 602 2920 657 necdum
2938 601 3177 673 quidem
3199 602 3547 660 sententiam

1906 688 2162 754 ﬁximus,
2199 689 2336 761 quia
2361 689 2649 762 generalis
2695 690 2832 746 mali
2878 691 3216 764 contagium
3262 691 3551 766 generalis

1905 778 2109 850 synodi
2142 783 2230 833 est
2259 779 2514 834 cauterio
2544 780 3029 836 comburendum.
3063 780 3199 836 Tuae
3227 784 3424 838 tamen
3456 797 3556 854 pa-

1903 866 2161 922 ternitati
2177 866 2285 921 hoc
2309 868 2732 940 respondemus
2776 869 2845 925 ad
2866 886 3120 941 praesens
3142 873 3208 925 ut
3228 870 3298 926 ab
3320 885 3551 927 excom-

1906 954 2220 1011 municatis
2251 955 2547 1029 quondam
2578 961 2772 1014 tamen
2806 956 3108 1015 catholicis
3137 958 3429 1030 episcopis
3459 975 3553 1015 or-

1905 1044 2121 1099 dinatis
2136 1044 2181 1100 si
2199 1045 2436 1117 quidem
2450 1062 2564 1101 non
2579 1046 2909 1102 Simoniace
2922 1047 3157 1104 ordines
3176 1047 3336 1119 ipsos
3349 1063 3548 1104 susce-

1905 1133 2097 1205 perint
2126 1137 2184 1189 et
2213 1134 2263 1190 si
2289 1134 2444 1206 ipsos
2473 1134 2775 1208 episcopos
2824 1152 2939 1191 non
2969 1135 3321 1192 simoniacos
3368 1136 3551 1194 fuisse

1907 1222 2263 1290 constiterit;
2292 1225 2364 1279 ad
2395 1222 2504 1278 hoc
2536 1223 2584 1280 si
2615 1241 2816 1280 eorum
2866 1224 3190 1298 religiosior
3217 1224 3334 1281 vita
3358 1228 3417 1281 et
3447 1225 3549 1282 do-

1909 1310 2102 1366 ctrina
2125 1311 2504 1384 praerogativa
2519 1312 2643 1368 visa
2661 1313 2836 1370 fuerit
2855 1314 3192 1386 promereri,
3210 1313 3553 1387 pcenitentia

1905 1399 2124 1455 indicta
2144 1416 2321 1471 quam
2344 1416 2663 1473 congruam
2688 1403 2923 1459 duxeris
2946 1403 3006 1457 in
3030 1402 3177 1475 ipsis
3213 1420 3363 1476 quos
3392 1420 3551 1460 acce-

1904 1493 2115 1560 perunt
2143 1489 2447 1544 ordinibus
2493 1508 2725 1547 manere
2754 1491 3082 1564 permittas,
3113 1492 3186 1548 ad
3218 1493 3549 1565 superiores

1905 1582 2097 1632 autem
2130 1579 2445 1634 ascendere
2490 1596 2605 1634 non
2652 1579 3047 1650 concedimus,
3081 1580 3195 1636 nisi
3228 1581 3547 1638 necessitas

1904 1670 1961 1721 et
1989 1666 2212 1722 utilitas
2266 1668 2522 1724 maxima
2566 1668 2931 1740 ﬂagitaverit,
2962 1672 3020 1725 et
3047 1669 3313 1742 ipsorum
3346 1673 3548 1727 sancta

1904 1756 2267 1812 conversatio
2281 1756 2650 1828 promoverit,
2679 1761 2736 1813 et
2762 1757 2874 1814 hoc
2903 1762 3099 1814 tamen
3128 1758 3325 1831 ipsum
3356 1759 3547 1816 rarius

1902 1860 2037 1899 curn
2080 1845 2307 1900 cautela
2337 1846 2628 1917 pracipua
2653 1850 2740 1902 est
2771 1847 3226 1903 concedendum.

1972 1934 2201 1999 Quinto.
2237 1932 2316 1989 De
2346 1934 2718 2008 presbyteris,
2751 1936 3014 1992 diaconis
3045 1940 3148 1992 aut
3169 1937 3549 1995 subdiaconis

1900 2022 1999 2093 qui
2025 2028 2156 2093 post
2183 2028 2484 2095 acceptum
2517 2025 2782 2080 ordinem
2811 2023 2872 2079 in
2904 2022 3099 2097 aliquo
3129 2025 3371 2081 crimine
3397 2026 3548 2099 lapsi

1899 2112 2136 2181 fuerint,
2170 2112 2288 2166 sive
2316 2112 2509 2183 palam
2542 2112 2663 2168 sive
2696 2112 2869 2177 clam,
2920 2118 3149 2169 constat
3183 2113 3422 2186 quidem
3453 2131 3547 2170 ea-

1898 2216 2117 2254 nonum
2140 2216 2389 2255 censura
2411 2202 2483 2255 ab
2497 2201 2907 2257 ecclesiasticis
2925 2219 3023 2258 eos
3036 2201 3508 2259 officiisinhiberi
3530 2222 3544 2273 ;

1899 2293 2010 2343 tua
2031 2292 2226 2344 tamen
2251 2289 2588 2345 discretioni
2614 2290 3104 2363 providentiaque
3123 2291 3548 2348 committimus

1900 2382 2095 2433 utrum
2123 2377 2328 2449 aliqui,
2360 2380 2459 2450 qui
2488 2382 2682 2435 tamen
2717 2380 2972 2435 infamia
3005 2381 3156 2437 notis
3187 2398 3301 2437 non
3330 2380 3548 2437 fuerint

1897 2466 2110 2538 apersi,
2159 2468 2505 2523 necessitate
2546 2467 2816 2523 Ecclesia
2856 2473 3120 2541 urgente,
3173 2473 3229 2524 et
3280 2469 3546 2541 ipsorum

1897 2560 2100 2611 sancta
2130 2556 2565 2612 conversatione
2613 2559 3069 2629 promerente,in
3108 2558 3234 2614 suis
3264 2557 3547 2630 gradibus

1898 2644 2224 2717 recuperari
2241 2645 2510 2701 debeant.
2535 2645 2652 2700 Hoc
2672 2649 2865 2701 autem
2891 2647 3212 2701 secundum
3232 2645 3545 2719 indulgen-‘

1896 2732 2039 2787 tiam
2062 2733 2334 2799 dico,non
2362 2734 2686 2789 secundum
2715 2734 3123 2808 imperium,ut
3141 2739 3334 2792 vestra
3357 2737 3548 2808 major

1897 2821 2103 2877 vestris
2139 2822 2198 2876 in
2230 2823 2496 2894 partibus
2525 2829 2729 2879 contra
2759 2824 3059 2880 haereticos
3111 2824 3398 2881 habeatur
3437 2842 3546 2882 au-

1896 2910 2321 2975 etoritas,salva
2342 2917 2534 2967 tamen
2552 2913 2896 2969 auctoritate
2913 2930 3204 2969 canonum
3224 2919 3282 2970 et
3309 2918 3546 2970 sancto-

1897 3016 2029 3055 rum
2061 3001 2299 3055 Patrum
2332 3000 2722 3058 decretalibus
2760 3002 3065 3060 institutis.
3100 3003 3360 3076 Si-quem
3389 3017 3544 3071 vero,

1897 3089 2051 3159 quod
2079 3090 2258 3167 absit,
2293 3094 2392 3145 aut
2422 3094 2553 3163 post
2584 3095 2906 3164 acceptum,
2939 3096 3040 3147 aut
3070 3097 3205 3148 ante
3236 3097 3541 3165 acceptum

1896 3179 2176 3244 officium,
2210 3180 2518 3251 contigerit
2547 3181 3085 3252 peremptorio,sive
3110 3181 3263 3238 clam
3293 3182 3414 3238 sive
3443 3195 3544 3255 pa-

142 3272 414 3326 Romana
460 3268 728 3326 Ecclesia
782 3270 1131 3337 invasorem,
1167 3286 1303 3325 cum
1351 3270 1598 3328 Henrico
1631 3287 1783 3344 rege,
1817 3257 1860 3323 C
1902 3266 2038 3333 lam,
2072 3272 2419 3339 occupatum
2450 3269 2692 3324 crimine
2717 3268 2983 3338 inveniri,
3007 3287 3107 3326 eos
3137 3270 3411 3338 maxime,
3443 3270 3547 3343 qui

142 3361 404 3433 ejusdem
438 3359 837 3433 perversitatis
865 3359 1075 3432 capite,
1109 3358 1182 3414 ab
1213 3359 1487 3415 omnibus
1525 3358 1790 3416 Ecclesia

144 3449 439 3507 catholica
452 3448 732 3505 membris
744 3446 999 3504 alienum
1012 3452 1070 3504 et
1082 3465 1276 3503 excom
1287 3449 1650 3504 munieatum
1664 3466 1794 3506 esse

141 3557 474 3596 censemus.

208 3627 505 3695 Secundo,
536 3643 635 3682 eos
652 3626 747 3699 qui
768 3625 970 3693 armis,
1000 3626 1268 3699 pecunia,
1285 3625 1526 3681 consilio
1542 3630 1641 3682 aut
1659 3627 1792 3682 obe-

143 3717 381 3786 dientia,
412 3715 839 3774 ecclesiasticos
886 3713 1135 3771 maxime
1156 3715 1390 3772 ordines
1414 3720 1514 3771 aut
1544 3715 1791 3772 honores

143 3808 212 3863 ab
240 3808 328 3864 eis
357 3810 465 3863 aut
494 3822 695 3861 eorum
729 3806 1055 3861 fautoribus
1078 3803 1435 3877 accipiendo,
1469 3821 1669 3860 eorum
1693 3822 1791 3860 ne-

143 3897 334 3968 quitia
357 3894 785 3951 adminiculum
810 3894 1265 3950 subministrant
1289 3911 1301 3948 :
1321 3893 1429 3948 hos
1454 3894 1795 3967 igiturprin-

142 3985 406 4058 cipaliter
426 3983 816 4039 anathematis
837 3982 1069 4038 vinculo
1093 3983 1505 4057 astringentes.

212 4076 275 4130 In
309 4074 482 4129 tertio
529 4073 713 4147 gradu
746 4073 1251 4129 communicantes
1285 4072 1368 4129 eis
1400 4090 1506 4128 nos
1555 4072 1793 4144 quidem

144 4183 254 4221 non
289 4161 952 4229 excommunicavimus,
1014 4162 1113 4217 sed
1147 4162 1285 4234 quia
1331 4161 1440 4233 ipsi
1501 4180 1562 4216 se
1591 4179 1793 4217 eorum

144 4253 557 4310 communione
588 4250 1037 4319 commaculant,
1064 4251 1121 4304 in
1144 4258 1400 4306 nostram
1431 4268 1529 4306 eos
1552 4251 1794 4307 societa-

145 4350 254 4399 tem
286 4357 663 4414 nequaquam
699 4341 826 4395 sine
852 4340 1199 4413 pmnitentia
1233 4339 1452 4396 ultione
1483 4344 1538 4394 et
1562 4340 1794 4396 absolu-

143 4432 300 4488 tione
332 4429 923 4503 recepimus.Sanctis
954 4428 1173 4501 quippe
1204 4428 1526 4484 canouibus
1558 4433 1795 4483 cautum

142 4527 373 4577 constat
402 4524 469 4575 ut
527 4518 628 4591 qui
677 4518 1203 4574 exeommuuicatis
1261 4517 1793 4585 communicaverit,

1902 3357 2121 3411 mundo
2143 3356 2334 3412 adhuc
2353 3357 2573 3427 vivunt,
2597 3359 2668 3414 ab
2692 3358 2849 3415 omni
2872 3358 3073 3415 altaris
3096 3359 3422 3416 ministerio
3455 3374 3548 3417 sec

1901 3450 2297 3517 questramus.
3078 3470 3081 3475 -
3505 3449 3511 3469 ‘

1970 3536 2161 3590 Sexto.
2181 3536 2331 3590 Sane
2356 3535 2611 3590 insulam
2643 3537 2891 3609 Augiam
2915 3539 3027 3592 sub
3049 3538 3457 3609 jurisdictione
3485 3539 3544 3595 Β.

1900 3624 2047 3677 Petri
2081 3640 2145 3678 ac
2178 3624 2448 3678 Romana
2477 3624 2745 3680 Ecclesia
2777 3630 3003 3681 constat
3049 3626 3379 3699 specialiter
3415 3643 3548 3683 con-

1901 3712 2071 3767 tineri
2099 3730 2110 3778 ;
2129 3712 2227 3768 sed
2253 3713 2391 3784 quia
2412 3729 2611 3769 eorum
2635 3714 3183 3788 privilegium,quod
3199 3716 3270 3770 ab
3284 3716 3548 3773 Romana

1902 3801 2152 3858 Ecclesia
2201 3802 2485 3872 obtinent,
2519 3821 2635 3859 non
2667 3804 2811 3860 satis
2853 3805 3251 3874 meminimus;
3306 3800 3546 3861 causam

1902 3890 2067 3946 facile
2097 3891 2483 3948 determinare
2511 3909 2621 3947 non
2649 3910 2963 3966 possumus
2989 3920 3002 3961 ;
3033 3894 3400 3950 salvatamen
3418 3896 3547 3966 ejus

1901 3978 2185 4054 privilegii
2214 3981 2576 4050 auctoritate,
2610 3982 2716 4037 tibi
2748 3981 3125 4055 singulariter
3147 3983 3207 4038 in
3240 3982 3462 4039 clerum
3492 3987 3551 4040 et

1901 4070 1958 4124 in
1992 4069 2269 4142 populum
2306 4069 2421 4125 illic
2454 4071 3054 4144 habitantem,prater
3074 4072 3551 4141 monachos,om-

1904 4176 2036 4214 nem
2055 4159 2429 4215 concedimus
2455 4159 2845 4232 episcopalem
2865 4160 3166 4234 regiminis
3176 4164 3545 4233 potestatem.

1903 4248 2187 4303 (laterum
2234 4248 2367 4303 utin
2391 4249 2593 4305 eodem
2610 4251 2881 4305 abbatem
2903 4250 3254 4306 catholicum
3276 4249 3552 4323 regulari-

1904 4341 1992 4392 ter
2018 4337 2139 4393 vice
2161 4343 2360 4393 nostra
2395 4339 2757 4410 prastituere
2780 4341 3038 4408 studeas,
3072 4345 3184 4395 tua
3209 4339 3547 4396 obedientia

1902 4426 2265 4499 imperamus
2299 4446 2311 4494 ;
2345 4445 2450 4482 nec
2470 4428 2661 4483 solum
2686 4428 2742 4483 in
2768 4429 2965 4500 eo,sed
2989 4430 3129 4485 etin
3175 4434 3232 4484 S.
3265 4428 3412 4485 Galli
3446 4445 3550 4484 cm-

1905 4516 2097 4584 nobio,
2131 4523 2189 4572 et
2220 4518 2277 4571 in
2301 4514 2541 4583 cateris,
2577 4517 2621 4573 si
2656 4535 2781 4589 qua
2814 4518 3209 4590 sint,pr0priis
3242 4518 3550 4575 abbatibus

140 4610 701 4666 exeommunicetur.
737 4609 928 4680 Ipsius
972 4612 1168 4663 autem
1222 4607 1572 4680 poenitentia
1622 4612 1796 4679 atque
1826 4630 1871 4694 Β
1909 4606 2208 4669 destituta,
2261 4611 2461 4660 nostra
2509 4608 2687 4661 lretus
2747 4608 3111 4669 auctoritate,
3144 4625 3277 4662 cum
3307 4607 3548 4663 consilio

143 4698 534 4756 absolutionis
561 4699 767 4754 modos
789 4713 857 4753 ea
882 4697 1281 4753 moderatione
1307 4696 1712 4761 discrevimus,
1734 4702 1799 4752 ut

140 4790 479 4861 quicunque
511 4804 613 4843 seu
632 4786 980 4860 ignorantia,
1014 4802 1117 4843 seu
1150 4786 1379 4855 timore,
1413 4802 1515 4841 seu
1541 4785 1798 4842 necessi-

142 4885 255 4936 tate
290 4876 512 4950 negotii
562 4877 838 4948 cuiquam
872 4875 1123 4931 maxime
1156 4876 1467 4932 necessarii
1502 4893 1704 4931 eorum
1738 4893 1799 4932 se

143 4970 435 5033 convictu,
496 4965 803 5034 salutioue,
864 4966 1143 5033 oratione,
1206 4965 1561 5021 osculatioue
1601 4972 1798 5022 conta-

147 5056 458 5114 minaverit
487 5073 619 5112 cum
654 5056 898 5111 minoris
921 5055 1269 5127 pmnitentia
1295 5055 1799 5128 absolutionisque

147 5146 442 5205 medicina
472 5145 764 5203 societatis
798 5151 1007 5202 nostra
1065 5144 1437 5217 participium
1474 5144 1751 5200 sortiatur
1783 5162 1796 5213 ;

146 5255 244 5294 eos
265 5254 400 5293 vero
433 5235 532 5308 qui
566 5238 668 5291 aut
710 5240 1026 5307 spontanee
1057 5238 1158 5289 aut
1189 5232 1549 5304 negligenter
1585 5232 1801 5288 incide-

149 5326 406 5396 rint,sub
428 5343 497 5382 ea
516 5323 789 5381 volumus
824 5322 1146 5396 disciplina
1178 5321 1526 5378 coercitione
1556 5321 1796 5393 suscipi,

148 5421 213 5472 ut
243 5414 470 5473 cateris
502 5418 693 5470 metus
711 5412 1044 5483 incutiatur,
1069 5413 1238 5484 cujus
1269 5410 1591 5483 disciplina
1608 5410 1800 5466 mode-

147 5505 398 5574 ramina,
430 5503 585 5578 quod
620 5503 690 5559 ad
723 5507 885 5559 tuam
906 5518 1109 5559 curam
1127 5504 1354 5575 spectat
1377 5503 1585 5556 nostra
1615 5498 1799 5571 provi-

146 5594 373 5662 dentia,
430 5598 606 5667 prout
647 5597 910 5667 oportere
943 5591 1179 5660 videris,
1212 5607 1316 5664 pro
1347 5588 1711 5663 temporibus
1742 5594 1799 5647 et

145 5682 529 5765 personarum
570 5682 960 5758 competentia
1005 5681 1294 5741 servanda
1342 5676 1795 5741 committimus.

467 5810 734 5876 PATROL.
779 5809 923 5874 CLI.

1907 4712 2154 4768 quorum
2211 4695 2493 4749 interesse
2547 4695 2793 4762 noveris,
2849 4696 3087 4750 abbates
3139 4695 3349 4767 eligere
3375 4700 3549 4766 atque

1908 4784 2121 4841 electos
2139 4799 2475 4840 consecrare
2499 4799 2765 4855 procura.
2791 4784 2948 4837 Idem
2981 4783 3155 4838 etiam
3186 4783 3291 4839 tibi
3315 4783 3550 4838 studen-

1908 4876 2048 4931 dum
2074 4874 2143 4929 de
2171 4873 2523 4945 Augustensi
2543 4875 2600 4927 et
2628 4870 2890 4928 Curiensi
2912 4869 3551 4944 episcopatibusinjun-

1908 4965 2102 5037 gimus
2135 4982 2148 5031 ;
2183 4979 2287 5018 nec
2339 4979 2451 5016 non
2495 4965 2551 5015 et
2577 4961 2646 5015 de
2679 4960 2901 5016 cateris
2933 4960 3003 5016 ad
3035 4978 3161 5033 qua
3192 4960 3550 5018 Pataviensis

1907 5054 2215 5126 episcopus
2247 5051 2513 5107 advocari
2543 5049 2631 5105 vel
2659 5050 2862 5106 adesse
2893 5050 3235 5123 nequiverit.

1979 5141 2259 5212 Septimo.
2323 5142 2388 5195 Et
2420 5139 2529 5212 ipsi
2590 5138 2766 5206 enim,
2801 5139 3296 5211 quemadmodum
3340 5144 3397 5196 et
3420 5140 3547 5209 tibi,

1909 5229 3369 5303 Saxonia,Alemannia,autcaterarumquaprope
3413 5233 3551 5286 sunt

1908 5319 2236 5393 regionum,
2267 5318 2389 5373 vice
2422 5324 2620 5375 nostra
2662 5320 3125 5391 procurationem
3159 5320 3546 5391 injunximus,

1909 5407 2379 5465 utordiuationes
2394 5408 2806 5479 improbandus
2821 5407 3550 5480 improbetis,roborandas

1909 5496 2211 5565 roboretis,
2246 5499 2302 5552 et
2347 5495 2632 5570 quidquid
2692 5496 3071 5554 ecclesiastici
3105 5496 3320 5571 negotii
3351 5497 3549 5570 dispo-

1908 5588 2166 5646 nendum
2199 5585 2394 5653 fuerit,
2427 5588 2855 5643 communicato
2874 5584 3275 5660 religiosorum
3291 5585 3549 5642 virorum

1906 5677 2176 5750 consilio,
2208 5676 2611 5753 disponentes,
2659 5678 2850 5752 quoad
2902 5693 3086 5753 usque
3143 5676 3547 5752 privationem,

3156 5804 3233 5869 10
