3950 6350
409 376 526 444 9.99

1709 375 1782 440 B.
1830 374 2127 440 URBANI
2169 373 2222 438 ll
2267 371 2520 438 PAPIE.

3699 363 3832 434 300

413 516 706 572 annuente
737 513 1000 582 Domino,
1030 509 1286 586 legatum
1316 511 1472 568 sedis
1503 509 1829 584 apostolica
1861 507 2052 565 susci-
2087 511 2144 578 Α
2243 509 2430 566 Justis
2447 507 2827 580 petitionibus
2845 522 3045 564 aurem
3061 505 3838 579 accommodarejustisque

413 620 549 678 pere
575 603 836 659 valeatis.
871 603 982 660 Vos
1019 601 1120 674 qui
1149 601 1252 658 Dei
1299 601 1418 658 zelo
1451 599 1702 668 fervetis,
1730 603 1788 656 et
1817 598 2061 654 scientia

411 693 791 764 doctrinaque
821 690 1173 765 przeccllitis,
1209 689 1365 747 omni
1399 707 1539 746 cura
1569 693 1743 762 atque
1775 687 2056 745 sollicitu-

414 781 549 837 dine
587 779 942 837 utilitatibus
987 778 1400 835 ecclesiasticis
1456 777 1750 845 insudate,
1811 775 2060 832 scientes

414 869 689 940 quoniam
726 872 781 924 et
809 885 916 924 nos
947 868 1006 923 in
1037 867 1184 940 ipsis
1200 867 1409 924 vestris
1433 866 1784 923 utilitatibus
1805 865 2063 921 libentis~

415 958 563 1014 sime
591 973 960 1014 annuemus:
994 955 1221 1012 labores
1257 961 1452 1012 autem
1486 957 1758 1012 Romana:
1790 952 2060 1011 Ecclesiae

415 1046 870 1114 communicare,
898 1061 1113 1118 eosque
1133 1045 1262 1116 opis
1285 1048 1486 1100 vestrae
1515 1043 1728 1100 auxilio
1758 1041 2061 1098 sublevare

414 1135 577 1192 nullo
609 1135 780 1192 modo
813 1133 963 1208 pigri
992 1133 1144 1198 sitis,
1177 1132 1656 1189 Benedictionum
1688 1147 1931 1187 suarum
1959 1147 2061 1186 vos

415 1225 786 1298 omnipotens
843 1223 998 1278 Deus
1056 1223 1320 1278 ubertate
1372 1222 1702 1294 perfundat,
1737 1219 2062 1276 incolumes

417 1315 728 1381 custodiat,
762 1316 820 1368 et
848 1313 918 1368 ad
949 1311 1128 1366 vitam
1168 1312 1450 1384 perducat
1479 1316 1774 1366 aeternam.

489 1402 617 1457 Dat.
653 1401 845 1456 Romae
893 1416 986 1454 XIV
1007 1398 1248 1454 Kalend.
1283 1398 1442 1467 Maii,
1475 1414 1628 1452 anno
1661 1399 1732 1453 ab
1765 1399 2056 1452 Incarnat.

383 1527 387 1534 -
417 1489 650 1546 Domini
682 1488 865 1544 nostri
891 1488 1030 1544 Jesu
1055 1486 1269 1544 Christi
1300 1487 1458 1542 1089.

1179 1577 1302 1632 XVI

424 1671 628 1726 Urbani
658 1671 707 1724 ΙΙ
755 1667 982 1739 epistola
1012 1665 1084 1721 ad
1137 1667 1408 1739 episc0pos
1462 1663 1798 1739 Germania.
1839 1694 1926 1739 _—-_
1951 1663 2068 1739 Illis

489 1741 700 1796 indicat
725 1733 828 1812 pro
875 1733 1362 1795 “communicatis
1409 1737 1506 1808 qui
1547 1738 1796 1791 homines
1833 1733 2070 1790 habendi

487 1815 621 1868 sint.

1059 1880 1246 1950 (Anno
1287 1877 1468 1949 1089.)

811 1969 1046 2042 [ΜΑΝει,
1095 1967 1300 2023 Concil.
1360 1966 1475 2035 ΧΧ,
1525 1966 1676 2037 719.)

495 2062 768 2118 Haemus
791 2057 1121 2130 episcopus,
1150 2072 1354 2112 servus
1377 2072 1674 2112 servorum
1700 2054 1823 2122 Dei,
1847 2054 2068 2126 episco-

424 2150 516 2223 pis
547 2147 871 2204 Germanias
895 2145 957 2201 in
989 2145 1214 2202 unitate
1244 2143 1510 2200 Ecclesiae
1543 2143 1881 2200 constitutis
1912 2141 2071 2199 salu-

423 2244 542 2295 tem
574 2241 631 2294 et
651 2234 1028 2310 apostolicam
1049 2233 1536 2290 benedictionem.

493 2329 765 2383 Fratrum
777 2328 1110 2380 nostrorum
1133 2323 1564 2380 communicato
1581 2321 2072 2394 concilio,diuque

421 2414 1042 2474 excommunicationis
1071 2413 1392 2485 queestione
1425 2415 1692 2481 tractata,
1725 2411 1911 2467 sancti
1935 2427 2075 2482 prae-

423 2503 748 2562 decessoris
777 2503 963 2560 nostri
989 2501 1246 2575 Gregorii
1268 2501 1618 2557 sententiam
1634 2500 2070 2568 conﬁrmantes,

424 2597 505 2650 ita
531 2611 659 2650 eam
691 2593 935 2649 Domino
964 2591 1287 2664 inspirante
1317 2590 1855 2647 determinavimus.
1878 2589 2072 2646 Primo

423 2682 718 2756 siquidem
769 2681 958 2754 gradu
1015 2681 1411 2737 Ravennatem
1461 2679 1931 2747 haeresiarcham,
1957 2678 2074 2733 Ro-

425 2789 612 2828 manis
631 2769 896 2827 Ecclesiae
919 2771 1264 2835 invasorem,
1297 2785 1432 2822 cum
1486 2769 1752 2839 ejusdem
1791 2768 2073 2840 perversi-

424 2860 565 2916 tatis
588 2859 774 2932 capite
795 2859 868 2914 ab
884 2856 1160 2912 omnibus
1176 2855 1441 2912 Ecclesiae
1466 2854 1764 2911 catholicae
1792 2853 2074 2910 membris

427 2946 686 3004 alienum
716 2950 774 3002 et
829 2944 1402 3002 excommunicatum
1446 2960 1574 2999 esse
1606 2959 1955 3011 censemus;
1985 2959 2074 3000 se-

429 3037 620 3092 cundo
651 3035 751 3107 qui
803 3033 1004 3100 armis,
1037 3033 1309 3106 pecunia,
1341 3032 1584 3088 consilio
1615 3036 1718 3088 aut
1749 3031 2078 3088 obedientia

430 3123 854 3180 ecclesiasticos
909 3123 1160 3178 maxime
1189 3122 1426 3178 ordines
1456 3127 1558 3177 aut
1605 3121 1855 3178 honores
1887 3122 1960 3177 ab
1990 3121 2076 3177 eis

433 3217 535 3270 aut
561 3229 762 3269 eorum
798 3211 1124 3267 fautoribus
1172 3209 1505 3283 accipiendo
1527 3227 1739 3268 eorum
1779 3211 2072 3284 nequitiae,
2105 3245 2148 3312 ϐ

430 3299 858 3358 adminiculum
872 3299 1325 3356 subministrant
1343 3317 1354 3355 :
1371 3299 1478 3354 hos
1491 3299 1670 3373 igitur
1679 3298 2078 3372 principaliter

429 3389 818 3447 anathematis
849 3387 1098 3444 vinculis
1147 3387 1556 3461 astringentes,
1589 3388 1646 3442 in
1681 3387 1849 3444 tertio
1887 3389 2073 3461 gradu

404 3479 928 3558 communicantes
957 3477 1042 3534 eis
1062 3493 1170 3533 nos
1187 3477 1422 3549 quidem
1455 3495 1570 3533 non
1601 3473 2074 3534 excommunica-

426 3585 580 3636 mus,
615 3569 718 3625 sed
750 3567 850 3640 qui
879 3584 940 3624 se
971 3583 1172 3624 eorum
1207 3566 1620 3622 communione
1643 3567 2076 3624 commaculant

424 3675 794 3731 nequaquam
832 3657 892 3712 in
909 3661 1171 3714 nostram
1206 3657 1542 3712 societatem
1573 3655 1698 3713 sine
1723 3656 2104 3728 pcenitentiaa‘

423 3747 645 3804 ultione
693 3751 750 3804 et
796 3745 1162 3803 absolutione
1212 3744 1546 3818 recipimus.
1595 3745 1828 3802 Sanctis
1859 3747 2074 3818 quippe

425 3837 750 3893 canonibus
781 3835 1071 3890 sancitum
1103 3838 1332 3890 constat
1351 3833 1526 3905 utqui
1549 3835 2074 3890 excommunicatis

425 3923 962 3988 communicaverit,
1020 3921 1576 3977 excommunicetur.
1631 3922 1826 3993 Ipsius
1875 3926 2072 3978 tamen

425 4012 774 4086 poenitentiae
832 4015 889 4066 et
927 4009 1313 4066 absolutionis
1344 4009 1551 4066 modos
1583 4026 1650 4065 ea
1678 4010 2074 4066 moderatione

425 4100 902 4167 discrevimus,ut
930 4096 1200 4170 quisquis
1221 4114 1322 4152 seu
1347 4097 1695 4168 ignorantia,
1715 4115 1816 4154 seu
1841 4097 2070 4164 timore,

423 4207 529 4248 seu
552 4187 900 4246 necessitate
923 4185 1139 4259 negotii
1163 4187 1449 4258 cujusque
1489 4185 1728 4241 maximi
1747 4190 1802 4242 et
1822 4187 2074 4243 maxime

425 4278 736 4336 necessarii
787 4293 988 4332 eorum
1023 4291 1084 4332 se
1106 4273 1783 4344 convictu,salutatione,
1814 4275 2074 4332 oratione

421 4369 512 4424 vel
533 4367 734 4424 osculo
765 4363 1267 4431 contaminaverit,
1291 4381 1424 4420 cum
1449 4364 1696 4421 minoris
1717 4365 2073 4438 poenitentiae

426 4456 933 4527 absolutionisque
957 4453 1248 4511 medicina
1277 4459 1486 4510 ηοεῐιιω
1508 4454 1802 4510 societatis
1835 4455 2072 4528 partici-

424 4547 588 4620 pium
621 4545 918 4602 sortiatur.
955 4545 1064 4600 Eos
1093 4561 1226 4599 vero
1258 4543 1358 4616 qui
1389 4549 1710 4616 spontanee
1737 4549 1841 4599 aut
1890 4543 2069 4616 negli-

421 4641 624 4710 genter
655 4634 929 4690 inciderit
951 4634 1062 4689 sub
1083 4649 1168 4703 ea,
1204 4633 1480 4690 nolumus
1510 4632 1832 4706 disciplinae
1855 4631 2074 4688 coerci-

418 4735 576 4791 tione
607 4731 831 4806 suscipi
859 4737 924 4788 ut
953 4731 1176 4788 caeteris
1209 4735 1397 4788 metus
1433 4731 1768 4788 incutiatur.

1166 4829 1334 4886 XVII.

427 4922 631 4980 Urbani
659 4936 818 4992 papa?
857 4922 906 4976 II
953 4921 1103 4976 bulla
1137 4921 1560 4992 procanonicis
1618 4917 1969 4992 regularibus,
2011 4917 2067 4973 S.

494 4989 789 5061 Augustini
843 4994 903 5046 in
947 4989 1186 5048 caenobio
1243 4990 1299 5046 S.
1329 4992 1555 5046 Joannis
1615 4989 1996 5060 Rivipollensis
2035 5007 2070 5045 a

497 5065 830 5136 Berengario
857 5063 1090 5136 praesule
1121 5064 1409 5118 institutis.

1047 5153 1232 5225 (Anno
1265 5149 1447 5220 1089.)

527 5245 785 5317 [ἰδιοῆιεκ⁷
835 5246 1054 5317 Εεραῇα
1069 5239 1365 5317 βαςίναὰακ
1385 5239 1710 5317 t,s)_(X_VI_I_I,
1745 5257 1807 5317 p._
1834 5237 1960 5317 292,

600 5334 668 5371 ex
693 5309 1044 5399 chartulario
1065 5313 1124 5368 S.
1156 5311 1402 5367 Joannis
1434 5309 1890 5384 Rivipollensis.]

491 5405 769 5462 Unsmus
800 5403 1131 5475 episcOpus,
1165 5417 1364 5456 servus
1387 5417 1684 5456 servorum
1718 5400 2067 5467 Dei,charis-

421 5497 569 5553 simo
597 5493 756 5550 fratri
781 5493 1144 5548 Bsnsnoan‘o
1163 5489 1489 5546 Ausonensi
1523 5489 1792 5564 episcopo
1824 5490 2066 5547 futuris-

419 5601 532 5658 que
554 5587 684 5656 post
707 5598 841 5638 eum
872 5579 1196 5638 rectoribus
1229 5578 1287 5635 in
1327 5579 1562 5636 abbatia
1593 5579 1789 5640 Sancti
1819 5579 2067 5640 Joannis

421 5672 796 5748 Bivipollensi
828 5671 887 5728 in
918 5673 1285 5745 perpetuum.

2171 598 2318 654 votis
2349 614 2660 654 assensum
2701 598 2956 669 praebere
3012 613 3120 653 nos
3151 589 3437 665 convenit,
3453 595 3555 668 qui
3585 599 3836 652 auctore

2171 688 2435 753 Domino,
2467 686 2605 743 licet
2653 687 2900 759 indigni,
2935 689 3114 758 utque
3171 699 3465 759 precones
3505 685 3564 740 in
3594 683 3838 742 excelsa.

2171 775 2566 848 apostolorum
2601 775 2933 848 principum
2954 773 3107 831 Petri
3129 779 3185 832 et
3203 773 3367 832 Pauli
3384 771 3625 846 specula
3642 773 3832 846 positi

2170 849 2398 920 sumus.
2417 864 2564 929 Quia
2583 864 2782 938 igitur,
2815 863 3137 936 inspirante
3166 864 3305 932 Deo,
3336 861 3684 920 charissima
3707 863 3836 919 fra-

2169 955 2346 1021 ter,B.
2379 953 2624 1009 Joannis
2653 953 2950 1009 abbatiam
2976 969 3146 1009 secus
3165 953 3435 1010 Teserem
3463 951 3838 1025 ﬂuviumque

2173 1039 2581 1114 Rivipollensis
2629 1057 2662 1096 a
2692 1039 2958 1097 saeculari
2989 1040 3388 1097 dominatione
3417 1040 3696 1114 eripiens,
3731 1056 3833 1097 ca-

2172 1129 2412 1186 nonicos
2468 1129 2549 1184 ibi
2603 1130 2928 1186 secundum
2976 1131 3039 1186 B.
3073 1129 3386 1203 Augustini
3419 1129 3680 1202 regulam
3712 1133 3837 1186 sta-

2170 1219 2332 1274 tuisti
2361 1237 2373 1274 :
2400 1235 2734 1284 nos,eorum
2754 1218 3112 1290 professione
3125 1218 3423 1292 religionis
3443 1219 3826 1290 providentes

2173 1313 2508 1380 augmenta,
2535 1307 2798 1379 petitioni
2821 1310 2934 1362 tua;
2952 1307 3561 1374 libenterannuimus,
3590 1311 3648 1364 et
3667 1324 3836 1364 eam-

2174 1397 2306 1451 dem
2339 1395 2644 1450 ecclesiam
2681 1395 3012 1469 specialiter
3056 1396 3117 1452 in
3145 1395 3301 1453 sedis
3326 1395 3656 1468 apostolica
3673 1399 3838 1454 tute-

2175 1485 2292 1540 lam
2323 1485 2825 1556 protectionesque
2866 1485 3239 1558 suscepimus
3273 1505 3286 1553 ;
3329 1503 3507 1558 quam
3559 1483 3841 1541 videlicet

2175 1573 2476 1630 ecclesiam
2494 1575 2742 1629 Bernard
2752 1573 3280 1630 us'Bisuldunensis
3293 1591 3490 1632 comes
3501 1590 3605 1648 per
3615 1589 3838 1632 manus

2177 1663 2475 1734 proposita
2495 1663 2764 1718 cautione
2793 1680 2902 1718 sua
2934 1668 3220 1736 potestate
3251 1669 3484 1730 exutus,
3505 1680 3615 1720 sua
3645 1664 3833 1720 etiam

2177 1750 2525 1806 liberalitate
2557 1752 2856 1818 donatam,
2890 1753 3008 1807 tuis
3039 1752 3097 1807 in
3152 1753 3426 1809 manibus
3459 1749 3702 1810 Domino
3744 1768 3841 1808 re-

2102 1877 2152 1942 Β
2181 1839 2423 1907 cusavit,
2457 1844 2738 1913 tuamque
2770 1846 2832 1896 tu
2861 1839 3156 1913 praedictis
3177 1841 3477 1898 canonicis
3507 1841 3579 1897 ad
3611 1845 3833 1898 sanctae

2179 1927 2305 1982 vitae
2333 1928 2830 1985 conversationem
2886 1929 3189 1985 conferens
3219 1929 3546 1986 alodiorum
3583 1935 3826 1987 tuorum

2177 2015 2483 2071 collatione
2512 2017 3006 2081 ditasti.Quandiu
3027 2019 3206 2092 igitur
3217 2018 3514 2093 religionis
3531 2019 3834 2076 tramitem

2179 2105 2506 2160 secundum
2523 2105 2901 2176 apostolicam
2915 2106 3288 2179 disciplinam
3309 2107 3425 2180 ipsi
3446 2109 3835 2182 ipsorumque

2179 2211 2548 2250 successores
2571 2195 3286 2268 servaverint,praedictam
3301 2196 3386 2252 eis
3416 2197 3722 2254 ecclesiam
3755 2198 3830 2254 ad

2179 2281 2458 2338 honorem
2493 2283 2651 2338 sedis
2693 2283 3022 2356 apostolica;
3081 2285 3521 2354 confirmamus,
3572 2289 3626 2340 et
3659 2285 3731 2342 ab
3763 2302 3834 2342 ea

2180 2388 2414 2428 omnem
2445 2371 2780 2428 saecularem
2813 2372 3272 2430 dominationem
3303 2373 3692 2444 excludimus,
3720 2375 3834 2432 vir-

2179 2463 2302 2517 tute
2332 2460 2516 2518 sancti
2547 2461 2798 2532 Spiritus
2828 2466 2885 2518 et
2943 2461 3344 2534 apostolorum
3393 2464 3547 2520 Petri
3575 2468 3632 2521 et
3663 2463 3830 2520 Pauli

2181 2551 2520 2606 auctoritate
2552 2551 2900 2619 sancientes,
2936 2556 3229 2624 quatenus
3259 2553 3458 2608 omnia
3486 2569 3613 2625 quae
3655 2552 3831 2610 hodie

2182 2655 2284 2711 per
2307 2643 2471 2694 tuam
2505 2639 2942 2696 concessionem
2996 2639 3084 2696 vel
3111 2657 3214 2712 per
3243 2641 3564 2713 supradicti
3597 2642 3832 2699 comitis

2181 2727 2579 2796 donationem,
2617 2727 2705 2784 vel
2761 2745 2865 2801 per
2893 2727 3142 2785 aliorum
3171 2729 3523 2786 oblationem
3564 2729 3833 2788 ﬁdelium

2181 2815 2586 2889 possidet,sive
2609 2833 2736 2888 quas
2757 2817 2814 2872 in
2833 2817 3097 2873 futurum
3110 2819 3272 2888 justo
3293 2819 3521 2890 poterit,
3545 2818 3834 2892 largiente

2186 2904 2717 2978 Domino,adipisci,
2751 2905 2978 2980 integra
2997 2907 3082 2964 eis
3098 2911 3155 2963 et
3173 2905 3398 2964 illibata
3423 2915 3834 2981 permaneant.

2183 2993 2293 3049 Eos
2324 2997 2516 3048 autem
2566 2993 2666 3066 qui
2714 2994 2868 3050 bona
2913 2995 2984 3050 ad
3015 2995 3208 3052 locum
3241 2995 3436 3070 ipsum
3483 2996 3842 3070 pertinentia

2181 3082 2439 3139 volentes
2461 3082 2933 3157 retinent,agnito
2965 3085 3271 3158 prmeentis
3300 3089 3500 3142 tenore
3521 3085 3838 3160 privilegii,

2184 3172 2440 3228 secundo
2471 3173 2730 3229 tertiove'
2757 3173 3121 3240 commoniti,
3161 3174 3273 3230 nisi
3315 3174 3470 3230 intra
3497 3193 3568 3230 XL
3607 3175 3737 3232 dies
3766 3193 3842 3233 ea

2182 3261 2673 3331 restituerint,aut
2698 3267 2864 3335 pacto
2895 3278 3154 3336 congruo
3186 3263 3594 3332 satisfecerint,
3629 3266 3699 3321 ab
3732 3279 3838 3322 ec-

2182 3350 2492 3407 clesiarum
2520 3367 2618 3408 eos
2641 3351 2946 3409 liminibus
2977 3369 3332 3410 coercemus.
3367 3353 3454 3408 Tu
3483 3352 3702 3426 itaque,
3732 3371 3838 3411 ve-

2182 3439 2460 3496 nerabilis
2493 3441 2668 3497 frater
2686 3441 2746 3498 B.
2793 3458 2850 3514 q.
2891 3483 2904 3497 .
2949 3485 2962 3498 .
3001 3483 3014 3498 .
3042 3484 3078 3511 .,
3111 3442 3374 3498 eamdem
3399 3441 3703 3498 ecclesiam
3727 3447 3840 3500 tua

2183 3529 2477 3586 industria
2509 3571 2522 3582 .
2559 3573 2572 3587 .
2609 3575 2623 3587 .
2661 3572 2674 3586 .
2711 3573 2724 3586 .
2755 3531 2902 3586 .tuis
2931 3531 3106 3588 etiam
3138 3531 3548 3589 collationibus
3568 3530 3836 3604 locuple-

2181 3622 2340 3674 tasse
2359 3619 2742 3692 dignosceris,
2762 3619 2884 3675 vice
2901 3623 3103 3676 nostra
3113 3619 3198 3676 eis
3215 3619 3376 3676 omni
3388 3619 3519 3676 vitae
3531 3624 3644 3676 tuaa
3674 3623 3838 3676 tem-

2184 3707 2737 3781 pore,patrocinium
2757 3712 2814 3764 et
2826 3707 3156 3764 dominium
3171 3709 3640 3766 exhibebis.Post
3659 3713 3837 3767 tuum

2181 3797 2496 3852 transitum
2521 3795 2722 3851 nullus
2753 3797 2838 3852 eis
2860 3796 2917 3850 in
2941 3796 3210 3853 abbatem
3261 3798 3680 3870 praestituatur,
3715 3795 3838 3858 nisi

2183 3899 2358 3955 quem
2386 3883 2499 3956 ipsi
2543 3899 2833 3939 consensu
2875 3884 3202 3956 communi,
3247 3891 3352 3942 aut
3399 3887 3664 3960 ipsorum
3695 3904 3838 3960 pars

2183 3972 2568 4044 praestantior,
2603 3973 2676 4027 ad
2705 3971 2985 4028 honorem
3011 3974 3168 4030 sedis
3189 3975 3516 4048 apostolicae
3537 3993 3672 4032 cum
3693 3993 3838 4034 con-

2183 4077 2360 4117 sensu
2375 4059 2650 4117 Bernardi
2662 4061 2892 4117 comitis
2915 4061 3608 4133 Bisuldunensis,secund
3619 4083 3718 4122 um
3731 4065 3834 4124 Dei

2180 4148 2754 4222 timorem,elegerint
2781 4168 2795 4220 ;
2813 4151 2971 4207 salva
2984 4155 3178 4210 tamen
3203 4153 3630 4211 Ausonensium
3645 4157 3838 4227 ponti-

2181 4238 2357 4294 ficum
2381 4237 2661 4293 canonica
2690 4239 3028 4307 reverentia,
3061 4241 3326 4312 quandiu
3358 4241 3696 4314 praedictam
3728 4244 3834 4300 ab-

2182 4327 2397 4384 batiam
2423 4327 2667 4400 benigne
2689 4329 3082 4385 tractaverint.
3114 4330 3232 4386 Vos
3263 4330 3462 4404 igitur,
3496 4329 3832 4388 charissimi

2181 4417 2310 4484 ﬁlii,
2341 4419 2600 4488 orportet
2625 4417 2910 4490 regularis
2940 4418 3164 4475 ordinis
3215 4419 3510 4476 tramitem
3545 4421 3835 4478 ferventer

2179 4503 2471 4572 insistere,
2509 4509 2572 4560 ut
2589 4510 2874 4577 quantum
2895 4505 2968 4561 ab
2991 4507 3371 4564 saecularibus
3383 4509 3734 4566 tumultibus
3766 4508 3833 4564 Ii-

2105 4613 2150 4678 D
2181 4592 2438 4648 beriores
2482 4595 2646 4660 estis,
2678 4597 2840 4650 tanto
2862 4593 3074 4652 divinis
3127 4597 3452 4654 studiosius
3471 4597 3722 4654 servitiis
3744 4597 3834 4652 in-

2182 4681 2425 4738 sudetis.
2459 4683 2542 4736 Ad
2585 4682 2869 4739 indicium
2921 4689 3115 4742 autem
3145 4691 3426 4759 percepta!
3460 4687 3638 4759 hujus
3666 4703 3700 4742 a
3723 4686 3836 4742 Ro-

2181 4787 2366 4826 manae
2399 4770 2661 4828 Ecclesiae
2691 4771 3001 4842 libertatis,
3030 4774 3326 4832 dilectioni
3357 4780 3559 4832 vestra:
3583 4775 3834 4850 dignum

2179 4864 2268 4917 est
2289 4876 2598 4916 mancusas
2619 4879 2678 4917 In
2699 4861 3057 4920 Valentianaa
3075 4869 3320 4922 monetis
3340 4865 3710 4922 Lateranensi
3734 4881 3834 4938 pa-

2179 4949 2316 5006 latio
2346 4951 2660 5022 quotannis
2682 4951 2975 5008 exsolvere
2997 4958 3052 5010 et
3075 4953 3471 5010 Romanorum
3486 4953 3828 5026 pontiﬁcum

2177 5039 2518 5112 diligentius
2539 5041 2770 5097 decreta
2799 5059 3050 5099 servare.
3095 5047 3244 5099 Sane
3265 5043 3374 5098 hoc
3405 5047 3616 5099 nostrae
3647 5041 3832 5115 privi-

2177 5129 2394 5201 legium
2427 5130 2744 5188 sanctionis
2766 5131 2816 5187 si
2850 5131 2984 5204 quis
3013 5129 3074 5186 in
3091 5131 3415 5188 crastinum
3437 5131 3829 5203 archiepisco-

2179 5236 2308 5292 pus,
2365 5223 2466 5275 aut
2508 5220 2840 5294 episcopus,
2887 5207 3006 5288 rex,
3040 5219 3334 5292 princeps,
3366 5219 3504 5286 dux,
3537 5219 3823 5290 marchio,

2176 5325 2372 5365 comes
2394 5313 2496 5366 aut
2511 5310 2850 5380 vicecomes,
2887 5314 2988 5365 aut
3017 5325 3267 5381 persona
3291 5307 3566 5381 quaelibet
3585 5323 3820 5384 magna,

2174 5398 2262 5454 vel
2294 5415 2490 5471 parva,
2519 5403 2723 5471 potens
2749 5403 2852 5453 aut
2883 5397 3194 5470 impotens,
3227 5397 3478 5455 scienter
3505 5398 3823 5473 infringere

2175 5492 2278 5544 aut
2330 5493 2548 5544 temere
2607 5484 2822 5542 violare
2874 5487 3332 5560 praesumpserit,
3365 5491 3421 5543 et
3437 5487 3822 5546 constitutum

2176 5577 2464 5652 praedictae
2497 5574 2741 5632 abbatia
2773 5573 3037 5632 ordinem
3068 5579 3340 5646 evertere,
3371 5575 3460 5634 vel
3511 5579 3640 5652 ejus
3669 5577 3823 5636 bona

2175 5667 2466 5734 invadere,
2491 5663 2820 5736 molestare,
2857 5668 2958 5724 aut
2975 5665 3100 5728 suis
3115 5666 3323 5727 usibus
3337 5667 3605 5748 nequiter
3635 5665 3820 5747 appli-
