3950 6438
48 516 155 598 301'

1195 532 1599 597 EPISTOLJE
1641 534 1743 597 ET
1784 532 2258 596 PRIVILEGIA.

3302 531 3421 592 302
3446 509 3450 513 ’

47 686 152 725 care
172 668 499 736 tentaverit,
517 667 773 724 secundo
796 668 1032 723 tertiove
1051 667 1530 734 commonitus,si
1548 684 1662 722 non
1693 668 1748 735 Α
1778 666 2245 739 Pampilonensis
2291 683 2407 735 rex,
2442 664 2746 722 ccelesiam
2784 668 3037 720 vestram
3087 663 3146 718 in
3199 662 3423 719 domini

45 758 416 815 satisfactione
433 773 689 829 congrua
703 757 1118 821 emendaverit,
1137 756 1398 817 aChristi
1410 757 1666 812 etEccle-

46 849 371 919 siiecorpore
385 846 727 902 auctoritate
756 843 1076 917 apostolica
1094 861 1494 917 segregamus.
1522 848 1666 900 Con-

46 934 391 992 servantibus
408 951 520 1007 pax
537 952 570 990 a
583 939 777 1001 Deo,et
789 934 1236 1004 mercedem(sic)
1257 934 1664 1005 praesentibus.

44 1033 87 1081 et
111 1023 318 1080 futuris
350 1023 582 1079 saeculis
613 1025 951 1078 conservetu
964 1040 1006 1076 r.
1030 1023 1664 1077 Amen.Amen.Amen.

99 1114 302 1170 Datum
332 1112 530 1168 Romae
561 1128 663 1184 per
687 1127 901 1167 manus
931 1111 1177 1167 Joannis
1208 1112 1433 1167 Sanctae
1453 1111 1669 1167 DeiEc-

46 1202 207 1259 clesiae
233 1202 519 1258 diaconus
544 1199 860 1256 cardinalis
892 1205 949 1256 et
994 1200 1415 1272 prosignatoris
1445 1200 1664 1255 domini

47 1292 235 1348 Urbani
268 1307 433 1364 papae
466 1290 536 1356 ll,
570 1306 664 1345 an.
701 1289 1011 1345 Dominicis
1056 1291 1341 1345 Incarnat.
1385 1289 1545 1353 4089,
1577 1289 1664 1343 in-

45 1382 161 1437 dict.
191 1397 291 1446 x11,
325 1397 423 1435 xw
454 1380 581 1434 Kal.
605 1379 787 1446 Junii,
810 1395 963 1434 anno
997 1378 1368 1451 pontiﬁcatus
1400 1380 1666 1449 ejusdem

44 1468 243 1527 domini
268 1468 487 1525 Urbani
514 1468 581 1523 ll.

99 1559 171 1616 Ad
186 1559 393 1615 calcem
412 1558 669 1628 leguntur
695 1558 999 1627 sequentia.

100 1652 159 1703 In
187 1645 434 1705 concilio
465 1646 619 1718 apud
638 1644 909 1701 Tolosam
926 1643 1252 1711 habito,cui
1278 1645 1667 1701 interfuerunt

45 1755 103 1792 tu
128 1735 382 1810 episcopi
413 1739 472 1791 et
502 1735 743 1792 abbates
772 1733 1164 1806 complurimi,
1201 1734 1505 1796 Renerius,
1541 1751 1665 1789 car-

45 1825 236 1882 dinalis
254 1830 315 1882 et
328 1823 556 1897 legatus
573 1828 785 1879 sanctae
813 1823 1085 1879 Romanae
1111 1822 1401 1891 Ecclesiae,
1425 1828 1482 1879 et
1500 1825 1667 1879 Ama-

45 1922 123 1971 tus
136 1914 614 1986 archiepiscopus
633 1912 925 1984 etlegatus
944 1911 1162 1967 Urbani
1190 1929 1370 1983 papas,
1391 1927 1524 1967 cum
1558 1929 1663 1967 cae-

44 2005 163 2060 teris
190 2002 498 2075 episcopis,
516 2000 1013 2073 judicaveruntde
1036 2001 1267 2073 negotio
1290 2006 1346 2056 et
1374 2001 1664 2072 querimo-
1695 2030 1745 2095 B

44 2094 139 2149 niis
153 2109 279 2166 quae
302 2090 499 2147 clerici
521 2092 578 2146 S.
597 2090 839 2145 Joannis
861 2090 1250 2161 deposuerant
1271 2107 1464 2145 coram
1489 2091 1573 2145 eis
1590 2091 1661 2146 de

38 2182 263 2238 Biennio
281 2181 492 2238 abbate
524 2183 582 2235 et
602 2180 730 2251 ejus
746 2174 1214 2234 Massiliensibus
1238 2179 1560 2248 monachis,
1598 2184 1664 2235 ut

32 2272 167 2327 idem
195 2270 484 2327 Ricardus
533 2272 591 2324 et
642 2268 914 2323 monachi
970 2269 1098 2338 ejus
1159 2269 1465 2324 redderent
1494 2270 1660 2324 beato

32 2360 219 2416 Joanni
236 2359 451 2431 etipsis
469 2357 697 2413 clericis
712 2358 911 2412 omnia
929 2358 1146 2428 praedia
1160 2364 1218 2413 et
1235 2358 1655 2429 possessiones,

31 2457 79 2505 et
105 2452 465 2514 ornamenta,
496 2453 553 2502 et
588 2451 795 2502 cetera
826 2445 1066 2501 mobilia
1114 2463 1241 2518 quae
1272 2447 1383 2518 ipsi
1416 2463 1483 2502 eo
1506 2451 1659 2502 tem-

31 2554 146 2612 pore
165 2554 278 2611 quo
309 2537 588 2592 tenebant
625 2534 930 2591 ecclesiam
973 2536 1237 2606 ejusdem
1283 2535 1342 2591 S.
1393 2537 1655 2607 Joannis,

31 2626 398 2693 abstulerunt,
432 2630 488 2681 et
520 2625 904 2690 donaverunt,
936 2629 996 2680 et
1043 2624 1259 2680 donare
1290 2626 1567 2693 iecerunt,
1603 2628 1660 2681 et

32 2717 344 2789 raptoribus
374 2719 749 2771 censuerunt.

90 2809 145 2861 El
175 2807 346 2877 infra.

94 2896 392 2964 Benerius,
426 2892 743 2950 cardinalis
773 2893 832 2947 S.
870 2893 933 2948 lt.
967 2891 1348 2965 E.etlegatus
1369 2893 1653 2964 ejusdem,

33 2982 447 3040 venerabilibus
478 2980 767 3053 episcopis
798 2985 858 3035 Β.
911 2982 1266 3049 Gerunden.,
1302 2982 1362 3035 Β.
1412 2985 1654 3051 Auson.,

32 3079 187 3145 atque
205 3070 593 3144 B.Urgellen.,
610 3071 730 3125 sive
748 3073 815 3125 A.
839 3069 1094 3139 Elnensi,
1119 3077 1177 3125 et
1202 3072 1262 3125 B.
1283 3072 1653 3142 Barchinon.,

32 3161 579 3218 salutem.Volumus
607 3176 735 3215 esse
753 3164 954 3214 notum
974 3159 1243 3231 dignitati
1260 3161 1660 3229 vestrae,eleri-

32 3268 115 3307 cos
145 3253 204 3307 Β.
237 3249 484 3308 Joannis
524 3248 934 3321 Rivipollensis
974 3249 1319 3321 deposuisse
1360 3250 1656 3322 querimo-

32 3343 175 3399 niam
197 3340 257 3397 in
281 3337 527 3396 concilio
545 3336 829 3395 Tolosano
851 3354 1030 3409 super
1040 3338 1409 3410 parochianis
1427 3342 1656 3409 vestris,

1775 756 1958 811 nostri
2005 756 2145 811 Jesu
2195 756 2410 811 Christi
2458 754 2736 810 Nazareni
2791 752 3027 810 nomine
3073 770 3177 826 per
3224 753 3423 825 ipsum

1776 844 2145 910 aediﬁcatam,
2175 844 2234 899 in
2286 845 2558 900 Romanae
2609 843 2873 899 Ecclesiae
2920 841 3167 898 tutelam
3199 840 3423 914 specia-

1776 932 1909 988 liter
1959 933 2179 1005 suscipi
2236 932 2570 1005 postulavit,
2605 936 2714 989 etc.
2762 934 2800 988 Y
2846 934 3103 1004 prosigue
3159 931 3214 987 la
3258 929 3427 987 dicha

1779 1022 1947 1090 bulla,
1982 1024 2035 1078 la
2067 1023 2196 1092 qual
2243 1025 2393 1078 entre
2436 1030 2581 1077 atras
2625 1021 2900 1077 clausulas
2948 1034 3050 1092 que
3095 1022 3245 1076 liene
3270 1022 3424 1091 favo-

1776 1111 1955 1165 rables
1998 1127 2028 1167 ο
2061 1115 2179 1166 esta
2227 1128 2372 1179 casa,
2395 1128 2495 1167 son
2545 1112 2625 1166 las
2672 1112 2963 1182 signentes.
2997 1109 3424 1166 Constituimus

1777 1200 1934 1255 enim
1985 1204 2042 1255 et
2088 1199 2408 1272 apostolica
2454 1199 2797 1256 auctoritate
2842 1200 3213 1256 decernimus
3254 1203 3322 1254 ut
3350 1199 3422 1255 ab

1776 1289 2040 1343 omnium
2073 1290 2312 1344 omnino
2336 1290 2645 1345 hominum
2678 1291 3082 1361 cujuscunque
3103 1289 3179 1345 sit
3200 1288 3423 1344 ordinis

1770 1378 1911 1449 jugo
1932 1377 2099 1433 liberi
2130 1379 2438 1448 maneatis,
2473 1378 2699 1450 solique
2730 1383 2943 1434 sanctae
2987 1382 3045 1433 et
3091 1377 3420 1450 apostolicae

1778 1467 2049 1522 Romana:
2074 1466 2342 1523 Ecclesia;
2389 1467 2631 1536 subditi,
2654 1467 2965 1540 tranquille
2999 1471 3057 1523 et
3085 1467 3281 1539 quiete
3308 1466 3421 1523 Do-

1777 1555 1936 1610 mino
1959 1556 2343 1630 omnipotenti
2365 1556 2653 1627 servietis,
2677 1560 2785 1612 etc.
2808 1557 3259 1625 Conﬁrmamus,
3284 1560 3417 1625 etc.,

1777 1645 1977 1699 omnia
2000 1661 2128 1717 quae
2161 1647 2315 1701 idem
2338 1663 2435 1701 rex
2456 1646 2640 1714 vobis,
2672 1645 2760 1703 vel
2788 1645 3124 1718 quicunque
3154 1643 3420 1702 fidelium

1777 1735 1845 1789 de
1869 1734 1993 1790 suis
2016 1735 2491 1807 possessionibus
2513 1733 3017 1806 contulerunt,aut
3045 1751 3170 1807 quae
3200 1735 3271 1790 de
3287 1735 3420 1805 jure

1775 1840 1881 1880 suo
1913 1823 2258 1896 pontiﬁcum
2309 1823 2556 1896 quilibet
2600 1828 3032 1891 concesserunt,
3082 1840 3329 1896 quaeque
3359 1824 3420 1881 in

1774 1916 2060 1985 futurum,
2096 1918 2386 1969 annuente
2415 1914 2681 1982 Domino,
2697 1915 2859 1986 juste
2889 1931 2955 1969 ac
2983 1912 3241 1986 legitime
3265 1917 3422 1987 pote-

1776 2001 1904 2057 ritis
1927 2002 2191 2074 adipisci,
2226 2008 2335 2058 etc.
2370 2004 2547 2058 Porro
2593 2002 2739 2057 nulli
2782 2002 3053 2075 episcOpo
3078 2002 3249 2059 liceat
3268 2004 3421 2075 ejus-

1774 2090 1905 2145 dem
1951 2091 2218 2147 Ecclesise
2262 2092 2469 2147 fratres
2518 2108 2667 2163 quos
2724 2092 2784 2146 in
2833 2092 3105 2148 Romanae
3149 2091 3417 2149 Ecclesiae

1772 2179 1922 2235 ﬁlios
1948 2180 2183 2252 speciali
2215 2181 2491 2236 electione
2532 2180 2987 2253 assumpsimus,
3018 2182 3419 2238 excommuni-

1770 2285 1920 2336 care,
1955 2272 2056 2324 aut
2086 2269 2349 2325 divinum
2381 2269 2465 2325 eis
2495 2269 2754 2325 ofﬁcium
2786 2270 3151 2339 interdicere,
3182 2271 3282 2326 sed
3305 2272 3415 2326 sub

1771 2357 1896 2413 sola
1925 2358 2082 2413 sedis
2114 2359 2445 2431 apostolicae
2477 2360 2835 2431 protectione
2873 2358 3219 2431 judicioque
3248 2359 3415 2416 liberi

1769 2447 2339 2503 annuente'Domino
2371 2448 2679 2519 securique
2700 2453 3102 2519 permaneant,
3121 2453 3229 2503 etc.
3255 2450 3417 2520 (Con-

1768 2535 1931 2607 cluye
1976 2540 2101 2591 esta
2143 2534 2321 2602 bulla,
2355 2553 2486 2592 cum
2540 2540 2695 2591 estas
2744 2536 3032 2609 palbras):
3071 2536 3189 2592 Hoc
3238 2537 3415 2610 igitur

1767 2623 1951 2679 nostri
2001 2623 2288 2696 privilegii
2335 2625 2677 2693 sanctionis,
2713 2625 2762 2680 si
2812 2625 2946 2696 quis
2985 2625 3043 2680 in
3089 2625 3411 2682 crastinum

1766 2729 2088 2783 agnoscens
2111 2712 2713 2785 archiepiscopus,aut
2740 2712 3070 2785 episcopus,
3095 2713 3414 2786 imperator

1767 2806 1868 2855 aut
1889 2801 2304 2874 rex,princeps,
2324 2803 2460 2867 dux,
2485 2802 2573 2857 vel
2607 2801 2889 2870 marchio,
2908 2818 3103 2857 comes
3129 2806 3232 2858 aut
3260 2803 3409 2859 vice-

1767 2891 2185 2961 comes,judcx,
2209 2889 2603 2959 castaldio,vel
2624 2907 2873 2963 persona
2898 2888 3170 2963 quaelibet
3196 2907 3412 2966 magna

1766 2979 1852 3034 vel
1887 2997 2081 3051 parva,
2114 2983 2321 3052 potens
2341 2985 2441 3036 aut
2470 2980 2782 3053 impotens,
2805 2985 3007 3037 contra
3034 2997 3164 3037 eam
3192 2985 3411 3039 temere

1767 3070 1961 3124 venire
1982 3069 2439 3141 praesumpserit,
2459 3074 2517 3125 et
2558 3070 2823 3141 eiusdem
2858 3070 3112 3127 ecclesiae
3128 3072 3284 3127 bona
3312 3071 3408 3127 in-

1765 3160 1996 3225 vadere,
2030 3159 2356 3223 molestare,
2388 3158 2473 3213 vel
2509 3158 2632 3214 suis
2661 3159 2870 3215 usibus
2909 3159 3199 3232 applicare
3219 3164 3406 3216 tenta-

1765 3247 1930 3313 verit,
1946 3248 2203 3303 secundo
2237 3248 2471 3302 tertiove
2500 3248 2915 3317 commonitus,
2949 3248 2997 3303 si
3030 3266 3146 3305 non
3173 3249 3406 3305 satisfa-

1769 3337 1957 3392 ctiOne
2005 3353 2264 3408 congrua
2339 3336 2751 3405 emendaverit,
2811 3354 2843 3393 a
2892 3337 3106 3395 Christi
3173 3356 3308 3395 eum
3355 3342 3412 3395 et

34 3431 138 3502 qui,
169 3428 331 3486 omni
352 3427 675 3484 reverentia
696 3400 1343 3498 postpos.ita,-aul'eruut
1360 3429 1422 3482 Β.
1444 3400 1657 3484 Joanni
1688 3400 1731 3467 ρ
1769 3425 2039 3482 Ecclesiae
2068 3400 2306 3497 cdrpore
2347 3425 2708 3481 auctoritatis
2737 3400 3082 3498 apostolicae
3129 3430 3414 3500 potestate

33 3520 292 3577 ecclesias
315 3523 373 3573 et
395 3516 681 3573 nonnulla
698 3516 1088 3572 ecclesiastica
1103 3517 1335 3588 praedia.
1354 3517 1515 3575 Unde
1538 3536 1661 3573 mo-

35 3626 248 3676 nemus,
270 3612 329 3664 et
348 3606 693 3663 auctoritate
715 3605 1032 3678 apostolica
1050 3606 1441 3678 praecipimus,
1475 3612 1540 3663 ut
1565 3624 1664 3664 eos

34 3699 95 3753 ab
123 3698 229 3755 hac
258 3698 705 3771 rapinacessare
722 3695 1108 3762 admoneatis,
1133 3695 1270 3750 etB.
1295 3696 1505 3751 Joanni
1538 3715 1664 3769 quae

31 3789 116 3849 sui
128 3788 283 3858 juris
327 3790 470 3844 sunt
509 3785 919 3858 praedicatione
962 3789 1021 3840 et
1066 3785 1666 3842 excommunicatione

34 3878 263 3933 reddere
277 3875 529 3932 faciatis.
552 3874 713 3940 Quod
748 3874 797 3931 si
816 3873 1129 3940 noluerint,
1154 3875 1344 3930 sciant
1364 3890 1426 3931 se
1445 3892 1669 3931 excom-

38 3966 357 4025 municatos
385 3968 443 4021 et
463 3966 535 4021 ab
578 3963 739 4020 omni
778 3963 1111 4019 Christiana
1143 3964 1669 4021 communicatione

34 4056 240 4126 ejectos
257 4054 607 4111 auctoritate
622 4054 723 4110 BB.
748 4053 1145 4125 apostolorum
1168 4054 1316 4109 Petri
1335 4058 1393 4109 et
1408 4054 1593 4121 Pauli,
1613 4058 1669 4111 et

36 4143 480 4200 reverentissimi
502 4159 660 4215 papa:
682 4141 899 4198 Urbani
916 4146 973 4196 et
988 4148 1306 4198 conventus
1326 4144 1505 4198 totius
1525 4161 1667 4198 con-

37 4234 141 4287 cilii
157 4231 1285 4304 Tolosani,quoadusqueresipiscant,et
1304 4250 1431 4303 quae
1452 4233 1673 4292 invaso—

39 4328 164 4377 runt
179 4322 511 4392 dimittant,
533 4336 680 4393 quos
711 4321 912 4377 eodem
933 4321 1104 4375 modo
1122 4320 1328 4377 avobis
1345 4338 1675 4378 excommu-

32 4411 209 4467 nicari
237 4412 298 4467 S.
331 4411 400 4466 Β.
435 4409 703 4467 Ecclesiae
728 4409 1071 4466 auctoritate
1092 4410 1675 4483 przecipimus,donec

37 4501 101 4555 ad
132 4502 375 4575 dignam
409 4499 864 4556 satisfactionem
899 4500 1151 4555 veniant.

755 4588 950 4643 XVIII.

42 4679 238 4735 t'rbani
298 4680 351 4735 II
399 4693 558 4751 papae
612 4678 984 4804 prixilcgium.
1019 4693 1119 4749 pro
1175 4682 1502 4737 monasterio
1546 4686 1679 4738 Jesu

755 4765 1001 4804 azarenz.

755 4765 980 4804 azarenz
991 4791 1001 4801 .

658 4820 845 4892 (Anno
876 4820 1056 4892 1089).

44 4894 312 4961 ['Avasnv,
348 4891 682 4967 Fundarion,
723 4891 1078 4967 excelencias,
1128 4893 1428 4967 grandeg-as
1469 4912 1503 4967 y
1533 4911 1680 4951 cosas

32 5030 44 5051 ,
104 4966 463 5109 Effrawa
492 4966 558 5020 de
588 4966 810 5020 Huesca.
858 4963 1102 5019 Huesca.
1133 4963 1294 5021 74619
1336 4966 1433 5021 fol.
1470 4963 1510 5035 l,
1546 4984 1678 5041 pag.

106 5125 382 5183 Uaanrws
411 5126 954 5199 episcopus,servus
975 5143 1271 5181 servorum
1291 5126 1411 5193 Dei,
1428 5126 1682 5182 dilectis-

44 5216 204 5273 simis
236 5216 299 5271 in
322 5215 554 5271 Christo
577 5215 715 5271 ﬁliis
744 5214 1112 5287 regularibus
1133 5216 1412 5271 lratribus
1432 5216 1685 5271 ecclesiae

43 5320 162 5375 qua:
185 5304 408 5360 dicitur
425 5304 564 5360 Jesu
595 5304 1041 5369 Nazareni,eoru
1052 5319 1225 5375 mque
1248 5305 1689 5361 successoribus

44 5393 391 5466 regulariter
416 5392 660 5449 victuris
690 5393 752 5448 in
783 5397 1151 5466 perpetuum.

102 5483 281 5540 Justa
308 5482 574 5540 ﬁdelium
605 5481 808 5556 petitio
840 5484 1047 5540 effectu
1080 5484 1251 5540 debet
1295 5488 1686 5557 prosequente

31 5573 342 5665 ‘compleri,
393 5577 461 5629 ut
505 5578 563 5629 et
604 5572 999 5629 laborantium
1055 5574 1116 5628 in
1162 5573 1420 5630 Ecclesia
1461 5574 1686 5631 devotio

43 5662 239 5720 Sancta
288 5662 593 5734 clarescat,
640 5669 700 5719 et
747 5662 970 5718 utilitas
1014 5662 1407 5720 ecclesiastica
1441 5664 1684 5721 Domino

37 5768 267 5826 semper
297 5752 580 5825 largiente
604 5751 888 5825 proﬁciat.
913 5752 1057 5817 Quia
1088 5753 1269 5826 igitur
1298 5754 1686 5812 charissimus

39 5848 234 5903 noster
263 5844 325 5905 in
356 5842 585 5903 Christo
636 5843 792 5901 filius
843 5846 1084 5902 sanctus
1139 5845 1255 5903 Ara
1293 5845 1530 5904 onensis
1562 5845 1683 5904 sive

1769 3520 2231 3587 segregamus,et
2260 3514 2499 3569 honoris
2521 3514 2609 3568 sui
2645 3515 2873 3585 piaculo
2895 3516 3198 3587 subjacere
3227 3518 3418 3572 decer-

1772 3604 1969 3659 nimus
1995 3619 2007 3656 :
2041 3603 2519 3657 conservantibus
2550 3607 2744 3658 autem
2776 3619 2888 3674 pax
2935 3620 2969 3659 a
3013 3604 3128 3660 Deo
3160 3609 3215 3660 et
3246 3605 3421 3660 mise-

1772 3693 2023 3751 ricordia
2046 3692 2431 3764 praesentibus
2453 3708 2519 3746 ac
2538 3691 2593 3747 fu
2605 3691 2752 3747 turis
2772 3692 3001 3748 saeculis
3022 3698 3414 3749 conservetur.

1770 3784 1976 3849 Amen,
2010 3797 2202 3847 amen,
2234 3796 2428 3835 amen.
3270 3830 3284 3839 ,

1845 3871 1990 3926 Data
2021 3870 2215 3925 Romae
2242 3868 2515 3925 Kalendis
2562 3867 2701 3925 Julii
2761 3886 2863 3941 per
2911 3886 3123 3926 manus
3171 3869 3417 3927 Joannis

1734 3974 1749 3986 ”
1775 3962 1988 4015 sanctae
2011 3960 2285 4014 Romanis
2315 3958 2584 4014 Ecclesiae
2624 3958 2851 4014 diaconi
2883 3958 3197 4016 cardinalis
3229 3959 3419 4032 prosi-

1775 4048 2037 4120 gnatoris
2086 4047 2285 4105 domni
2336 4047 2553 4103 Urbani
2600 4065 2761 4121 papae
2784 4048 2870 4116 II;
2904 4065 3058 4105 anno
3103 4049 3418 4106 Dominicis

1778 4137 2201 4192 Incarnationis
2231 4138 2390 4204 1089,
2424 4137 2739 4194 indictione
2779 4156 2879 4205 x11,
2911 4155 3064 4195 anno
3095 4156 3134 4195 ιι
3181 4138 3418 4211 pontifi-

1779 4231 1947 4281 catus
1977 4227 2241 4297 ejusdem
2265 4226 2488 4282 domini
2520 4227 2734 4283 Urbani
2756 4244 2938 4300 papae.

2537 4316 2673 4371 XIX.

1787 4404 2033 4461 Urbanus
2090 4404 2141 4459 II
2184 4405 2462 4473 Frolardo,
2493 4406 2679 4460 abbati
2726 4406 2780 4460 S.
2830 4407 3015 4463 Ponlii
3058 4408 3427 4464 Tomeriarum

1849 4476 2479 4552 privilegianiconcedil
2512 4493 2615 4552 quo
2646 4478 2820 4552 locum
2860 4496 2895 4533 a
2922 4480 3290 4552 cujuscunque
3319 4482 3429 4552 epi-

1853 4546 2003 4618 scopi
2022 4546 2407 4623 jiirisdidio-nc
2436 4546 2627 4604 etimit
2647 4550 2883 4621 aliisque
2901 4546 3272 4622 eoinpluribus
3283 4546 3430 4623 pree-

1859 4619 2117 4689 rogalivis
2146 4622 2395 4673 exornat.

2408 4710 2595 4777 (Anno
2629 4710 2811 4781 1089.)

1706 4784 1754 4850 D
1787 4797 2088 4869 [Renum
2141 4798 2258 4852 Vita
2292 4797 2499 4853 Urbani
2517 4796 2577 4852 in
2612 4798 2849 4853 MABILL.
2884 4802 2941 4855 et
2974 4798 3238 4854 RUINART
3265 4799 3430 4854 Ouvr.

2389 4887 2564 4960 posth.
2610 4904 2693 4953 ιη,
2722 4888 2837 4958 57.]

2552 4976 2671 5031 XX.

1793 5069 2029 5139 Epistola
2066 5070 2272 5125 Urbani
2300 5071 2346 5125 Il
2372 5084 2526 5140 papa:
2573 5066 2645 5122 ad
2688 5082 2936 5138 proceres
2985 5067 3283 5140 provinciae
3314 5069 3442 5124 Tar-

1864 5143 2182 5195 raconensis
2213 5141 2277 5195 de
2306 5141 2708 5196 restauratione
2736 5140 2976 5196 ecclesia
3007 5141 3439 5196 Tarraconensis.

2420 5232 2603 5303 (Anno
2638 5228 2819 5299 1089.)

1796 5318 2031 5390 [ΜΑΝει,
2067 5320 2276 5375 Concil.
2344 5321 2441 5387 XX,
2484 5319 2611 5385 70l,
2660 5334 2729 5374 ex
2776 5316 3129 5373 chartulario
3184 5316 3441 5374 ecclesiae

2364 5389 2870 5461 Tarraconensis]

1868 5479 2144 5537 Uaearzus
2175 5480 2505 5552 episcopus,
2540 5498 2742 5537 servus
2758 5495 3058 5537 servorum
3079 5477 3203 5550 Dei,
3226 5478 3448 5535 charis-

1796 5571 1967 5626 simis
1999 5571 2136 5626 ﬁliis
2166 5572 2537 5625 Beachamo
2568 5568 3028 5626 Barchinonensi
3059 5568 3258 5624 comiti
3290 5556 3450 5623 mar-

1795 5660 2008 5727 chioni,
2039 5662 2440 5716 ERMENGAUDO
2468 5658 2812 5731 Urgellensi,
2846 5664 3156 5719 Bsamnnp
3185 5656 3455 5712 Bisuldu-

1793 5751 1960 5807 nensi
2012 5750 2355 5825 comitibus,
2428 5748 2830 5820 omnibusque
2889 5745 3342 5802 Tarraconensis
3400 5750 3459 5802 et

1793 5839 2314 5903 Barehinoonensis
2336 5836 2641 5914 provincia:
2668 5835 2975 5911 episcopis,
2998 5833 3461 5906 vicccomitibus.
