3950 6364
463 481 581 542 303

466 701 656 766 laicis,
690 697 938 754 salutem
971 699 1027 750 et
1056 690 1434 765 apostolicam
1469 683 1953 742 benedictionem.

541 787 968 846 Dilectissimus
1018 788 1076 838 et
1127 776 1650 838 reverendissimus
1691 775 1867 828 trater
1917 771 2116 823 noster

473 876 861 950 Berengarius
891 872 1251 929 Ausonensis
1281 868 1590 942 episcopus
1620 861 1921 920 devotione
1953 861 2010 914 et
2040 855 2118 910 la-

473 971 615 1025 bore
638 964 891 1022 maximo
924 963 996 1018 ad
1042 958 1442 1034 apostolorum
1492 953 1698 1010 limina
1724 949 1981 1013 veniens,
2015 945 2116 1000 diu

477 1057 786 1114 nobiscum
808 1033 1211 1117 moratusiest;
1240 1048 1411 1119 cujus
1433 1061 1539 1100 nos
1557 1039 1864 1116 prudentia
1875 1041 1932 1092 et
1953 1033 2121 1091 bonis

479 1146 838 1211 moribus,ut
868 1143 1114 1214 dignum
1147 1133 1551 1206 est,delectati,
1576 1127 1877 1204 privilegia
1906 1124 2122 1198 quibus

482 1253 610 1303 sua,
632 1231 899 1290 videlicet
924 1224 1379 1286 Tarraconensis
1401 1220 1655 1278 Ecclesia
1679 1234 1780 1290 per
1800 1217 2123 1271 Romanam

482 1300 798 1380 Ecclesiam
824 1322 1038 1376 donata
1057 1321 1148 1373 est
1168 1315 1473 1387 diligenter
1496 1307 1879 1381 inspeximus,
1893 1307 1949 1360 et
1970 1300 2123 1374 quod

484 1415 556 1468 ad
591 1429 695 1466 nos
716 1414 823 1476 est,
855 1408 1121 1464 eamdem
1153 1403 1468 1460 Ecclesiam
1500 1405 1624 1454 tum
1657 1413 1760 1467 pro
1789 1397 2130 1449 sanctorum

482 1499 826 1564 reverentia,
844 1503 906 1552 tu
918 1513 973 1551 m
999 1512 1102 1567 pro
1118 1491 1378 1566 praedicti
1393 1488 1590 1544 fratris
1605 1485 1786 1541 nostri
1801 1481 2127 1547 dilectione,

483 1593 657 1662 prout
678 1586 915 1660 justitia
947 1583 1220 1656 exegerit,
1256 1580 1541 1636 honorare
1590 1581 1648 1631 ct
1677 1572 1927 1629 exaltare
1975 1573 2133 1642 opta-

487 1697 641 1734 mus.
675 1677 821 1742 Quia
871 1674 1051 1746 igitur
1091 1667 1416 1743 corporalia
1459 1662 1882 1738 spiritualibus,
1917 1664 2136 1730 tempo-

487 1767 633 1824 ralia
664 1763 1058 1829 aeternalibus,
1094 1759 1428 1816 caelestibus
1454 1756 1694 1828 dignum
1720 1757 1808 1806 est
1839 1747 2137 1804 terrestria

490 1854 788 1922 famulari,
822 1854 1127 1908 hortamur
1156 1853 1213 1904 et
1242 1849 1619 1902 obsecramus
1651 1842 1708 1896 in
1743 1839 1984 1894 Domino
2007 1853 2138 1909 pru~

494 1944 754 2001 dentiam
783 1946 1034 1998 vestram
1067 1943 1132 1995 ut
1159 1953 1394 1994 summa
1420 1950 1526 2006 ope
1559 1927 1837 1991 nitamini
1861 1929 2137 1982 Tarraco-

499 2034 702 2091 nensis
723 2021 885 2088 urbis
908 2033 1130 2086 statum
1163 2030 1406 2083 eatenus
1438 2021 2032 2095 reparare,quatenus
2063 2013 2143 2068 ibi

498 2123 774 2179 cathedra
798 2119 997 2175 haberi
1047 2116 1236 2189 possit
1293 2110 1660 2186 episcopalis.
1704 2107 1885 2161 Vobis
1914 2121 2051 2175 ergo
2082 2103 2143 2158 in

497 2210 901 2284 poenitentiam
935 2211 1422 2280 peccatorumque
1472 2197 1877 2254 remissionem
1903 2193 2144 2248 manda-

502 2283 636 2356 mus
649 2303 714 2353 ut
734 2296 995 2370 potentia
1017 2299 1074 2350 ct
1087 2292 1302 2350 divitiis
1334 2289 1545 2345 vestris
1576 2289 1632 2341 in
1647 2283 2074 2341 restitutionem
2088 2296 2144 2334 e-

495 2390 731 2462 jusdem
751 2385 1003 2442 ecclesiae
1021 2381 1394 2438 devotissime
1411 2385 1467 2433 et
1498 2373 1886 2432 intentissime
1900 2371 2146 2427 desude-

505 2479 602 2535 tis.
629 2477 726 2533 Eis
740 2479 936 2531 autem
956 2473 1054 2546 qui
1070 2471 1156 2528 vel
1180 2472 1237 2526 in
1251 2467 1612 2526 Hierusalem
1627 2464 1712 2520 vel
1729 2465 1784 2518 in
1798 2467 1991 2534 partes
2005 2459 2150 2514 alias

507 2565 858 2640 poenitentiae
877 2563 1088 2636 spiritu
1114 2561 1203 2616 vel
1239 2555 1561 2615 devotionis
1588 2550 1726 2607 ituri
1756 2554 1914 2614 sunt,
1941 2549 2148 2605 suade-

509 2635 644 2712 mus
667 2657 846 2708 totam
869 2635 1028 2707 illam
1050 2649 1151 2705 via:
1174 2652 1230 2704 et
1250 2649 1525 2718 sumptus
1545 2655 1779 2714 operam
1801 2635 2152 2695 restitutioni

511 2743 770 2800 ecclesiae
812 2738 1267 2796 Tarraconensis
1290 2732 1645 2806 impendere,
1679 2732 1968 2800 quatenus
2000 2725 2157 2781 auxi-

509 2833 689 2888 liante
731 2829 975 2886 Domino
994 2832 1049 2884 et
1071 2825 1344 2882 cathedra
1374 2821 1516 2877 inibi
1548 2823 1672 2874 tuto
1705 2817 1990 2872 habeatur
2036 2813 2154 2886 epi-

514 2920 787 2994 scopalis,
823 2923 880 2976 et
921 2917 1126 2973 civitas
1183 2914 1387 2970 eadem
1441 2912 1858 2966 Saracenorum
1893 2905 2159 2977 opposita

513 2992 746 3083 populis
768 3007 828 3062 in
851 3022 1089 3061 murum
1111 3007 1166 3058 et
1188 2998 1548 3060 antemurale
1582 2994 1935 3052 Christicolae
1957 2992 2158 3066 populi

516 3082 858 3162 celebretur,
882 3094 1096 3166 quibus
1127 3091 1392 3148 eamdem
1424 3105 1492 3143 ex
1513 3086 1612 3141 Dei
1645 3083 2044 3140 misericordia
2073 3082 2160 3136 in-

516 3185 879 3260 dulgentiam
911 3181 1255 3255 pollicemur
1286 3194 1463 3250 quam
1496 3177 1966 3248 promererentur
1994 3172 2042 3228 si
2073 3171 2162 3226 in-

519 3278 683 3333 dictae
714 3275 816 3330 viae
839 3271 1232 3344 prolixitatem
1265 3269 1578 3340 explerent.
1603 3265 1717 3319 Nos
1763 3263 2079 3334 siquidem,
2114 3260 2162 3315 si

1771 459 1843 521 B.
1888 451 2180 534 UBBANI
2222 449 2276 511 ιι
2319 442 2568 510 mm.

466 617 523 668 et
555 608 776 667 caeteris
809 605 1108 663 nobilibus
1138 606 1196 659 et
1223 598 1582 675 potentibus,
1614 593 1734 650 sive
1755 590 1981 648 clericis
2000 588 2116 644 sive
2144 588 2202 653 Α

3749 420 3906 490 θθι

2964 565 3130 624 ΧΧΙΙ.

2226 672 2431 730 Urbani
2449 671 2468 723 Ι
2475 670 2494 723 Ι
2501 665 2856 744 privilegium
2863 675 2963 732 pro
2974 657 3188 713 clericis
3199 662 3250 711 et
3262 652 3421 710 laicis
3439 645 3895 708 Vellitreusibus.

2849 768 3040 838 (Anno
3071 761 3254 834 1089).

2228 870 2486 939 ίΒοιιειΑ,
2511 862 2703 918 Istoria
2717 859 2874 939 deuia
2888 855 3084 939 phiam
3113 867 3142 907 ε
3168 847 3375 939 citium
3393 847 3632 914 Velletri,
3657 843 3904 900 Nocera

2778 931 2936 996 1723,
2974 927 3048 993 4ο,
3081 941 3137 996 ρ.
3169 921 3322 994 204.)

2301 1045 2579 1101 Unawus
2609 1037 2943 1112 episcopus,
2975 1047 3175 1089 servus
3207 1042 3508 1086 servorum
3539 1024 3664 1091 Dei,
3696 1021 3907 1078 omni-

2231 1136 2342 1191 bus
2372 1127 2817 1187 Vellitrensibus
2843 1122 3088 1189 clericis,
3121 1123 3179 1177 et
3223 1118 3390 1174 laicis
3419 1117 3588 1172 beato
3617 1115 3790 1170 Petro
3823 1112 3903 1166 ﬁ-

2233 1222 2464 1279 delibus
2495 1218 2744 1274 salutem
2775 1219 2831 1270 et
2861 1209 3239 1285 apostolicam
3265 1204 3755 1263 benedictionem.

2305 1313 2418 1367 Nec
2449 1311 2738 1380 ignotum,
2769 1299 3134 1359 dilectissimi
3171 1298 3400 1362 fratres,
3430 1294 3597 1350 vobis
3627 1308 3761 1348 esse
3793 1307 3904 1346 co-

2238 1399 2434 1475 gnosci
2446 1414 2576 1452 mus
2593 1412 2709 1467 qua
2726 1391 2970 1448 immani
2991 1387 3330 1445 crudelitate
3351 1383 3688 1439 Guilbertus
3710 1380 3911 1435 haere-

2240 1489 2470 1546 siarcha
2501 1484 2655 1541 sedis
2699 1479 3026 1554 apostolicae
3079 1477 3332 1539 invasor,
3367 1473 3649 1544 antiquus
3675 1469 3906 1536 hostis,

2241 1579 2459 1634 nostris
2475 1573 2836 1645 temporibus
2859 1586 2961 1642 per
2974 1570 3272 1640 apostatas
3294 1568 3352 1617 et
3373 1568 3650 1635 tyrannos
3671 1563 3911 1614 sanctae

2243 1665 2507 1722 Ecclesiae
2541 1663 2846 1731 llugonem
2870 1655 3170 1721 Album,et
3198 1652 3483 1708 Joannem
3510 1648 3913 1704 Portuensem

2245 1753 2696 1826 antiepiscopos,
2730 1752 2786 1802 et
2818 1747 3053 1801 Petrum
3106 1741 3404 1814 quondam
3454 1735 3910 1802 cancellarium,

2247 1823 2711 1905 chzelonem,et
2739 1836 3008 1890 Ottonem
3043 1837 3356 1904 tyrannum
3383 1827 3649 1884 membra
3676 1823 3912 1880 diaboli

2252 1929 2546 1989 seduxerit
2569 1927 2718 1982 ﬁlios
2732 1924 2854 1994 Dei,
2879 1923 3144 1996 cogitans
3157 1937 3256 1977 eos
3268 1916 3571 1974 blanditiis
3598 1919 3656 1970 et
3677 1913 3918 1970 atroci-

2251 2027 2366 2078 tate
2398 2020 2521 2075 suis
2569 2017 2817 2088 pedibus
2865 2029 3037 2084 posse
3083 2008 3448 2066 submittere.
3484 2007 3547 2061 ln
3595 2021 3732 2060 eum
3763 2021 3919 2060 vero

2251 2115 2552 2184 sperantes
2586 2107 2682 2177 qui
2717 2120 2855 2159 suos
2887 2119 3002 2157 non
3029 2098 3634 2171 despicit,constanter
3663 2110 3772 2166 per
3804 2111 3921 2150 vos

2254 2183 2312 2257 et
2344 2199 2488 2254 alios
2525 2197 2673 2250 lihos
2707 2197 2936 2248 nostros
2968 2189 3207 2245 illorum
3233 2186 3538 2242 incursum
3553 2183 3922 2254 comprime-

2255 2305 2408 2344 mus.
2445 2288 2803 2356 Quapropter
2847 2282 2917 2335 de
2960 2278 3232 2350 praesenti
3278 2275 3523 2331 dilectos
3561 2272 3918 2329 Rainerium

2257 2373 3031 2452 presbyterum,Formosum
3050 2369 3315 2422 nostrum
3327 2362 3678 2436 dapiferum,
3693 2366 3753 2417 et
3768 2362 3916 2418 For-

2259 2468 2446 2523 nicem
2461 2469 2728 2521 nostrum
2759 2457 3134 2517 emissarium
3149 2471 3281 2510 cum
3314 2451 3701 2526 praesentibus
3715 2450 3917 2523 scrip-

2259 2557 2337 2614 tis
2352 2555 2514 2612 vobis
2529 2551 2902 2618 mandamus,
2929 2566 2962 2603 a
2979 2546 3196 2618 quibus
3207 2542 3365 2600 velut
3402 2559 3436 2598 a
3469 2540 3640 2597 nobis
3652 2539 3924 2596 audietis

2262 2641 2694 2719 quantapraelia
2731 2635 3132 2694 nostrilideles
3167 2637 3404 2689 strenue
3423 2629 3838 2698 commiscere,
3871 2634 3932 2685 et

2263 2733 2552 2808 quomodo
2573 2731 2644 2786 ad
2679 2727 2886 2784 Christi
2927 2741 3152 2798 sponsae
3174 2721 3484 2778 utilitatem
3516 2719 3927 2776 ultramontes

2265 2822 2585 2880 accelerare
2599 2819 2689 2875 dis
2699 2814 3147 2890 posuimus.Nos
3159 2810 3524 2884 itaque,quia
3537 2825 3638 2881 pro
3657 2807 3930 2864 Ecclesia

2264 2903 3350 2975 ludibria,verbera,vincula,carceres.
3362 2937 3395 2956 ..
3409 2940 3421 2953 .
3435 2900 3470 2970 .(
3478 2900 3572 2968 qui
3584 2898 3624 2953 il
3632 2913 3930 2968 pergame-

2265 3000 2585 3070 noelacero)
2610 2998 2868 3052 diversas
2884 2997 3103 3049 mortes
3132 2989 3351 3061 experti
3372 2988 3538 3052 estis,
3571 2985 3929 3043 auctoritate

2269 3088 2591 3164 apostolica
2616 3091 2672 3143 et
2703 3081 3172 3141 corroboratione
3201 3077 3631 3151 episcoporum,
3667 3079 3724 3131 et
3759 3074 3932 3132 nobi-

2272 3180 2419 3236 lium
2452 3177 2851 3232 Romanorum
2875 3169 3110 3244 penitus
3134 3167 3373 3223 remotis
3395 3183 3430 3221 a
3449 3164 3611 3220 vobis
3641 3165 3932 3220 omnibus

2274 3287 2400 3342 quae
2434 3264 2807 3338 aliquomodo
2852 3259 3124 3333 impediri
3172 3259 3456 3330 possunt;
3498 3253 3929 3310 confirmamus

515 3369 719 3421 vestrae
747 3364 909 3417 bonae
941 3358 1257 3418 voluntatis
1289 3357 1557 3411 effectum
1589 3358 1646 3408 et
1676 3352 1946 3407 ferventis
1983 3347 2162 3406 studii
2192 3335 2235 3401 C
2273 3335 2437 3415 {obis
2462 3335 2667 3411 QII—mes
2694 3354 2918 3407 vestros
2948 3364 3114 3416 usus,
3145 3350 3204 3402 et,
3249 3345 3560 3401 diuturnos
3592 3357 3792 3398 mores
3830 3359 3931 3415 ριιο

519 3449 976 3510 sollicitudinem
1007 3441 1750 3520 cognoverimus,praedicto
1773 3439 1934 3496 fratri
1968 3441 2164 3494 nostro

521 3547 579 3598 et
600 3537 1020 3597 Tarraconensi
1068 3534 1324 3592 ecclesiae
1381 3551 1507 3606 quae
1561 3531 1632 3587 ad
1683 3530 1986 3601 antiquam
2038 3527 2167 3598 ejus

527 3630 874 3702 dignitatem
901 3630 1169 3699 spectant
1220 3621 1608 3678 libentissime
1655 3619 2083 3691 impendamus,
2113 3620 2170 3672 et

527 3717 852 3791 corporalia
867 3721 1057 3771 vestra
1077 3711 1481 3786 spiritualibus
1501 3709 1701 3765 infulis
1724 3723 2166 3780 prosequemur,

530 3807 690 3864 salva
706 3807 900 3864 tamen
918 3801 1313 3861 Narbonensis
1335 3799 1603 3857 Ecclesiae
1635 3796 1887 3871 justitia.
1922 3796 1982 3851 Si
2013 3795 2168 3850 enim

531 3895 779 3953 Romani
809 3893 1152 3951 auctoritate
1199 3890 1484 3964 privilegii
1516 3890 2008 3944 Tarraconensem
2040 3901 2170 3956 pro-

529 3986 783 4042 vinciam
829 3982 1105 4040 canonice
1150 3980 1446 4036 vindicare
1504 3974 1900 4032 Narbonensis
1932 3973 2174 4029 antistes

532 4073 880 4147 nequiverit,
913 4089 1019 4128 nos
1051 4071 1211 4127 omni
1243 4067 1482 4141 querela
1536 4065 1707 4120 liberi
1755 4063 2174 4119 Tarraconensi

536 4163 805 4220 Ecclesiae
820 4163 922 4234 jus
945 4178 1120 4217 suum
1146 4160 1449 4217 restituere
1472 4160 1527 4210 et
1549 4155 1710 4209 t'ratri
1753 4157 1951 4208 nostro
1974 4152 2178 4208 Beren-

533 4253 694 4326 gario
709 4251 867 4324 pallii
880 4250 1222 4323 dignitatem
1241 4247 1499 4303 conferre
1513 4261 1625 4300 non
1642 4241 2174 4314 pratermittemus,

536 4345 709 4414 prout
740 4340 945 4396 mereri
972 4339 1168 4395 studia
1195 4340 1389 4392 vestra
1442 4333 1791 4389 videbimus.
1827 4335 2042 4385 lterum
2075 4330 2178 4385 ite-

536 4447 787 4502 rumque
816 4426 1275 4494 vos,charissimi
1308 4423 1831 4491 ﬁlii,admonemus
1855 4425 1921 4474 ut
1942 4420 2178 4473 fratrem

539 4523 805 4575 nostrum
859 4517 1273 4588 Berengarium
1307 4515 1364 4568 in
1427 4509 1855 4566 restitutionem
1903 4508 2181 4563 Tarraco-

536 4609 737 4665 nensis
768 4606 1022 4663 ecclesiae
1055 4603 1359 4675 adjuvetis,
1395 4604 1685 4672 quatenus
1725 4603 1782 4653 et
1812 4597 1871 4652 in
1912 4596 2184 4669 praesenti

2273 3447 2440 3504 vobis
2471 3463 2506 3501 a
2536 3441 2796 3517 quolibet
2834 3439 3199 3495 introductos
3230 3435 3289 3490 in
3321 3437 3689 3507 perpetuum.
3729 3431 3934 3488 Liceat

2276 3542 2470 3594 autem
2499 3533 2664 3590 vobis
2686 3532 2871 3588 facere
2891 3531 3235 3584 conventum
3275 3522 3486 3580 vestris
3515 3521 3844 3594 episcopis,
3877 3523 3934 3575 et

2277 3627 2404 3683 sine
2415 3624 2723 3695 verborum
2741 3617 3096 3691 obligatione
3112 3615 3356 3670 reddere
3386 3610 3706 3686 apostolica
3715 3609 3935 3666 vestris

2277 3713 2586 3788 episcopis,
2607 3709 2694 3766 vel
2715 3709 2841 3766 suis
2863 3705 3167 3772 ordinatis,
3193 3702 3415 3759 scilicet
3436 3700 3666 3758 tertiam
3699 3703 3933 3772 partem

2280 3805 2792 3864 testamentorum,
2815 3796 3051 3852 tertiam
3065 3791 3378 3848 oblationis
3400 3791 3567 3864 panis
3587 3794 3849 3858 tantum,
3884 3792 3940 3843 et

2282 3911 2422 3950 cerae
2451 3893 2522 3946 de
2552 3890 2742 3944 tribus
2788 3885 3008 3951 missis,
3042 3885 3313 3954 quartam
3366 3881 3750 3943 decimarum,
3797 3884 3860 3934 et
3891 3876 3939 3934 si

2282 3989 2474 4038 vestra
2494 3977 2750 4034 Ecclesia
2775 3973 3010 4048 preprio
3033 3974 3190 4028 caret
3223 3969 3515 4043 episcopo,
3539 3970 3642 4041 jus
3671 3965 3937 4040 episcOpi

2284 4067 2572 4133 Ecclesiae,
2605 4071 2664 4122 et
2692 4062 2918 4120 clericis
2947 4058 3567 4116 accrescat.Viaticum
3598 4061 3657 4112 et
3689 4055 3941 4112 eleemo-

2285 4175 2460 4230 synas
2482 4153 2813 4227 specialiter
2830 4150 2994 4207 vobis
3016 4149 3329 4206 attributas
3353 4146 3515 4203 urbis
3529 4145 3938 4201 concedimus.

2287 4250 2356 4304 Et
2397 4246 2556 4302 salvo
2579 4248 2642 4299 ut
2661 4258 2764 4298 vos
2804 4239 2998 4298 clerici
3029 4255 3164 4294 cum
3193 4236 3465 4310 episcopo
3498 4236 3653 4292 sicut
3681 4234 3740 4290 in
3774 4249 3940 4291 more

2288 4335 2537 4401 habetis,
2587 4336 2645 4388 et
2701 4346 2930 4387 mecum
2978 4328 3179 4401 egistis
3228 4324 3712 4399 compendiosum
3757 4324 3938 4379 unius

2288 4420 2664 4480 comestionis
2684 4419 3055 4491 dispendium
3088 4419 3300 4472 nostrae
3331 4414 3503 4470 curiae
3535 4413 3774 4469 solvatis
3799 4432 3812 4482 ;
3837 4426 3939 4466 vos

2289 4529 2443 4582 vero,
2474 4509 2629 4579 laici,
2661 4506 3056 4564 communiter
3101 4503 3423 4560 exhibeatis
3474 4503 3643 4558 nobis
3691 4500 3942 4557 alterius

2292 4599 2668 4658 comestionis
2685 4597 3143 4668 dispendium,et
3158 4594 3471 4656 hostem,et
3483 4589 3941 4664 parlamentum,

539 4698 784 4771 gloriam
816 4702 872 4752 et
918 4696 977 4751 in
1032 4695 1228 4749 futuro
1275 4692 1455 4747 vitam
1515 4687 1854 4761 percipiatis
1884 4690 2180 4742 aeternam.
2218 4707 2264 4770 ι)
2295 4692 2522 4747 hostem
2555 4705 2657 4760 per
2706 4685 3064 4741 maritimam
3112 4688 3170 4739 et
3226 4681 3629 4754 Campaniam.
3663 4680 3946 4734 Praterea

543 4788 718 4844 Porro
751 4787 798 4842 si
829 4790 1028 4842 noster
1056 4785 1123 4838 ad
1179 4799 1281 4838 vos
1329 4779 1560 4851 legatus
1619 4777 1862 4831 Domino
1895 4781 2188 4830 annuente

541 4875 884 4948 pervenerit,
919 4875 970 4929 ei
1003 4889 1106 4945 pro
1137 4871 1293 4926 sedis
1327 4866 1654 4940 apostolicae
1687 4865 2009 4921 reverentia
2037 4863 2192 4919 debi-

542 4969 664 5020 tam
696 4963 1085 5020 obedientiam
1117 4959 1386 5015 exhibere
1420 4960 1636 5011 curate.

616 5054 828 5109 Datum
862 5053 1056 5108 Romae
1090 5047 1328 5104 Kalend.
1359 5045 1498 5102 Julii
1550 5060 1653 5116 per
1701 5059 1911 5098 manus
1948 5043 2194 5098 Joannis

545 5148 761 5199 sanctae
822 5143 1093 5197 Romanae
1153 5135 1422 5192 Ecclesiae
1477 5133 1705 5187 diaconi
1769 5131 2082 5188 cardinalis
2140 5137 2196 5186 et

544 5230 898 5299 cancellarii,
933 5245 1085 5286 anno
1118 5225 1374 5281 secundo
1406 5223 1607 5276 domui
1662 5221 1879 5276 Urbani
1914 5240 2073 5294 papae
2109 5221 2192 5288 ll;

547 5321 863 5377 indictione
897 5315 1260 5374 duodecima.

1310 5420 1450 5476 XXI.

555 5525 800 5585 Urbanus
827 5525 880 5579 II
923 5522 1251 5578 monasterio
1299 5519 1393 5576 SS.
1436 5518 1644 5573 Anidni
1673 5523 1721 5572 et
1765 5517 2052 5572 Laurentii
2077 5516 2195 5572 bui-

1197 5594 1309 5648 lam
1339 5591 1550 5646 tribuit.

1177 5681 1368 5759 (Anno
1399 5681 1587 5754 4089.)
1812 5713 1815 5715 -

632 5775 719 5858 [In
747 5773 994 5832 tabular.
1026 5773 1210 5833 Vatic.
1238 5771 1306 5830 V.
1341 5771 1522 5828 Psa'rz
1551 5768 1769 5830 Archiv.
1803 5769 1926 5842 VII,
1959 5771 2072 5846 21.]

2296 4780 2712 4836 confirmamus
2726 4780 2789 4829 ut
2821 4774 2946 4830 sine
2973 4772 3094 4828 ulla
3112 4769 3570 4846 contradictione
3591 4767 3945 4842 possidentis

2298 4875 2485 4926 terras
2503 4866 2691 4922 cultas
2711 4869 2770 4920 et
2793 4862 3065 4930 incultas,
3087 4859 3285 4928 silvas,
3322 4864 3573 4929 montes,
3593 4855 3795 4926 colles,
3821 4856 3940 4930 pla-

2302 4958 2494 5023 nities,
2527 4955 2793 5028 paludes,
2817 4958 2875 5008 et
2903 4952 3102 5008 omnia
3151 4967 3277 5021 qua:
3319 4947 3690 5004 continentur
3713 4945 3774 5014 in
3805 4945 3946 5003 anti-

2303 5048 2436 5120 quis
2455 5044 2772 5118 privilegiis
2807 5046 3010 5098 vestrae
3047 5039 3294 5095 civitatis
3330 5037 3498 5094 nobis
3523 5035 3792 5110 cognitis.
3830 5035 3946 5091 Ma-

2305 5136 2491 5193 neatis
2524 5135 2632 5189 sub
2665 5132 2880 5205 quiete,
2912 5146 3052 5202 pace
3108 5146 3172 5185 ac
3206 5133 3394 5184 vestro
3441 5127 3575 5197 jure
3624 5125 3684 5180 in
3737 5140 3946 5198 perpe-

2303 5224 2848 5293 tuum.Quiounque
2879 5223 3097 5286 autem,
3122 5217 3278 5291 quod
3310 5218 3465 5273 Deus
3494 5218 3734 5282 avertat,
3769 5213 3946 5285 hujus

2305 5313 2489 5371 nostri
2518 5310 2692 5368 edicti
2723 5309 2968 5365 violator
2999 5307 3286 5364 exstiterit
3315 5310 3418 5363 aut
3465 5304 3715 5375 alicujus
3745 5301 3945 5360 condi-

2305 5403 2484 5460 tionis
2516 5402 2702 5456 forma
2731 5414 2909 5470 super
2939 5397 3048 5454 hoc
3079 5397 3358 5454 inducere
3377 5391 3946 5460 tentaverit,anatbe-

2307 5493 2482 5550 matis
2511 5487 2742 5546 vinculo
2775 5488 3077 5561 religetur.
3108 5486 3216 5552 Qui
3264 5501 3398 5542 vero
3440 5488 3642 5540 custos
3671 5486 3727 5540 et
3759 5483 3946 5539 obser-

2306 5589 2488 5653 vator,
2514 5577 2936 5636 benedictionis
2983 5575 3232 5650 gratiam
3283 5576 3694 5646 consequatur,
3729 5575 3788 5628 et
3816 5585 3945 5644 ape-

2307 5673 2491 5731 riente
2519 5668 2800 5742 clavigero
2831 5667 3017 5739 Petro,
3049 5666 3218 5738 cujus
3249 5664 3448 5724 vicarii
3481 5661 3946 5735 sumus,culmen

2309 5762 2436 5822 coeli
2467 5757 2836 5819 conscendat.
