3950 6368
76 380 206 450 395

1282 387 1690 456 EPISTOLE
1731 391 1832 458 ET
1875 393 2352 464 PRIVILEGIA.

3393 401 3512 467 306

151 518 476 613 scriptum
516 533 621 613 per
667 535 909 613 manum
941 521 1169 582 Girardi
1217 529 1430 584 sancta
1476 527 1748 586 Romana
1775 528 1832 599 Α
1861 534 2074 590 sancta
2105 534 2398 594 memoria
2419 535 2693 612 Gregorio
2725 534 3074 613 legationem
3105 532 3165 594 in
3189 534 3510 612 Anglorum

77 612 372 670 Ecclesiae
415 609 730 681 scrimarii,
765 629 917 670 anno
963 614 1277 673 Dominiea
1331 617 1756 676 Iucarnationis

75 702 421 759 millesimo
450 701 850 774 octuagesimo
883 719 1057 773 nono,
1087 705 1208 761 ind.
1240 725 1340 763 xu.

150 799 184 859 ᾧ
221 793 354 866 Ego
389 792 594 849 Petrus
629 791 726 847 Dei
759 793 948 864 gratia
982 793 1332 854 Albanensis
1362 797 1540 869 episc.
1575 798 1752 854 inter-

77 883 162 939 fui
199 889 267 938 et
303 879 655 952 subscripsi.

152 979 182 1037 τι
222 972 353 1044 Ego
385 969 591 1026 Minut.
625 967 724 1024 Dei
755 969 942 1042 gratia
974 971 1384 1031 Lavicanensis
1415 976 1670 1048 episecp.

149 1067 183 1126 ἢ
219 1061 353 1135 Ego
384 1060 582 1116 Bruno
610 1056 912 1131 Signensis
929 1058 1108 1131 episc.
1137 1079 1440 1120 assensum
1465 1081 1568 1137 per
1593 1065 1751 1121 hunc

78 1149 459 1247 triangplum
492 1147 711 1221 prabui

665 1299 890 1362 Magnus
914 1299 1140 1353 Dominu
1153 1321 1177 1356 ε

779 1381 980 1437 noster,
1009 1386 1061 1432 et

810 1462 1011 1514 magna

830 1529 1005 1600 virtus

805 1608 1033 1764 Y7

665 1299 890 1362 Magnus
914 1299 1140 1353 Dominu
1153 1321 1177 1356 ε

779 1381 980 1437 noster,
1009 1386 1061 1432 et

810 1462 1011 1514 magna

830 1529 1005 1600 virtus

859 1605 905 1654 ρ]
915 1606 976 1642 us

145 1834 282 1891 Dat.
323 1835 519 1892 Roma
549 1853 650 1892 vui
681 1836 760 1892 id.
794 1836 936 1893 Julii
980 1852 1085 1908 per
1131 1851 1343 1890 manus
1388 1833 1631 1890 Joannis
1680 1832 1740 1889 S.

80 1924 365 1981 Romana
398 1924 664 1982 Ecclesia
693 1927 852 1982 card.
881 1931 938 1982 et
967 1923 1321 1982 cancellarii.

821 2050 1009 2107 XXIII.

88 2157 301 2237 Urbani
328 2157 378 2213 II
399 2158 626 2237 epistola
669 2157 739 2212 ad
771 2159 1088 2237 Ausci-mum
1117 2157 1364 2237 aebatcm
1408 2157 1744 2237 Beccerzsem,

154 2261 223 2268 —
255 2230 323 2285 Ut
359 2231 620 2300 episcopo,
647 2245 834 2285 rerum
881 2231 1368 2285 ecclesiasticarum
1415 2229 1742 2298 imperitim'i

153 2299 323 2355 adsit.
361 2299 561 2357 Ut-non
588 2299 806 2372 differat
835 2301 1013 2356 sedem
1041 2301 1392 2372 apostolicam
1422 2301 1663 2363 visitare,
1695 2305 1747 2354 et

150 2372 222 2427 ad
249 2388 376 2427 eam
403 2374 616 2428 mittere
651 2389 769 2444 qua
812 2372 1077 2430 Hubertus
1107 2372 1472 2427 subdiaconus
1519 2372 1634 2442 ejus
1667 2372 1742 2426 tc-

150 2447 319 2515 gatus
341 2444 628 2513 collegerat
658 2460 728 2500 ea:
755 2461 921 2500 omisit
947 2445 1009 2499 B.
1039 2445 1208 2499 Petri.
1473 2470 1480 2474 -

716 2555 907 2621 (Anno
936 2551 1119 2619 1089.)

515 2657 671 2730 [0pp.
705 2657 761 2713 S.
794 2659 1058 2723 Ansetmi,
1091 2673 1148 2728 p.
1181 2658 1331 2727 353.]

159 2771 443 2829 Haemus
459 2772 1001 2846 episc0pus,servus
1018 2789 1316 2828 servorum
1341 2773 1746 2840 De1,ANSELMO

91 2860 409 2918 venerabili
439 2864 498 2919 et
527 2861 907 2920 dilectissimo
934 2861 1409 2944 abbati,salutem
1431 2867 1487 2918 et
1508 2866 1742 2936 aposto-

97 2949 270 3008 licam
301 2951 790 3009 benedictionem.

165 3039 490 3113 Religionis
512 3053 578 3097 ac
603 3040 860 3098 scientia
880 3046 992 3096 tua
1011 3041 1452 3114 prarogativam
1474 3041 1746 3107 scientes,

97 3128 432 3186 Belvacens'i
461 3129 731 3203 episcopo
751 3147 880 3203 qua
903 3129 964 3186 in
985 3131 1113 3201 eius
1135 3130 1499 3186 ordinatione
1529 3131 1751 3202 injuste.

95 3218 464 3290 videbantur,
497 3218 876 3288 indulsimus,
899 3224 955 3276 et
985 3221 1045 3275 in
1074 3224 1186 3275 tua
1221 3219 1414 3276 studio
1446 3220 1748 3278 industria

96 3309 456 3367 conﬁdentes
473 3325 673 3366 curam
696 3311 747 3367 ei
768 3311 1139 3384 episcopatus
1160 3311 1338 3367 invito
1357 3311 1746 3385 renitentique
1775 3281 1818 3349 (ἶ

93 3398 480 3470 injunximus.
521 3399 686 3455 Nunc
729 3415 866 3474 ergo
923 3400 1028 3456 tibi
1077 3417 1209 3456 eum
1262 3402 1746 3459 commendamus

97 3488 702 3560 attentius,quatenus
737 3489 786 3544 ei
818 3490 877 3545 in
910 3489 1186 3545 omnibus
1215 3493 1280 3544 ut
1306 3489 1424 3545 ﬁlio
1452 3493 1553 3545 tuo
1584 3492 1748 3562 adju-

99 3582 202 3645 tor,
234 3577 510 3644 monitor,
533 3583 821 3634 corrector
851 3582 1027 3650 atque
1053 3577 1353 3634 consultor
1382 3578 1657 3647 assistas;
1690 3585 1747 3635 et

99 3682 227 3721 cum
257 3665 386 3739 ipse
425 3667 631 3722 adesse
677 3666 1029 3738 nequiveris,
1063 3665 1388 3738 quemlibet
1417 3666 1468 3722 ei
1499 3667 1744 3723 fratrum

99 3759 328 3810 tuorum
362 3755 484 3826 (qui
519 3771 694 3828 super
742 3755 935 3828 ipsum
985 3754 1274 3828 spirituali
1307 3755 1429 3811 zelo
1459 3756 1746 3812 sollicitus

101 3843 191 3915 sit)
218 3846 564 3916 praesentem
595 3860 723 3900 esse
753 3843 1080 3910 mandabis,
1108 3847 1174 3899 ut
1204 3845 1358 3915 quod
1391 3843 1452 3900 in
1482 3844 1609 3914 ejus
1641 3843 1748 3900 ini-

100 3931 194 3988 tiis
225 3931 422 3987 minus
452 3932 795 3989 canonicum
837 3933 1116 4001 cernitur,
1151 3933 1321 3988 bonis
1355 3933 1411 3987 in
1446 3938 1745 4004 posterum

103 4021 454 4094 profectibus
471 4020 661 4078 valeat
677 4023 924 4095 operari.
940 4021 998 4077 Si
1026 4021 1167 4094 quid
1191 4025 1384 4076 autem
1410 4021 1515 4078 tibi
1537 4022 1623 4078 vel
1647 4040 1748 4094 per

105 4111 366 4165 eumdem
424 4109 828 4167 Belvacensem
887 4109 1356 4183 episcopum,vel
1398 4127 1500 4182 per
1559 4111 1745 4167 ﬁlium

107 4203 362 4256 nostrum
397 4199 688 4273 Rogerum
720 4201 791 4256 de
821 4199 1054 4256 servitio
1093 4201 1150 4255 S.
1178 4201 1451 4255 Romana
1484 4200 1747 4258 Ecclesiae

107 4288 620 4356 mandabimus,ut
643 4289 821 4345 talem
851 4289 1040 4346 virum
1070 4289 1252 4355 decet,
1278 4289 1530 4362 impiger
1558 4293 1615 4346 et
1646 4307 1747 4363 pa-

107 4377 430 4434 ratissimus
454 4379 966 4451 exsequeris.Sane
993 4378 1345 4434 monachum
1377 4384 1545 4433 tuum
1567 4378 1748 4435 Joan-

105 4483 234 4522 nem
273 4471 483 4522 nostra
516 4468 781 4523 Ecclesia
813 4468 998 4523 ﬁlium
1031 4467 1187 4540 apud
1235 4485 1342 4522 nos
1372 4467 1622 4523 retinere
1650 4485 1746 4523 vo-

103 4555 352 4612 luimus:
386 4571 562 4629 super
591 4573 706 4629 quo
735 4556 795 4612 in
824 4574 927 4613 vos
965 4557 1201 4628 querela
1231 4557 1504 4611 Romana
1535 4557 1749 4628 pendet

1865 635 2044 696 regno
2075 626 2380 699 acceperit,
2405 627 2592 684 multa
2619 644 2688 684 ex
2721 645 2898 688 censu
2924 627 3077 684 beati
3110 628 3264 684 Petri
3300 628 3515 685 dicitur

1865 712 2197 787 collegisse;
2221 733 2348 788 qua
2375 717 2422 772 si
2457 719 2608 790 apud
2632 735 2735 774 vos
2760 723 2920 787 sunt,
2943 719 3120 774 citius
3141 719 3211 774 ad
3237 735 3344 774 nos
3363 717 3519 773 voluc

1864 818 1998 857 mus
2019 804 2297 860 destinari
2317 807 2651 864 necessitati
2674 812 2888 864 sancta
2904 808 3173 864 Ecclesia
3189 807 3515 880 profutura.

1934 892 2077 948 Data
2107 895 2312 966 Capua
2346 895 2466 951 Kal.
2501 899 2752 968 August.

2596 987 2786 1042 XXIV.

1865 1072 2074 1128 Urbani
2098 1075 2150 1128 ΙΙ
2175 1075 2404 1146 epistola
2439 1075 2509 1132 ad
2548 1076 2811 1132 Pibonem
2845 1076 3148 1132 Tullensem
3177 1077 3510 1148 episcopum.

2484 1165 2672 1234 (Anno
2707 1164 2892 1236 1089.)

2295 1253 2506 1322 [MANSI
2541 1249 2745 1310 Concit.
2775 1254 2887 1322 XX,
2919 1255 3071 1325 676.]

1931 1338 2209 1396 URBANUS
2238 1342 2568 1414 episcopus,
2594 1358 2796 1398 servus
2823 1359 3123 1399 servorum
3157 1343 3279 1410 Dei,
3302 1343 3513 1400 dilecto

1859 1426 2021 1482 fratri
2054 1429 2253 1485 Pmom
2283 1431 2544 1487 Tullensi
2577 1432 2873 1504 episcopo,
2909 1432 3160 1488 salutem
3192 1436 3250 1488 et
3281 1435 3511 1505 aposto-

1855 1515 2030 1572 licam
2059 1518 2548 1575 benedictionem.

1925 1609 2109 1678 Super
2138 1609 2563 1679 quaestionibus
2585 1627 2732 1681 quas
2755 1611 2827 1666 ad
2851 1627 2958 1667 nos
2977 1610 3285 1678 Adalbero,
3308 1613 3512 1666 vestra

1855 1693 2122 1750 Ecclesia
2156 1696 2332 1765 ﬁlius,
2356 1697 2588 1766 detulit,
2608 1698 2730 1754 hac
2758 1717 2790 1754 a
2820 1701 2990 1756 nobis
3020 1706 3161 1756 sunt
3183 1700 3242 1755 in
3267 1699 3515 1773 synoda-

1854 1783 1928 1839 lis
1959 1801 2204 1841 assensu
2237 1787 2463 1842 concilii
2489 1787 2742 1860 capitula
2771 1804 2876 1862 per
2897 1790 2999 1845 Dei
3026 1789 3275 1863 gratiam
3306 1791 3516 1846 conﬁr‘

1770 1906 1818 1971 Β
1857 1878 2032 1971 mata.

1919 1967 2049 2019 CAP.
2078 1966 2119 2020 Ι.
2141 1965 2464 2038 Episcopus
2485 1967 2685 2023 omnia
2707 1968 2798 2024 sui
2822 1968 3196 2042 episcopatus
3219 1971 3510 2038 membra,

1847 2053 2115 2109 videlicet
2144 2054 2675 2123 archidiaconatus,
2701 2058 3326 2132 archipresbyteratus,
3349 2060 3516 2116 deca-

1851 2142 2000 2211 nias,
2022 2143 2109 2198 vel
2142 2143 2371 2216 aliquas
2402 2146 2819 2217 praposituras
2851 2147 3120 2203 Ecclesia
3171 2163 3289 2204 sua
3333 2165 3506 2206 cano-

1851 2232 2036 2299 nicas,
2088 2234 2270 2305 gratis
2329 2235 2552 2306 absque
2609 2237 2769 2291 omni
2817 2237 3127 2294 venalitate
3175 2239 3510 2296 distribuat.

1852 2321 2132 2392 Quisquis
2164 2326 2358 2378 autem
2392 2340 2460 2379 ea
2500 2324 2686 2396 pretio
2717 2326 2961 2398 dederit,
2994 2328 3342 2400 depositioni
3376 2331 3514 2384 sub-

1843 2411 2058 2481 jaceat.

1920 2500 2057 2555 CAP.
2093 2501 2162 2556 II.
2197 2501 2308 2556 Eos
2339 2503 2437 2574 qui
2465 2519 2499 2557 a
2525 2503 2949 2559 subdiaconatu
2982 2505 3262 2561 uxoribus
3284 2523 3514 2563 vacave-

1853 2589 1974 2644 rint
2005 2591 2076 2645 ab
2109 2591 2269 2645 omni
2312 2607 2478 2646 sacro
2527 2592 2730 2647 ordine
2779 2609 3167 2661 removemus,
3201 2595 3510 2667 ofﬁcioque

1854 2682 2028 2750 atque
2057 2679 2337 2735 beneﬁcio
2361 2679 2626 2734 Ecclesia
2655 2697 2852 2737 carere
2873 2681 3262 2739 decernimus.
3283 2683 3343 2739 Si
3373 2701 3508 2741 vero

1855 2767 2111 2841 episcopi
2157 2768 2564 2825 consenserint
2609 2786 2811 2826 earum
2862 2771 3267 2844 pravitatibus,
3301 2790 3335 2829 a
3382 2775 3508 2831 suis

1855 2873 1917 2914 se
1947 2858 2216 2914 noverint
2243 2859 2453 2913 ofﬁciis
2485 2859 2848 2916 interdictos.

1927 2947 2062 3002 CAP.
2096 2947 2192 3003 III.
2235 2951 2329 3016 (D.
2366 2965 2474 3016 va,
2507 2948 2999 3023 Presbyterorum.)
3029 2951 3508 3025 Presbyterorum

1857 3033 2007 3091 ﬁlios
2033 3053 2067 3091 a
2088 3036 2237 3092 sacri
2260 3035 2461 3092 altaris
2486 3037 2828 3095 ministeriis
2854 3042 3237 3098 removendos
3258 3043 3514 3098 decerni-

1857 3141 2011 3190 mus,
2033 3125 2144 3181 nisi
2168 3129 2270 3181 aut
2289 3126 2348 3197 in
2381 3127 2682 3196 canobiis,
2707 3133 2809 3184 aut
2834 3129 2893 3184 in
2920 3129 3214 3186 canonicis
3244 3130 3512 3205 religiose

1858 3215 2085 3286 probati
2111 3215 2324 3271 fuerint
2340 3217 2687 3273 conversati.
2711 3219 2943 3290 Absque
2960 3219 3294 3291 prajudicio
3313 3224 3510 3276 tamen

1857 3301 2245 3374 capitulorum
2290 3302 2560 3370 istorum,
2593 3305 2678 3361 eis
2711 3305 2808 3378 qui
2841 3307 3183 3379 prabendas
3239 3313 3340 3364 aut
3397 3309 3510 3381 ipsi

1854 3395 1987 3447 ante
2013 3392 2164 3446 hanc
2185 3392 2343 3446 sedis
2368 3393 2698 3463 apostolica
2724 3395 3192 3452 interdictionem
3216 3407 3504 3466 emerunt,

1855 3485 1955 3535 aut
1984 3486 2210 3552 emptas
2239 3498 2300 3536 se
2343 3481 2740 3539 nescientibus
2778 3485 3173 3556 possiderunt,
3205 3487 3507 3545 habendas

1854 3585 1952 3624 eas
1981 3569 2400 3640 permittimus,
2430 3569 2480 3625 si
2519 3587 2720 3626 eorum
2755 3590 3013 3645 persona
3061 3579 3162 3631 tuo
3219 3576 3503 3631 arbitratu

1853 3657 1986 3712 visa
2017 3659 2233 3713 fuerint
2271 3660 2608 3728 promereri.
2639 3662 2735 3716 Eis
2767 3666 2962 3717 autem
3005 3664 3105 3735 qui
3154 3665 3329 3719 ﬁdem
3363 3683 3502 3737 pos-

1855 3745 2135 3801 sessionis
2167 3763 2284 3800 sua
2316 3746 2541 3802 irritam
2568 3749 2868 3817 facientes,
2893 3756 3025 3823 post
3046 3753 3504 3808 subdiaconatus

1855 3833 2247 3907 acception’em
2268 3851 2474 3890 vacare
2505 3838 2784 3894 uxoribus
2810 3841 3312 3912 prasumpserint,
3337 3845 3394 3896 et
3425 3841 3510 3897 of-

1857 3923 2056 3980 ﬁcium
2088 3929 2145 3980 et
2175 3924 2512 3997 eonjugium
2563 3927 2797 3998 penitus
2847 3929 3276 3999 interdicimus,
3309 3932 3511 4004 eisque

1855 4014 2132 4084 quoniam
2166 4014 2390 4087 seipsos
2436 4018 2820 4086 apostatando
2853 4019 3288 4088 destruxerunt,
3321 4026 3376 4076 ct
3413 4038 3511 4075 vo-

1854 4103 2136 4175 luptatem
2170 4104 2429 4174 corporis
2469 4103 2715 4160 Domino
2765 4107 3168 4178 praetulerunt,
3194 4109 3353 4165 omni
3385 4110 3510 4164 vita

1856 4210 1973 4248 sua
2005 4197 2264 4265 tempore
2295 4196 2396 4248 aut
2428 4193 2484 4248 in
2508 4194 2927 4261 canobiis,aut
2948 4197 3003 4250 in
3027 4198 3325 4254 canonicis
3348 4215 3512 4270 rogu-

1856 4281 2077 4337 laribus
2101 4282 2500 4354 panitentiam
2525 4283 2897 4341 decernimus
2920 4285 3362 4360 injungendam.
3382 4289 3512 4343 Pre-

1856 4371 2220 4443 sbyterorum
2233 4389 2366 4428 vero
2385 4369 2662 4444 ﬁlios,qui
2683 4375 3006 4430 secundum
3031 4377 3298 4449 pracepti
3323 4377 3510 4432 nostri

1856 4460 2249 4516 conditionem
2275 4467 2376 4516 aut
2405 4460 2462 4516 in
2495 4462 2773 4516 omnobiis
2797 4468 2900 4518 aut
2941 4465 3000 4518 in
3043 4465 3338 4522 canonicis
3369 4465 3507 4521 reli-

1856 4549 2016 4622 giose
2040 4549 2265 4620 probati
2299 4550 2516 4604 fuerint
2560 4553 2906 4619 conversati,
2939 4554 3078 4624 quia
3108 4559 3338 4626 patrum
3375 4572 3506 4626 pec-

104 4644 385 4712 Ecclesia,
407 4647 561 4717 quod
587 4646 773 4719 ipsius
795 4644 1073 4701 clericum
1103 4645 1550 4712 monachare,et
1579 4645 1747 4702 altio-
1779 4651 1826 4717 D
1857 4641 1987 4694 cata
2017 4654 2150 4693 cum
2186 4637 2397 4692 δίεουῙο
2427 4639 2487 4708 [Ῐ-
2521 4637 2742 4709 δίεουῙί]
2774 4641 3246 4710 Ροεεθεείοηίὺυε
3273 4643 3507 4698 abdica-

107 4736 262 4791 ribus
295 4734 575 4806 gradibus
611 4735 925 4808 provehere
958 4734 1408 4807 prasumpsisti.
1441 4734 1749 4790 Verumta-

110 4840 234 4879 men
256 4822 619 4879 Belvacensis
640 4823 896 4896 episcopi
931 4823 1198 4895 precibus
1223 4821 1653 4890 inclinati,eum
1680 4825 1750 4879 ad

109 4915 161 4968 te
192 4911 306 4968 sub
327 4911 436 4968 hoc
474 4915 673 4968 tenore
724 4913 1103 4979 remittimus,
1135 4917 1200 4968 ut
1244 4916 1376 4968 ante
1420 4917 1688 4968 exactum
1721 4931 1755 4970 a

113 5001 366 5075 praesnti
390 5001 848 5076 Quadragesima
878 5018 1098 5058 annum
1121 5005 1224 5058 aut
1249 5000 1414 5056 illum
1443 5002 1514 5057 ad
1541 5019 1647 5058 nos
1673 5019 1755 5059 re-

116 5090 319 5158 mittas,
353 5094 456 5145 aut
498 5091 625 5163 ipse
653 5091 891 5148 veniens
935 5095 1126 5147 tecum
1172 5092 1376 5157 ducas,
1411 5095 1468 5146 et
1496 5091 1542 5147 si
1577 5109 1753 5163 quem

117 5179 260 5236 aliud
283 5180 351 5235 de
379 5185 570 5236 vestra
592 5181 1038 5254 congregatione
1068 5179 1237 5236 nobis
1267 5179 1468 5235 utilem
1503 5181 1752 5237 noveris.

118 5270 278 5324 Porro
309 5273 528 5341 quanto
558 5270 681 5342 ipse
713 5270 885 5326 citius
926 5269 1205 5342 potueris,
1232 5269 1430 5324 sedem
1480 5269 1754 5342 apostoli-

117 5374 230 5414 cam
258 5358 491 5416 visitare
519 5377 593 5415 ne
623 5360 884 5429 differas,
913 5363 976 5414 ut
999 5357 1333 5414 dilectionis
1369 5361 1584 5414 mutua
1619 5376 1757 5432 pra-

119 5447 289 5504 sentia
318 5447 621 5504 devotione
665 5449 861 5504 debita
905 5447 1300 5520 perfruamur.
1333 5446 1574 5502 Huberti
1622 5465 1756 5504 vero

120 5535 284 5591 nostri
311 5534 680 5604 subdiaconi,
714 5536 812 5609 qui
847 5537 1001 5609 apud
1047 5552 1150 5591 vos
1181 5533 1492 5590 defunctus
1522 5535 1755 5602 dicitur,

122 5625 164 5680 si
192 5639 305 5697 qua
334 5641 428 5680 res
460 5625 614 5697 apud
647 5630 705 5682 te
746 5625 1004 5681 dimissa
1038 5628 1194 5691 sunt,
1214 5625 1286 5678 ad
1319 5641 1426 5679 nos
1457 5623 1628 5679 citius
1658 5625 1756 5680 de-

124 5714 370 5779 stinabis.
391 5714 538 5771 Cum
581 5715 736 5777 enim
769 5733 802 5772 a
833 5714 1070 5772 domino
1103 5713 1528 5788 praedecessore
1560 5717 1758 5772 nostro

1861 4730 2019 4792 runt,
2047 4743 2149 4798 pro
2181 4724 2478 4796 religionis
2506 4743 2578 4781 ac'
2596 4727 2852 4784 scientia
2880 4731 3257 4803 prarogativa
3283 4736 3512 4802 aposto-

1859 4816 1972 4872 lico
2003 4813 2400 4870 moderamine
2432 4813 2763 4872 tolerandos
2793 4818 3089 4884 ducimus,
3123 4823 3180 4876 et
3211 4819 3282 4874 ad
3313 4837 3512 4876 sacros

1862 4906 2097 4961 ordines
2134 4908 2191 4959 et
2232 4903 2302 4958 ad
2349 4902 2596 4958 honores
2646 4905 3070 4965 ecclesiasticos
3118 4910 3513 4981 permittimus

1863 4994 2284 5066 provehendos.

1931 5084 2064 5139 CAP.
2093 5083 2180 5137 IV.
2206 5083 2381 5138 Porro
2405 5081 2475 5136 de
2507 5079 2732 5138 clericis
2754 5085 2852 5156 qui
2887 5087 2958 5142 ab
2989 5087 3514 5145 excommunicatis

1861 5171 2154 5245 episcopis
2185 5176 2326 5226 sunt
2350 5171 2599 5226 ordinati
2622 5172 2873 5230 necdum
2896 5176 3136 5247 quidem
3161 5179 3512 5235 sententiam

1865 5263 2119 5328 ﬁximus,
2152 5260 2291 5331 quia
2335 5262 2623 5332 generalis
2669 5263 2804 5318 mali
2841 5265 3175 5337 contagium
3226 5268 3514 5340 generalis

1865 5351 2068 5428 synodi
2095 5355 2185 5406 est
2213 5350 2470 5407 cauterio
2501 5352 3139 5412 comburendum.Tua
3170 5361 3366 5413 tamen
3401 5359 3516 5414 frao

1866 5440 2124 5500 ternitati
2159 5439 2269 5494 hoc
2299 5442 2724 5511 respondemus
2754 5445 2824 5500 ad
2868 5463 3143 5518 praesens,
3176 5453 3241 5502 ut
3271 5449 3344 5517 (9,
3380 5465 3429 5502 c.
3463 5448 3517 5514 1,

1866 5536 1942 5591 Ab
1989 5530 2490 5596 excommunicatis)
2533 5534 2604 5586 ab
2652 5538 3173 5594 excommunicatis
3221 5537 3517 5610 quondam

1866 5629 2062 5681 tamen
2092 5616 2396 5678 catholicis
2417 5618 2708 5693 episcopis
2729 5626 3050 5691 ordinatos,
3073 5627 3121 5680 si
3145 5627 3378 5698 quidem
3407 5643 3521 5680 non

1870 5712 2199 5771 Simoniace
2231 5708 2391 5780 ipsos
2417 5708 2653 5766 ordines
2675 5719 3041 5785 acceperunt,
3060 5720 3117 5771 et
3147 5716 3194 5771 si
3226 5714 3526 5786 episcopos
