3950 6356
491 360 610 432 307

1797 359 1869 430 B.
1916 359 2212 430 URBANI
2253 361 2307 428 II
2349 359 2599 427 PAPE.

3737 355 3932 424 3308

486 497 635 558 istos
663 509 779 557 non
811 497 1172 558 Simoniacos
1201 499 1381 557 fuisse
1405 499 1749 566 constiterit,
1773 506 1830 556 et
1859 500 2050 557 adhuc
2080 485 2129 555 si
2160 500 2216 566 Α
2241 502 2494 554 vestram
2519 513 2619 570 pro
2645 494 2798 554 beati
2823 491 3174 554 confessoris
3197 489 3414 551 Nicolai
3443 489 3731 550 dilectone
3759 509 3932 566 prae-

489 608 692 650 eorum
721 589 1050 664 religiosior
1071 591 1190 646 vita
1212 596 1269 647 et
1299 589 1572 645 doctrinae
1603 577 1984 663 praerogativa
2011 590 2137 646 visa

489 679 668 736 fuerit
682 678 1019 750 promereri,
1036 678 1373 750 pcenitentia
1391 679 1606 734 indicta
1623 695 1796 750 quam
1817 695 2136 751 congruam

491 768 749 836 duxeris,
772 769 830 823 in
859 768 1005 841 ipsis
1035 785 1181 840 quos
1204 774 1552 840 acceperunt
1575 769 1882 824 ordinibus
1905 784 2138 824 manere

493 857 818 932 permittas.
837 858 921 913 Ad
942 858 1272 930 superiores
1302 861 1496 912 autem
1528 858 1840 913 ascendere
1865 875 1978 912 non
2002 875 2138 912 con-

493 947 778 1015 cedimus,
801 947 914 1002 nisi
963 947 1282 1003 necessitas
1310 947 1398 1002 vel
1443 945 1663 1003 utilitas
1695 947 1948 1002 maxima
1977 947 2140 1018 ﬂagi-

491 1035 702 1092 taverit
728 1035 1018 1092 Ecclesiae.
1045 1036 1162 1092 Hoc
1208 1040 1405 1091 tamen
1438 1035 1634 1108 ipsum
1666 1036 1857 1092 rarius
1905 1040 1963 1090 et
2007 1051 2141 1090 cum

497 1123 726 1180 cautela
753 1127 844 1180 est
873 1123 1165 1196 praecipua
1193 1125 1652 1180 concedendum.

569 1217 702 1270 CAP.
733 1213 799 1268 V.
834 1215 1146 1286 Episc0pos
1191 1231 1256 1270 ac
1303 1213 1541 1269 clericos
1589 1229 1736 1285 quos
1783 1211 2143 1267 Simoniacos

499 1319 629 1359 esse
659 1305 904 1370 constat,
924 1319 958 1357 a
988 1303 1171 1358 sacris
1192 1302 1400 1358 ofﬁciis
1429 1307 1487 1358 et
1517 1302 1814 1358 beneficiis
1843 1314 2142 1356 removen-

499 1391 607 1448 dos
637 1391 876 1447 omnino
917 1392 1308 1448 decernimus.
1343 1392 1405 1446 In
1448 1391 1722 1447 ecclesias
1751 1408 1884 1446 vero
1915 1407 2041 1462 quae
2071 1390 2143 1444 ab

497 1481 838 1553 hujusmodi
881 1481 1226 1536 Simoniacis
1276 1485 1582 1535 exsecrata:
1623 1485 1780 1548 sunt,
1815 1497 1929 1534 non
1979 1479 2146 1534 aliter

498 1586 676 1644 quam
708 1570 767 1625 in
797 1569 938 1626 locis
997 1569 1284 1625 orandum
1333 1569 1582 1631 videtur,
1615 1569 1798 1624 donec
1848 1567 2144 1624 subversis

497 1658 782 1716 altaribu
811 1656 1214 1714 benedictione
1243 1660 1300 1712 et
1328 1656 1600 1714 unctione
1623 1657 1890 1713 catholici
1923 1656 2146 1712 antisti-

495 1748 575 1806 tis
605 1751 1036 1805 consecrentur.

569 1838 706 1894 CAP.
737 1837 830 1892 VI.
854 1837 944 1936 De.
964 1835 1179 1936 hisoqui
1202 1835 1328 1891 sine
1357 1835 1545 1892 titulis
1567 1836 1816 1892 ordinati
1839 1836 2146 1936 sunt,licet
2175 1871 2223 1936 Β

501 1926 791 2000 ejusmodi
823 1925 1114 1982 ordinatio
1143 1928 1480 1981 sanctorum
1520 1941 1813 1981 canonum
1858 1925 2143 1982 sanctioni

502 2015 794 2074 contraria
813 2015 1132 2088 judicetur,
1156 2017 1356 2069 utrum
1387 2019 1582 2070 tamen
1609 2014 1787 2087 aliqui
1812 2014 1871 2069 in
1893 2015 2146 2087 acceptis

503 2107 623 2163 sint
677 2104 984 2162 ordinibus
1041 2102 1442 2176 permittendi,
1493 2103 1828 2159 discretioni
1882 2109 1994 2160 tuae
2042 2120 2145 2177 pro

503 2195 776 2271 praesnti
803 2193 1072 2250 Ecclesiae
1117 2192 1462 2249 necessitate
1504 2193 1951 2262 committimus,
1979 2194 2028 2250 si
2058 2198 2145 2249 ta-

507 2300 638 2342 men
668 2284 812 2341 alias
843 2283 970 2340 sine
1009 2282 1290 2354 pravitate
1331 2297 1430 2338 eos
1460 2281 1757 2338 ordinatos
1798 2283 1979 2339 fuisse
2008 2300 2144 2339 con-

502 2373 738 2430 stiterit.

571 2463 707 2519 CAP.
737 2462 862 2517 VH.
892 2460 1162 2533 Bigamos
1190 2463 1246 2514 et
1275 2459 1584 2515 viduarum
1630 2461 1872 2516 maritos
1900 2479 1935 2516 a
1963 2461 2146 2518 sacris

499 2549 828 2616 ordinibus,
852 2549 1175 2605 secundum
1209 2565 1583 2612 communem
1609 2549 1872 2606 Ecclesiae
1902 2567 2144 2606 consue-

497 2639 786 2705 tudinem,
808 2637 1153 2694 auctoritate
1183 2638 1366 2693 nostri
1389 2636 1564 2693 ofﬁcii
1597 2655 1992 2712 segregamus.
2017 2641 2146 2696 Haec

444 2762 452 2770 ι
496 2727 769 2785 universa
789 2730 1071 2798 tanquam
1098 2725 1425 2798 apostolica;
1443 2726 1600 2783 sedis
1621 2732 1903 2801 prmcepta
1925 2734 2148 2786 sancto~

497 2834 630 2874 rum
659 2814 1040 2876 conciliorum
1079 2815 1386 2871 sententiis
1415 2817 1814 2881 consonantia,
1847 2817 2144 2891 religionis

495 2911 609 2964 tua:
639 2903 959 2962 strenuitas
997 2909 1054 2960 et
1092 2905 1151 2958 in
1199 2902 1458 2960 Ecclesia
1505 2904 1616 2960 sibi
1667 2907 1984 2963 commissa
2030 2914 2143 2964 Deo

439 3043 446 3049 .
491 2996 734 3069 juvaute
777 2992 1068 3050 custodiat
1093 2995 1151 3048 et
1187 2993 1568 3049 custodienda
1615 2993 1747 3049 aliis
1798 2995 2140 3052 innotescat.

499 3085 617 3142 Nec
637 3085 996 3140 senectutem
1018 3085 1178 3137 tuam
1203 3080 1620 3138 oblatrantium
1642 3099 1854 3140 canum
1877 3084 2142 3142 multitu-

500 3173 574 3230 do
605 3175 939 3246 perterreat.
963 3171 1149 3242 Major
1171 3169 1329 3226 enim
1351 3175 1440 3226 est
1465 3171 1565 3244 qui
1587 3172 1644 3228 in
1668 3175 1836 3230 nobis
1856 3180 1940 3230 est
1965 3193 2143 3248 quam

501 3239 696 3336 qui-in
740 3260 880 3317 illis.
911 3239 1377 3333 Ipse'siquidem
1422 3239 1778 3319 conﬁrmans
1823 3239 2144 3338 discipulos
2175 3239 2218 3308 δ

499 3367 640 3408 suos
662 3350 744 3406 ait
765 3368 814 3406 :«
836 3349 1024 3406 Nolite
1042 3349 1248 3404 timere
1269 3349 1519 3420 pusillus
1539 3366 1696 3422 grex,
1721 3351 1860 3424 quia
1889 3370 2014 3409 com
2022 3355 2144 3428 pla-

500 3439 623 3497 cuit
650 3437 806 3495 Patri
832 3441 1023 3494 vestro
1061 3437 1198 3492 dare
1221 3437 1384 3494 vobis
1415 3455 1681 3510 regnum.
1701 3463 1728 3490 «
1756 3439 1884 3511 Ipse
1916 3442 2144 3499 miseri-

496 3527 696 3586 cordia
725 3545 834 3584 sua
856 3543 964 3582 nos
985 3527 1288 3582 confirmet
1309 3543 1376 3582 ac
1396 3532 1680 3600 protegat,
1699 3533 1755 3584 et
1784 3530 1856 3585 ad
1887 3531 2145 3590 coelestia

495 3633 678 3692 regna
698 3617 1000 3690 perducat.
1034 3617 1240 3671 Amen.

1241 3705 1402 3761 XXV.

627 3797 650 3822 '
685 3795 932 3854 Urbanus
956 3796 1010 3851 II
1033 3795 1636 3936 monasteﬁijngttwcnsis
1651 3800 2012 3868 possessiones

1163 3883 1258 3922 con
1305 3883 1332 3921 r
1455 3909 1467 3921 .

1163 3883 1467 3922 connrmat.

1094 3955 1295 4026 (Anno
1347 3955 1501 4010 1089.

491 4027 660 4101 [Dom
693 4025 1135 4101 Rumsnr,_Vita
1166 4026 1373 4101 Urbani
1401 4028 1478 4101 ΙΙ.
1503 4025 1742 4101 ΜᾼΒΙΕΕ.
1767 4032 1824 4084 et
1853 4029 2136 4100 RUINART,

977 4099 1140 4155 Ouvr.
1169 4097 1371 4170 postia,
1405 4097 1499 4166 III,
1533 4097 1649 4169 65.]

1216 4203 1404 4260 XXVI.

492 4295 698 4354 Urbani
725 4295 776 4350 II
802 4295 1033 4366 epistola
1063 4293 1132 4347 ad
1160 4294 1343 4366 Etiam
1382 4295 1691 4366 episcopum
1729 4297 2044 4351 Barensem.
2067 4330 2136 4339 —-

557 4368 631 4422 De
661 4365 1026 4436 reliquiarum
1056 4366 1237 4436 sancti
1276 4365 1491 4420 Nicolai
1535 4367 1914 4435 translatione,
1946 4377 1997 4424 et
2029 4371 2133 4424 Ba-

556 4439 732 4496 rensis
761 4435 1006 4495 ecclesia:
1033 4435 1302 4506 dignitate
1330 4439 1378 4491 et
1399 4436 1644 4506 juribus.

1113 4525 1299 4597 (Αῐιηο
1332 4524 1515 4597 1089:)

903 4595 1135 4668 [MANSI,
1171 4595 1399 4664 Concil.,
1428 4595 1540 4663 XX,
1570 4597 1721 4667 6/15.]

552 4687 823 4744 Urbanus
853 4685 1182 4759 episcopus,
1207 4701 1409 4740 servus
1439 4701 1738 4742 servorum
1767 4685 1886 4756 Dei,
1910 4687 2131 4744 charis-

479 4777 631 4836 simo
663 4774 828 4834 fratri
858 4774 994 4832 Elite
1039 4773 1496 4848 archiepiscopo,
1530 4774 1781 4832 salutem
1812 4781 1871 4832 et
1900 4782 2130 4850 aposto-

479 4867 653 4924 licam
685 4865 1170 4923 benedictionem.

549 4955 698 5024 Quia
744 4953 962 5010 nostris
1007 4953 1372 5024 tcmporibus
1422 4951 1739 5010 Ecclesium
1789 4971 1965 5026 quam
2014 4955 2128 5012 Deo

476 5049 713 5104 auctore
745 5041 920 5115 regis,
956 5042 1132 5098 frater
1162 5039 1524 5108 charissima,
1551 5041 1886 5109 Barensem,
1915 5061 2041 5116 qua:
2071 5047 2130 5102 et

475 5132 771 5190 Canusina
787 5131 1022 5196 dicitur,
1041 5130 1414 5202 omnipotens
1434 5135 1584 5187 Deus
1605 5131 1759 5188 beati
1778 5133 2128 5191 confessoris

476 5219 569 5276 sui
589 5217 810 5274 Nicolai
833 5234 1072 5290 corpore
1087 5217 1320 5273 visitare
1343 5218 1618 5291 dignatus
1637 5225 1742 5287 est,
1766 5239 1869 5276 nos
1893 5227 2126 5278 auctore

473 5308 591 5368 Deo
609 5304 1008 5379 apostolorum
1029 5305 1184 5361 Petri
1215 5307 1495 5379 Paulique
1524 5307 1744 5376 vicarii,
1771 5315 2004 5381 prepter
2033 5327 2124 5365 ec-

471 5394 796 5453 clesiastica
813 5395 1046 5470 negotia
1060 5396 1430 5469 exsequenda
1449 5396 1508 5452 in
1525 5398 1744 5469 Apuliae
1767 5399 2124 5475 provinciam

466 5486 916 5554 descendentes,
977 5485 1462 5540 charissimorum
1521 5485 1776 5544 ﬁliorum
1851 5489 2122 5545 Romanae

467 5575 742 5634 Ecclesizn
775 5575 1004 5646 Rogerii
1037 5574 1204 5630 ducis
1253 5579 1310 5630 et
1359 5575 1550 5632 fratris
1598 5578 1725 5648 ejus
1773 5578 2120 5649 Boamundi,

467 5674 644 5740 atque
695 5665 903 5722 vestris
958 5664 1466 5737 dcprecationibus
1525 5666 1772 5733 invitati,
1834 5667 2125 5725 civitatem

2245 587 2293 642 ci
2302 604 2418 660 pua
2444 586 2809 644 visitavimus
2837 604 2850 644 :
2875 603 3008 643 cum
3033 602 3246 659 magna
3275 582 3535 657 undique
3555 582 3932 640 convenien-

2244 677 2322 732 tis
2353 676 2550 750 populi
2581 677 2924 749 frequentia,
2945 676 3261 748 lzetitiaque
3282 675 3344 730 B.
3369 673 3593 730 Nicolai
3615 671 3931 745 reliquias

2245 765 2306 822 in
2335 765 2526 821 locum
2563 765 2746 838 parati
2799 765 2955 838 adyti
3008 765 3390 831 conferentes,
3425 766 3626 818 contra
3673 779 3930 818 morem

2248 859 2458 911 nostra:
2483 856 2753 910 Romanas
2785 860 2842 910 et
2873 853 3200 926 apostolica:
3226 851 3513 920 Ecclesiae,
3537 857 3612 919 te,
3636 851 3932 907 dilectis-

2249 944 2396 1001 sime
2427 945 2620 1012 frater,
2654 945 2712 1000 in
2753 945 2888 1001 sede
2929 943 3164 1016 propria
3192 942 3771 1012 consecravimus,B.
3811 942 3931 998 Ni-

2249 1033 2394 1089 colai
2427 1034 2766 1104 reverentia,
2783 1037 2839 1090 et
2869 1033 2954 1088 tui
2997 1031 3196 1105 populi
3231 1031 3538 1088 dilectione
3566 1031 3814 1088 devicti.
3841 1033 3932 1087 Te

2250 1123 2430 1196 igitur
2456 1123 2513 1177 in
2547 1122 2855 1195 specialem
2891 1123 3164 1178 Romana:
3187 1120 3452 1176 Ecclesiae
3473 1119 3658 1176 ﬁlium
3683 1121 3930 1193 ample-

2250 1216 2472 1268 ctentes
2503 1212 2720 1268 amoris
2763 1210 2955 1267 intimi
3005 1210 3282 1277 brachiis,
3315 1214 3615 1282 tuamque,
3639 1209 3736 1265 cui
3793 1211 3928 1266 Deo

2251 1306 2486 1357 auctore
2520 1301 2813 1374 praesides,
2857 1302 3190 1366 Barensem,
3215 1317 3340 1372 qua:
3382 1304 3438 1355 et
3467 1299 3768 1355 Canusina
3803 1299 3930 1356 ha-

2253 1392 2424 1447 betur
2449 1390 2723 1461 Ecclesia,
2747 1390 3019 1456 exaltare,
3045 1393 3102 1445 et
3125 1389 3408 1462 populum
3429 1394 3596 1444 tuum
3618 1393 3743 1446 tam
3767 1393 3932 1446 tem-

2255 1479 2530 1552 poraliter
2581 1497 2758 1551 quam
2817 1478 3166 1535 aeternaliter
3221 1477 3563 1552 gloriﬁcare,
3618 1477 3930 1552 largiente

2254 1570 2496 1626 Domino
2528 1576 2586 1626 et
2619 1571 2841 1626 favente
2862 1569 3117 1642 justitia,
3140 1569 3460 1641 cupientes,
3483 1569 3931 1626 conﬁrmamus

2252 1659 2356 1715 tibi
2390 1659 2693 1732 pressantis
2721 1659 2946 1733 paginae
2982 1657 3326 1714 auctoritate
3364 1658 3655 1732 integrum
3688 1659 3926 1715 Baren-

2254 1766 2398 1816 sem,
2425 1749 2524 1820 qui
2555 1753 2612 1804 et
2639 1748 2968 1804 Canusinus
2998 1753 3108 1814 est,
3137 1746 3728 1821 archiepiscopatum,
3749 1753 3826 1804 ut
3859 1754 3926 1804 tu

2254 1839 2457 1910 tuique
2489 1854 2858 1894 successores
2887 1836 3204 1910 episc0pali
3235 1837 3370 1908 jure
3400 1835 3568 1892 illum
3599 1853 3800 1911 regas,
3831 1838 3925 1894 di-

2254 1944 2469 2000 sponas
2499 1931 2674 2000 atque
2704 1927 3028 2000 possideas,
3061 1925 3221 1983 salva
3258 1926 3530 1982 Romanae
3559 1926 3929 1984 auctoritate

2253 2016 2683 2087 Ecclesiae,quae
2714 2016 3056 2072 instituente
3085 2016 3334 2072 Domino
3355 2015 3749 2072 Ecclesiarum
3782 2034 3929 2073 om-

2255 2104 2417 2160 nium
2445 2105 2714 2178 princeps
2739 2111 2846 2169 est,
2869 2105 3082 2178 cuique
3103 2109 3169 2160 ut
3192 2105 3363 2160 matri
3387 2121 3621 2162 summa
3640 2107 3826 2164 debet
3846 2107 3926 2163 ab

2255 2195 2542 2251 universis
2573 2194 2890 2251 reverentia
2917 2193 3194 2250 exhiberi.

2325 2283 2565 2356 Absque
2597 2282 2930 2355 prwjudicio
2961 2299 3097 2356 ergo
3119 2282 3364 2355 justitise
3391 2282 3796 2362 quarumlibet
3817 2285 3924 2340 Eo-

2254 2372 2586 2440 clesiarum,
2618 2375 2928 2444 sequentes
2957 2375 3218 2426 tenorem
3258 2372 3356 2444 qui
3401 2375 3738 2428 nostrorum
3773 2391 3920 2429 con—

2253 2462 2474 2518 tinetur
2530 2459 2849 2534 privilegiis
2899 2461 3414 2534 prazdecessorum,
3461 2459 3733 2516 Barensis
3791 2462 3922 2518 sive

2253 2549 2554 2606 Canusinae
2593 2547 2857 2604 Ecclesiae
2902 2549 3307 2620 possessiones
3340 2549 3458 2604 sive
3489 2548 3774 2606 dioeceses
3807 2550 3922 2605 tibi

2254 2639 2490 2712 tuisque
2521 2637 2964 2694 successoribus
2987 2640 3265 2710 perpetuo
3295 2635 3674 2710 possidendas
3704 2655 3923 2713 regen-

2253 2730 2476 2801 dasque
2519 2727 2948 2784 oontradimus.
2982 2727 3077 2782 Ha:
3127 2730 3322 2782 autem
3372 2731 3514 2783 sunt
3545 2743 3559 2782 :
3587 2728 3918 2796 Canusina,

2254 2816 2583 2882 Bistictum,
2615 2817 2906 2880 Bitonum,
2937 2815 3702 2885 Midunium,Juvenatium,
3725 2817 3920 2874 Melli-

2253 2911 2364 2977 cta,
2418 2906 2672 2974 Rubum,
2705 2908 2986 2975 Tranum,
3019 2905 3236 2973 Canna,
3283 2904 3692 2974 Minervinum,
3737 2908 3918 2981 Aqua

2252 2999 2422 3063 tecta,
2456 2996 2622 3052 Mons
2671 2995 2966 3061 meliorus,
3011 2994 3329 3066 Lavellum,
3373 2994 3656 3068 Rapulba,
3691 2996 3910 3065 Melﬁs,

2253 3083 2514 3152 Bitalbis,
2559 3083 3131 3158 Salpicupersanum,
3185 3083 3564 3153 Palimarum,
3617 3084 3807 3151 simul
3860 3091 3916 3144 et

2255 3180 2459 3230 caetera
2480 3192 2605 3248 qua;
2639 3174 2794 3230 intra
2822 3173 3030 3230 marini
3065 3173 3279 3230 littoris
3313 3173 3618 3250 oram‘sita
3645 3191 3783 3244 esse
3815 3193 3914 3233 co-

2254 3269 2636 3336 gnoscuntur.
2654 3263 2784 3318 Haec
2798 3279 2930 3319 vero
2947 3267 3004 3318 et
3021 3261 3136 3318 alia
3151 3261 3618 3336 municipia,sive
3637 3263 3914 3322 civitates

2254 3352 2548 3426 praedictis
2573 3351 2904 3408 civitatibus
2949 3351 3303 3424 adjacentes,
3328 3351 3446 3408 sive
3475 3351 3647 3426 longe
3677 3354 3910 3425 positae,

2253 3443 2353 3498 sed
2376 3443 2448 3500 ad
2471 3459 2570 3499 eas
2592 3441 2965 3514 pertinentes,
2981 3440 3399 3498 confirmamus
3422 3441 3606 3511 vobis,
3621 3448 3676 3498 et
3697 3459 3912 3499 omnes

2253 3533 2465 3588 fundos
2494 3537 2549 3588 et
2579 3531 2800 3589 casales
2830 3547 2946 3593 una
2977 3547 3112 3586 cum
3144 3531 3296 3587 casis
3317 3535 3374 3587 et
3393 3531 3597 3602 vineis,
3621 3548 3757 3588 cum
3793 3550 3914 3590 ser—

2253 3621 2337 3676 vis
2369 3626 2425 3676 et
2455 3620 2704 3688 ancillis,
2729 3636 2863 3675 cum
2895 3619 3108 3676 massis
3129 3624 3188 3676 et
3209 3619 3559 3678 massaritiis
3579 3624 3756 3692 atque
3782 3623 3908 3678 mo-

2249 3709 2523 3778 lendinis,
2556 3725 2691 3765 cum
2721 3709 3026 3781 portubus,
3057 3707 3358 3764 montibus
3391 3712 3448 3764 et
3477 3708 3680 3781 pratis,
3702 3709 3912 3766 simul-

2250 3816 2383 3854 cum
2423 3798 2694 3871 plebibus
2724 3797 2844 3854 sive
2896 3797 3176 3866 ecclesiis,
3209 3814 3342 3854 cum
3387 3797 3663 3854 omnibus
3712 3799 3907 3856 titulis

2249 3887 2369 3942 sive
2398 3886 2636 3958 capellis
2667 3886 2814 3954 suis,
2846 3885 3025 3942 simul
3054 3886 3230 3942 etiam
3253 3903 3386 3942 cum
3419 3888 3799 3944 monasteriis
3831 3888 3910 3943 vi-

2247 3991 2446 4031 rorum
2496 3992 2597 4031 seu
2657 3974 3032 4046 feminarum,
3055 3975 3268 4032 Gracis
3331 3980 3432 4031 aut
3488 3975 3736 4045 Latinis,
3769 3994 3905 4034 cum

2249 4065 2536 4121 universis
2558 4064 2864 4122 ordinibus
2883 4063 3319 4137 ecclesiasticis,
3333 4069 3392 4120 et
3414 4064 3700 4138 quidquid
3721 4065 3909 4123 hono-

2247 4153 2350 4220 ris,
2375 4153 2766 4226 possessionis
2805 4170 2911 4210 seu
2955 4152 3276 4224 dignitatis,
3310 4170 3414 4226 per
3442 4152 3689 4226 legalem
3723 4154 3904 4229 largi-

2245 4243 2463 4298 tionem
2494 4247 2552 4298 et
2573 4243 2744 4312 juxta
2771 4241 3207 4298 concessionem
3236 4242 3562 4315 antiquitus
3589 4243 3900 4312 tenuisset,

2244 4336 2301 4388 et
2329 4331 2613 4404 quidquid
2640 4331 2886 4403 justitize
2932 4348 3044 4386 non
3091 4330 3456 4400 contradicit,
3483 4335 3540 4386 et
3571 4330 3902 4404 antiquitus

2243 4421 2686 4492 superadditum
2731 4437 2860 4476 esse
2908 4419 3211 4492 probatur,
3239 4419 3384 4476 etin
3431 4420 3692 4476 futurum
3735 4423 3903 4494 juste

2242 4510 2455 4582 poterit
2476 4509 2746 4565 Barensis
2762 4513 2820 4565 et
2835 4507 3132 4565 Canusina
3145 4508 3405 4566 Ecclesia
3420 4509 3688 4582 adipisci.
3709 4512 3902 4585 Atque

2163 4615 2210 4679 Β
2242 4598 2582 4671 bujusmodi
2628 4597 2930 4671 privilegia
2967 4598 3237 4670 praesenti
3271 4599 3632 4656 auctoritatis
3680 4606 3899 4656 nostrae

2241 4688 2470 4744 decreto
2515 4687 2907 4759 indulgentes,
2942 4687 3262 4743 statuimus
3303 4687 3532 4744 nullum
3573 4703 3778 4762 regum
3811 4687 3900 4746 vel

2241 4777 2682 4849 imperatorum,
2703 4775 3054 4842 antistitum,
3079 4776 3308 4833 nullum
3337 4794 3690 4851 quacunque
3710 4779 3902 4852 digni-

2239 4869 2354 4922 tate
2389 4865 2718 4938 przeditum,
2734 4865 2819 4919 vel
2845 4882 3203 4939 quamquam
3227 4866 3410 4922 alium
3431 4867 3646 4924 audere
3667 4867 3897 4924 minue-

2239 4971 2320 5022 re,
2340 4954 2594 5011 alienare
2629 4956 2747 5012 sive
2770 4955 2894 5010 suis
2917 4954 3124 5010 usibus
3151 4955 3444 5029 applicare
3466 4956 3536 5012 de
3558 4955 3630 5012 iis
3653 4973 3780 5028 quae
3810 4957 3892 5014 ei-

2237 5044 2367 5100 dem
2399 5043 2668 5100 Ecclesiae
2697 5061 2731 5099 a
2761 5042 3120 5116 quibuslibet
3153 5043 3492 5102 hominibus
3536 5045 3608 5102 de
3654 5045 3891 5120 proprio

2228 5133 2364 5205 jure
2377 5134 2503 5204 jam
2525 5135 2918 5202 donata'sunt,
2942 5132 3029 5188 vel
3055 5133 3350 5208 deinceps,
3369 5135 3618 5191 Domino
3640 5134 3886 5205 favente,

2235 5223 2438 5278 donari
2481 5223 2807 5295 contigerit.
2844 5223 3122 5279 Praeterea
3167 5223 3516 5279 fraternitati
3564 5229 3677 5280 tuae
3726 5223 3889 5296 pallii

2233 5329 2408 5367 usum
2441 5330 2508 5368 cx
2541 5329 2700 5366 more
2743 5313 3140 5382 concedimus,
3173 5318 3238 5369 ut
3265 5330 3332 5370 eo
3372 5314 3523 5369 inter
3569 5311 3885 5370 missarum

2233 5401 2538 5467 solemnia,
2573 5401 2648 5456 iis
2678 5401 2962 5458 duntaxat
3007 5401 3422 5459 festivitatibus
3449 5401 3657 5469 utaris,
3687 5401 3883 5460 videli-

2232 5496 2322 5547 cet
2351 5491 2652 5548 nativitate
2683 5489 2939 5558 Domini,
2968 5491 3027 5546 S.
3055 5491 3354 5564 Stephani,
3388 5491 3734 5565 Epiphania,
3767 5492 3882 5548 Cm-

2231 5597 2308 5636 na
2337 5579 2586 5648 Domini,
2619 5579 3082 5648 Resurrectione,
3117 5581 3486 5646 Ascensionc,
3526 5582 3877 5645 Pentecoste,

2232 5669 2534 5728 nativitate
2563 5673 2619 5723 S.
2643 5667 2888 5725 Joannis
2927 5669 3220 5741 Baptistae,
3263 5670 3556 5728 Natalitiis
3586 5669 3877 5742 apostolo-
