3950 6368
119 406 250 473 309

1317 416 1723 485 EPISTOLIE
1764 417 1867 482 ET
1908 420 2353 491 PRIVILEGIA
2367 469 2381 489 .

3425 428 3552 496 310

118 562 285 641 rum,
319 548 382 607 et
408 544 601 608 tribus
631 544 1042 610 festivitatibus
1069 553 1282 611 sanctae
1322 552 1533 621 Mariae,
1567 552 1784 613 festivi-
1816 554 1870 624 Α
1903 559 2241 637 Quaecunque
2295 562 2552 637 ligaveris
2597 580 2760 640 super
2803 564 3009 625 terram
3053 567 3215 626 erunt
3262 566 3436 641 ligata
3480 573 3547 628 in

114 639 359 696 tatibus
388 643 727 697 sanctorum
758 640 975 699 Nicolai
1005 646 1063 699 et
1090 643 1310 711 Sabini,
1336 644 1646 702 festivitate
1666 663 1787 703 om-

114 728 293 786 nium
329 734 694 797 sanctorum,
727 731 786 787 in
818 748 969 788 anno
1000 733 1383 789 ordinationis
1432 738 1543 790 tua:
1582 735 1696 804 die,
1724 736 1783 791 in

113 818 500 876 ordinatione
511 820 917 893 episcoporum
935 837 1037 877 seu
1053 827 1390 879 ceterorum
1416 823 1782 894 clericorum,

113 908 176 964 in
211 908 666 965 consecratione
694 909 869 965 etiam
899 910 1375 976 ecclesiarum,in
1404 912 1785 971 translatione

114 996 305 1053 etiam
340 997 573 1053 Domini
606 998 954 1055 confessoris
982 999 1221 1056 Nicolai.
1247 1001 1560 1057 Hortamur
1586 1001 1785 1074 itaque

117 1087 560 1143 fraternitatem
592 1092 754 1143 tuam
784 1091 849 1144 ut
877 1088 1063 1145 honor
1090 1094 1264 1146 tantae
1296 1089 1617 1162 dignitatis,
1652 1109 1787 1163 sup-

119 1174 502 1249 plementum
532 1176 735 1247 utique
752 1176 931 1233 totius
956 1178 1334 1235 sacerdotalis
1364 1180 1786 1248 ordinis,mori-

117 1265 236 1322 bus
268 1264 394 1320 tuis
423 1265 758 1333 conveniat;
785 1269 842 1322 et
872 1283 985 1322 non
1041 1267 1232 1323 solum
1262 1268 1529 1324 exteriori
1558 1269 1783 1325 homini

117 1360 223 1410 tuo
257 1354 534 1409 decorem
568 1358 798 1427 prazstet
828 1359 885 1410 et
914 1356 1184 1429 gratiam,
1220 1358 1318 1412 sed
1344 1362 1400 1412 et
1444 1357 1782 1414 interiorem

114 1459 364 1516 quoque
394 1442 706 1516 multiplici
736 1442 946 1500 virtute
975 1445 1321 1502 corroboret.
1347 1445 1647 1519 Siquidem
1671 1446 1784 1503 ista

114 1536 263 1588 sunt
295 1531 606 1605 pallii,ista
635 1533 1127 1606 sunthujusmodi
1162 1535 1487 1591 indumenti
1512 1540 1576 1590 ut
1598 1536 1782 1592 Deum

114 1639 185 1677 ex
220 1627 351 1679 toto
384 1623 579 1690 corde,
600 1623 949 1691 tota,anima
978 1629 1035 1679 et
1062 1625 1222 1680 omni
1250 1626 1461 1681 virtute
1491 1625 1784 1698 diligas,et

114 1711 465 1783 proximum
496 1715 666 1766 tuum
698 1712 850 1768 sicut
878 1717 936 1768 te
966 1712 1336 1786 ipsum.Nam
1359 1714 1492 1769 licet
1512 1715 1581 1770 ad
1607 1732 1781 1770 usum

113 1801 285 1875 pallii
311 1800 583 1857 omnium
604 1800 887 1857 virtutum
911 1807 1256 1858 ornamenta
1283 1804 1401 1858 sint
1431 1803 1779 1869 necessaria,

116 1889 604 1963 inseparabiliter
651 1892 842 1946 tamen
878 1891 1157 1956 charitas,
1189 1907 1317 1963 quae
1350 1908 1553 1948 omnes
1585 1908 1782 1964 super-

116 1978 499 2044 excedit,hac
530 1978 843 2052 pollentem
875 1979 1157 2053 dignitate
1187 1981 1453 2037 comitari
1484 1982 1772 2037 convenit.

114 2069 201 2124 Ad
235 2067 534 2124 imitanda
564 2068 742 2140 igitur
770 2068 1036 2125 omnium
1066 2070 1351 2126 bonorum
1385 2070 1780 2127 instrumenta

115 2159 237 2214 vita
262 2162 323 2214 et
354 2156 600 2214 scientia
628 2162 731 2213 tua
759 2159 1012 2214 subditis
1034 2159 1151 2214 tuis
1172 2159 1248 2215 sit
1268 2160 1455 2215 forma
1476 2164 1532 2215 et
1554 2159 1776 2231 regula,

116 2252 205 2316 ut,
239 2248 292 2304 si
325 2246 469 2320 quid
500 2247 557 2302 in
589 2246 674 2303 eis
697 2263 765 2304 ex
797 2247 1059 2303 humana
1089 2246 1401 2321 fragilitate
1423 2249 1781 2321 reprehensi-

117 2336 236 2394 hile
288 2336 768 2408 deprehenditur,
814 2337 1032 2392 intuitu
1083 2337 1536 2394 conversationis
1566 2342 1677 2393 tuae
1707 2338 1780 2394 ad

119 2424 538 2482 rectitudinem
566 2424 919 2482 sinceritatis
948 2429 1061 2481 tua:
1092 2426 1664 2499 corrigatur.Quibus
1696 2428 1779 2482 sic

121 2515 368 2573 studeas
397 2513 857 2587 dispensationis
878 2518 992 2571 tuae
1015 2515 1154 2586 jura
1177 2515 1559 2582 moderari,ut
1579 2516 1639 2570 in
1662 2533 1776 2572 cor-

123 2603 387 2678 rigendis
414 2602 574 2659 vitiis
598 2607 655 2659 et
674 2602 793 2660 zelo
816 2604 1183 2660 rectitudinis
1215 2605 1517 2672 ferveas,et
1540 2606 1779 2661 modum

123 2692 525 2766 temperantia:
559 2710 673 2748 non
704 2693 1040 2749 excedasEt
1070 2698 1135 2749 ut
1165 2693 1351 2749 multa
1381 2693 1582 2765 paucis
1601 2694 1780 2767 expli-

125 2798 350 2850 cemus,
384 2780 523 2854 quid
553 2780 611 2836 in
650 2785 987 2838 sanctorum
1016 2781 1251 2838 Patrum
1273 2782 1446 2839 dictis
1477 2783 1777 2854 repereris,

124 2872 194 2927 ad
225 2875 395 2926 tuam
425 2875 483 2927 et
511 2887 714 2927 eorum
737 2870 836 2943 qui
860 2870 968 2927 tibi
991 2871 1324 2927 subduntur
1344 2873 1628 2928 utendum
1655 2889 1783 2928 cen-

126 2978 256 3017 seas
272 2959 1039 3032 aediﬁcationemquatenus
1056 2960 1423 3017 documentis
1436 2962 1554 3018 tuis
1569 2962 1782 3017 instru-

125 3048 220 3118 cti,
255 3052 435 3121 atque
463 3048 601 3104 boni
636 3048 886 3122 pastoris
933 3048 1177 3122 vestigia
1225 3050 1542 3116 consecuti,
1576 3052 1647 3106 ad
1692 3068 1779 3106 re-

125 3153 308 3211 gnum
338 3136 557 3193 summi
591 3137 844 3194 Pastoris
874 3141 1067 3194 tecum
1097 3138 1328 3194 valeant
1356 3138 1700 3213 pertingere,
1726 3144 1783 3196 et

102 3230 109 3235 ’
128 3230 419 3301 perpetuae
448 3226 578 3283 vitae
610 3226 945 3284 felicitatem
981 3228 1092 3284 Deo
1123 3233 1415 3284 annuente
1461 3228 1776 3301 percipere.

131 3319 333 3374 Amen.

306 3406 400 3461 His
427 3421 557 3462 mox
582 3406 877 3477 subjicitur
902 3408 1174 3475 sigillum.

201 3497 410 3550 Datum
441 3495 594 3567 apud
623 3494 838 3551 Barum
871 3512 972 3568 per
1021 3510 1235 3552 manus
1282 3494 1523 3551 Joannis
1553 3496 1780 3552 diaconi

138 3600 284 3640 anno
314 3583 628 3640 Dominicis
659 3584 1080 3640 Incarnationis
1132 3584 1445 3641 millesimo
1497 3586 1779 3658 octogesi-

139 3689 229 3729 mo
276 3689 449 3739 nono,
489 3690 643 3728 anno
687 3689 821 3729 vero
870 3673 1243 3746 pontificatus
1293 3673 1513 3728 domini
1564 3673 1780 3729 Urbani

137 3776 295 3833 papa
319 3762 596 3828 secundo,
627 3760 943 3818 indictione
974 3761 1201 3818 decima
1242 3762 1431 3829 tertia,
1466 3779 1617 3818 nono
1667 3761 1778 3818 Oc-

136 3849 337 3905 tobris.

850 3921 1064 3977 XXVII.

141 4010 342 4067 Urbani
365 4011 415 4066 II
439 4009 763 4084 epistolaad
788 4010 1119 4084 ,Rainoldum
1169 4012 1636 4084 archiepiscopum
1680 4013 1778 4068 Rc-

201 4097 458 4137 mensem.
490 4111 559 4121 ——
587 4082 679 4137 Illi
702 4082 941 4152 pallium
987 4083 1181 4137 tribuit
1222 4099 1285 4137 ac
1333 4082 1781 4141 foliusisccundm

209 4154 438 4227 Belgica
485 4156 784 4223 provincias
822 4156 1129 4225 primatum
1171 4156 1372 4227 jusque
1428 4156 1780 4211 consecrandi

206 4226 535 4280 Francorum
565 4240 717 4294 reges
746 4226 958 4281 asserit.

751 4298 939 4369 (Anno
972 4298 1154 4368 1089.)

243 4384 555 4455 [ΜΑωωιοΝ
586 4388 642 4439 et
670 4386 952 4451 Romam,
986 4386 1151 4441 Ounr.
1180 4385 1357 4456 posth.
1392 4385 1485 4451 III,
1521 4385 1670 4457 352.]

209 4473 477 4530 Uaemus
518 4474 847 4546 episcopus,
881 4490 1082 4529 servus
1127 4491 1424 4530 servorum
1472 4475 1590 4545 Dei,
1643 4476 1777 4531 Rn-

143 4577 317 4619 NALDO
362 4561 706 4619 charissimo
765 4562 922 4618 fratri
975 4564 1290 4619 Remorum
1342 4563 1777 4637 archiepiscopo

144 4653 378 4724 ejusque
404 4652 843 4708 successoribus
875 4650 1155 4725 legitimis
1181 4651 1243 4707 in
1281 4659 1648 4725 perpetuum.

209 4741 548 4797 Potestatem
581 4741 803 4814 ligandi
835 4746 1009 4814 atque
1040 4741 1299 4797 solvendi
1338 4742 1393 4796 in
1423 4742 1584 4798 ccelis
1633 4747 1689 4798 et
1720 4743 1776 4798 in

144 4835 288 4886 terra
330 4830 496 4886 beato
545 4830 713 4886 Petro
758 4832 1003 4903 ejusque
1051 4832 1510 4899 successoribus,
1548 4836 1780 4888 auctore

147 4923 271 4984 Deo,
315 4917 713 4991 principaliter
768 4919 1064 4989 traditam,
1100 4918 1218 4975 illis
1278 4920 1532 4976 Ecclesia
1587 4920 1779 4976 verbis

147 5006 414 5081 agnoscit,
447 5007 661 5079 quibus
690 5008 925 5064 Petrum
969 5013 1058 5064 est
1105 5008 1390 5064 Dominus
1439 5008 1729 5065 allocutus
1762 5027 1775 5065 :

213 5131 614 5205 (9‘)Philippus
644 5133 723 5205 du
767 5133 877 5189 Bec
904 5133 1066 5189 senio
1095 5133 1396 5205 confectus
1427 5134 1604 5205 hujus
1643 5152 1777 5190 con-

151 5203 548 5276 secrandarum
585 5203 918 5276 reginarum
977 5204 1367 5276 praarogativee
1422 5203 1688 5262 meminit
1719 5207 1777 5263 in

150 5273 748 5349 litterisexcusatoriis
796 5276 867 5332 ad
916 5273 1227 5349 Henricuin
1279 5293 1577 5349 magnum,
1621 5280 1778 5349 quod

152 5363 320 5403 annos
346 5347 417 5402 86
438 5350 612 5402 natus
641 5348 768 5418 ejus
799 5349 994 5404 uxoris
1025 5347 1235 5421 regina:
1286 5347 1654 5405 coronationi‘
1692 5350 1777 5405 in-

153 5424 352 5476 teresse
382 5435 498 5474 non
529 5424 749 5476 nosset.

217 5489 320 5564 (10)
350 5489 508 5546 Hanc
531 5489 916 5564 Remensium
964 5489 1779 5564 archiepiscoporumprzero-

155 5562 404 5645 gativam-
419 5563 813 5645 propugnavit'
833 5567 1100 5645 sanctus.
1112 5562 1371 5645 Pernard
1382 5580 1467 5645 us_
1490 5563 1562 5645 ad
1576 5562 1583 5563 ⁷
1596 5564 1672 5619 Eu
1682 5581 1777 5645 ge-

158 5624 301 5689 nium
332 5624 697 5690 ill'scribens
726 5633 894 5692 epist.
926 5636 1051 5689 247.
1079 5632 1221 5689 Vide
1253 5639 1419 5690 notas
1443 5624 1695 5692 fusiores
1706 5624 1776 5690 'in

156 5704 289 5761 hanc
318 5704 708 5777 epistolam,et
738 5704 962 5762 Marlot.
995 5705 1075 5762 De
1104 5705 1653 5779 inaugurationibus
1679 5708 1780 5763 Re-

229 5792 298 5833 ΠΙ.

160 5791 311 5923 sua)
349 5847 706 5907 Vicariatum
745 5849 967 5907 scilicet
1036 5848 1362 5923 apostolica:
1420 5852 1596 5919 sedis,
1665 5868 1778 5923 quo

1893 654 2064 721 caelis,
2112 664 2167 711 et
2215 672 2549 729 quaecunque
2605 658 2832 715 solveris
2899 675 3064 731 super
3124 667 3328 716 terram
3384 665 3547 717 erunt

1892 745 2071 800 soluta
2100 746 2236 801 etin
2263 747 2409 801 caelis
2439 746 2656 818 (Matth.
2690 766 2850 814 xvm,
2900 749 3011 819 l8).
3063 749 3180 821 Ipsi
3228 766 3460 825 quoque
3491 754 3549 807 et

1894 833 2140 906 proprie
2172 834 2440 902 firmitas,
2475 839 2531 891 et
2560 836 2759 892 alienae
2785 837 2919 893 fidei
2950 838 3545 907 confirmatio,eodem

1895 930 2011 987 Deo
2067 935 2321 1000 auctore,
2367 937 2695 1005 prmstatur,
2755 952 2890 990 cum
2941 937 3013 991 ad
3066 953 3203 991 eum
3261 936 3477 993 dicitur
3530 954 3543 993 :

1894 1022 2093 1091 Rogavi
2135 1039 2239 1093 pro
2281 1031 2330 1078 te
2375 1027 2435 1078 ut
2480 1039 2591 1078 non
2634 1023 2852 1094 deﬁciat
2892 1024 3019 1091 ﬁdes
3046 1029 3163 1095 tua,
3196 1025 3376 1094 Petre,
3409 1033 3459 1081 et
3488 1030 3546 1081 tu

1893 1110 2189 1182 aliquando
2217 1127 2504 1167 conversus
2532 1113 2796 1182 conﬁrma
2824 1116 3025 1184 fratres
3053 1118 3173 1170 tuos
3220 1116 3368 1185 (Luc.
3401 1132 3540 1181 xxn,

1892 1199 2005 1271 32).
2063 1199 2299 1270 Oportet
2354 1217 2489 1273 ergo
2546 1218 2672 1268 nos,
2735 1201 2857 1273 qui,
2907 1202 3043 1257 licet
3086 1202 3332 1276 indigni,
3391 1202 3543 1258 Petri

1893 1296 2219 1353 residemus
2249 1298 2307 1352 in
2339 1296 2484 1362 loco,
2520 1316 2698 1370 prava
2740 1300 3047 1371 corrigere,
3080 1305 3240 1356 recta
3287 1301 3544 1370 ﬁrmare,

1892 1388 1950 1440 et
1978 1386 2035 1440 in
2067 1386 2223 1440 omni
2255 1385 2515 1442 Ecclesia
2543 1388 2611 1442 ad
2647 1387 2857 1443 interni
2884 1388 3191 1444 arbitrium
3207 1390 3428 1458 judicis
3461 1390 3545 1445 sic

1893 1474 2253 1546 disponenda
2286 1475 2613 1547 disponere,
2649 1480 2712 1530 ut
2759 1477 2830 1531 de
2877 1476 3039 1532 vultu
3087 1479 3215 1549 ejus
3249 1479 3543 1548 judicium

1893 1570 2156 1619 nostrum
2189 1565 2450 1636 prodeat,
2499 1568 2555 1620 et
2597 1564 2747 1620 oculi
2800 1566 2982 1621 nostri
3026 1564 3262 1621 videant
3303 1567 3544 1638 aequita-

1891 1655 2032 1707 tem.
2066 1653 2467 1709 Fraternitatis
2526 1654 2708 1725 igitur
2760 1658 2873 1709 tuae
2923 1655 3107 1726 justis
3164 1654 3546 1726 petitionibus

1892 1746 2216 1798 annuentes
2248 1759 2317 1797 ex
2348 1742 2589 1815 antiquo
2626 1743 2930 1799 Remensis
2960 1744 3227 1800 Ecclesiae
3261 1761 3391 1811 usu,
3409 1761 3546 1817 apo-

1892 1830 2106 1886 stolicaa
2139 1831 2295 1886 sedis
2325 1832 2666 1887 auctoritate
2689 1848 2755 1887 ac
2778 1831 3183 1888 benevolentia
3204 1849 3548 1889 concessum

1808 1929 1857 1994 Β
1887 1919 1994 1974 tibi
2027 1919 2269 1991 pallium
2300 1920 2479 1991 hujus
2510 1921 2725 1976 decreti
2757 1920 2939 1977 nostri
2975 1921 3191 1993 pagina
3236 1922 3547 1977 conﬁrma-

1888 2024 2044 2074 mus,
2075 2008 2506 2082 primatemque
2540 2009 2724 2064 totius
2754 2010 3023 2065 secundae
3046 2010 3289 2083 Belgicae
3319 2010 3548 2083 provin-

1886 2106 1985 2162 ciae
2001 2106 2323 2161 secundum
2345 2111 2781 2163 antecessorum
2795 2110 3031 2163 tuorum
3050 2107 3396 2179 dignitatem
3417 2125 3545 2164 esse

1886 2211 2215 2251 censemus.
2234 2194 2559 2251 Statuimus
2573 2194 2749 2251 etiam
2772 2200 2836 2251 ut
2858 2195 3147 2264 nulli,nisi
3171 2197 3542 2255 solummodo

1886 2283 2147 2339 Romano
2201 2284 2483 2355 pontiﬁci,
2544 2284 2966 2355 subjectionem
3031 2289 3088 2340 et
3143 2286 3536 2343 obedientiam

1888 2382 2121 2449 debeas,
2155 2383 2462 2455 omnisque
2513 2400 2700 2437 causae
2750 2386 2863 2438 tua:
2886 2382 3181 2455 judicium
3214 2384 3397 2440 solius
3430 2386 3539 2441 Ro-

1889 2471 2047 2527 mani
2081 2471 2373 2543 pontificis
2385 2470 3245 2528 diffiniaturarhitrio.Primam
3267 2478 3544 2544 praeterea

1890 2560 2360 2633 praecipuamque
2394 2560 2497 2621 tibi
2529 2560 2762 2632 tuisque
2802 2561 3240 2617 successoribus
3285 2566 3542 2633 potesta-
3642 2606 3650 2615 .

1887 2653 2005 2705 tem
2038 2650 2440 2705 contradimus
2475 2650 2828 2704 Francorum
2861 2664 3025 2722 reges
3054 2651 3432 2706 consecrandi
3461 2655 3547 2708 :ut

1889 2747 2043 2804 sicut
2071 2748 2279 2803 beatus
2310 2747 2610 2820 Remigius
2630 2742 2892 2803 ad'fidem
2915 2747 3237 2804 Chlodoveo
3268 2765 3544 2806 converso

1890 2837 2147 2909 primum
2180 2836 2264 2891 illi
2310 2854 2486 2909 regno
2532 2853 2731 2909 regem
2778 2836 3176 2893 Christianum
3216 2837 3546 2896 instituisse

1890 2926 2295 3000 cognoscitur;
2330 2926 2409 2981 ita
2440 2931 2503 2982 tu
2534 2942 2788 2998 quoque,
2812 2927 3015 2999 tuique
3048 2928 3545 3001 successores,qui

1890 3017 2156 3089 ejusdem
2190 3016 2375 3072 sancti
2411 3015 2658 3089 Remigii
2690 3016 2812 3072 vice
2845 3016 2902 3072 in
2945 3016 3218 3072 Remensi
3268 3016 3544 3089 Ecclesia,

1890 3106 2135 3161 Domino
2186 3105 2552 3177 disponente,
2597 3104 2933 3178 fungimini,
2984 3105 3241 3178 ungendi
3286 3107 3441 3179 regis
3490 3112 3548 3163 et

1890 3203 2199 3260 ordinandi
2233 3204 2352 3259 sive
2383 3204 2616 3275 regina},
2650 3204 2750 3275 (9')
2783 3203 2974 3275 prima
3019 3207 3303 3277 potestate
3342 3205 3547 3277 funga-

1810 3298 1854 3366 α
1892 3294 2056 3350 mini.
2099 3293 2422 3349 Statuimus
2471 3293 2658 3348 etiam‘
2699 3292 3002 3365 praesentis
3055 3296 3266 3348 nostrae
3321 3293 3544 3367 paginae

1891 3381 2235 3438 auctoritate
2266 3381 2585 3450 firmantes,
2619 3386 2685 3438 ut
2713 3382 2865 3438 sicut
2893 3380 3151 3455 primum
3195 3381 3544 3441 diadematis

1888 3471 2122 3544 insigne
2154 3488 2256 3542 per
2287 3474 2489 3526 vestra:
2548 3486 2759 3525 manus
2806 3469 3241 3542 impositionem
3292 3472 3546 3528 Franco-

1890 3576 2021 3614 rum
2054 3575 2219 3630 rcgcs
2251 3558 2601 3630 suscipiunt,
2637 3558 2716 3612 ita
2742 3574 2974 3630 quoque
3007 3560 3070 3629 [Γ.
3103 3558 3252 3626 add.,
3279 3558 3453 3632 opus]
3485 3561 3545 3616 in

1890 3656 2250 3713 solemnibus
2294 3654 2768 3728 proccssionibus
2819 3655 3037 3726 quibus
3092 3655 3328 3711 eosdem
3379 3672 3546 3728 reges

1888 3746 2064 3801 fuerit
2092 3744 2374 3810 coronari,
2404 3751 2458 3800 te
2484 3747 2786 3817 praesente,
2818 3742 2906 3799 vel
2937 3746 3175 3799 tuorum
3217 3743 3547 3825 Catholico-

1889 3860 2020 3900 rum
2079 3841 2518 3915 quomodolibet
2571 3857 2981 3898 successorum
3013 3840 3236 3898 anullo
3286 3841 3399 3898 alio
3447 3860 3545 3898 ar-

1889 3932 2257 4006 chiepiscopo
2305 3931 2393 3987 vel
2442 3931 2714 4004 episcopo
2762 3935 3072 3986 coronetur
3106 3931 3239 4003 (10).
3272 3931 3544 3989 Vestram

1888 4039 2025 4095 ergo
2079 4021 2449 4078 dilectionem
2508 4019 2842 4093 apostolicae
2898 4020 3057 4076 sedis
3108 4020 3308 4093 gratiae
3356 4021 3543 4079 vicem

1888 4112 2085 4167 debita
2132 4111 2493 4182 subjectione
2540 4111 2855 4181 rependere
2902 4111 3147 4182 ejusque
3189 4110 3420 4166 decreta
3448 4111 3542 4166 in-

1886 4198 2236 4255 violabiliter
2287 4200 2614 4263 observare,
2685 4201 2743 4269 [f.
2794 4198 2943 4267 add.,
3009 4200 3340 4269 monemus]
3388 4204 3452 4254 ut
3508 4218 3543 4255 a

1888 4289 2169 4360 subjectis
2199 4288 2303 4343 tibi
2338 4287 2590 4344 Francia:
2632 4286 2864 4360 populis
2910 4290 2974 4343 ut
3023 4288 3404 4343 observentur
3434 4306 3539 4360 pro

1885 4378 2110 4434 viribus
2159 4378 2405 4447 exigere.
2442 4378 2555 4432 Nos
2605 4377 2897 4448 siquidem
2947 4375 3251 4448 antiquam
3303 4393 3538 4433 omnem

1884 4480 2088 4531 vestra;
2138 4476 2402 4531 Ecclesia:
2451 4475 2794 4549 dignitatem
2826 4491 3054 4530 scrvare
3100 4475 3335 4547 speciali
3368 4477 3538 4532 devo-

1885 4565 2063 4621 tionis
2115 4564 2333 4619 intuitu
2397 4565 2719 4637 cupientes,
2796 4567 2984 4619 totum
3040 4564 3296 4629 honoris,
3350 4568 3537 4620 totum

1809 4675 1858 4738 D
1888 4654 2192 4727 dignitatis
2215 4659 2268 4708 et
2300 4652 2646 4708 excellentia:
2680 4652 2809 4719 tibi,
2832 4652 3069 4724 tuisque
3099 4651 3379 4724 legitimis
3410 4669 3539 4708 suc-

1889 4742 2218 4800 cessoribus
2252 4758 2485 4797 manere
2516 4739 3199 4811 decernimus,quidquid
3224 4740 3334 4811 (ll)
3368 4741 3536 4796 beato

1887 4832 2149 4905 Remigio
2181 4832 2567 4903 praedecessor
2598 4832 2795 4884 noster
2825 4828 3077 4885 Ormisda
3097 4828 3309 4901 legitur
3339 4833 3540 4885 contu-

1888 4922 2046 4978 lisse.
2106 4922 2304 4994 Itaque
2370 4918 2700 4975 dilectionis
2766 4923 2876 4974 tuaa
2952 4917 3290 4981 reverentia,
3361 4918 3539 4975 frater

1888 5011 2231 5067 charissime
2264 5008 2576 5082 Raynolde,
2609 5009 2932 5064 secundum
2956 5012 3392 5064 antecessorum
3415 5013 3538 5065 tuo-

1888 5142 2095 5209 praster
2128 5135 2503 5209 ‘pirimatnm,
2561 5133 2803 5209 quinam
2875 5132 3051 5209 etiam
3086 5150 3279 5209 i_nu_nc
3344 5133 3537 5209 archi-

1887 5204 2667 5281 episcopi—Remensesnsub
2720 5206 3034 5281 legalilnati
3078 5204 3271 5281 titulo,
3305 5207 3377 5259 ob
3427 5205 3537 5261 hoc

1889 5276 2109 5352 passim
2133 5280 2390 5352 primates
2414 5279 2468 5352 in
2487 5277 2706 5352 iiut/ias
2736 5276 3032 5352 appellati,
3063 5280 3118 5331 et
3155 5277 3281 5332 dua:
3319 5294 3535 5352 cruces

1888 5349 2027 5407 olim
2061 5357 2193 5405 ante
2226 5349 2355 5404 illos
2403 5349 2835 5413 deferebantur,
2866 5354 2931 5405 ut
2963 5349 3020 5403 in
3051 5352 3277 5404 vetusto
3318 5349 3533 5404 Rituali

1888 5422 2116 5496 legitur.
2152 5420 2776 5496 Hancppncessioncm
2827 5420 2899 5475 ad
2948 5420 3321 5496 Hormisdam
3362 5421 3537 5496 refert

1889 5492 2159 5551 Urbanus
2204 5508 2273 5564 ex
2321 5493 2653 5558 Rincmaro,
2687 5509 2813 5564 quae
2863 5492 3060 5564 potius
3104 5492 3175 5547 ab
3224 5493 3534 5547 Anastasio

1888 5566 2097 5623 collata
2141 5563 2253 5620 dici
2308 5565 2498 5621 debet.
2533 5563 2817 5619 Caeterum
2867 5563 3034 5633 reges
3081 5564 3431 5618 Francorum
3464 5581 3535 5618 ne

1889 5636 2261 5711 pontificibus
2292 5636 2584 5711 parciores
2631 5653 2787 5711 erga
2815 5636 3062 5707 Remigii
3084 5636 3321 5711 _sedcm,
3355 5652 3532 5705 quam

1890 5707 2253 5782 inetropolim
2282 5707 2667 5782 appellarunt,
2685 5708 3049 5782 _\_'idcrcntur,
3084 5707 3396 5782 Remorum
3441 5723 3529 5761 ar-

1889 5779 2335 5853 chiepiscopum
2365 5779 2632 5853 primum
2684 5779 2936 5834 Francia:
2984 5779 3192 5834 ducem
3236 5781 3292 5834 et
3331 5792 3532 5849 parem

1890 5853 2342 5910 constituerunt.
