3950 6366
147 420 273 485 313

1333 417 1739 487 ΕΡῙΒΤΟῙΑΕ
1779 417 1882 482 ΕΤ
1920 414 2400 486 PRIVILEGIA.

3443 428 3564 493 314

149 556 490 633 apostolica
501 555 848 616 auctoritate
861 556 1176 615 statuimus
1195 561 1257 615 ut
1272 572 1635 632 quacunque
1647 571 1804 613 nunc
1832 552 1889 623 Α
1906 555 2028 614 bus
2041 556 2330 632 episcopis
2350 561 2551 617 nostra
2568 557 2912 621 auctoritate
2931 557 3309 637 praecipitent
3325 562 3560 629 interim

148 648 313 705 idem
347 646 683 704 coenobium
714 647 974 722 possidet
998 647 1119 705 sive
1150 648 1209 704 in
1255 648 1576 705 crastinum
1627 645 1803 722 largi-

146 739 312 796 tione
337 737 700 812 principum,
722 737 1097 795 concessione
1140 737 1485 811 pontiﬁcum
1516 736 1605 793 vel
1645 732 1804 793 obla-

146 829 311 885 tione
330 825 892 901 ﬁdeliumlegitimis
908 826 1098 883 modis
1108 827 1318 900 poterit
1339 826 1606 900 adipisci,
1636 826 1808 880 ﬁrma

148 917 261 975 tibi
295 917 542 989 tuisque
574 917 1011 973 successoribus
1042 919 1100 972 et
1129 915 1354 972 illibata
1402 918 1804 990 permaneant.

150 1005 541 1064 Decernimus
572 1021 707 1079 ergo
738 1008 803 1060 ut
834 1004 980 1061 nulli
1011 1006 1249 1062 omnino
1279 1005 1586 1062 hominum
1637 1004 1811 1060 liccat

149 1096 312 1154 idem
346 1094 684 1152 emnobium
710 1098 925 1151 temere
946 1095 1427 1168 perturbare,aut
1455 1094 1504 1150 ei
1539 1093 1809 1150 subditas

152 1184 572 1259 possessiones
609 1184 855 1252 auferre,
872 1183 1134 1240 minuere
1149 1182 1237 1240 vel
1282 1182 1611 1240 temerariis
1639 1198 1806 1237 vexa-

155 1274 426 1331 tionibus
458 1273 740 1347 fatigare;
774 1273 874 1330 sed
905 1273 1105 1330 omnia
1134 1272 1356 1346 integre
1396 1273 1814 1328 conserventur

151 1382 389 1433 eorum,
422 1381 528 1438 pro
553 1379 805 1437 quorum
855 1363 1279 1420 sustentatione
1336 1363 1617 1419 concessa
1647 1366 1808 1429 sunt,

156 1454 377 1511 usibus
409 1454 736 1527 profutura,
759 1451 919 1508 salva
942 1451 1232 1508 Bisuntini
1263 1450 1683 1525 archiepiscopi
1714 1468 1811 1508 ca-

154 1544 379 1600 nonica
461 1540 803 1599 reverentia.
862 1545 1010 1597 Sane
1069 1541 1119 1597 si
1177 1541 1309 1614 quis
1369 1541 1433 1596 in
1488 1539 1813 1597 crastinum

156 1631 644 1705 archiepiscopus
684 1635 784 1686 aut
839 1630 1170 1703 episcopus,
1201 1631 1521 1703 imperator
1560 1634 1663 1687 aut
1694 1646 1813 1696 rex,

156 1723 576 1796 princeps'aut
630 1721 767 1785 dux,
795 1736 990 1775 comes
1048 1725 1149 1775 aut
1171 1721 1373 1791 judex,
1409 1724 1510 1775 aut
1567 1736 1816 1792 persona

158 1811 465 1884 qualibet,
496 1825 712 1883 magna
736 1808 824 1864 vel
856 1825 1050 1881 parva,
1085 1811 1292 1882 potens
1350 1812 1451 1864 aut
1501 1808 1811 1880 impotens,

158 1901 351 1973 hujus
381 1899 568 1957 nostri
596 1898 885 1972 privilegii
919 1897 1196 1971 paginam
1226 1898 1419 1955 sciens
1453 1902 1656 1955 contra
1684 1915 1814 1954 eam
1846 1931 1896 1997 Β

160 1994 367 2048 tamen
398 1989 594 2045 venire
622 1987 949 2052 tentaverit,
981 1988 1237 2043 secundo
1269 1988 1508 2044 tertiove
1556 2004 1812 2044 commo-

164 2081 353 2146 nitus,
383 2079 433 2135 si
463 2095 579 2134 non
638 2075 1037 2134 satisfactione
1093 2092 1352 2150 congrua
1399 2078 1814 2145 emendaverit,

164 2167 389 2226 Christi
418 2170 477 2224 et
504 2165 770 2225 Ecclesia
824 2181 1064 2239 corpore
1095 2182 1229 2221 cum
1279 2166 1625 2223 auctoritate
1655 2171 1816 2240 pote-

166 2257 345 2317 statis
363 2254 693 2330 apostolica
705 2271 1085 2329 segregamus
1100 2272 1114 2325 ;
1130 2256 1610 2313 conservantibus
1624 2260 1818 2313 autem

169 2365 285 2422 pax
310 2365 348 2403 a
378 2347 495 2403 Deo
522 2351 582 2400 et
613 2344 1014 2401 misericordia
1065 2345 1450 2416 praesentibus
1498 2363 1565 2403 ac
1606 2345 1819 2402 futuris

171 2434 405 2496 saculis
434 2439 831 2492 conservetur.

244 2527 368 2600 Ego
396 2524 667 2581 Urbanus
696 2522 992 2580 catholica
1022 2522 1287 2580 Ecclesia
1317 2523 1646 2597 episcopus.

247 2616 463 2673 Datum
509 2613 705 2670 Roma
738 2631 769 2667 ν
797 2612 922 2669 Kal.
979 2613 1111 2697 Jan.
1147 2630 1252 2686 per
1307 2630 1520 2671 manus
1576 2613 1820 2670 Joannis

175 2705 235 2761 S.
294 2705 364 2760 R.
425 2703 488 2758 Ε.
550 2701 835 2757 diaconus
904 2700 1245 2767 oardinalis,
1300 2718 1455 2757 anno
1507 2700 1820 2757 Dominica

176 2789 604 2851 Incarnationis
617 2790 775 2856 1088,
791 2806 943 2845 anno
975 2790 1350 2862 pontiﬁcatus
1367 2791 1589 2847 domini
1603 2791 1821 2847 Urbani

176 2899 340 2957 papa
358 2882 415 2938 ΙΙ
437 2879 715 2938 secundo.

887 2986 1082 3041 XXIX.

181 3079 387 3138 Urbani
416 3079 469 3134 ΙΙ
497 3076 726 3148 epistola
752 3076 822 3132 ad
852 3077 1175 3149 Rainen‘um
1222 3076 1560 3132 cardinalem
1594 3078 1820 3149 presby-

246 3159 445 3280 ιῗναῖξ.
478 3147 549 3190 -ἐ-
577 3148 750 3204 Multa
802 3147 1029 3203 mandat
1077 3147 1148 3202 ad
1194 3163 1278 3203 res
1339 3147 1668 3219 Hispanias
1703 3147 1819 3221 spe-

248 3240 278 3279 c
300 3239 373 3278 an
400 3238 478 3277 ια.

784 3308 970 3381 (Anno
1002 3294 1185 3378 1089.)

576 3395 808 3471 [MANSI,
845 3397 1056 3453 Concil.
1090 3397 1230 3459 XIX,
1257 3397 1407 3468 698.]

254 3508 554 3572 Quantum
580 3504 653 3560 de
681 3503 961 3575 religione
990 3508 1093 3560 tua
1122 3503 1500 3573 conﬁdentes,
1537 3522 1653 3578 qua
1692 3505 1826 3576 fide,

186 3612 299 3669 qua
326 3593 631 3661 charitate,
657 3592 714 3646 in
752 3596 947 3664 partes
1002 3590 1134 3648 illas
1190 3593 1551 3661 reduximus,
1586 3594 1710 3668 ipse
1741 3599 1825 3662 tu,

185 3686 363 3743 frater
397 3682 800 3748 dilectissime,
842 3682 1227 3754 recognoscis.
1259 3685 1378 3755 Age
1424 3700 1558 3756 ergo
1592 3702 1693 3756 pro
1727 3702 1827 3758 spe

186 3789 361 3847 quam
373 3773 449 3829 de
466 3775 574 3828 tua
588 3770 953 3843 providentia
965 3770 1150 3843 gerim
1161 3787 1249 3839 us,
1267 3775 1325 3827 et
1338 3772 1564 3844 negotia
1583 3790 1829 3845 quaque

187 3861 423 3936 poteris,
452 3860 694 3917 Domino
735 3860 1068 3929 adjuvante,
1108 3859 1383 3916 canonice
1412 3860 1665 3917 difﬁnire
1696 3879 1826 3933 pro-

187 3955 415 4019 cura,et
437 3966 506 4006 ea
526 3948 779 4005 maxime
801 3965 904 4021 pro
945 3948 1160 4020 quibus
1194 3948 1413 4005 missus
1445 3966 1527 4019 es,
1559 3950 1829 4008 videlicet

187 4059 310 4115 qua
339 4041 493 4096 inter
512 4038 951 4095 Narbonensem
970 4036 1293 4095 antistitem
1317 4042 1373 4096 et
1399 4042 1829 4099 Comorienscm

185 4130 456 4187 abbatem
479 4128 798 4200 jactentur.
831 4127 1086 4183 Veniens
1116 4126 1166 4183 si
1197 4126 1433 4199 quidem
1465 4130 1535 4184 ad
1569 4147 1675 4185 nos
1692 4147 1825 4187 cum

186 4218 655 4276 Barchinonense
712 4217 889 4271 fratre
947 4222 1145 4273 nostro
1192 4217 1507 4272 venerabili
1555 4219 1827 4292 episcopo

178 4305 710 4365 reverendissimus
767 4305 945 4361 frater
982 4310 1181 4363 noster
1208 4296 1603 4364 Narbonensis
1635 4308 1827 4365 archi-

187 4398 513 4471 episcopus,
528 4408 703 4469 quem
718 4395 1072 4467 jamdudum
1086 4395 1207 4452 vita
1224 4400 1281 4451 et
1302 4395 1579 4469 religione
1601 4404 1825 4470 specta-

185 4492 306 4543 tum
328 4486 642 4547 habemus,
656 4483 912 4557 plurima
923 4486 993 4540 ad
1002 4500 1170 4541 versa
1181 4488 1383 4541 contra
1394 4486 1825 4544 Comoriensem

188 4576 452 4632 abbatem
474 4578 833 4646 conquestus
852 4577 962 4642 est,
978 4573 1202 4630 scilicet
1233 4576 1386 4646 quod
1409 4576 1684 4633 ecclesias
1709 4595 1827 4634 sua

1855 3299 1898 3367 C

1912 646 2293 717 Narbonensi,
2326 652 2608 723 tanquam
2654 650 2887 723 proprio
2921 652 3390 726 metropolitano,
3420 656 3560 713 ohe-

1915 737 2098 807 diant,
2149 738 2351 806 donec,
2401 744 2640 812 parente
2670 741 2937 811 Domino,
2970 742 3427 804 Tarraconensis
3474 758 3565 804 r’e-

1917 831 2214 883 stauretur
2242 827 2522 886 ecclesia:
2549 829 2826 887 Toletano
2858 833 3076 899 autem,
3109 832 3262 889 sicut
3304 835 3563 908 primati,

1918 917 2299 973 reverentiam
2330 916 2660 985 exhibeant,
2695 920 2876 976 donec
2926 920 3322 978 Narbonensis
3374 923 3565 991 archi-

1918 1005 2229 1078 episcopus
2260 1024 2321 1063 se
2351 1023 2552 1064 eorum
2601 1008 2913 1080 primatem
2968 1010 3150 1067 fuisse
3179 1014 3338 1068 certa
3381 1013 3570 1087 possit

1920 1095 2288 1152 auctortitate
2319 1098 2838 1154 monstrare.Novit
2867 1098 3159 1171 siquidem
3175 1103 3279 1157 tua
3298 1101 3569 1159 fraterni-

1921 1189 2011 1239 tas
2041 1183 2351 1256 primatem
2385 1202 2419 1240 a
2441 1186 2610 1242 nobis
2640 1185 2984 1244 Toletanum
3018 1188 3102 1245 sic
3127 1189 3572 1260 institutum,ut

1922 1272 2082 1328 salva
2103 1274 2221 1328 sint
2250 1275 2833 1348 metropolitanorum
2875 1276 3176 1350 privilegia
3205 1283 3564 1339 caterorum.

1918 1362 2202 1419 Abbatem
2234 1379 2485 1437 quoque,
2513 1368 2578 1419 ut
2628 1369 2842 1421 sancta
2872 1367 3164 1439 opinionis
3220 1370 3435 1438 virum,
3467 1373 3569 1428 ad-

1923 1452 2531 1526 moneas,pracipiens
2554 1470 2625 1510 ne
2646 1454 3032 1529 ulteriusqua
3048 1458 3399 1534 episcopalis
3412 1461 3570 1532 juris

1923 1544 2062 1598 sunt
2090 1541 2217 1597 sine
2238 1542 2495 1614 episcopi
2513 1543 2885 1600 concessione
2908 1545 3314 1619 recipiat,etde
3334 1548 3571 1620 injuriis

1923 1630 2284 1686 Narbonensi
2312 1630 2747 1703 archiepiscopo
2778 1631 2960 1689 illatis
2989 1635 3341 1706 competenti
3362 1622 3571 1696 emen-

1924 1718 2156 1773 datione
2188 1719 2544 1775 satisfaciat:
2574 1721 2647 1775 de
2677 1725 2882 1776 caetero
2911 1726 2976 1777 ut
3002 1724 3311 1796 proprium
3332 1729 3398 1781 et
3429 1736 3570 1783 san-

1924 1810 2027 1863 cta
2053 1808 2507 1865 consecrationis
2538 1814 2866 1865 revereatur
2887 1811 3229 1881 antistitem,
3264 1816 3322 1870 et
3367 1824 3572 1888 pacem

1925 1914 2060 1953 cum
2086 1913 2153 1955 eo
2184 1898 2449 1954 fraterna
2507 1898 2810 1955 charitatis
2868 1900 3279 1959 inviolabiliter
3322 1904 3574 1963 retinere

1925 1990 2211 2059 procuret.
2244 1988 2328 2043 Tu
2360 1990 2555 2044 autem
2586 1988 2644 2043 in
2695 1988 2969 2045 omnibus
2999 1990 3273 2047 Ramana
3320 1994 3577 2051 auctori-

1924 2077 2064 2132 tatis
2094 2093 2411 2161 memorem
2428 2082 2483 2132 te
2498 2076 2802 2163 eihibemt
2824 2078 2987 2134 nulla
3000 2079 3073 2135 de
3095 2083 3150 2136 te
3173 2081 3359 2153 poesit
3382 2084 3575 2156 suspi-

1927 2164 2015 2221 cio
2044 2182 2363 2223 remanere.
2397 2165 2543 2233 Quia
2571 2182 2705 2223 vero
2734 2166 3130 2225 Narbonensis
3187 2170 3576 2246 archiepisco-

1926 2270 2038 2327 pus
2057 2254 2358 2328 privilegia
2386 2255 2459 2311 de
2491 2256 2744 2328 primatu
2768 2256 3073 2313 ecclesiam
3106 2270 3276 2316 suam
3298 2259 3578 2320 habuisse

1929 2344 2290 2413 memoravit,
2321 2361 2447 2417 qua
2471 2362 2505 2400 a
2534 2362 2639 2401 suo
2700 2346 3125 2418 praedecessore
3180 2349 3485 2418 translata,
3517 2364 3580 2408 se

1927 2435 2124 2488 tamen
2181 2436 2394 2506 sperat,
2451 2438 2721 2506 parante.
2747 2434 3014 2504 Domino,
3074 2442 3479 2510 reperturum:
3513 2443 3577 2496 tu

1929 2539 2167 2578 causam
2198 2521 2508 2596 diligenter
2548 2523 2807 2596 inquire,
2839 2525 3293 2597 inquisitam'ad
3343 2534 3461 2584 ‘n’os
3489 2534 3577 2585 re-

1930 2612 2077 2667 ferre
2133 2628 2399 2685 procura.
2459 2611 2621 2676 Quod
2653 2611 2704 2668 si
2761 2612 3209 2686 previlegiorum
3259 2616 3578 2674 auctoritas

1930 2700 2257 2773 nequiverit
2287 2696 2545 2772 reperiri,
2579 2703 2642 2756 tu
2668 2713 2803 2756 cum
2864 2701 3227 2776 principibus
3283 2707 3449 2761 terra
3508 2707 3579 2763 de

1931 2790 2353 2846 restauratione
2373 2789 2824 2846 Tarraconensis
2847 2790 3099 2848 ecclesia
3123 2792 3312 2849 stude.
3336 2793 3579 2852 Interim

1929 2882 2126 2935 tamen
2149 2883 2612 2935 Tarraconenses
2642 2878 2945 2952 episcopos
2961 2879 3034 2946 ei,
3054 2884 3340 2954 tanquam
3363 2888 3580 2940 metro-

1931 2968 2188 3041 politano
2221 2966 2475 3040 proprio,
2527 2967 2763 3024 obedire
2794 2969 3091 3042 pracipito
3128 2969 3400 3028 Elnensis
3428 2988 3576 3045 quo-

1932 3074 2046 3131 que
2075 3056 2327 3130 episcopi
2359 3073 2599 3113 causam
2627 3056 2936 3130 diligenter
2991 3058 3293 3133 inquii-ito,
3326 3065 3384 3117 et
3428 3060 3584 3121 inter

1931 3147 2366 3203 Narbonensem
2414 3146 2754 3219 episcOpum
2808 3150 2867 3203 et
2921 3146 3117 3221 ipsum
3169 3150 3333 3221 justo
3381 3151 3583 3208 omnia

1929 3235 2155 3308 judicio
2187 3235 2454 3291 difﬁnito.
2490 3235 2649 3291 Idem
2681 3242 2912 3309 quoque
2948 3240 3005 3293 te
3034 3237 3106 3294 de
3135 3238 3436 3297 Grassensi
3467 3250 3581 3297 ets-

1939 3324 2111 3381 nobio
2131 3325 2285 3380 inter
2306 3323 2747 3380 Narbonensem
2780 3324 3286 3400 archiepiscopum
3307 3333 3364 3385 et
3386 3334 3584 3386 mona-

1937 3414 2079 3471 chos
2109 3413 2373 3487 ejusdem
2405 3412 2650 3470 coenobii
2681 3426 2944 3470 exercere
2974 3414 3365 3488 praecipimus.

2683 3527 2841 3583 XXX.

1941 3620 2145 3677 Urbani
2203 3620 2251 3674 Π
2300 3618 2528 3689 epistola
2585 3616 2657 3672 ad
2699 3619 3042 3691 Raynerz'um
3098 3620 3154 3676 S.
3210 3623 3273 3676 R.
3329 3622 3586 3680 Ecclesiae

2003 3690 2380 3765 presbyterum
2410 3693 2460 3744 et
2489 3691 2746 3760 legatum.
2784 3718 2852 3731 -
2881 3690 3045 3765 illum
3074 3692 3219 3765 inter
3273 3694 3584 3765 episcozmm

2013 3763 2467 3818 Barcinonmn
2496 3762 2911 3833 {'Bertramtum]
2939 3766 2993 3817 et
3040 3763 3288 3819 abbatem
3300 3762 3362 3821 Β.
3396 3762 3587 3821 Pimtii

2010 3834 2399 3891 Tomerz'emem
2432 3831 2797 3908 [Frotardmn]
2820 3831 3072 3906 judicem
3098 3834 3394 3893 constituit.

2555 3924 2744 3993 (Anno
2774 3922 2957 3993 1089.)

2381 4011 2614 4083 [ΜΑΝεῃ
2650 4012 2856 4069 σωωίι.
2885 4011 3158 4084 ΧΧ,679.]

2006 4119 2285 4186 ὕηΒΑΝόΒ
2308 4142 2509 4185 servus
2540 4140 2840 4185 servorum
2872 4126 2994 4197 Dei,
3022 4128 3380 4187 Charissimo
3411 4134 3589 4203 atque

1936 4218 2280 4276 dulcissimo
2309 4216 2471 4273 fratri
2502 4216 2786 4289 Rayuerio
2800 4221 3014 4273 sancta
3030 4217 3304 4274 Romana
3318 4218 3587 4277 Ecclesia

1936 4309 2273 4382 presbytero
2328 4310 2502 4381 atque
2544 4305 2756 4380 legato,
2805 4305 3056 4364 salutem
3086 4311 3143 4364 et
3199 4308 3581 4381 apostolicam

1935 4398 2425 4455 benedictionem.

2009 4487 2329 4558 Postquam
2361 4502 2392 4540 a
2425 4484 2617 4553 nobis,
2644 4484 2821 4540 frater
2840 4485 3208 4553 charissima,
3233 4486 3583 4554 discessisti,

1937 4576 2147 4632 fratres
2178 4573 2512 4629 charissimi
2546 4572 2728 4629 nostri
2773 4573 3167 4629 Narbonensis
3229 4578 3287 4630 et
3316 4574 3585 4631 Barcino-

188 4663 468 4729 diacesis,
492 4660 872 4719 eacularibus
902 4663 1293 4735 potestatibus
1322 4663 1525 4736 fultus,
1558 4665 1821 4737 invadat;
1853 4672 1901 4739 D
1932 4664 2133 4721 nensis
2164 4662 2454 4719 antistites
2478 4664 2866 4734 pervenerunt
2885 4662 2958 4717 ad
2981 4677 3089 4718 nos
3112 4663 3408 4734 justitiam
3427 4664 3587 4721 sedis

187 4754 334 4824 quod
360 4750 898 4813 excommunicatos
919 4752 993 4808 ab
1014 4767 1080 4808 co
1102 4751 1228 4808 sine
1247 4753 1406 4809 omni
1440 4755 1566 4826 ejus
1599 4755 1826 4812 absolu-

1934 4750 2261 4828 apostolica
2291 4766 2469 4822 super
2499 4749 2624 4806 suis
2653 4750 3035 4822 querimoniis
3060 4751 3388 4824 flagitantes
3411 4753 3471 4808 in
3492 4753 3587 4808 ab-

186 4844 335 4900 tione
351 4839 615 4915 recipiat;
630 4840 786 4914 quod
807 4840 866 4896 in
888 4840 1120 4899 Jacensi
1150 4843 1290 4897 sede
1316 4842 1441 4899 sine
1462 4843 1553 4899 sui
1585 4843 1821 4902 licentia
1931 4846 2123 4900 batem
2150 4840 2299 4897 beati
2318 4838 2988 4896 Pontii.Barcinonensis
3011 4841 3368 4912 querebatur
3385 4840 3587 4899 dicens

187 4932 379 4989 fecerit
398 4930 743 5004 episcopum
764 4930 1120 4999 consecrari;
1153 4931 1427 5003 quodque
1457 4933 1661 4989 auditu
1693 4934 1826 4991 hor-

190 5022 431 5079 rendam
463 5024 574 5091 est,
600 5022 899 5076 mortuum
932 5019 1248 5093 quemdam
1281 5021 1391 5075 sub
1433 5022 1826 5092 anathemate,

192 5111 405 5184 abejus
436 5109 743 5166 monachis
773 5109 1304 5179 extumulatum,'et
1336 5109 1489 5167 inter
1526 5119 1826 5172 monaste-

192 5201 334 5257 rium
348 5198 712 5255 tumu’latum
726 5198 998 5255 asseruit.
1014 5199 1167 5255 Inter
1179 5203 1404 5267 catera,
1418 5201 1825 5273 prajudicium

194 5288 295 5346 sibi
319 5290 539 5347 factum
570 5288 643 5345 de
668 5288 1190 5345 Tarraconensium
1250 5290 1654 5362 episcoporum
1685 5294 1823 5348 sub-

192 5379 463 5436 tractione
485 5384 589 5452 per
609 5377 933 5434 Romanam
971 5376 1286 5434 Ecclesiam
1318 5377 1660 5451 suppliciter
1686 5378 1823 5437 inti-

197 5468 385 5536 mavit,
432 5467 589 5524 circa
617 5482 717 5525 eos
749 5469 812 5540 ff.
845 5482 980 5523 cum
1007 5483 1107 5523 eos
1138 5484 1203 5522 ac
1253 5466 1448 5524 deinde
1476 5468 1823 5542 possederit]

196 5556 583 5613 Narbonensis
630 5554 979 5628 metropolis
1011 5572 1112 5629 per
1140 5572 1326 5612 annos
1366 5556 1825 5629 quadringentos

199 5646 309 5719 sine
362 5643 606 5709 alterius
647 5645 1073 5710 ,reclamatione
1131 5645 1296 5718 prius
1344 5645 1579 5702 sederit.
1614 5645 1826 5703 Nostra

200 5730 364 5809 igitur
392 5735 517 5791 vice
540 5735 599 5790 in
624 5734 888 5808 partibus
924 5730 1043 5790 illis
1072 5734 1344 5806 fungens,
1374 5734 1822 5793 Tarraconensi-

1940 4949 2002 4989 se
2032 4936 2163 5005 post
2192 4932 2527 5001 susceptum
2551 4929 2922 5002 episcopatus
2953 4931 3210 4987 officium
3242 4930 3353 4987 sub
3405 4942 3588 4988 manu

1935 5019 2173 5095 propria
2192 5019 2387 5093 quiete
2416 5016 2745 5074 canobium
2774 5018 2979 5075 Sancti
2999 5019 3300 5077 Cucufatis
3322 5030 3476 5077 anno
3496 5019 3589 5076 in-

1935 5113 2190 5184 tcgro,ut
2219 5107 2470 5182 speciale
2527 5122 2646 5164 sua
2675 5106 2943 5164 Ecclesia
2990 5109 3340 5166 beneﬁcium
3388 5118 3590 5184 posse-

1934 5200 2091 5256 disse
2106 5198 2500 5269 abbatemque
2531 5195 2676 5252 inibi
2701 5212 2804 5268 per
2822 5211 2885 5252 se
2905 5196 3591 5265 electum,cousentiente

1934 5294 1988 5346 et
2019 5288 2294 5344 laudante
2322 5287 2506 5359 legato
2537 5286 2810 5343 Romana
2832 5286 3100 5343 Ecclesia
3120 5287 3389 5358 Ricardo,
3423 5300 3591 5363 regu-

1933 5377 2134 5435 lariter
2162 5375 2367 5443 fuisse,
2402 5392 2576 5449 quem
2605 5378 2810 5449 postea
2838 5376 3235 5434 Tomeriensis
3256 5378 3440 5435 abbas
3472 5394 3592 5435 una

1933 5483 2066 5525 cum
2099 5465 2426 5531 monachis,
2456 5465 2745 5522 renitente
2792 5465 3373 5541 episcopo,violenter
3393 5473 3591 5524 mona-
3687 5515 3715 5536 _.

1914 5556 2109 5614 sterio
2131 5553 2478 5612 exturbavit.
2506 5554 2684 5612 Porro
2714 5572 2894 5629 quam
2920 5555 3147 5613 diversa
3175 5555 3267 5612 his
3286 5559 3365 5612 te
3396 5555 3590 5612 adhuc

1934 5646 2241 5703 nobiscum
2266 5641 2455 5715 posito
2480 5643 2631 5700 beati
2656 5645 2846 5703 Pontii
2868 5646 3051 5705 abbas
3070 5645 3333 5702 retulerit
3354 5648 3455 5701 tua
3472 5644 3587 5701 fra-

1933 5736 2177 5793 ternitas
2208 5730 2587 5805 recognoscit.
2620 5734 2755 5790 Tua
2788 5751 2924 5806 ergo
2956 5733 3273 5808 prudentia
3304 5734 3587 5804 intererit,
