3950 6364
383 365 502 433 815

379 611 438 665 et
462 609 796 666 definienda
823 607 1255 676 commisimus,
1277 621 1518 664 causam
1547 603 1701 659 hanc
1721 597 2036 671 diligenter

378 697 696 772 inquirere,
723 702 782 755 et
809 699 892 753 ita
925 697 1168 754 Domino
1215 697 1470 754 donante
1519 708 1688 766 agere
1735 707 1808 746 ne
1837 686 2033 742 locum

370 787 611 858 justitia
639 788 860 860 perdat,
897 803 1036 843 neve
1083 787 1276 842 favore
1321 783 1640 854 cujuslibet
1687 783 1790 835 aut
1819 775 1939 834 zelo
1971 774 2031 830 in

381 871 605 950 partem
638 877 880 934 alteram
913 875 1330 950 supplanteris.
1377 876 1601 932 Memor
1628 875 1752 930 esto
1800 862 2032 925 consilii

381 971 538 1044 quod
565 987 600 1025 a
626 967 794 1024 nobis
811 967 916 1023 tibi
944 967 1146 1022 datum
1173 971 1260 1022 est
1282 965 1540 1032 abeunti,
1564 967 1620 1020 et
1636 963 1877 1020 consilio
1899 963 2034 1019 reli‘

378 1059 676 1133 giosorum
726 1056 984 1112 virorum
1039 1054 1471 1111 communicato
1524 1053 1608 1109 sic
1665 1053 2030 1124 disponenda

375 1149 642 1220 dispone,
675 1148 741 1201 ut
772 1146 1035 1202 Romana
1075 1144 1322 1217 aequitas
1351 1143 1498 1199 nulli
1547 1143 1625 1198 sit
1668 1141 2024 1198 oblocutioni

375 1236 644 1306 obnoxia,
675 1235 776 1292 sed
807 1235 864 1290 in
897 1233 1174 1290 omnibus
1195 1232 1486 1304 judicium
1519 1237 1689 1287 tuum
1719 1231 2022 1288 veritatem

373 1342 697 1398 exsequens
713 1323 1083 1380 discretionis
1099 1321 1427 1394 apostolicae
1441 1321 1712 1376 semitam
1727 1337 1841 1376 non
1855 1321 2025 1376 relin-

373 1419 534 1488 quat.
562 1416 713 1470 Sane
742 1414 836 1470 his
866 1417 922 1468 te
951 1416 1292 1483 suspectum
1327 1427 1456 1466 esse
1514 1409 1744 1467 noveris
1773 1409 1912 1482 quia
1959 1410 2018 1464 in

371 1505 544 1561 domo
565 1501 877 1559 adversarii
892 1501 1356 1558 commmoraris.
1380 1499 1650 1556 Etsolent
1671 1498 2019 1573 plerumque

369 1591 562 1650 officia
579 1609 614 1648 a
629 1591 817 1664 rigore
839 1591 1068 1647 animos
1087 1588 1852 1660 commutare.Przecipimus
1881 1605 2017 1661 ergo

369 1681 664 1740 dilectioni
695 1683 807 1738 tuae
837 1697 910 1736 ne
939 1679 1170 1736 abbatis
1199 1683 1300 1736 aut
1328 1678 1511 1734 ullius
1553 1677 1812 1734 hominis
1839 1695 2020 1734 causa

369 1773 608 1830 omittas
639 1769 780 1843 quin
812 1769 964 1826 hanc
994 1785 1255 1826 causam.
1278 1767 1566 1824 sententia
1607 1765 2014 1823 irretractabili

367 1861 610 1917 omnino
639 1859 896 1927 decidas,
927 1873 1034 1914 nec
1064 1875 1262 1913 eorum
1287 1855 1545 1930 aliquem
1577 1873 1754 1928 super
1783 1855 1893 1912 hoc
1923 1855 2012 1910 ul-
2043 1875 2094 1943 Β

367 1951 553 2007 terius
581 1945 959 2021 apostolicam
1007 1947 1203 2002 sedem
1237 1945 1530 2019 appellare
1577 1945 1902 2018 permittas.
1941 1947 2016 2002 De

367 2037 613 2096 ecclesia
641 2052 876 2110 quoque
931 2035 1092 2093 Beati
1149 2034 1444 2108 Sylvestri,
1478 2051 1595 2106 qua
1653 2033 2015 2090 Salmodien-

368 2144 463 2185 ses
494 2126 767 2183 monachi
797 2125 972 2181 Beato
1000 2125 1152 2180 Rufo
1182 2123 1496 2181 abstulisse
1544 2123 1838 2190 dicuntur,
1884 2125 2015 2195 jus-

366 2221 493 2272 tum
512 2214 752 2272 omnino
780 2216 838 2270 et
855 2212 1275 2270 irretractabile
1295 2211 1540 2270 determi
1548 2216 1683 2268 nato
1697 2212 2012 2284 judicium.

365 2309 574 2364 Cetera
599 2304 854 2360 videntur
882 2303 1204 2358 desiderari.

1088 2409 1273 2466 XXXI.

366 2501 578 2560 Urbani
603 2503 656 2557 II
679 2501 910 2566 epistola.
937 2499 1009 2555 ad
1035 2499 1362 2555 Frotardum
1408 2499 1811 2556 Tomeriensem
1846 2499 2013 2554 abba-

433 2581 557 2630 tem.
583 2603 650 2614 --
672 2574 935 2628 Hortatur
963 2578 1024 2626 ut
1051 2570 1117 2626 de
1157 2571 1331 2627 illatis
1371 2569 1773 2643 archiepiscopo
1812 2570 2014 2626 Narbo-

431 2646 593 2706 nensi
618 2643 850 2716 injuriis
879 2643 1208 2714 satisfaciat.

988 2733 1176 2803 (Anno
1205 2731 1390 2802 4089.)

790 2819 1022 2894 [MANSI,
1055 2820 1260 2877 Concil.
1291 2819 1404 2888 XX,
1435 2820 1586 2891 678.]

433 2927 712 2984 URBANUS
735 2927 1064 2998 episcopus,
1089 2943 1290 2983 servus
1307 2943 1604 2982 servorum
1617 2925 1718 2982 Dei
1741 2925 2014 2982 charissi-

363 3033 460 3073 mo
485 3021 544 3074 et
573 3015 1056 3073 reverendissimo
1095 3015 1258 3070 fratri
1303 3015 1604 3072 Fao'maoo
1652 3013 2011 3071 Tomeriensi

364 3105 563 3162 abbati
593 3105 842 3162 salutem
873 3089 930 3160 et
959 3103 1336 3177 apostolicam
1365 3104 1852 3160 benedictionem.

431 3193 746 3252 Venientes
774 3209 962 3266 nuper
1005 3194 1076 3249 ad
1117 3210 1224 3250 nos
1279 3193 1744 3250 reverendissimi
1803 3194 2010 3249 fratres

361 3283 760 3342 Narbonensis
785 3301 852 3340 ac
883 3283 1329 3340 Barcinonensis
1370 3283 1664 3340 antistites
1700 3283 2011 3339 Dalmatius

361 3378 416 3430 et
442 3372 780 3430 Berirandus
803 3373 1084 3430 adversus
1114 3373 1530 3430 fraternitatem
1562 3377 1726 3429 tuam
1752 3372 2008 3428 multum

362 3462 666 3536 conquesti
699 3467 855 3519 sunt.
889 3462 1285 3519 Narbonensis
1315 3462 1472 3519 enim
1501 3461 1775 3518 ecclesias
1806 3477 1944 3518 suas
1975 3479 2008 3518 a

359 3556 419 3620 te
463 3551 696 3609 invasas
729 3556 785 3608 et
829 3552 1364 3609 excommunicatos
1395 3569 1429 3608 a
1458 3556 1516 3608 te
1545 3555 1806 3624 receptos
1836 3555 1895 3606 et
1946 3551 2007 3607 in

357 3641 588 3698 Jacensi
622 3641 759 3698 sede
787 3658 890 3715 per
919 3647 976 3698 te
1006 3641 1131 3699 sine
1161 3637 1271 3698 sua
1303 3640 1539 3710 licentia
1561 3641 1858 3698 asserebat
1885 3641 2006 3714 epi-

357 3740 601 3803 s‘copum
623 3735 1044 3788 consecratum.
1072 3731 1370 3787 Mortuum
1393 3747 1624 3804 quoque
1645 3729 1755 3786 sub
1773 3729 2008 3787 anathe-

358 3824 512 3876 mate
525 3818 844 3876 monachos
855 3824 990 3876 tuos
1012 3819 1430 3883 extumulasse,
1445 3817 2005 3874 etintracoenobium

357 3908 691 3964 tumulasse
731 3907 980 3964 dicebat.
1035 3907 1197 3970 Quod
1243 3908 1449 3963 auditu
1500 3923 1734 3980 quoque
1782 3907 2010 3964 videtur

355 3997 738 4053 horrendum.
771 3996 958 4067 Super
985 3995 1081 4052 his
1111 3995 1384 4052 omnibus
1416 3995 1466 4052 si
1495 4012 1630 4052 vera
1659 3999 1800 4052 sunt
1842 3999 2006 4052 tuam

356 4083 698 4158 religionem
728 4081 779 4140 ei
811 4099 1066 4157 congrue
1097 4085 1432 4140 satisfacere
1447 4083 1621 4157 legati
1654 4083 1838 4140 nostri
1851 4084 2010 4156 judi-

357 4175 468 4242 cio,
499 4177 558 4230 et
597 4173 670 4230 ab
703 4171 1002 4229 invasione
1048 4188 1252 4228 eorum
1295 4189 1422 4245 quae
1473 4177 1612 4228 sunt
1657 4172 2006 4246 episcopalis

348 4262 506 4333 juris
531 4261 603 4318 de
631 4264 837 4317 caetero
867 4259 1182 4327 abstinere,
1211 4263 1269 4316 et
1285 4277 1488 4333 pacem
1519 4276 1652 4316 cum
1683 4276 1749 4316 eo
1773 4260 2004 4317 ﬁrmam

355 4351 569 4407 habere
599 4353 665 4405 ut
692 4349 938 4422 dignum
969 4353 1058 4406 est
1077 4349 1240 4405 vobis
1262 4349 1644 4422 deprecamur
1671 4352 1848 4422 atque
1867 4367 2007 4422 prae-

355 4438 628 4512 cipimus.
661 4435 1106 4495 Barcinonensis
1137 4441 1414 4510 praeterea
1437 4437 1792 4510 querebatur
1819 4454 2006 4494 como-

356 4528 521 4585 bium
551 4526 749 4584 Sancti
781 4526 1098 4592 Cucufatis,
1135 4526 1289 4599 quod
1323 4526 1586 4600 suijuris
1616 4529 1724 4595 est,
1755 4531 1810 4582 te
1842 4526 2002 4584 iuva-

1683 369 1756 435 s.
1800 367 2190 454 summa
2234 372 2487 439 PAPJE.

381 516 485 574 cui
505 516 848 592 huiusmodi
877 515 1114 592 negotia
1138 512 1198 574 in
1224 511 1628 590 partibus-illis
1659 504 2032 568 discutienda
2057 507 2114 576 Α

3667 369 3806 438 316

2853 507 3075 569 XXXII.

2147 603 2351 662 Urbani
2373 605 2425 662 ΙΙ
2457 604 2683 676 cpistola
2728 601 2802 664 ad
2848 595 3232 676 Raymundum
3290 598 3560 676 comitem,
3593 597 3808 676 ﬁ{gnte-

2212 678 2389 733 ricum
2443 670 2822 744 vicccomitem,
2883 670 3086 730 clarum
3145 671 3516 746 populumque
3587 670 3806 729 Narbo-

2211 765 2453 806 mensem.

2761 837 2948 908 (Anno
2980 833 3163 906 1089.)

2467 919 2478 934 “
2557 927 2791 998 [ΜΑΝΒΙ,
2825 925 3030 982 Concil.
3061 923 3176 991 XX,
3209 923 3358 990 678.]

2208 1017 2476 1073 Uasanns
2507 1016 2836 1088 episcopus,
2877 1030 3080 1070 servus
3127 1027 3427 1069 servorum
3461 1008 3582 1079 Dei,
3627 1007 3797 1066 clero

2133 1109 2192 1162 et
2221 1105 2436 1179 populo
2487 1103 2870 1172 Narbonensi,
2903 1103 3232 1160 RAYMUNDO
3268 1098 3536 1156 videlicet
3582 1098 3796 1156 comiti

2133 1200 2310 1269 atque
2335 1201 2635 1252 AYMERICO
2663 1193 2984 1250 vicecomiti
3030 1189 3394 1247 charissimis
3423 1187 3582 1257 filiis,
3617 1187 3793 1245 salu-

2131 1292 2246 1344 tem
2280 1290 2338 1344 et
2365 1285 2746 1358 apostolicam
2777 1281 3260 1338 benedictionem.

2200 1375 2537 1440 Venientem
2569 1373 2642 1430 ad
2671 1389 2777 1428 nos
2808 1369 3356 1428 reverendissimum
3406 1366 3644 1424 fratrem
3677 1381 3792 1421 no-

2129 1467 2317 1520 strum
2330 1462 2684 1520 Dalmatium
2695 1505 2707 1528 ,
2720 1463 3033 1517 vestratem
3051 1457 3185 1514 arch
3195 1455 3795 1530 iepiscopum,debita

2126 1553 2499 1610 veneratione
2521 1551 2914 1623 suscepimus,
2936 1549 3184 1620 ejusque
3204 1546 3553 1619 probitatem
3579 1548 3636 1600 et
3658 1542 3798 1598 reli-

2126 1642 2360 1716 gionem
2385 1641 2742 1713 jamdudum
2773 1642 3178 1712 agnoscentes,
3233 1637 3429 1708 ipsum
3477 1631 3788 1690 dilectioni

2123 1735 2328 1787 vestra:
2359 1728 2688 1803 apostolica:
2725 1727 2882 1783 sedis
2911 1725 3177 1799 apicibus
3207 1721 3788 1780 commendavimus.

2125 1820 2242 1876 Vos
2274 1819 2474 1892 itaque
2501 1819 2552 1875 ei
2589 1823 2654 1874 ut
2683 1815 2894 1872 dilecto
2925 1823 2984 1872 et
3039 1813 3324 1871 catholico
3356 1811 3532 1889 Patri,
3583 1809 3797 1867 dilecti

2128 1909 2254 1977 filii,
2288 1909 2536 1974 obedite,
2571 1905 2951 1963 reverentiam
2983 1907 3040 1962 et
3063 1902 3321 1959 debitam
3355 1900 3794 1974 subjectionem

2126 2004 2193 2056 ut
2219 1998 2440 2056 domini
2460 1997 2673 2054 vicario
2698 1995 2756 2051 in
2776 1994 3054 2051 omnibus
3072 1991 3358 2058 exhibete,
3375 1990 3634 2046 decimas
3659 1989 3797 2044 uni-

2125 2089 2338 2160 cuique
2369 2086 2624 2143 ecclesia
2656 2085 3013 2158 pertinentes
3043 2099 3112 2138 ex
3168 2080 3394 2154 integro
3445 2079 3694 2144 reddite,
3727 2084 3794 2134 et

2125 2193 2490 2250 quaecunque
2528 2172 2876 2248 episcopalis
2921 2169 3167 2244 justitiae
3199 2173 3357 2238 sunt,
3389 2168 3619 2242 integra
3667 2167 3791 2223 sibi

2125 2269 2480 2322 conservate.
2515 2267 2648 2331 Quae
2705 2267 2902 2319 autem
2935 2259 3100 2316 vobis
3149 2276 3216 2315 ex
3245 2258 3492 2314 Domino
3548 2255 3790 2323 dixerit,

2123 2357 2327 2412 devote
2357 2372 2422 2411 ac
2453 2353 2703 2410 libenter
2756 2350 2952 2408 audite
2991 2353 3049 2406 et
3105 2347 3358 2404 obedite.
3391 2346 3499 2403 Pro
3546 2344 3790 2402 Christo

2123 2445 2280 2502 enim
2312 2442 2601 2517 legatione
2631 2441 2898 2513 fungitur
2950 2439 3102 2495 inter
3145 2453 3248 2493 vos
3305 2437 3619 2492 obsecrans
3672 2451 3790 2508 pro

2122 2533 2354 2589 Christo
2384 2537 2449 2588 ut
2487 2527 2942 2587 reronciliemini
2993 2531 3124 2583 Deo.
3172 2526 3372 2598 Ipsum
3431 2540 3568 2598 ergo
3627 2523 3792 2580 sicut

2121 2621 2420 2678 Christum
2460 2619 2766 2676 audientes
2813 2621 2872 2674 et
2899 2617 3256 2674 honorantes
3313 2629 3507 2671 mores
3549 2617 3786 2670 vestros

2121 2711 2414 2784 corrigite,
2448 2727 2482 2766 a
2507 2708 2664 2764 vitiis
2686 2706 2997 2776 abstinete,
3025 2706 3136 2762 Deo
3158 2705 3218 2758 in
3247 2703 3524 2760 omnibus
3545 2701 3786 2776 placere

2121 2804 2338 2856 curate.
2372 2799 2433 2855 Si
2463 2798 2620 2855 enim
2651 2799 2768 2854 Deo
2797 2796 3023 2870 placere
3064 2793 3430 2860 studueritis,
3476 2795 3780 2866 pastorem

2120 2890 2376 2964 profecto
2406 2889 2521 2945 Deo
2552 2887 2876 2961 placentem
2907 2883 3220 2950 habebitis,
3243 2887 3302 2940 et
3329 2897 3633 2938 summum
3667 2899 3780 2955 pro

2117 2979 2282 3036 vobis
2303 2977 2566 3050 judicem
2595 2973 2996 3048 interpellans,
3027 2971 3142 3029 nisi
3171 2976 3365 3028 vestra
3393 2968 3608 3026 delicta
3654 2971 3782 3026 im-

2118 3067 2377 3142 pediant,
2410 3053 2704 3139 copiosius
2760 3062 3051 3120 audietur.
3085 3061 3180 3118 Eis
3237 3064 3430 3116 autem
3484 3057 3587 3131 qui
3616 3059 3780 3115 bona

2118 3155 2512 3214 Narbonensis
2543 3153 2812 3210 Ecclesia
2843 3151 3064 3222 injuste
3094 3149 3358 3208 detinent
3387 3152 3445 3205 et
3489 3146 3779 3205 violenter

2040 3247 2084 3316 C
2123 3247 2415 3316 auferunt,
2445 3243 2863 3300 denuntiamus
2891 3239 2950 3296 in
2983 3239 3222 3296 nomine
3262 3237 3490 3294 Domini
3541 3237 3680 3294 Jesu
3715 3241 3777 3294 et

2118 3334 2438 3408 apostolica
2469 3331 2815 3390 auctoritate
2845 3327 3218 3402 praecipimus
3248 3330 3540 3400 quatenus
3568 3330 3671 3382 aut
3701 3342 3775 3382 ea

2117 3422 2550 3496 archiepiscopo
2581 3421 2848 3488 reddant,
2881 3423 2984 3475 aut
3013 3421 3249 3490 pactum
3280 3408 3415 3472 cum
3441 3432 3508 3472 eo
3542 3413 3658 3471 tale
3685 3415 3774 3472 fa-

2117 3511 2293 3580 ciant,
2319 3512 2474 3586 quod
2496 3510 2609 3584 ipsi
2633 3510 2850 3566 debent
2867 3507 3250 3580 complacere,
3273 3521 3346 3562 ne
3369 3505 3524 3561 bona
3547 3503 3775 3576 injuste

2115 3601 2454 3670 detinenda,
2475 3604 2532 3657 et
2552 3597 2864 3656 auferendo
2883 3601 3132 3666 terrena,
3157 3598 3215 3652 et
3234 3595 3442 3650 animm
3464 3593 3773 3650 incurrant

2117 3690 2442 3764 periculum
2471 3693 2531 3746 et
2556 3687 2725 3745 bonis
2759 3686 3059 3760 priventur
3081 3683 3334 3741 aeternis.
3361 3680 3522 3752 Quod
3553 3681 3604 3738 si
3637 3698 3772 3739 nos-

2115 3784 2206 3836 tra
2243 3783 2530 3853 praecepta
2574 3774 3052 3848 contempserint,
3113 3791 3248 3830 cum
3279 3773 3488 3828 iterata
3537 3771 3609 3828 ad
3659 3789 3770 3830 nos

2115 3866 2355 3941 querela
2372 3865 2719 3939 pervenerit,
2753 3881 2860 3920 nos
2885 3878 3177 3920 canonum
3226 3860 3509 3918 ultionem
3551 3863 3610 3916 et
3636 3859 3770 3934 gla-

2115 3957 2278 4012 dium
2309 3953 2551 4028 spiritus
2581 3969 2922 4021 exeremus;
2954 3951 3292 4009 obedientes
3340 3966 3474 4006 vero
3521 3950 3769 4009 monitis

2115 4043 2333 4102 nostris
2365 4043 2766 4100 misericordia
2796 4042 2993 4099 divina
3021 4039 3330 4098 custodiat.

2825 4148 3063 4205 XXXIII.

2119 4241 2323 4300 Urbani
2349 4241 2401 4296 II
2421 4253 2584 4312 papae
2609 4239 2840 4312 epistola
2879 4238 2950 4293 ad
2994 4237 3200 4312 clerum
3243 4239 3296 4292 et
3333 4235 3548 4306 plebem
3605 4236 3769 4312 Victi-

2185 4307 2508 4368 nensemI-l
2529 4307 3002 4382 Archiepiscopum
3032 4310 3382 4382 Viennensem
3401 4307 3765 4382 commendat,

2183 4387 2234 4441 et
2261 4383 2513 4455 pracipit
2535 4385 2594 4437 ut
2614 4377 3066 4455 caproslilaantur
3087 4394 3212 4455 quae
3237 4379 3304 4455 de
3324 4377 3478 4434 bonis
3505 4379 3767 4455 Ecclesia:

2190 4451 2504 4513 Viennensis
2532 4453 2760 4510 Ataldus
2789 4453 3119 4525 prapositus
3147 4451 3536 4522 dissipaverat.

2740 4542 2924 4612 (Anno
2957 4539 3140 4613 1089.)

356 4618 529 4674 dente
557 4616 858 4674 sublatum
890 4615 1192 4673 monachis
1217 4614 1498 4672 violenter
1526 4615 1784 4688 expulsis
1809 4634 1822 4685 ;
1849 4615 1977 4672 iden

2195 4676 2200 4690 .
2235 4633 2528 4699 Bouoos'r,
2557 4631 2815 4708 licessit,
2846 4633 2888 4685 t.
2924 4628 3088 4708 λιν,
3121 4645 3178 4700 p.
3202 4627 3336 4708 991,
3383 4643 3452 4684 ex
3499 4626 3760 4684 Biblioth.

355 4707 532 4764 etiam
563 4706 635 4763 de
663 4703 924 4763 coenobio
954 4705 1140 4761 sancti
1172 4704 1466 4761 Laurentii
1492 4705 1709 4762 factum
1733 4704 2000 4762 astruxit.

355 4795 502 4859 Quia
530 4795 710 4866 igitur
737 4797 796 4850 et
817 4793 906 4850 vir
923 4793 1060 4850 talis
1082 4798 1171 4850 est
1187 4810 1418 4850 morum
1441 4793 1724 4867 dignitate
1744 4798 1801 4850 et
1821 4796 2006 4866 ponti-

326 4882 522 4950 ,ﬁcali'
542 4884 730 4956 gratia
757 4886 825 4940 ut
867 4883 918 4938 ei
975 4882 1304 4938 discredere
1347 4899 1460 4939 non
1513 4883 1828 4956 possimus,
1859 4887 1916 4940 et
1937 4888 2000 4941 tu

356 4969 497 5029 olim
527 4971 696 5027 nobis
724 4971 894 5026 aliter
942 4969 1211 5038 retulisti,
1252 4988 1441 5027 causae
1490 4971 1672 5044 hujus
1704 4972 1999 5044 judicium

357 5058 762 5119 irretractabili
795 5059 1084 5116 sententia
1118 5059 1556 5117 terminandum
1581 5060 1770 5134 legato
1801 5067 2000 5119 nostro

359 5149 790 5216 mandavimus,
823 5152 880 5205 et
908 5153 965 5204 te
994 5148 1046 5204 ei
1069 5149 1294 5220 judicio
1330 5149 1602 5207 volumus
1651 5150 1903 5218 obedire,
1937 5157 2001 5206 ut

359 5255 549 5312 neque
597 5241 682 5306 tu,
741 5253 930 5310 neque
987 5237 1086 5294 ille
1145 5237 1390 5295 ulterius
1437 5255 1617 5311 super
1660 5239 1770 5295 hoc
1801 5241 1999 5296 sedem

357 5325 736 5402 apostolicam
768 5327 1187 5400 permittamini
1235 5327 1545 5402 appellare.
1586 5329 1866 5386 Praeterea
1909 5346 2000 5385 ro-

359 5421 566 5492 ganter
593 5433 890 5489 rogamus,
923 5418 1422 5490 quemadmodum
1454 5419 1525 5474 de
1545 5421 1648 5474 tua
1678 5417 1916 5492 speciali
1945 5422 2002 5474 et

359 5504 630 5564 familiari
660 5505 936 5580 religione
959 5505 1332 5575 conﬁdimus,
1353 5512 1421 5564 ut
1439 5507 1875 5566 Narbonensem
1897 5524 2000 5564 an-

357 5596 603 5654 tistitem
631 5595 784 5652 sicut
811 5595 1111 5669 proprium
1140 5600 1199 5653 et
1217 5596 1447 5655 Patrem
1477 5597 1844 5670 spiritualem
1877 5614 2000 5654 res-

360 5689 532 5760 pectu
561 5683 691 5758 ejus
721 5687 890 5760 cujus
919 5685 1041 5742 vice
1073 5685 1335 5760 fungitur
1354 5687 1666 5746 reverearis
1689 5691 1746 5746 et
1763 5685 1997 5760 diligas.

2547 4703 2776 4758 Floriac.
2810 4703 2974 4774 parte
3003 4717 3085 4768 Ill,
3117 4717 3175 4772 p.
3202 4701 3318 4772 76.)

2184 4795 2462 4850 URBANUS
2483 4790 2813 4864 episcOpus,
2838 4807 3040 4846 servus
3063 4799 3364 4846 servordm
3382 4786 3508 4854 Dei,
3531 4787 3763 4846 dilectis

2109 4884 2266 4952 filiis,
2299 4881 2453 4938 clero
2485 4884 2542 4938 et
2571 4879 2758 4936 ordini
2791 4879 3133 4947 monastico,
3167 4895 3274 4935 nec
3306 4895 3421 4934 non
3460 4875 3764 4934 nobilibus

2107 4977 2166 5032 et
2193 4971 2349 5046 plebi
2377 4971 2656 5027 Viennnsa
2687 4969 3168 5034 consistentibus,
3201 4967 3452 5025 salutem
3481 4969 3542 5022 et
3587 4983 3760 5038 apos-

2107 5061 2341 5120 tolicam
2377 5059 2862 5117 benedictionem.

2109 5161 2117 5171 '
2179 5151 2332 5208 Beati
2362 5149 2515 5206 Petri
2545 5147 2754 5216 filium,
2788 5151 3058 5204 nostrum
3081 5149 3275 5204 autem
3309 5145 3570 5211 fratrem,
3592 5159 3762 5200 vene-

2109 5238 2351 5296 rabilem
2389 5242 2564 5310 atque
2619 5236 3030 5293 charissimum
3086 5233 3592 5308 archiepiscoPum
3629 5249 3758 5290 ves-

2105 5331 2286 5395 trum,
2301 5326 2624 5384 venientem
2647 5325 2718 5380 ad
2743 5341 2850 5382 nos
2865 5341 3126 5398 congrua
3149 5323 3469 5382 reverentia
3488 5326 3547 5380 et
3559 5322 3760 5379 debita

2109 5415 2414 5474 dulcedine
2444 5413 2745 5472 charitatis
2782 5415 3136 5490 excepimus.
3171 5413 3318 5482 Quia
3343 5428 3476 5470 vero
3511 5410 3756 5468 antehac

2107 5506 2276 5564 nobis
2299 5505 2443 5564 facie
2463 5505 2700 5578 ignotus
2719 5503 3038 5574 exstiterat,
3057 5521 3290 5562 morum
3309 5502 3677 5561 honestatem
3698 5505 3758 5558 et

2107 5596 2324 5654 indolis
2351 5596 2482 5669 ejus
2509 5594 2754 5669 egregiae
2799 5595 3058 5653 volentes
3090 5593 3444 5652 industriam
3482 5589 3756 5664 experiri,

2109 5685 2416 5748 nobiscum
2437 5701 2572 5743 eum
2591 5683 2931 5760 aliquandiu
2948 5682 3314 5760 propensiori
3331 5681 3635 5740 aﬂ'ectione
3653 5680 3759 5738 du-
