3950 6358
218 371 379 435 -317

1433 375 1840 443 EPISTOLE
1880 376 1981 443 ET
2012 375 2503 443 ‘PRIVILEGIA.

3543 380 3664 453 3l8

252 506 457 563 ximus
487 507 890 565 detinendam.
918 510 1371 568 ‘Gratiasautem
1390 511 1526 580 Deo,
1543 512 1681 583 quia
1696 510 1755 567 in
1779 527 1845 567 eo
1856 514 1913 567 et
1939 514 1995 581 Α
2025 511 2419 584 apostolorum
2434 511 2763 587 principum
2787 512 2939 570 Petri
2959 512 3190 572 etPauli
3216 515 3453 590 specula
3463 521 3659 592 positi,

200 626 217 635 -
252 597 522 655 scientia
550 615 819 672 saporem
849 604 906 656 et
920 601 1243 658 honestatis
1260 601 1494 657 odorem
1525 600 1911 657 bonuminve-

251 687 480 744 nimus.
521 687 750 744 Merum
800 688 981 762 igitur
1020 691 1149 762 ejus
1199 690 1555 758 maturitate,
1607 689 1907 745 industria

253 776 572 850 probitate,
605 778 904 851 animique
935 780 1247 851 prudentia
1275 777 1905 852 plurimumdelectati,

252 883 392 922 cum
417 867 545 939 jam
577 868 649 922 de
678 868 853 925 charo
879 868 1223 936 chariorem,
1255 870 1326 925 de
1355 868 1629 925 familiari
1658 867 1907 923 familia-

253 956 474 1012 riorem
535 957 854 1025 effecimus,
917 959 1060 1014 adeo
1090 963 1156 1014 ut
1211 958 1421 1014 dehinc
1462 975 1576 1013 non
1624 961 1907 1029 tanquam

253 1044 516 1114 Gallum,
551 1047 653 1103 sed
687 1050 966 1121 tanquam
991 1049 1321 1105 Romanum
1352 1048 1411 1102 in
1446 1048 1710 1103 Romana
1747 1046 1911 1101 curia

252 1135 798 1192 censeamus.Unde
826 1140 883 1192 et
913 1140 1295 1193 revertentem
1326 1138 1397 1192 ad
1432 1154 1534 1191 vos
1566 1135 1780 1191 nostris
1806 1134 1906 1189 lit-

252 1224 401 1281 teris
432 1224 748 1299 prosecuti,
783 1226 1052 1282 charitati
1081 1231 1283 1282 vestra
1302 1225 1581 1281 attentius
1611 1240 1906 1280 commen-

252 1315 496 1382 damus,
527 1320 593 1371 ut
623 1315 722 1389 qui
754 1333 858 1388 per
886 1333 947 1372 se
962 1315 1126 1372 vobis
1143 1316 1355 1372 charus
1374 1315 1658 1372 hactenus
1679 1317 1735 1369 et
1747 1330 1910 1370 vene-

194 1426 201 1429 ·
254 1403 464 1460 rabilis
484 1404 733 1461 habitus
790 1409 898 1474 est,
958 1423 1061 1478 per
1098 1423 1206 1461 nos
1260 1405 1536 1477 deinceps
1568 1404 1798 1460 charior
1852 1406 1909 1458 et

249 1492 649 1553 venerabilior
676 1494 977 1551 habeatur.
1009 1495 1125 1550 Nos
1155 1493 1308 1550 enim
1328 1511 1460 1549 cum
1487 1510 1590 1566 pro
1621 1491 1907 1566 generalis

198 1614 201 1617 ι
251 1583 555 1656 aquitatis
587 1584 802 1651 debito,
834 1589 975 1639 tunc
1005 1600 1108 1655 pro
1131 1583 1367 1654 speciali
1398 1584 1526 1654 ejus
1577 1581 1905 1649 dilectione,

251 1672 551 1745 quidquid
580 1673 838 1741 honoris,
866 1673 1149 1746 quidquid
1172 1672 1495 1746 dignitatis,
1511 1677 1907 1727 antecessores

250 1762 445 1817 nostri
474 1762 712 1817 Vienna
746 1761 1013 1818 Ecclesia
1051 1761 1442 1827 contulerunt,
1503 1761 1748 1816 Domino
1792 1760 1906 1814 lar-

2017 602 2259 659 Domino
2289 602 2653 676 disponente,
2685 602 3012 672 existimas,
3032 607 3186 679 quod
3211 604 3387 682 igitur
3417 611 3664 668 necessi-

2016 691 2237 748 tatibus
2261 692 2697 765 peregrinorum
2728 694 3013 752 cbaritate
3043 696 3240 752 debita
3268 698 3657 770 providentes,

1974 832 1977 837 .
2017 779 2367 853 hospitalem
2382 783 2515 838 dom
2527 799 2644 852 um,
2652 785 2676 856 j
2687 789 2826 840 uxta
2835 789 3064 858 portam
3079 790 3282 843 vestra
3296 787 3353 842 Pi
3361 788 3662 848 storiensis

2018 871 2202 937 urbis,
2260 889 2387 944 qua
2443 876 2499 927 S.
2534 873 2688 929 Petri
2741 873 2974 941 dicitur,
3032 876 3346 946 adiuvante
3392 878 3661 947 Domino,

2015 959 2224 1015 vestris
2253 958 2539 1033 impensis
2554 961 2907 1034 adiﬁcastis;
2927 980 3056 1030 nos,
3088 969 3264 1037 prout
3285 966 3530 1040 dignum
3553 973 3662 1034 est,

1968 1088 1977 1093 -
2017 1052 2276 1104 vestrum
2289 1050 2551 1121 studium
2566 1050 2990 1120 collaudamus,
3006 1054 3425 1128 prasentisque
3437 1058 3662 1131 pagina

2017 1138 2359 1194 auctoritate
2384 1140 2755 1196 decernimus
2784 1144 2849 1196 ut
2877 1141 3257 1211 decimarum,
3289 1160 3415 1216 qua
3445 1146 3609 1203 vobis
3631 1165 3666 1203 a

2017 1226 2230 1297 popqu
2261 1228 2494 1297 dantur,
2529 1245 2663 1300 pars
2693 1228 2943 1298 decima,
2972 1231 3307 1289 etlaborum
3333 1239 3662 1292 vestrorum

2018 1315 2262 1381 decima,
2297 1319 2846 1388 quemadmoduma
2873 1319 3038 1376 vobis
3053 1322 3414 1380 unanimiter
3444 1329 3662 1383 eststa-

2018 1409 2142 1459 tutu
2154 1423 2207 1460 ni
2219 1405 2427 1470 ,eidem
2443 1406 2716 1479 hospitali
2736 1408 2936 1464 domui
2950 1410 3227 1484 deinceps
3241 1412 3299 1467 in
3315 1397 3663 1487 perpetuum

2016 1494 2406 1551 conferantur.
2440 1496 2721 1551 Praterea
2748 1497 3067 1568 apostolica
3096 1502 3439 1558 auctoritate
3467 1521 3663 1561 cense-

2016 1601 2149 1638 mus
2182 1589 2247 1640 ut
2277 1601 2636 1657 quacunque
2654 1584 2826 1642 hodie
2853 1588 3056 1644 eadem
3094 1588 3402 1663 hospitalis
3448 1592 3661 1649 domus

2006 1675 2168 1745 juste
2195 1674 2471 1746 possidet,
2507 1675 2625 1730 sive
2654 1675 2715 1730 in
2728 1676 3049 1733 crastinum
3068 1679 3443 1736 concessione
3471 1683 3661 1752 ponti-

2016 1763 2213 1829 ficum,
2248 1763 2553 1836 largitione
2586 1765 3043 1838 principum,vel
3074 1765 3366 1823 oblatione
3396 1768 3659 1825 fidelium

251 1852 471 1925 giente‘,
492 1852 728 1907 ﬁrmum
748 1849 1608 1925 perpetuumqueservahimus.
1648 1854 1719 1905 De
1738 1849 1906 1904 bonis
1939 1887 1985 1952 B
2016 1853 2169 1924 iuste
2195 1857 2370 1924 atque
2422 1855 2697 1909 canonice
2747 1854 2958 1927 poterit
3013 1854 3280 1928 adipisci,
3316 1856 3483 1912 firma
3524 1859 3575 1914 ei
3606 1862 3664 1915 et

250 1940 456 1997 autem
476 1939 742 1997 Ecclesia
766 1944 987 2009 vestra,
1004 1958 1129 2013 qua
1159 1939 1403 1995 Ataldus
1420 1938 1769 2011 prapositus
1786 1937 1904 1993 dis-

252 2030 489 2103 sipavit,
519 2034 585 2085 ut
614 2030 673 2085 in
704 2030 967 2100 eiusdem
1018 2028 1437 2100 archiepise0pi
1488 2045 1696 2083 manus
1737 2027 1907 2083 resti-

253 2123 505 2175 tuantur
532 2118 771 2175 omnino
800 2119 1192 2191 pracipimus;
1221 2117 1270 2173 si
1302 2118 1401 2189 qui
1434 2134 1563 2172 vero
1603 2122 1905 2172 contuma-

253 2209 402 2265 citer
428 2208 796 2264 bonaeadem
814 2205 1905 2280 retinereprasumpserint,apostolica

253 2297 515 2371 profecto
539 2296 784 2369 justitia
840 2297 1094 2353 sentient
1149 2294 1456 2351 ultionem.
1518 2295 1717 2365 Neque
1747 2294 1904 2349 enim

254 2386 650 2443 Viennensem
705 2386 1021 2443 Ecclesium
1077 2384 1335 2456 antiquis
1392 2383 1561 2440 bonis
1619 2383 1902 2450 minuere,

257 2477 362 2533 sed
390 2492 495 2550 per
522 2475 623 2532 Dei
654 2476 903 2549 gratiam
935 2491 1276 2531 conservare
1307 2478 1361 2529 (t
1404 2489 1636 2545 augere,
1669 2472 1907 2545 justitia

258 2566 534 2634 dictante,
567 2565 958 2638 disponimus.
993 2563 1374 2636 Omnipotens
1432 2563 1588 2619 Deus
1634 2562 1902 2635 potentia

258 2673 378 2712 sua
411 2656 647 2712 dextera
674 2654 918 2711 interius
949 2671 1049 2710 vos
1071 2652 1444 2724 exteriusque
1475 2651 1785 2708 custodiat.

970 2769 1203 2826 XXXIV.

259 2863 467 2921 Urbani
508 2876 673 2935 papae
717 2863 775 2935 ΙΙΑ
800 2859 1157 2935 epistoladad
1209 2856 1588 2932 suifraganeos
1631 2857 1902 2935 Ecclesiae

326 2929 671 2990 Arelatensis.
730 2929 850 2989 Illis
906 2931 1179 3003 signiﬁcat
1221 2929 1435 2985 eilorta
1489 2945 1558 2984 ea:
1616 2929 1900 3003 Guibilino

324 3008 568 3077 episcopo
589 3007 907 3078 juramenta
934 3001 1097 3078 irrle
1126 3019 1160 3057 α
1186 3018 1242 3057 se
1267 3003 1415 3072 facta
1445 3016 1587 3062 esse;
1617 3017 1777 3072 quem
1805 3001 1902 3073 qui

322 3075 602 3150 ceperint,
614 3093 702 3133 eos
727 3078 959 3147 infames
979 3075 1239 3130 declarat.

751 3165 938 3234 (Circa
967 3179 1187 3218 annum
1214 3162 1399 3229 4089.)

681 3255 910 3327 [MANSI,
930 3254 1134 3309 Concil.
1164 3252 1274 3322 XX,
1303 3250 1457 3323 700.]

328 3373 607 3430 URBANUS
637 3371 966 3445 episcopus,
1000 3385 1202 3425 servus
1220 3383 1514 3423 servorum
1533 3365 1654 3431 Dei,
1692 3365 1899 3420 suifra-

265 3462 465 3536 ganeis
494 3459 762 3518 Ecclesia
793 3457 1146 3515 Arelatensis
1167 3455 1415 3512 salutem
1435 3457 1491 3510 et
1520 3453 1898 3526 apostolicam

259 3553 742 3614 benedictionem.

326 3644 433 3701 Illa
461 3642 661 3700 omnia
712 3640 1077 3696 sacramenta
1131 3651 1256 3707 qua
1304 3633 1584 3689 adversus
1631 3632 1897 3687 Ecclesiae

210 3758 215 3763 ·
248 3733 541 3808 justitiam
571 3736 744 3804 atque
773 3727 1113 3801 religionem
1143 3724 1432 3781 confrater
1457 3721 1789 3778 Guibilinus
1808 3740 1896 3778 ar-

255 3824 663 3899 chiepiscopus
718 3822 908 3874 vester
942 3814 1162 3872 invitus
1193 3818 1249 3870 et
1278 3813 1554 3870 omnibus
1588 3811 1778 3867 modis
1808 3827 1897 3866 co-

255 3918 418 3971 actus
454 3914 693 3986 jurasse
739 3906 1128 3981 cognoscitur,
1181 3904 1338 3976 quia,
1391 3906 1455 3956 ut
1496 3901 1893 3974 pradiximus,

252 4005 365 4062 Deo
395 4008 456 4061 et
477 3999 746 4059 Ecclesia
795 3993 1311 4053 constitutionibus
1344 3992 1746 4058 adversantur,
1797 3991 1893 4046 de-

254 4094 387 4151 creti
418 4089 605 4149 nostri
628 4087 970 4146 auctoritate
990 4081 1406 4139 irritaomnino
1438 4095 1567 4136 esse
1586 4096 1893 4136 censemus

252 4188 307 4242 et
331 4179 659 4239 Arelatensi
688 4175 957 4234 Ecclesia
979 4175 1270 4230 annuente
1319 4169 1566 4225 Domino
1617 4173 1894 4242 perpetuo

252 4281 589 4348 permanere
619 4264 1140 4324 decernimus.Eos
1173 4264 1365 4317 autem
1400 4259 1500 4331 qui
1553 4259 1892 4331 praedictum

228 4364 437 4420 'virum
467 4363 703 4434 captum
737 4354 949 4439 gladiis
981 4356 1037 4410 et
1063 4351 1462 4408 membrorum
1499 4348 1892 4404 detruncatio-

252 4455 423 4510 nibus
453 4438 841 4523 perterrentes
871 4441 1139 4500 nefandis
1171 4438 1553 4498 sacramentis
1595 4439 1722 4494 ausi
1755 4442 1894 4493 sunt

253 4541 574 4616 implicare,
607 4538 856 4594 infames
889 4535 947 4589 in
999 4534 1344 4605 perpetuum
1377 4546 1506 4584 esse
1550 4527 1888 4593 sancimus;

2016 1941 2243 1999 illibata
2258 1949 2658 2015 permaneant.
2674 1942 3053 1999 Decernimus
3064 1961 3200 2018 ergo
3214 1962 3286 2001 ne
3297 1944 3401 2001 ulli
3423 1947 3661 2005 omnino

2015 2030 2321 2087 hominum
2352 2031 2523 2089 liceat
2541 2034 2809 2088 eamdem
2825 2033 3066 2089 domum
3082 2037 3301 2089 temere
3323 2037 3663 2107 perturbare

2015 2126 2115 2176 aut
2145 2122 2296 2177 infra
2326 2139 2452 2177 eam
2487 2122 2743 2195 aliquem
2775 2128 3116 2196 capere,aut
3144 2123 3229 2178 eis
3253 2124 3664 2199 subditaspos-

2015 2210 2305 2267 sessiones
2327 2212 2575 2279 auferre,
2599 2211 2884 2279 minuere,
2916 2212 3005 2269 vel
3035 2213 3379 2281 temerariis,
3409 2216 3662 2273 vexatio-

2015 2299 2189 2355 nibus
2223 2300 2481 2373 fatigare.
2530 2301 2642 2357 Sed
2683 2302 2883 2358 omnia
2936 2302 3167 2375 integra
3223 2308 3659 2375 conserventur,

2014 2406 2214 2445 eorum
2248 2407 2350 2462 pro
2409 2407 2659 2462 quorum
2718 2391 3159 2447 conservatione
3217 2407 3496 2449 concessa
3525 2398 3663 2450 sunt

2013 2477 2241 2546 usibus,
2270 2495 2589 2550 eorumque
2618 2478 2791 2536 saluti
2825 2479 2925 2552 qui
2967 2478 3286 2536 obtulerint
3331 2482 3658 2553 profutura.

2010 2566 2285 2637 Ejusdem
2310 2566 2529 2623 tenoris
2543 2564 2912 2640 privilegium
2925 2566 3152 2623 cateris
3163 2583 3418 2640 quoque,
3439 2569 3540 2640 qui
3558 2587 3663 2643 per

2009 2659 2265 2710 vestrum
2280 2655 2614 2728 episcopatu
2624 2672 2679 2711 m
2692 2654 3249 2728 sunt,hospitalibus
3261 2655 3658 2730 indulgemus,

2009 2743 2061 2798 ei
2092 2743 2376 2809 videlicet,
2412 2761 2538 2816 qua
2561 2745 2727 2816 juxta
2756 2744 2968 2800 Villam
3000 2746 3344 2811 Quarratam
3374 2749 3466 2801 est
3482 2746 3662 2803 adifi-

2009 2838 2157 2899 cata,
2189 2832 2242 2888 ei
2255 2835 2558 2905 quajuxta
2569 2833 2873 2905 Capariam
2888 2832 3191 2905 oppidum,
3206 2833 3256 2887 ei
3273 2850 3399 2905 qua
3420 2834 3479 2889 in
3492 2839 3659 2907 prato

2008 2922 2164 2994 quod
2197 2922 2413 2978 dicitur
2441 2921 2729 2995 Episcopi,
2746 2922 2799 2977 ei
2815 2938 2945 2995 qua
2967 2922 3138 2993 juxta
3166 2920 3361 2977 locum
3392 2921 3497 2994 qui
3517 2923 3659 2979 dici-

2007 3014 2104 3067 tur
2133 3012 2286 3068 Crux
2316 3011 2746 3077 Brandelliana,
2779 3010 2829 3067 ei
2872 3016 3267 3083 quoque'qua
3315 3011 3374 3066 in
3411 3010 3658 3071 Blisceto

2007 3101 2213 3156 vestris
2227 3100 2442 3156 studiis
2456 3099 2858 3173 impensisque
2871 3098 3154 3167 aediﬁcata
3165 3102 3272 3156 est.
3298 3100 3433 3164 Quae
3453 3104 3658 3158 vestra

2006 3188 2089 3242 illi
2115 3192 2283 3260 juxta
2314 3193 2541 3262 portam
2602 3190 2659 3245 S.
2695 3188 2847 3245 Petri
2903 3189 3104 3244 domui
3165 3188 3459 3261 hospitali,
3507 3190 3661 3246 sicut

1928 3260 1971 3327 C
2010 3276 2181 3333 hodie
2211 3260 2332 3346 est,
2352 3279 2407 3332 in
2424 3281 2769 3351 perpetuum
2797 3277 3060 3348 subjecta
3075 3293 3203 3334 esse
3232 3260 3533 3351 praesentis
3563 3296 3660 3334 au-

2010 3366 2278 3425 ctoritate
2291 3366 2514 3440 pagina
2526 3366 3113 3434 eonfirmamus.Qua
3125 3382 3257 3421 vero
3270 3370 3431 3422 extra
3450 3366 3656 3423 urbem

2008 3456 2328 3529 hospitales
2341 3458 2551 3513 domus
2568 3456 3027 3528 consistunt,huj
3037 3474 3069 3512 u
3079 3474 3107 3512 s
3120 3454 3405 3529 privilegii
3427 3457 3657 3515 decreto

2008 3545 2324 3600 statuimus
2355 3550 2418 3602 ut
2440 3545 2592 3600 infra
2621 3546 2807 3600 unum
2852 3545 3110 3601 stadium
3148 3561 3320 3601 nemo
3355 3546 3527 3615 juxta
3557 3562 3657 3603 eas

2007 3633 2263 3705 aliquem
2289 3650 2514 3706 capere,
2547 3633 2817 3705 pradari,
2844 3637 2946 3687 aut
2992 3633 3284 3689 hostiliter
3324 3634 3656 3691 disturbare

2006 3727 2343 3795 prasumat;
2376 3738 2628 3795 quorum
2659 3721 2924 3777 omnium
2944 3721 3342 3777 ordinationes
3376 3739 3443 3777 ac
3465 3723 3656 3796 dispo-

2006 3812 2248 3868 sitiones
2276 3811 2442 3868 vobis
2481 3810 2806 3883 vestrisque
2849 3810 3288 3867 successoribus
3328 3810 3654 3868 committi-

2007 3900 2648 3973 mus,uteorum,quiin
2661 3900 2825 3957 vobis
2839 3897 3174 3973 spirituales
3185 3915 3251 3955 ac
3264 3899 3655 3973 religiosiores

1996 3991 2222 4048 fuerint
2266 3990 2562 4047 voluntate
2615 3989 2938 4058 communi,
2991 3988 3653 4061 communicatoetiam

2004 4081 2251 4136 fratrum
2279 4079 2463 4136 Vallis
2488 4078 2861 4135 lmbrosianae
2877 4076 3142 4146 consilio,
3163 4093 3454 4134 consensu
3475 4078 3653 4135 etiam

2002 4169 2179 4227 vestri
2209 4169 2488 4243 episcopi,
2522 4168 2571 4225 si
2602 4167 2927 4224 catholicus
2942 4165 3181 4223 fueritet
3209 4165 3536 4239 religiosus,
3557 4168 3655 4223 ad-

2002 4259 2207 4315 hibito.
2241 4260 2513 4315 Rectores
2541 4258 2764 4313 eisdem
2796 4257 3070 4313 domibus
3101 4254 3517 4329 praponimus,
3550 4256 3650 4328 qui

2003 4349 2326 4405 secundum
2342 4349 2523 4405 Deum
2537 4364 2737 4404 earum
2753 4363 2953 4403 curam
2971 4345 3206 4411 habere,
3224 4348 3281 4401 et
3297 4344 3651 4418 pauperibus

2000 4442 2058 4493 et
2087 4435 2825 4493 convenientibussollicite
2842 4435 3179 4492 ministrare
3194 4437 3483 4508 procuret.
3499 4433 3650 4491 Sane

2001 4526 2049 4582 si
2082 4527 2217 4597 quis
2248 4527 2307 4581 in
2340 4525 2659 4584 crastinum
2678 4525 3007 4597 episcopus,
3033 4523 3530 4595 archiepiscopus,
3547 4523 3652 4578 im-

251 4638 305 4690 et
330 4612 446 4688 nisi
503 4641 822 4701 congruam
878 4621 1284 4697 paenitentiam
1337 4618 1582 4692 egerint,
1618 4634 1652 4673 a
1680 4617 1891 4672 Christi
1921 4633 1967 4698 D
2001 4619 2251 4687 perator,
2284 4619 2387 4669 aut
2407 4614 2610 4685 judex,
2660 4614 2950 4685 princeps,
2985 4615 3088 4667 aut
3127 4612 3264 4679 dux,
3297 4627 3513 4677 comes,
3547 4617 3650 4666 aut

250 4736 483 4795 corpore
510 4721 570 4775 et
597 4715 883 4791 sanguine
912 4713 984 4770 ab
1014 4709 1391 4767 ecclesiarum
1424 4706 1665 4762 introitu
1697 4722 1891 4779 segre-
1943 4772 1949 4776 _

249 4828 472 4886 gamus.
507 4840 513 4846 -

961 4889 1168 4948 XXXV.

379 4988 589 5049 Urbani
616 4988 668 5044 ιι
695 4984 846 5043 bulla
868 4997 971 5056 pro
1000 4978 1277 5036 canonicis
1305 4973 1753 5031 Pistoriensibus.

872 5072 1059 5143 (Anno
1082 5067 1266 5139 1090.)

489 5168 816 5241 [Zacnamh
845 5159 1125 5218 Anecdota
1155 5155 1325 5213 medii
1343 5154 1465 5221 avi,
1490 5154 1637 5223 222.]

309 5260 585 5318 Uaeauua
617 5254 946 5328 episcopus,
966 5264 1168 5305 servus
1182 5259 1480 5302 servorum
1514 5241 1636 5310 Dei,
1668 5241 1885 5298 charis-

249 5340 556 5407 si'misﬁliis
568 5341 938 5401 Pistoriensis
950 5337 1214 5394 Ecclesia
1230 5331 1545 5397 canonicis,
1565 5346 1699 5385 coru
1711 5348 1884 5403 mque

208 5446 211 5447 ⁷
249 5435 680 5497 successoribus
708 5433 770 5488 in
802 5432 1170 5505 perpetuum.

303 5529 332 5586 J
339 5526 491 5584 ustis
520 5523 670 5581 votis
690 5535 1001 5579 assensum
1014 5510 1571 5591 praberejustisque
1592 5506 1881 5581 petitioni-

208 5636 217 5643 ·
240 5619 341 5675 bus
370 5632 543 5676 aures
564 5610 1005 5671 accommodare
1018 5623 1124 5664 nos
1142 5601 1428 5669 convenit,
1444 5598 1567 5672 qui,
1581 5597 1716 5654 licet
1738 5597 1879 5653 indi-

248 5708 334 5784 gni
381 5704 626 5781 justitia
682 5701 931 5759 cultores
987 5700 1160 5768 atque
1219 5706 1511 5766 praecones
1569 5689 1627 5745 in
1656 5686 1883 5764 excelsa

1998 4704 2337 4771 vicecomes,
2363 4706 2465 4758 aut
2497 4717 2741 4774 persona
2770 4699 3068 4772 qualibet;
3085 4716 3263 4770 parva
3290 4699 3377 4754 vel
3409 4715 3645 4773 magna,

2004 4797 2210 4866 potens
2241 4795 2342 4847 aut
2371 4790 2683 4862 impotens,
2718 4789 2899 4861 hujus
2929 4787 3113 4844 nostri
3134 4786 3418 4860 privilegii
3463 4787 3646 4863 [pagi-

1952 4926 1957 4929 .
2001 4884 2157 4949 nam]
2188 4881 2396 4948 sciens,
2428 4883 2629 4936 contra
2659 4896 2788 4935 eam
2820 4883 3036 4933 temere
3066 4876 3263 4932 venire
3313 4877 3644 4949 tentaverit,

1999 4972 2255 5027 secundo
2285 4970 2523 5025 tertiove
2552 4967 2969 5033 commonitus,
2995 4966 3045 5020 si
3079 4984 3194 5021 non
3244 4966 3647 5023 satisfactione

1999 5077 2258 5133 congrua
2286 5057 2677 5116 emendaverit
2701 5076 2714 5126 ;
2737 5074 2771 5112 a
2800 5056 3011 5112 Christi
3032 5059 3088 5112 et
3117 5055 3380 5112 Ecclesia
3404 5072 3647 5129 corpore

1998 5167 2132 5206 eum
2168 5148 2512 5206 auctoritate
2541 5146 2846 5220 potestatis
2878 5144 3210 5219 apostolica
3242 5161 3642 5219 segregamus.

1992 5240 2061 5296 Hi
2092 5243 2287 5295 autem
2304 5237 2426 5310 qui,
2458 5238 2530 5293 ob
2550 5236 2650 5293 Dei
2684 5236 3051 5310 proximique
3074 5235 3442 5305 dilectionem
3474 5238 3533 5291 et
3554 5251 3643 5291 se-

1991 5327 2083 5384 dis
2112 5326 2442 5401 apostolica
2473 5326 2923 5394 institutionem,
2959 5324 3264 5397 pradictas
3291 5324 3498 5381 domos
3518 5323 3644 5379 suis

1954 5460 1965 5465 -
1990 5418 2160 5474 bonis
2193 5416 2376 5473 ditare
2388 5415 2709 5473 etexaltare
2735 5415 3085 5482 curaverint,
3104 5414 3199 5470 Dei
3213 5413 3642 5487 apostolorum-

1952 5560 1955 5567 λ
1989 5524 2102 5581 que
2131 5508 2260 5580 ejus
2289 5504 2712 5574 benedictione,
2745 5510 2803 5562 et
2850 5508 3224 5579 peccatorum
3273 5501 3643 5559 absolutione

1988 5598 2266 5663 ditentur,
2300 5596 2422 5653 sive
2453 5596 2763 5652 donentur.
2789 5596 2914 5660 Qua
2928 5593 3113 5668 adjuti
3130 5594 3203 5649 ad
3235 5592 3411 5648 vitam
3443 5607 3639 5664 perve-

1950 5732 1953 5735 μ
1990 5687 2156 5743 niant
2178 5685 2616 5759 sempiternam.
2644 5687 2847 5750 Amen.
