3950 6358
342 371 462 438 3ἶ9

1645 369 1718 436 Β.
1738 391 1742 396 ·
1761 369 2060 439 URBANI
2100 373 2154 438 ΙΙ
2195 370 2454 440 ΡΑΡᾹΞ.

3631 367 3758 433 320

413 511 710 588 Scriptum
740 528 844 586 per
895 526 1139 570 manum
1186 507 1446 583 Gregorii
1494 507 1764 568 scrinarii
1812 514 1988 583 atque
2015 509 2072 578 Α
2101 513 2276 572 nibus
2301 514 2583 590 fatigare;
2639 511 2739 572 sed
2789 508 2988 570 omnia
3025 509 3264 587 integra
3309 510 3751 575 conserventur,

345 605 556 663 notarii
577 602 740 661 sacri
773 601 992 676 palatii.

631 694 695 749 B.
726 692 795 748 V.

417 786 631 841 Datum
659 784 852 839 Romae
885 799 985 855 per
1013 798 1223 836 manus
1252 779 1515 848 Joannis,
1548 781 1605 836 S.
1642 781 1807 835 Rom.
1860 779 1988 833 Ecc.

343 873 572 930 diaconi
603 870 940 939 cardinalis,
993 885 1146 926 anno
1201 869 1511 925 Dominicaa
1562 867 1990 924 Incarnationis

346 962 660 1018 millesimo
671 961 1069 1033 octuagesimo
1082 958 1575 1023 nono,indictione
1593 956 1992 1013 tertiadecima

347 1049 757 1123 [duodecima],
789 1055 997 1118 quarto
1015 1049 1153 1104 Idus
1172 1047 1454 1114 Januarii,
1471 1063 1621 1102 anno
1654 1061 1784 1101 vero
1805 1044 1991 1117 ponti-

345 1141 500 1196 ﬂcat.
533 1139 734 1195 domni
767 1138 977 1194 Urbani
1012 1154 1172 1210 papae
1195 1137 1470 1192 secundo.

1053 1253 1289 1310 XXXVI.

345 1348 369 1369 *
401 1347 649 1403 Urbanus
683 1347 732 1402 11
757 1346 1077 1400 monasterii
1122 1343 1616 1406 Raitenburhensis,
1651 1360 1683 1396 τι
1730 1341 1982 1412 ll'elfone,

405 1419 670 1473 'Bavarix
698 1417 847 1480 duce,
880 1418 1099 1487 ejusque
1119 1415 1346 1485 conjuge
1384 1416 1536 1469 Jutta
1583 1412 1810 1475 ccnditi,
1853 1428 1982 1483 pro-

412 1491 693 1545 tectionem
720 1489 965 1558 suscipit.

961 1595 1152 1666 (Anno
1183 1592 1367 1663 1090.)

793 1703 993 1774 [LANG,
1037 1703 1277 1772 Hegesia,
1307 1701 1346 1768 Ι,
1384 1700 1530 1770 101.]

339 1908 702 1978 Privilegium
761 1906 966 1964 Urbani
1005 1815 1399 1978 pﬁgviiopro
1453 1906 1754 1960 canonicisi
1800 1904 1963 1960 Sun-ct

677 1979 960 2045 Antonini,
994 1978 1233 2033 dicacesis
1270 1978 1645 2033 Ruthenensis.

961 2087 1150 2154 (Anno
1180 2083 1357 2154 1090.)

568 2193 651 2262 [D.
685 2194 978 2259 Maerens,
1015 2191 1266 2247 Thesaur.
1292 2190 1512 2258 Anecd.,
1538 2192 1580 2256 Ι,
1612 2193 1759 2262 248.]

411 2301 686 2358 URBANUS
706 2300 1035 2372 episcOpus,
1057 2315 1258 2354 servus
1281 2313 1578 2354 servorum
1592 2298 1690 2354 Dei
1714 2298 1986 2354 charissi-

337 2406 433 2446 mo
464 2389 792 2455 tilioPs'rno,
811 2387 1418 2461 prmpositocanonicze
1441 2391 1494 2443 δ.
1529 2387 1806 2443 Antonini
1825 2403 1978 2443 mar-

339 2479 483 2551 tyris
514 2479 573 2534 in
603 2477 962 2534 Condacensi
977 2477 1230 2555 termino
1247 2475 1623 2548 siti,ejusque
1636 2476 1982 2532 successori-

335 2568 448 2624 bus
477 2567 757 2624 canonice
784 2555 1212 2632 ordinandis,in
1245 2569 1613 2637 perpetuum.

405 2659 549 2713 Cum
581 2655 872 2712 universis
884 2660 1096 2710 sanctas
1117 2653 1530 2710 Ecclesiaaiiliis
1551 2670 1622 2710 ex
1651 2654 1979 2727 apostolicae

333 2745 492 2802 sedis
522 2745 864 2802 auctoritate
888 2759 955 2800 ac
993 2743 1393 2799 benevolentia
1439 2743 1731 2800 debitores
1766 2743 1978 2800 exista-

336 2849 491 2911 mus,
527 2833 852 2890 illistamen
879 2832 1211 2904 locisatque
1231 2832 1497 2903 personis
1511 2849 1637 2903 quae
1668 2831 1978 2904 specialius

335 2940 403 2979 ac
433 2916 782 2978 Familiarins
805 2922 1077 2977 Romanis
1108 2920 1404 2976 adhaerent
1421 2919 1708 2988 Ecclesiae,
1731 2937 1979 2993 qumque

336 3009 638 3083 amplioris
669 3009 969 3080 religionis
980 3009 1177 3081 gratiae
1195 3007 1472 3075 eminent,
1493 3010 1853 3080 propensiori
1871 3027 1977 3068 nos

334 3099 605 3156 convenit
659 3097 977 3154 charitatis.
1059 3138 1073 3152 .
1153 3139 1166 3152 .
1248 3140 1260 3152 .
1343 3139 1354 3152 .
1437 3138 1450 3151 .
1530 3138 1543 3152 .
1577 3098 1722 3164 Quia
1776 3097 1972 3172 igitur,

331 3186 650 3245 venerabili
681 3187 857 3242 fratre
888 3191 1086 3243 nostro
1115 3187 1318 3243 Amato
1349 3185 1618 3259 episcopo
1635 3188 1805 3243 nobis
1835 3189 1979 3244 refe-

335 3281 520 3342 rente,
552 3276 931 3350 cognovimus
957 3277 1252 3348 przefatam
1275 3255 1636 3344 canonicam,
1653 3278 1829 3349 jussu
1848 3279 1976 3334 bea-
2001 3255 2049 3323 (ἶ

335 3365 580 3423 tissimus
607 3365 1024 3422 recordationis
1055 3381 1217 3437 papae
1249 3363 1510 3438 Gregorii
1541 3365 1662 3432 VII,
1697 3369 1816 3421 tam
1849 3367 1976 3439 ipso

326 3456 542 3512 Amato
569 3456 842 3528 episcopo
873 3469 1050 3526 quam
1064 3453 1550 3510 reverendissimo
1580 3454 1755 3510 fratre
1777 3460 1976 3512 nostro

334 3543 951 3617 HugoneLugdunensi
965 3541 1402 3615 archiepiscopo
1416 3543 1976 3610 mediantibus,cum

331 3633 492 3690 omni
552 3633 876 3690 monastica
921 3638 979 3688 et
1030 3633 1310 3688 canonica
1368 3631 1650 3705 religione
1696 3633 1978 3690 destituta

333 3726 507 3791 esset,
538 3721 895 3786 institutam,
922 3725 1040 3777 tam
1076 3721 1243 3776 bonis
1275 3721 1462 3777 initiis
1487 3726 1713 3792 oportet
1740 3737 1846 3778 nos
1876 3723 1974 3778 be-

333 3810 672 3868 nevolentiae
705 3826 948 3865 manum
989 3809 1302 3882 porrigere,
1337 3827 1404 3865 ac
1450 3809 1748 3881 religionis
1791 3811 1975 3883 quieti

333 3898 682 3972 prospicere.
717 3898 954 3967 Propter
983 3898 1138 3968 quod
1169 3899 1307 3964 tuis,
1333 3897 1974 3965 charissimeﬁliPetre,

323 3987 506 4059 j'ust‘is
537 3985 915 4057 petitionibus
947 3990 1268 4042 annuentes
1293 3985 1548 4056 prazdicti
1581 3984 1773 4040 fratris
1791 3987 1974 4043 nostri

329 4075 522 4133 Δωθιὶ
554 4074 810 4148 episcOpi
870 4073 1082 4131 litteris
1111 4075 1347 4142 exorati,
1405 4075 1885 4145 praenominatam
1917 4080 1972 4133 Β.

329 4163 603 4222 Antonini
637 4163 978 4219 canonicam
1010 4163 1069 4217 in
1091 4163 1216 4233 jus,
1249 4162 1492 4218 tutelam
1526 4164 1976 4235 protectionem-

329 4271 446 4326 que
477 4258 686 4310 sanctae
721 4254 990 4308 Romanis
1019 4251 1285 4308 Ecclesia:
1305 4253 1685 4324 suscipimus,
1706 4254 1976 4324 praesenti

328 4343 380 4399 ei
412 4343 643 4422 decreto
679 4340 980 4413 privilegia
1026 4341 1440 4397 conﬁrmantes
1484 4342 1682 4397 omnia
1730 4359 1856 4414 quas
1886 4343 1974 4399 vel

329 4447 486 4488 nunc
509 4432 670 4502 juste
702 4431 988 4501 possidet,
1017 4429 1104 4486 vel
1137 4430 1196 4485 in
1220 4435 1539 4502 posterum,
1559 4429 1842 4503 largiente
1871 4432 1976 4489 Do-

330 4520 511 4589 mino,
536 4522 696 4592 juste
731 4519 940 4593 poterit
969 4519 1236 4592 adipisci,
1263 4525 1320 4576 et
1349 4521 1421 4575 ab
1453 4521 1716 4576 omnium
1735 4521 1973 4579 omnino

2101 619 2302 661 eorum
2335 621 2438 678 pro
2459 619 2706 677 quorum
2725 602 3150 660 sustentatione
3164 616 3442 659 concessa
3471 597 3755 657 sunt‘usi-

2103 696 2212 750 bus
2241 695 2564 766 profutura.
2587 692 2912 766 Vosigitur,
2929 692 3033 747 filii
3051 692 3112 748 in
3134 691 3366 749 Christo
3387 685 3746 755 charissimi,

2101 787 2329 856 oportet
2351 782 2634 857 regularis
2663 780 2988 854 disciplinae
3032 779 3384 836 institutioni
3437 776 3752 834 sollicitius

2101 890 2166 930 ac
2197 872 2460 928 devotius
2491 872 2786 937 insudare,
2821 875 2884 926 ut
2911 874 3179 943 quantos
3210 867 3752 926 saecularibusestis

2098 961 2454 1018 tumultibus
2481 961 2670 1027 liberi,
2684 965 2846 1016 tanto
2863 960 3186 1015 studiosius
3203 959 3425 1032 placere
3443 962 3555 1014 Deo
3567 955 3757 1013 totius

2099 1051 2314 1107 mentis
2344 1057 2401 1106 et
2432 1051 2638 1106 anima:
2664 1049 2979 1106 virtutibus
2995 1049 3299 1104 anheletis:
3327 1046 3756 1120 prmcipuestu-

2096 1141 2300 1196 dentes
2333 1140 2604 1196 Romanis
2620 1137 2888 1195 Ecclesiae
2913 1139 3140 1193 decreta
3151 1137 3480 1193 veneranda
3494 1152 3754 1202 servare,

2096 1231 2266 1301 cujus
2299 1229 2618 1302 patrocinio
2648 1229 2720 1285 ab
2753 1228 3016 1284 omnium
3043 1229 3186 1300 jugo
3215 1225 3532 1283 viventium
3581 1225 3752 1292 estis,

2095 1324 2389 1374 annuente
2423 1318 2690 1382 Domino,
2723 1317 3074 1390 praemuniti.
3103 1318 3184 1372 Ad
3217 1316 3502 1372 indicium
3541 1318 3748 1372 autem

2095 1412 2378 1480 percepta
2411 1407 2588 1478 hujus
2618 1424 2652 1463 a
2684 1408 2947 1462 Romana
2987 1405 3243 1461 Ecclesia
3281 1404 3587 1471 libertatis,
3641 1420 3752 1477 per

2094 1513 2280 1552 annos
2309 1497 2575 1570 singulos
2605 1497 2865 1568 quinque
2889 1495 3107 1552 solidos
3124 1499 3368 1551 monetae
3390 1493 3552 1550 illius
3574 1498 3749 1550 terra:

2097 1585 2470 1643 Lateranensi
2503 1585 2720 1658 palatio
2752 1584 3112 1658 persolvetis.
3135 1590 3280 1642 Sane
3309 1585 3359 1640 si
3391 1583 3523 1657 quis
3543 1583 3599 1639 in
3623 1600 3753 1638 cra-

2094 1675 2313 1732 stinum
2335 1675 2808 1748 archiepisccpus
2829 1675 3272 1747 autepiscopus,
3302 1674 3622 1746 imperator
3639 1677 3754 1729 aut

2095 1783 2212 1832 rex,
2241 1765 2512 1838 princeps
2543 1769 2646 1820 aut
2691 1765 2832 1833 dux,
2864 1781 3059 1820 comes
3107 1769 3209 1820 aut
3249 1763 3593 1834 vicecomes,
3641 1767 3752 1819 aut

1968 1905 1990 1960 ί
2016 1883 2065 1950 Β
2087 1855 2291 1960 judex,
2314 1859 2416 1960 aut
2445 1869 2694 1960 persona
2722 1853 3013 1960 quaslibet,
3046 1853 3375 1960 magnavel
3396 1869 3598 1955 parva:
3639 1869 3749 1925 po-

2094 1949 2227 2001 tens
2257 1948 2359 2000 aut
2385 1943 2698 2015 impotens,
2731 1943 2912 2015 hujus
2941 1941 3126 1998 nostri
3146 1941 3433 2016 privilegii
3463 1940 3747 2015 paginam

2094 2033 2306 2099 sciens,
2341 2037 2542 2088 contra
2565 2049 2694 2088 eam
2721 2036 2938 2088 temere
2967 2031 3161 2087 venire
3181 2031 3508 2100 tentaverit,
3539 2047 3752 2087 secun-

2094 2124 2166 2178 do
2198 2123 2438 2179 tertiove
2451 2120 2922 2186 commonitus,si
2937 2137 3052 2176 non
3065 2120 3464 2177 satisfactione
3483 2135 3750 2192 congrua

2091 2211 2506 2273 emendaverit,
2540 2228 2575 2266 a
2625 2210 2838 2266 Christi
2899 2213 2956 2264 et
2993 2209 3260 2264 Ecclesiae
3316 2225 3554 2280 corpore
3600 2224 3744 2265 eum

2091 2301 2435 2356 auctoritate
2465 2300 2774 2371 potestatis
2823 2298 3150 2371 apostolicae
3183 2315 3584 2372 segregamus.
3608 2299 3746 2355 Haec

2091 2394 2285 2445 autem
2341 2388 2820 2446 conservantibus
2878 2405 2991 2460 pax
3019 2405 3054 2444 a
3084 2388 3200 2444 Deo
3230 2393 3289 2444 et
3333 2388 3749 2445 misericordia.

2089 2477 2479 2550 praesentibus
2511 2494 2576 2534 ac
2611 2477 2826 2532 futuris
2855 2476 3086 2533 saeculis
3119 2479 3511 2533 conservetur.
3532 2478 3745 2544 Amen,

2089 2583 2284 2633 amen,
2317 2585 2508 2624 amen.

2159 2657 2456 2729 Scriptum
2487 2671 2589 2729 per
2618 2671 2860 2712 manum
2919 2655 3181 2728 Gregorii
3225 2654 3512 2711 scriniarii
3562 2659 3745 2728 atque

2089 2745 2298 2801 notarii
2331 2746 2481 2800 sacri
2511 2743 2732 2816 palatii.

2158 2835 2371 2890 Datum
2403 2835 2596 2890 Romae
2628 2849 2731 2906 per
2764 2849 2976 2889 manus
3005 2831 3356 2888 Hotesculici
3415 2833 3742 2906 presbyteri

2081 2923 2265 2980 vicem
2298 2922 2555 2995 gerentis
2573 2921 2925 2990 cancellarii,
2951 2939 2986 2976 v
3008 2921 3296 2978 Kalendas
3325 2921 3562 2994 Aprilis,
3581 2939 3742 2979 anno

2085 3011 2318 3068 Domini
2349 3011 2507 3078 4090,
2542 3011 2861 3066 indictione
2881 3027 3004 3078 xm,
3036 3027 3189 3067 anno
3218 3010 3494 3066 m‘domni
3519 3010 3742 3067 Urbani

2085 3117 2246 3174 papae
2276 3101 2344 3156 ll.

2768 3215 2860 3270 XX
2911 3215 2958 3270 V
2991 3217 3010 3270 Ι
3043 3258 3055 3270 .

2087 3308 2445 3379 Privilegium
2503 3306 2707 3364 Urbani
2756 3215 3133 3432 ξίὲῗέῖαῖιῐρνο
3163 3307 3403 3362 Ecclesia
3444 3305 3737 3364 Gratiano-

2863 3395 2879 3432 ι
2942 3395 3034 3432 na.

2767 3393 3034 3449 pomana.

2707 3492 2893 3564 (Anno
2923 3492 3106 3563 1090.)

2371 3610 2620 3682 [Βιῐιυῑη
2649 3609 2869 3665 Misce”.
2900 3607 3021 3666 edit
3050 3608 3211 3677 Luc.,
3243 3609 3336 3677 III,
3369 3609 3448 3683 8.]

2157 3728 2434 3783 Unesuus
2463 3725 2795 3797 episcopus,
2820 3740 3333 3781 servusservorum
3360 3726 3482 3795 Dei,
3510 3725 3739 3784 charis-

2085 3817 2236 3872 simo
2267 3813 2430 3870 fratri
2463 3812 2690 3868 Hucom
2721 3813 3258 3886 Gratianepolitano
3287 3815 3562 3888 episcopo
3583 3817 3740 3888 eju-

2085 3921 2199 3978 que
2229 3902 2511 3976 legitimis
2541 3903 2975 3959 successoribus
3007 3903 3064 3958 in
3089 3908 3456 3976 perpetu-um.

2157 3994 2504 4050 Potestatem
2532 3991 2752 4064 ligandi
2782 3996 2958 4064 atque
3008 3993 3268 4050 solvendi
3313 3993 3372 4049 in
3403 3994 3566 4051 oceiis
3595 3996 3736 4054 etin

2084 4086 2241 4138 terra
2269 4082 2436 4138 beato
2491 4081 2658 4136 Petro
2717 4082 2963 4154 ejusque
3019 4083 3460 4140 successoribus
3499 4089 3738 4142 auctore

2085 4172 2201 4227 Deo
2230 4169 2631 4243 principaliter
2659 4171 2933 4226 traditam
2952 4170 3338 4229 illisEcclesia
3353 4173 3544 4230 verbis
3562 4190 3743 4247 agno-

2085 4261 2195 4317 scit
2224 4259 2439 4331 quibus
2471 4259 2704 4314 Petrum
2727 4264 2816 4314 est
2830 4259 3447 4318 Dominusallocutus:
3472 4264 3746 4331 Quaecun-

2084 4365 2186 4421 que
2207 4349 2465 4420 ligaveris
2515 4365 2678 4420 super
2705 4352 2932 4420 terram,
2991 4355 3150 4406 erunt
3181 4351 3352 4422 ligata
3379 4360 3430 4408 et
3479 4354 3540 4408 in
3568 4355 3741 4423 caelis,

2083 4443 2135 4494 et
2163 4454 2501 4510 quaecunque
2535 4439 2761 4494 solveris
2813 4455 2978 4510 super
3007 4443 3232 4507 terram,
3289 4446 3451 4497 erunt
3479 4443 3661 4499 soluta
3688 4452 3745 4500 et

2080 4530 2139 4583 in
2163 4529 2329 4583 castis.
2364 4527 2481 4599 Ipsi
2513 4543 2749 4599 quoque
2780 4533 2837 4583 et
2867 4528 3112 4600 propriae
3165 4529 3414 4586 firmitas
3445 4536 3506 4586 et
3527 4531 3731 4589 alienae

329 4609 636 4666 hominum
663 4613 949 4682 potestate
975 4609 1084 4664 sub
1118 4612 1328 4664 sancta:
1346 4607 1672 4680 apostolicis
1689 4611 1846 4666 sedis
1865 4612 1974 4666 tui-
2007 4627 2054 4692 B
2084 4615 2218 4672 ﬁdei
2247 4615 2615 4672 confirmatio
2647 4615 2848 4672 eodem
2881 4617 3128 4674 Domino
3144 4622 3382 4675 auctore
3401 4624 3739 4692 praestatur,

327 4699 483 4755 tione
511 4698 755 4755 liberam
790 4715 1130 4771 permanere
1153 4698 1494 4754 auctoritate
1507 4698 1825 4770 apostolica
1848 4714 1979 4756 san-

326 4789 538 4855 cimus,
566 4788 727 4845 salva
751 4787 1312 4860 episcopalijustitia
1332 4788 1633 4853 canonica,
1667 4803 1976 4862 quousque

325 4873 414 4930 vel
448 4875 548 4946 qui
574 4876 644 4931 ad
679 4892 933 4948 praesens
964 4876 1042 4931 ibi
1061 4875 1308 4931 Domino
1329 4875 1444 4931 Deo
1465 4880 1665 4932 nostro
1697 4876 1977 4933 famulan-

327 4968 426 5019 tur
473 4963 759 5029 canonici,
818 4963 905 5018 vel
936 4964 1037 5035 qui
1096 4963 1312 5019 futuris
1344 4963 1559 5020 ibidem
1612 4967 1976 5037 temporibus

327 5057 469 5109 sunt
490 5052 778 5121 servituri,
831 5051 1176 5125 regulariter
1221 5053 1432 5118 vivere,
1479 5059 1538 5108 et
1585 5056 1976 5114 communiter

323 5139 590 5211 vivendo,
606 5142 1024 5213 propriumque
1053 5157 1165 5196 non
1185 5140 1474 5210 habendo,
1489 5149 1608 5199 tam
1625 5144 1975 5215 apostolicae

327 5244 507 5302 quam
536 5229 841 5285 beatorum
874 5229 1204 5302 Hieronymi
1233 5235 1290 5285 et
1319 5232 1714 5301 Augustinide
1738 5250 1976 5290 conver-

328 5318 554 5375 satione
583 5319 973 5375 communiter
999 5318 1318 5374 viventium
1349 5319 1691 5376 clericorum
1727 5324 1975 5380 studue-

327 5407 445 5462 rint
475 5410 696 5463 statuta
727 5423 972 5462 servare.
997 5405 1381 5463 Decernimus
1412 5422 1549 5479 ergo
1571 5412 1747 5481 atque
1767 5412 1974 5467 statui-

327 5513 462 5554 mus
505 5501 570 5552 ut
616 5495 761 5552 nulli
819 5496 1057 5552 omnino
1113 5495 1422 5553 hominum
1483 5496 1655 5554 liceat
1707 5501 1974 5558 eamdem

327 5587 666 5644 canonicam
701 5592 919 5644 temere
948 5587 1309 5659 perturbare,
1344 5591 1442 5643 aut
1473 5589 1522 5643 ei
1557 5589 1826 5647 subditas
1847 5609 1977 5664 pos-

327 5678 619 5738 sessiones
651 5679 899 5746 aut'erre,
933 5678 1214 5744 minuere,
1245 5677 1333 5735 vel
1365 5679 1691 5737 temerariis
1718 5682 1976 5741 vexatio-

2087 4719 2222 4761 cum
2258 4705 2327 4760 ad
2361 4720 2497 4759 eum
2547 4705 2779 4760 dicitur:
2832 4707 3032 4776 Rogavi
3067 4723 3172 4778 pro
3200 4712 3252 4763 te
3277 4716 3340 4764 ut
3383 4725 3497 4764 non
3521 4709 3742 4780 deﬁciat

2086 4794 2218 4864 ﬁdes
2237 4798 2352 4861 tua,
2383 4795 2560 4849 Petre.
2613 4795 2674 4850 Et
2702 4803 2762 4850 tu
2807 4795 3108 4868 aliquando
3137 4813 3421 4854 conversus
3467 4801 3738 4870 conﬁrma

2083 4887 2282 4954 fratres
2313 4888 2454 4939 tuos.
2515 4883 2752 4955 Oportet
2808 4900 2945 4957 ergo
2977 4903 3103 4952 nos,
3165 4887 3285 4960 qui,
3318 4887 3454 4944 licet
3481 4888 3733 4962 indigni,

2084 4973 2235 5028 Petri
2296 4972 2622 5028 residamus
2681 4973 2739 5027 in
2793 4973 2940 5043 loco,
2994 4991 3171 5048 prava
3213 4977 3520 5052 corrigere,
3581 4983 3737 5035 recta

2085 5061 2340 5128 ﬁrmare,
2370 5065 2429 5116 et
2458 5061 2517 5116 in
2551 5061 2709 5116 omni
2762 5062 3016 5119 Ecclesia
3058 5066 3126 5120 ad
3160 5065 3374 5122 interni
3423 5067 3735 5126 arbitrium

2076 5150 2296 5222 judicis
2317 5149 2400 5206 sic
2422 5150 2787 5222 disponenda
2835 5149 3147 5223 disponere
3178 5158 3244 5209 ut
3290 5155 3362 5212 de
3389 5156 3555 5212 vultu
3603 5158 3735 5229 ejus

2076 5240 2370 5311 judicium
2407 5245 2671 5295 nostrum
2706 5241 2965 5312 prodeat,
3001 5247 3059 5299 et
3085 5242 3240 5298 oculi
3273 5245 3460 5301 nostri
3498 5246 3737 5303 videant

2083 5328 2438 5400 aequitatem.
2469 5329 2611 5384 Tuis
2640 5329 3303 5402 igitur,dilectissimein
3315 5334 3544 5391 Christo
3556 5335 3736 5392 frater

2085 5417 2248 5491 Hugo
2279 5417 2815 5491 Gratianopolitane
2842 5419 3324 5493 episccpe,justis
3355 5423 3735 5495 petitionibus

2085 5512 2430 5576 annuentes,
2462 5506 2567 5563 tibi
2590 5508 2824 5580 tuisque
2838 5508 3119 5582 legitimis
3139 5513 3582 5570 successoribus
3597 5513 3738 5571 Gra-

2085 5597 2572 5671 tianopolitanum
2600 5597 3000 5671 episcopatum
3031 5601 3377 5674 regendum,
3416 5603 3732 5677 disponen-

2085 5687 2449 5758 dum,etjure
2471 5689 2748 5759 perpetuo
2760 5687 3180 5760 possidendum
3200 5693 3503 5764 pressantis
3514 5693 3731 5751 decreti
