3950 6358
223 407 336 472 321

223 543 445 618 pagina
472 542 912 605 conﬁrmamus,
961 539 1122 600 sal-va
1167 541 1229 598 in
1276 542 1552 600 omnibus
1606 542 1876 597 Romanae
1907 541 1962 606 Α

209 629 496 689 Ecclesiae
519 630 1320 706 auctoritate.Constituimus
1351 647 1487 704 ergo
1519 647 1597 686 ne
1618 630 1722 686 ulli
1755 647 1880 686 om-

225 722 370 778 nino
392 721 703 778 hominum
725 719 987 793 qualibet
1021 719 1417 792 subreptionis
1451 718 1671 776 astutia
1713 718 1884 776 liceat

223 809 406 867 vestri
437 809 813 882 episcopatus
835 808 1235 882 possessiones
1267 808 1560 876 invadere,
1593 809 1881 877 minuere,

225 899 318 956 vel
344 898 718 969 auferre,aut
737 898 1108 972 episcopatus
1137 897 1313 954 vestri
1344 897 1600 954 decimas
1632 897 1759 956 sine
1787 913 1882 954 ve-

227 993 356 1047 stra
396 988 773 1046 concessione
821 988 1123 1061 subripere
1172 991 1273 1044 aut
1336 988 1614 1061 subrepta
1664 991 1884 1054 tenere,

228 1095 424 1154 neque
445 1079 621 1135 vestri
634 1078 792 1151 juris
812 1076 1090 1134 ecclesias
1111 1093 1214 1150 per
1238 1093 1479 1132 manum
1503 1077 1711 1136 laicam
1735 1078 1885 1133 obti-

226 1185 374 1226 nere
393 1186 408 1237 ;
430 1168 533 1225 sed
555 1167 756 1223 omnia
772 1183 900 1239 qua!
913 1167 1074 1238 juste
1096 1166 1385 1222 hactenus
1401 1171 1595 1222 vestra
1625 1166 1888 1240 possedit

227 1257 514 1325 Ecclesia,
563 1256 684 1314 sive
714 1257 774 1312 in
809 1256 1077 1312 futurum
1107 1254 1360 1312 Domino
1390 1256 1701 1326 adjuvante
1723 1256 1887 1327 juste

230 1352 415 1420 atque
445 1345 726 1414 canonice
750 1344 963 1418 poterit
991 1344 1258 1416 adipisci,
1291 1344 1350 1399 in
1383 1350 1485 1401 tua
1531 1349 1887 1419 tuorumque

233 1452 650 1495 successorum
704 1451 882 1489 manu
932 1433 1158 1506 integra
1203 1449 1435 1505 semper
1481 1433 1706 1490 illibata
1755 1452 1887 1508 per-

233 1529 538 1582 maneant.
573 1524 849 1580 Praeterea
879 1523 1184 1578 ecclesiam
1217 1523 1412 1577 Sancti
1465 1523 1673 1578 Donati
1705 1525 1761 1580 in
1795 1543 1886 1581 ar-

233 1615 678 1689 chiepiscopatu
707 1613 1018 1667 Viennensi
1051 1615 1246 1680 sitam,
1296 1629 1472 1683 quam
1504 1630 1537 1666 a
1588 1615 1890 1684 tyrannica

233 1709 530 1778 potestate
557 1702 898 1758 auctoritate
948 1700 1260 1773 episcopali
1293 1702 1602 1768 adjuvante
1642 1703 1888 1759 Domino

233 1792 666 1858 extorsisti,tibi
686 1791 921 1862 tuisque
947 1790 1385 1846 successoribus
1407 1792 1744 1862 regendam,
1778 1793 1892 1848 dis-

1396 403 1802 468 EPISTOLIE
1846 402 1946 466 ΕΤ
1965 437 1970 442 -
1989 399 2440 466 ΡιιινιιλΕριΑ
2454 449 2467 463 .

3521 404 3650 465 δερ

1994 629 2241 684 Urbanus
2291 628 2338 682 Η
2368 537 3156 696 υιοηαδιενὶἱχέΧιΊξιθοιίνεάἱ
3205 625 3640 686 σαιοηὶιὶαεεηείε

2577 699 2717 753 bona.
2745 697 3053 766 conﬁrmat.

2615 771 2802 839 (Anno
2836 771 3018 840 1090.)

2207 840 2472 914 [MABILL
2508 841 2641 927 Acta.
2664 839 2754 895 SS.
2780 839 2896 895 0rd.
2919 839 3144 907 Βινηίιᾱη
3175 840 3244 908 V,
3277 841 3428 912 27-5.]

2751 929 2859 984 XL.

2169 1020 2536 1090 Privilegium
2569 1020 2774 1076 Urbani
2797 1021 2848 1074 ΙΙ
2849 1034 2951 1090 pro
2979 1019 3462 1076 Vallumbrosanis.

2619 1109 2805 1180 (Anno
2836 1107 3020 1180 1090.)

1997 1198 2322 1270 [ΖΑαΗΑιιιΑ,
2356 1198 2622 1254 Anerrlota
2667 1198 2836 1270 medii
2879 1199 3008 1270 aevi,
3043 1199 3147 1270 223
3198 1215 3266 1254 ex
3317 1198 3548 1255 archivo
3581 1199 3641 1256 S.

2457 1268 2759 1326 Michaelis
2777 1269 2848 1324 de
2871 1269 3185 1340 Furculis.]

2066 1359 2343 1415 Unemus
2364 1359 2693 1431 episcopus,
2710 1374 2913 1414 servus
2933 1373 3234 1413 servorum
3253 1358 3644 1425 Dei,dilectis-

1995 1447 2164 1504 simis
2195 1447 2354 1514 ﬁliis,
2409 1448 2690 1502 universis
2721 1446 2901 1501 Vallis
2948 1446 3300 1503 I-mbrosanaa
3330 1463 3646 1520 congrega-

1996 1537 2417 1605 tioni,salutem
2449 1541 2506 1591 et
2534 1534 2912 1608 apostolicam
2944 1535 3430 1592 benedictionem.

2067 1629 2211 1681 Cum
2229 1626 2518 1681 universis
2546 1627 2760 1681 sanctae
2787 1623 3053 1679 Ecclesiae
3072 1623 3209 1678 filiis
3226 1641 3292 1679 ex
3315 1625 3646 1697 apostolica

1998 1715 2154 1772 sedis
2185 1715 2529 1770 auctoritate
2568 1730 2633 1769 ac
2664 1711 3086 1779 benevolentia,
3115 1713 3407 1770 debitores
3429 1713 3646 1770 exista-

2001 1821 2154 1871 mus,
2178 1804 2292 1859 illis
2319 1803 2606 1876 praecipue
2628 1802 2772 1857 locis
2793 1806 2968 1874 atque
2987 1802 3252 1874 personis
3273 1819 3401 1875 quae
3423 1803 3646 1876 specia-

235 1882 594 1956 ponendam,
649 1897 716 1936 ac
760 1880 896 1949 jure
949 1885 1226 1952 perpetuo
1261 1879 1670 1951 possidendam
1710 1881 1890 1952 hujus

2045 1910 2208 1948 us«ac
2222 1891 2568 1948 familiarius
2582 1891 2854 1948 Roma-nae
2867 1891 3469 1960 adhzerentEcclcsiae,
3491 1908 3650 1963 quae-

237 1971 586 2029 auctoritate
597 1968 883 2042 privilegii
901 1968 1342 2033 conﬁrmamus,
1362 1970 1804 2038 constituentes,
1821 1989 1894 2027 ne

239 2061 347 2118 ulli
380 2073 788 2117 successorum
811 2062 1046 2112 tuorum
1089 2055 1259 2111 liccat
1287 2058 1554 2113 eamdem
1585 2061 1892 2115 ecclesiam

242 2149 420 2206 alicui
440 2164 699 2221 personae
713 2145 798 2201 vel
809 2144 1063 2201 ecclesiae
1083 2144 1267 2220 gratis
1284 2145 1536 2217 pretiove
1557 2149 1891 2211 concedere.

243 2239 348 2296 sed
371 2234 1172 2310 semperincommutabiliter
1186 2251 1319 2290 cum
1331 2236 1605 2291 omnibus
1618 2238 1689 2292 ad
1705 2238 1892 2309 ipsam

246 2327 682 2402 pertinentibus
696 2325 753 2379 in
771 2322 1558 2398 Gratianopolitaniepiscopi
1577 2333 1896 2398 postestate

247 2423 306 2475 et
337 2414 705 2490 possessione
728 2417 1086 2486 permaneat.
1115 2413 1261 2478 Quia
1288 2430 1422 2469 vero
1439 2429 1709 2486 perversa
1756 2433 1897 2489 quo-

248 2507 524 2564 rumdam
545 2503 922 2577 praesumptio
942 2501 1182 2558 inolevit
1201 2507 1268 2558 ut
1296 2504 1586 2560 defunctis
1608 2505 1897 2578 episcopis

248 2613 345 2653 res
365 2593 768 2652 ecclesiasticae
791 2593 1145 2669 pervadantu
1155 2609 1200 2658 r,
1225 2592 1569 2648 auctoritate
1582 2594 1900 2665 apostolica

250 2684 632 2759 prohibemus
652 2686 716 2738 ut
736 2697 873 2737 cum
889 2681 1018 2736 vitae
1036 2685 1147 2736 tua:
1163 2686 1470 2738 tuorumve
1490 2698 1896 2739 successorum

250 2773 540 2831 terminus
560 2771 886 2845 contigerit,
919 2770 1186 2826 Ecclesiae
1224 2776 1427 2826 vestrae
1471 2788 1564 2827 res
1593 2777 1652 2827 et
1673 2789 1899 2844 posses-

253 2863 448 2919 siones
469 2861 721 2935 diripere
742 2877 912 2916 nemo
933 2861 1381 2932 praesumat,sed
1414 2866 1622 2916 cuncta
1642 2861 1824 2919 libera
1845 2867 1904 2918 et

252 2951 605 3007 inconcussa
633 2949 692 3004 in
714 2948 1126 3006 canonicorum
1143 2951 1460 3023 postestate
1472 2951 1896 3022 persistent,illi

254 3055 322 3097 ex
353 3040 580 3114 integro
611 3039 1007 3095 conservanda
1033 3039 1133 3110 qui
1161 3038 1245 3093 eis
1275 3040 1551 3096 canonice
1592 3041 1903 3114 episcopus

257 3129 642 3188 ordinabitur.
701 3128 874 3184 Porro
933 3131 1268 3184 sanctorum
1333 3145 1625 3184 canonum
1673 3131 1904 3186 decreta

258 3220 477 3291 ubique
498 3217 909 3273 inviolabiliter
929 3217 1256 3272 conservari
1278 3217 1906 3289 cupientes,constitui-

259 3326 393 3366 mus
417 3312 594 3380 atque
623 3323 930 3362 censemus
962 3311 1027 3360 ut
1056 3307 1398 3363 interdictos
1428 3323 1462 3362 a
1489 3308 1653 3364 vobis
1684 3313 1785 3363 aut
1814 3326 1906 3365 ex-
1933 3282 1976 3349 Ο

260 3397 721 3454 communicatos
749 3395 807 3449 in
841 3394 1311 3450 communionem
1344 3397 1598 3468 recipere
1628 3402 1729 3452 aut
1759 3413 1906 3453 mor-

263 3493 392 3544 tuos
425 3485 745 3559 sepulturas
799 3485 1025 3539 tradere
1082 3499 1252 3538 nemo
1313 3489 1649 3554 praesumat.
1703 3486 1908 3541 Vestra

262 3574 773 3644 sane,charissime
794 3574 989 3638 frater,
1011 3573 1258 3650 intentio
1283 3575 1393 3627 erit
1414 3574 1573 3645 gregi
1591 3575 1906 3630 commisso

263 3683 462 3724 curam
490 3663 803 3738 vigilanter
847 3663 1186 3732 impendere
1233 3667 1291 3717 et
1341 3663 1610 3717 Romanae
1643 3662 1906 3718 Ecclesia

259 3757 491 3813 decreta
507 3751 916 3809 inviolabiliter
930 3753 1267 3816 observare;
1303 3755 1592 3822 quatenus
1622 3751 1904 3824 multipli-

259 3851 384 3902 cato
411 3844 678 3900 laborum
713 3841 931 3908 fructu,
967 3842 1036 3895 ad
1069 3841 1246 3896 vitam
1291 3840 1534 3896 valeatis
1564 3845 1905 3914 perpetuam

255 3933 570 4008 pervenire.
601 3933 751 3988 Sane
771 3932 816 3986 si
837 3931 970 4002 quis
992 3929 1053 3985 in
1075 3931 1398 3986 crastinum
1432 3930 1906 4004 archiepiscopus

258 4030 356 4080 aut
377 4023 711 4096 episcopus,
746 4021 1063 4092 imperator
1093 4024 1192 4074 aut
1209 4035 1325 4087 rex,
1359 4019 1630 4092 princeps
1650 4022 1902 4089 autdux,

258 4129 451 4169 comes
483 4116 585 4167 aut
614 4109 933 4165 vicecomes
964 4113 1063 4163 aut
1085 4108 1289 4179 judex,
1338 4113 1438 4164 aut
1469 4126 1718 4181 persona
1748 4126 1907 4180 quae-

259 4202 399 4258 libet
429 4217 644 4272 magna
671 4199 760 4254 vel
792 4203 1210 4271 parva,potens
1240 4202 1343 4253 aut
1372 4199 1683 4270 impotens,
1726 4199 1907 4270 hujus

261 4289 444 4349 nostri
463 4287 748 4364 privilegii
771 4287 1045 4360 paginam
1075 4288 1287 4353 sciens,
1311 4292 1510 4343 contra
1539 4305 1666 4344 eam
1691 4293 1909 4344 temere

262 4381 456 4437 venire
502 4377 830 4442 tentaverit,
863 4376 1118 4433 secundo
1148 4375 1390 4432 tertiove
1414 4377 1832 4446 commonitus,
1859 4376 1909 4432 si

265 4487 376 4527 non
411 4467 809 4527 satisfactione
861 4483 1119 4539 congrua
1167 4467 1581 4532 emendaverit,
1616 4482 1648 4520 a
1694 4466 1908 4522 Christi

265 4558 515 4617 Ecclesia
545 4574 678 4614 eum
728 4557 1069 4612 auctoritate
1098 4555 1401 4628 potestatis
1450 4555 1774 4629 apostolicae
1816 4572 1910 4611 se-

2000 1999 2115 2054 que
2136 1981 2404 2054 ampliori
2429 1981 2729 2054 religionis
2760 1981 2947 2054 gratia
2973 1980 3254 2046 eminent,
3288 1977 3650 2054 propensiori

2000 2088 2107 2127 nos
2129 2070 2395 2126 convenit
2415 2069 2723 2125 charitatis
2751 2068 2949 2124 studio
2972 2069 3452 2134 imminere.0uia
3470 2067 3654 2142 igitur

2002 2160 2366 2233 prOpositum
2401 2163 2692 2228 nostrum,
2713 2157 2905 2213 divina
2937 2159 3321 2230 praeveniente
3352 2175 3418 2214 ac
3448 2159 3652 2214 subse-

2003 2254 2218 2322 quente
2249 2247 2884 2320 clementia,religionis
2903 2252 3104 2302 vestrae
3127 2246 3474 2320 simplicitas
3489 2248 3653 2308 bona:

2003 2339 2299 2411 opinionis
2331 2338 2590 2404 odorem,
2652 2341 2707 2391 et
2739 2353 2916 2408 prope
2969 2341 3025 2391 et
3053 2336 3223 2408 longe
3262 2336 3467 2408 positis
3497 2336 3654 2408 aspi-

2005 2429 2190 2493 ciunt,
2227 2443 2332 2481 nos
2365 2429 2556 2480 vestro
2598 2425 2896 2496 provectui
2927 2429 3222 2479 annuente
3245 2425 3492 2480 Domino
3521 2439 3654 2497 pro-

2002 2521 2204 2573 vectus
2227 2516 2548 2586 adjungere
2570 2513 3228 2586 cupientes,coenobium
3262 2517 3519 2569 vestrum
3551 2529 3654 2586 pro

2006 2606 2184 2661 beatae
2218 2603 2411 2659 Mariae
2443 2618 2673 2674 semper
2717 2601 2960 2673 virginis
2995 2602 3335 2669 reverentia,
3365 2602 3458 2657 cui
3491 2603 3654 2657 dica-

2007 2699 2134 2750 tum
2166 2697 2272 2757 est,
2308 2693 2365 2747 in
2399 2692 2671 2746 Romanis
2703 2689 2974 2746 Ecclesiae
3008 2691 3441 2762 proprietatem,
3476 2695 3534 2746 et
3561 2695 3653 2746 tu-

2005 2784 2182 2840 telam
2197 2781 2799 2854 atqueprotectionem
2815 2779 3140 2850 apostolicae
3163 2779 3320 2834 sedis
3334 2779 3658 2852 accipimus

2008 2870 2419 2946 et,apostolicze
2443 2869 2588 2925 illud
2603 2868 2966 2925 auctoritatis
2985 2868 3282 2942 privilegio
3301 2868 3656 2937 munientes,

2009 2963 2081 3017 ab
2103 2961 2364 3016 omnium
2393 2959 2722 3032 principum
2749 2958 2896 3030 jugo
2916 2955 3166 3012 liberum
3186 2971 3530 3028 permanere
3557 2958 3658 3013 de—

2009 3051 2325 3108 cernimus.
2382 3049 2491 3104 Per
2536 3049 2882 3120 praesentem
2929 3045 3112 3118 igitur
3139 3045 3324 3101 nostri
3371 3045 3658 3118 privilegii

2010 3141 2307 3213 paginam,
2339 3137 2657 3211 apostolica
2688 3135 3030 3191 auctoritate
3061 3134 3382 3190 statuimus
3407 3139 3473 3190 ut
3500 3149 3657 3207 quae-

2015 3245 2246 3302 cunque
2268 3227 2439 3282 hodie
2457 3229 2716 3282 vestrum
2735 3224 3063 3280 coenobium
3079 3224 3213 3295 jure
3237 3224 3515 3296 possidet,
3541 3223 3659 3281 sive

2016 3321 2075 3374 in
2105 3316 2428 3374 crastinum
2481 3314 2855 3371 concessione
2911 3313 3277 3385 pontiﬁcum,
3312 3312 3658 3370 liberalitate

2016 3407 2372 3481 principum,
2395 3404 2484 3460 vel
2515 3403 2805 3459 oblatione
2837 3401 3097 3458 fidelium
3123 3403 3258 3474 jure
3287 3407 3465 3475 atque
3490 3419 3658 3459 cano-

2015 3497 2143 3552 nice
2165 3494 2375 3568 peterit
2400 3493 2664 3565 adipisci,
2693 3492 2865 3546 firma
2890 3491 3054 3547 vobis
3085 3493 3377 3563 vestrique
3426 3506 3658 3549 succes-

2015 3587 2250 3641 soribus
2277 3588 2333 3638 et
2362 3582 2587 3636 illibata
2609 3585 3007 3653 permaneant.
3042 3579 3163 3635 Illis
3194 3581 3654 3652 successoribus,

2015 3673 2165 3741 dico,
2197 3672 2296 3744 qui
2319 3671 2587 3726 eumdem
2607 3667 2908 3741 religionis
2929 3684 3124 3734 usum,
3147 3673 3205 3722 et
3226 3668 3358 3723 ﬁdei
3382 3673 3660 3725 constan—

2012 3763 2154 3819 tiam
2188 3763 2492 3816 observare
2523 3762 2579 3814 et
2608 3763 2844 3813 strenue
2873 3757 3292 3829 'ommipotenti
3323 3757 3576 3814 Domino
3601 3758 3658 3814 in

2014 3853 2216 3910 eodem
2275 3849 2573 3922 proposito
2620 3846 2911 3904 deservire
2967 3846 3304 3918 satagerint.
3363 3845 3658 3917 CbriSma,

2015 3941 2209 3998 oleum
2236 3943 2526 4006 sanctum,
2550 3937 3018 3993 consecrationes
3047 3935 3342 4002 altarium,
3364 3935 3486 3992 sive
3501 3936 3659 3992 basi-

2013 4031 2182 4094 licas,
2213 4028 2609 4086 ordinationes
2641 4026 2983 4082 clericorum
3041 4024 3211 4081 liceat
3257 4025 3422 4082 vobis
3451 4043 3486 4080 a
3514 4042 3659 4098 quo-

2015 4135 2246 4192 cunque
2264 4115 2562 4173 volueritis
2586 4115 2868 4172 catholico
2891 4115 3160 4186 episcopo
3184 4115 3456 4170 Romanae
3474 4114 3663 4171 Eccle-

2017 4211 2115 4266 sia?
2159 4207 2405 4282 gratiam
2439 4210 2613 4278 atque
2651 4204 3122 4262 communionem
3154 4203 3449 4276 optinente
3478 4203 3660 4276 perci-

2015 4313 2171 4370 pere.
2207 4297 2337 4366 Qui,
2371 4299 2573 4351 nostra
2590 4294 2775 4350 fultus
2807 4293 3168 4361 auctoritate,
3202 4292 3665 4365 quispostulant

2016 4386 2338 4457 indulgeat.
2401 4385 2484 4440 Ad
2528 4383 2650 4438 haec
2696 4400 3007 4440 censemus
3040 4387 3216 4454 atque
3245 4382 3563 4439 statuimus
3592 4399 3666 4438 ne

2020 4473 2122 4529 ulli
2146 4474 2386 4530 omnino
2405 4474 2708 4528 hominum
2727 4471 2896 4526 liceat
2916 4472 3069 4526 idem
3096 4471 3423 4527 coenobium
3449 4486 3662 4537 emere,

2019 4563 2376 4635 perturbare,
2429 4567 2532 4616 aut
2579 4561 2628 4615 ei
2675 4561 2940 4616 subditas
2973 4559 3376 4632 possessiones
3417 4560 3663 4616 auferre.

266 4665 596 4723 gregamus.
622 4645 1112 4701 Conservantibus
1141 4649 1336 4700 autem
1370 4662 1480 4716 pax
1510 4663 1543 4700 a
1576 4650 1705 4713 Deo,
1736 4645 1910 4700 mise-
1944 4652 2305 4720 D'minuere,
2335 4650 2424 4706 vel
2456 4649 2780 4705 temerariis
2829 4647 3232 4704 vexationibus
3257 4648 3530 4722 fatigare;
3565 4649 3667 4706 sed

266 4736 515 4794 ricordia
544 4735 929 4808 pra-sentibus
945 4750 1010 4789 ac
1041 4733 1252 4790 futuris
1274 4733 1503 4790 saeculis
1517 4739 1910 4792 conservetur.

268 4830 472 4894 Amen,
505 4841 699 4892 amen,
728 4840 920 4880 amen.

331 4916 629 4989 Scriptum
660 4930 763 4986 per
810 4929 1054 4968 manum
1113 4913 1373 4985 Gregorii
1423 4912 1711 4969 scriniarii
1743 4917 1916 4985 atque

268 5007 480 5064 notarii
512 5005 663 5062 sacri
698 5003 920 5077 palatii.

338 5101 551 5153 Datum
582 5094 776 5150 Romae
804 5112 903 5168 per
924 5111 1164 5150 manum
1185 5093 1456 5162 Joannis,
1471 5099 1684 5150 sanctae
1717 5093 1921 5148 Roma-

273 5204 355 5243 nis
413 5184 676 5242 Ecclesiae
738 5183 968 5240 diaconi
1018 5183 1352 5252 cardinalis,
1404 5201 1556 5239 anno
1604 5183 1918 5239 Dominicze

275 5274 697 5333 Incarnationis
762 5274 921 5340 1091,
979 5273 1298 5331 indictione
1354 5288 1478 5342 xm,
1544 5273 1921 5344 pontiﬁcatus

278 5365 474 5423 domui
552 5363 770 5421 Urbani
831 5380 994 5438 papae
1065 5363 1115 5420 II
1191 5379 1342 5420 anno
1403 5379 1486 5430 ιιι,
1547 5362 1641 5419 die
1686 5360 1920 5418 Kalend.

278 5455 512 5534 Aprilis.
556 5533 565 5541 ἡ
835 5461 839 5463 ’

2025 4741 2223 4797 omnia
2254 4741 2480 4812 integra
2501 4739 2881 4795 observentur
2901 4753 3103 4793 eorum
3134 4753 3239 4808 pro
3259 4753 3510 4810 quorum
3541 4754 3673 4795 sus-

2022 4831 2344 4887 tentatione
2392 4847 2457 4885 ac
2505 4827 2926 4902 gubernatione
2971 4843 3250 4883 concessa
3291 4831 3432 4882 sunt
3461 4828 3668 4884 usibus

2025 4921 2348 4994 profutura.
2381 4920 2496 4974 Nec
2526 4917 2629 4973 ulli
2658 4917 2928 4991 episcopo
2954 4919 3212 4989 potestas
3238 4915 3315 4972 sit
3333 4932 3670 4972 excommu-

2027 5010 2375 5066 nicationem
2410 5013 2511 5064 aut
2533 5007 3000 5064 interdictionem
3021 5006 3186 5064 vobis
3209 5006 3588 5080 ingeminare,
3608 5023 3646 5063 ’.ι

2028 5101 2126 5173 qui
2158 5099 2218 5154 in
2247 5098 2526 5171 speciales
2553 5097 2694 5153 estis
2726 5096 2878 5153 filios
2900 5096 3228 5169 apostolicae
3251 5097 3428 5162 sedis,
3451 5095 3674 5153 nullius

2031 5187 2271 5244 alterius
2293 5187 2518 5259 judicio
2541 5191 2757 5242 temere
2774 5186 3165 5259 exponamini.
3189 5187 3336 5252 Quia
3353 5202 3487 5242 vero
3504 5185 3675 5260 plura

2031 5282 2234 5336 sancta
2254 5274 2628 5342 monasteria,
2646 5277 3016 5349 congregatio
3039 5275 3306 5333 videlicet
3320 5275 3475 5332 dicta
3496 5275 3674 5332 Salvii

2022 5369 2193 5438 juxta
2215 5365 2588 5431 Florentium,
2618 5365 2814 5420 Sancti
2847 5365 3060 5422 Fidelis
3084 5365 3155 5422 de
3184 5365 3446 5432 Strumii,
3479 5364 3676 5422 Sancti

2032 5454 2349 5512 Salvatoris
2400 5455 2470 5510 de
2501 5455 2791 5527 Sophene,
2826 5455 3050 5511 Sancta
3096 5455 3289 5512 Mariae
3326 5455 3397 5511 de
3428 5455 3673 5522 Nerana,

2031 5544 2227 5602 Sancti
2256 5543 2490 5601 Coxiani
2531 5545 2603 5601 de
2649 5546 2842 5602 Monte
2888 5544 3207 5614 Schalario,
3241 5545 3436 5602 Sancti
3473 5544 3677 5618 Angeli

2034 5634 2105 5691 de
2121 5633 2691 5702 Passiniano,Sancti
2713 5633 3010 5692 Laurentii
3032 5634 3102 5690 de
3127 5631 3462 5700 Cultuboni,
3479 5632 3677 5690 Sancti

2035 5723 2350 5784 Salvatoris
2371 5723 2443 5783 de
2463 5722 2696 5798 Ficielo,
2728 5724 2923 5784 Sancti
2943 5723 3326 5802 Angelijuxta
3347 5722 3674 5803 Pistoriam,
