3950 6356
257 419 376 482 323

1557 378 1630 480 ιι.
1675 396 1976 482 basim
2021 420 2073 482 ιι
2119 419 2368 483 PAPAE.

3551 397 3700 482 3'24’

256 551 452 608 Sancti
483 550 799 608 Salvatoris
817 521 892 607 de
914 551 1375 619 Vadeno,Sancti
1403 551 1640 608 Petride
1672 551 1912 606 Mische-
1943 552 1994 620 Α
2027 554 2180 610 unde
2209 554 2318 610 hoc
2347 553 2680 625 exemplum
2713 553 2994 626 scriptum
3043 558 3156 620 est,
3184 553 3302 610 vidi
3337 558 3393 609 et
3423 553 3557 626 legi,
3591 557 3674 623 et,

253 646 334 709 to,
369 641 568 697 Sancti
617 641 781 696 Pauli
831 641 903 696 de
951 641 1182 710 Rasolo,
1228 640 1452 695 Sanctaa
1500 641 1797 712 Reparatzc
1829 641 1936 696 de-

253 729 545 785 Marradio
599 729 924 784 Faventinze
952 728 1271 800 .dimcesis,
1328 736 1387 784 et
1427 729 1794 800 congregatio
1837 729 1910 784 de

256 817 416 874 Rivis
459 815 725 883 Caesaris,
774 821 832 872 et
879 817 1251 889 congregatio
1294 816 1366 872 de
1386 817 1648 872 Fontana
1669 817 1905 884 'l‘aonis,

255 911 314 962 et
342 905 713 978 congregatio
771 905 844 960 de
885 905 1078 961 Monte
1134 909 1374 960 Armate
1433 904 1493 960 in
1554 903 1904 960 Bononiensi

254 994 508 1061 dioecesi,
538 993 861 1064 inspirante
902 993 1149 1050 Domino
1199 993 1258 1047 in
1308 993 1574 1049 eamdem
1602 993 1906 1048 vobiscum

255 1083 505 1138 formam
537 1081 840 1155 religionis
858 1082 1282 1148 consenserint,
1308 1085 1499 1146 nos,et
1526 1081 1671 1152 ipsis
1696 1087 1752 1136 et
1781 1097 1904 1136 om-

254 1172 430 1228 nibus
449 1171 553 1244 qui
584 1188 647 1226 se
677 1173 736 1226 in
769 1171 1094 1226 crastinum
1126 1171 1316 1226 eidem
1342 1169 1643 1242 religionis
1673 1170 1805 1224 usui
1836 1186 1906 1225 ex

252 1259 478 1332 integro
500 1258 722 1314 sociare
743 1259 1048 1325 voluerint,
1078 1258 1378 1330 praesentis
1422 1257 1704 1330 privilegii
1729 1257 1904 1313 liber-

251 1351 370 1403 tate
400 1347 719 1419 apostolica
747 1346 1094 1402 auctoritate
1124 1345 1501 1402 concedimus
1552 1346 1807 1416 quandiu
1842 1347 1900 1402 in

251 1435 454 1491 eadem
487 1435 786 1508 religionis
815 1440 874 1491 et
888 1433 1330 1490 consuetudinis
1354 1433 1577 1489 unitate
1593 1435 1903 1506 persistere

250 1522 710 1596 procuraverint.
757 1522 1184 1578 Constituimus
1228 1524 1424 1578 autem
1455 1526 1520 1576 ut
1549 1538 1750 1578 eorum
1783 1539 1904 1580 om~

250 1611 413 1668 nium
445 1616 620 1684 caput
647 1614 928 1675 vestrum,
961 1611 1116 1683 quod
1144 1611 1203 1664 in
1227 1609 1390 1665 Valle
1423 1610 1790 1667 Imbroxiane
1819 1613 1898 1668 si-

247 1705 375 1755 tum
405 1699 948 1768 est,monasterium
969 1698 1428 1754 habeatur.Sane
1444 1715 1576 1754 cum
1608 1699 1898 1756 terminus

245 1787 376 1844 vitae
427 1787 647 1859 pastori
695 1790 886 1843 vestro
916 1785 1112 1842 divina
1136 1787 1523 1859 dispositione
1561 1787 1894 1861 contigerit,

247 1877 349 1983 (χιιί
383 1877 512 1948 ejus
533 1875 658 1975 loco
681 1875 1136 1983 substituendius‘
1165 1876 1357 1974 fuerit,
1379 1877 1530 1976 .quia
1559 1877 1812 1977 et.vobis
1839 1883 1898 1934 et
1927 1918 1972 1983 Β

247 1963 384 2020 aliis
409 1964 687 2021 omnibus
711 1980 955 2036 praeesse
974 1965 1640 2037 debebit,omnium,qui
1671 1967 1894 2023 caeteris

163 2105 176 2116 ,
243 2059 507 2127 praesunt
537 2053 928 2122 monasteriis,
963 2070 1256 2110 consensu
1280 2059 1340 2110 et
1359 2053 1583 2126 judicio
1620 2054 1892 2127 eligatur.

244 2142 404 2207 Quod
439 2143 488 2198 si
519 2143 667 2199 forte
709 2160 777 2198 ex
818 2143 966 2216 ipsis
1019 2143 1332 2200 abbatibus
1370 2143 1618 2216 quilibet
1646 2144 1894 2200 Domino

245 2231 594 2305 disponente
623 2231 693 2288 ad
726 2232 833 2288 hoc
864 2233 1133 2306 generale
1163 2233 1424 2306 regimen
1457 2233 1677 2290 electus
1699 2234 1895 2302 fuerit,

245 2322 316 2376 ad
338 2326 592 2376 vestrum
619 2321 939 2394 principale
960 2323 1286 2377 coenobium
1301 2322 1702 2394 principaliter
1713 2327 1898 2379 trans-

243 2415 359 2476 eat,
392 2415 450 2466 et
495 2412 624 2481 ejus
672 2427 808 2466 mox
833 2409 1080 2481 judicio,
1112 2411 1286 2465 sicuti
1309 2411 1370 2466 in
1391 2410 1598 2468 diebus
1617 2428 1896 2468 veneran-

244 2498 332 2553 da:
365 2497 658 2555 memoriae
687 2499 934 2556 Joannis
984 2499 1158 2570 primi
1207 2499 1440 2556 abbatis
1467 2501 1645 2556 vestri
1677 2501 1896 2557 factum

243 2590 491 2653 constat,
512 2591 720 2643 caetera
740 2587 937 2643 omnia
952 2587 1118 2642 unita
1132 2587 1298 2643 vobis
1321 2587 1677 2645 monasteria
1697 2589 1898 2662 dispo-

247 2679 484 2733 nantur.
503 2679 621 2732 Vos
649 2676 850 2748 igitur,
883 2675 988 2731 lilii
1019 2675 1079 2731 in
1107 2676 1338 2732 Christo
1365 2677 1756 2744 dilectissimi,
1793 2695 1896 2734 no-

242 2763 344 2820 lite
376 2765 672 2838 negligere
697 2765 968 2837 gratiam,
1001 2780 1128 2836 que
1158 2764 1218 2820 in
1264 2766 1428 2822 vobis
1461 2771 1572 2833 est,
1602 2783 1730 2839 quae
1761 2767 1899 2824 data

242 2858 332 2909 est
361 2851 526 2909 vobis
543 2869 645 2924 per
666 2853 952 2910 unitatem
983 2859 1196 2909 sanctae
1228 2855 1650 2912 observationis
1682 2861 1738 2911 et
1770 2855 1898 2912 reli-

241 2941 452 3013 gionis.
485 2941 616 2996 Hinc
655 2941 1046 3010 meditemini,
1079 2941 1137 2997 in
1170 2942 1264 2998 his
1283 2947 1486 3011 estote,
1519 2949 1582 2998 ut
1604 2945 1898 3016 profectus

240 3034 432 3086 vester
455 3029 804 3085 manifestus
830 3028 907 3085 sit
927 3031 1204 3086 omnibus
1235 3031 1281 3102 (Ι
1307 3031 1436 3086 Tim.
1462 3048 1537 3098 ιν,
1576 3033 1682 3104 15).
1717 3033 1899 3089 Parti-

241 3117 568 3189 cipesenim
582 3117 796 3173 Christi
811 3118 998 3174 effecti
1019 3119 1182 3186 estis,
1215 3119 1265 3176 si
1286 3123 1480 3176 tamen
1507 3120 1741 3177 initium
1765 3123 1899 3179 sub-

243 3205 477 3262 stantiae
494 3207 623 3278 ejus
645 3222 831 3279 usque
857 3207 928 3263 ad
949 3207 1122 3264 tinem
1157 3209 1396 3265 ﬁrmum
1421 3209 1721 3285 retineatis
1743 3213 1892 3284 (Heb.

2018 647 2191 714 prout
2219 643 2544 714 ibiinveni,
2604 641 2700 698 hic
2733 642 2868 697 inde
2922 642 3293 714 transcripsi,
3325 645 3384 698 et
3420 641 3675 699 ﬁdeliter

2017 731 2420 803 exemplavi,et
2449 733 2520 787 ad
2554 732 2836 803 majorem
2861 731 3036 787 ﬁdem
3067 731 3398 788 habendam
3428 731 3668 802 signum

2017 837 2158 876 mea
2190 837 2403 876 manus
2435 819 2680 893 apposui
2713 835 2783 875 ex
2812 821 3158 876 auctoritate
3191 813 3336 875 inihi
3369 835 3673 891 concessa,

2015 914 2072 964 et
2101 910 2238 964 data
2293 927 2327 964 a
2379 909 2695 965 venerabili
2755 909 2925 965 Patre
2980 909 3219 966 domino
3266 910 3512 977 Thoma,
3563 909 3669 967 Dei

2014 999 2202 1072 gratia
2223 999 2559 1055 Pistoriensi
2580 999 2850 1071 episcopo
2879 998 2938 1053 in
2953 999 3292 1070 episcopatu
3309 997 3670 1067 Pistoriensi,

2013 1089 2402 1160 praesentibus
2423 1088 2660 1144 domino
2683 1088 2878 1144 Ticcio
2903 1087 3150 1159 plebano
3172 1087 3442 1160 plebisde
3462 1086 3672 1144 Laiati-

2011 1182 2161 1242 co,et
2184 1177 2518 1250 presbytero
2539 1177 2749 1247 juncta
2770 1175 3110 1247 cappellano
3141 1175 3330 1248 plebis
3354 1175 3663 1247 praedictas,

2011 1270 2069 1320 et
2097 1265 2440 1321 Armaleone
2461 1265 2716 1338 qondam
2758 1263 3190 1336 Inl'rangipanis
3228 1268 3284 1320 et
3315 1265 3496 1320 Curso
3517 1264 3663 1320 Doni

2009 1355 2259 1410 testibus
2281 1355 2498 1426 rogatis
2514 1360 2571 1410 et
2604 1353 2820 1409 vocatis
2851 1353 2924 1408 ad
2943 1353 3084 1422 haec,
3123 1354 3232 1410 sub
3263 1353 3434 1410 annis
3465 1353 3664 1410 Domi-

2011 1444 2140 1499 nica
2171 1444 2481 1498 Nativitate
2521 1443 2681 1510 1288,
2712 1441 3030 1498 indictione
3077 1443 3353 1512 secunda,
3386 1443 3479 1500 die
3506 1443 3663 1516 vige-

2010 1534 2162 1589 sima
2173 1533 2558 1606 Septembris.

2761 1621 2902 1677 XLI.

2083 1714 2330 1770 Urbanus
2360 1714 2418 1768 ll
2457 1711 3028 1783 Majorzs-Monasterii
3047 1711 3276 1766 tutelam
3315 1713 3567 1784 suscipiit

2357 1785 2824 1856 possessionesque
2851 1785 2970 1855 ejus
2994 1785 3302 1854 conﬁrmat.

2617 1892 2802 1958 (Anno
2853 1889 3038 1961 1090.)

2289 1997 2570 2069 [MAsILL.,
2613 1996 2808 2052 Annal.
2851 1995 3056 2051 Bened.
3097 1995 3168 2062 V,
3215 1995 3366 2069 272.]

2075 2114 2192 2169 Hoc
2238 2114 2365 2186 ipso
2422 2129 2574 2168 anno
2634 2112 2985 2181 Bernardus,
3047 2111 3654 2183 Majoris-Monasterii

2005 2203 2206 2270 abbas,
2241 2201 2674 2274 amplissimum
2708 2201 3024 2256 abUrbano
3055 2200 3104 2258 II
3125 2199 3495 2274 privilegium
3511 2201 3657 2257 obti-

2006 2292 2221 2347 nuit.ln
2252 2308 2318 2347 eo
2365 2291 2642 2363 praefatur
2671 2291 2948 2363 pontifex,
2982 2306 3115 2346 cum
3148 2290 3438 2352 universis
3468 2290 3660 2346 eccle-

2005 2379 2112 2436 siis
2142 2380 2369 2436 debitor
2399 2377 2620 2448 sit,illis
2640 2384 2835 2436 tamen
2859 2379 3002 2435 locis
3025 2384 3200 2452 atque
3228 2381 3510 2454 personis.
3527 2397 3658 2454 quae

2003 2468 2272 2542 ampliori
2306 2468 2606 2542 religionis
2636 2469 2825 2543 gratia
2871 2470 3148 2537 eminent,
3193 2486 3256 2526 se
3285 2471 3684 2546 propensiori_

2006 2557 2310 2615 charitatis
2339 2558 2533 2614 studio
2565 2557 2869 2615 consulere
2900 2559 3129 2625 debere,
3163 2561 3424 2632 adeoque
3453 2559 3655 2616 Sancti

2005 2647 2238 2704 Martini
2271 2647 2646 2716 monasterio,
2682 2664 2816 2702 cum
2861 2665 2964 2720 pro
2998 2647 3150 2704 beati
3181 2649 3531 2706 confessoris
3553 2649 3659 2706 de-

2006 2736 2234 2792 votione
2245 2753 2311 2792 ac
2325 2736 2800 2803 reverentia,tum
2815 2753 2917 2808 pro
2936 2736 3234 2810 religionis
3249 2738 3654 2811 praerogativa,

2005 2843 2122 2898 qua
2151 2823 2301 2882 sacri
2332 2824 2490 2880 illius
2537 2824 2645 2880 loci
2694 2825 2962 2882 monachi
3007 2825 3432 2898 praecellebant.
3467 2827 3688 2892 Quam.

2005 2915 2076 2970 ob
2109 2930 2232 2970 rem
2262 2913 2344 2969 ait
2371 2930 2432 2969 se
2455 2929 2659 2969 omnes
2689 2913 2820 2984 ejus
2837 2914 3242 2986 possessiones
3281 2915 3684 2990 confirmare,__

2004 3003 2394 3074 eumdemque
2422 3001 2616 3058 locum
2648 3001 2708 3058 in
2736 3017 2905 3058 suam
2938 3002 3178 3059 tutelam
3197 3004 3535 3078 suscipere;
3559 3021 3656 3061 ve-

2004 3098 2126 3150 tare
2146 3108 2220 3148 ne
2241 3092 2434 3148 missas
2456 3090 2574 3147 illic
2597 3091 2838 3164 publica:
2861 3093 2934 3147 ab
2951 3093 3242 3166 episcopis
3262 3093 3652 3166 celebrentur,

2005 3199 2115 3238 neu
2148 3179 2420 3236 monachi
2451 3180 2524 3236 ad
2554 3184 2820 3237 externas
2870 3181 3150 3238 stationes
3179 3185 3282 3239 aut
3321 3183 3654 3256 exsequias,

242 3312 326 3361 ιιι,
376 3295 486 3365 14).
519 3269 872 3354 Mementote
899 3297 1054 3368 quod
1086 3297 1375 3354 Dominus
1405 3299 1487 3353 ait
1517 3315 1530 3353 :
1713 3269 1894 3372 perse-
1925 3287 1968 3354 Ο
2007 3275 2214 3372 Winter
2242 3269 2504 3370 iPSQrum
2536 3269 2764 3326 abbatis
2784 3269 3186 3372 ,νοιυιηίθίθτηε
3205 3271 3652 3372 comminantur}

238 3385 509 3440 voraverit
529 3401 700 3456 usque
719 3387 782 3440 in
808 3385 992 3455 ﬁnem,
1032 3385 1122 3440 hic
1147 3388 1332 3442 salvus
1360 3389 1465 3442 erit
1505 3388 1708 3459 (Matth.
1741 3407 1894 3458 XXIV,

246 3473 356 3543 13).
409 3473 610 3545 Itaque
636 3475 718 3529 sic
767 3474 943 3529 luceat
991 3475 1093 3530 lux
1132 3483 1310 3532 vestra
1337 3491 1523 3532 coram
1561 3477 1894 3550 hominibus,

2005 3363 2108 3416 aut
2136 3377 2172 3417 a
2197 3359 2402 3432 quovis
2430 3360 3010 3416 excommunicentur
3041 3377 3054 3429 ;
3087 3361 3189 3418 sed
3219 3361 3554 3435 praecipere,
3585 3365 3679 3434 ut,

2004 3465 2209 3506 omnes
2239 3465 2440 3505 eorum
2473 3465 2662 3506 causa
2692 3449 2987 3522 graviores
3017 3466 3086 3505 ex
3115 3449 3444 3522 apostolicae
3493 3449 3652 3508 sedis

238 3537 569 3618 ut'videa;d
613 3577 776 3635 opem
817 3567 992 3623 vestra
1046 3564 1204 3633 bona,
1247 3573 1300 3621 ει
1342 3565 1646 3636 gloriﬁcent
1677 3537 1897 3625 Patre";
1996 3537 2220 3636 judicio
2253 3537 2691 3636 .pendeantLUt
2717 3538 2902 3636 libera
2932 3537 3007 3636 sit
3037 3538 3514 3636 abbatis-electio,
3549 3539 3654 3636 qui

235 3659 480 3706 vestrum
505 3653 602 3722 qui
629 3652 692 3707 in
713 3652 863 3708 cielis
901 3660 982 3708 est
1011 3653 1217 3723 (Matth.
1263 3671 1318 3721 ν,
1346 3654 1454 3725 16).
1488 3655 1573 3710 Ad
1604 3655 1892 3713 indicium

238 3744 435 3796 autem
483 3743 766 3812 perceptae
796 3740 976 3811 hujus
993 3758 1027 3795 a
1048 3741 1310 3798 Romana
1329 3741 1586 3799 Ecclesia
1606 3743 1893 3802 libertatis

236 3845 340 3899 per
365 3842 551 3884 annos
581 3828 847 3900 singulos
890 3829 1206 3888 duodecim
1263 3830 1388 3904 sagi
1436 3831 1608 3887 cilicii
1654 3833 1893 3890 brachia

237 3917 506 3974 Laterani
528 3917 746 3989 palatio
766 3917 1130 3990 persolvetis.
1164 3919 1316 3976 Sane
1355 3919 1404 3975 si
1440 3921 1574 3992 quis
1595 3922 1653 3977 in
1687 3923 1888 3979 crasti-

237 4021 381 4060 num
410 4003 909 4076 archiepiscopus,
929 4011 1029 4062 aut
1059 4007 1389 4081 episcopus,
1422 4009 1757 4083 imperator,
1791 4017 1892 4068 aut

237 4110 354 4160 rex,
377 4093 670 4167 princeps,
704 4099 806 4150 aut
834 4096 970 4163 dux,
1004 4112 1222 4164 comes,
1253 4103 1355 4154 aut
1396 4099 1602 4171 judex,
1634 4106 1738 4156 aut
1766 4118 1892 4174 per-

237 4199 382 4238 sona
397 4181 674 4255 quaelibet
685 4200 901 4256 magna
911 4184 1000 4241 vel
1014 4203 1209 4258 parva,
1230 4191 1436 4260 potens
1457 4192 1559 4244 aut
1573 4187 1886 4261 impotens,

237 4271 420 4343 hujus
452 4273 638 4328 nostri
688 4273 974 4346 privilegii
1006 4275 1277 4348 paginam
1310 4277 1502 4333 sciens
1531 4283 1734 4334 contra
1761 4297 1891 4336 eam

234 4364 451 4417 temere
471 4361 666 4417 venire
684 4362 1011 4431 tentaverit,
1033 4366 1292 4421 secundo
1315 4368 1603 4440 tertioque
1631 4385 1890 4425 commo-

235 4449 419 4520 nitus,
467 4447 518 4504 si
563 4466 676 4505 non
727 4450 1125 4508 satisfactione
1149 4468 1407 4524 congrua
1433 4454 1891 4523 emendaverit,a

233 4537 446 4594 Christi
468 4542 526 4594 et
536 4537 800 4596 Ecclesiae
815 4556 1055 4612 corpore
1075 4557 1208 4596 eum
1227 4542 1568 4598 auctoritate
1583 4545 1887 4614 potestatis

2001 3627 2074 3682 ab
2105 3627 2543 3700 archiepiscopo
2566 3627 2972 3690 Turonensi,si
2997 3627 3470 3685 communionem
3493 3628 3656 3684 sedis

2001 3715 2328 3790 apostolica-
2379 3715 2594 3772 habeat
2642 3719 3104 3773 consecrationem
3149 3716 3331 3790 gratis
3377 3717 3647 3790 accipiat,

1999 3806 2221 3878 absque
2251 3805 2372 3860 ulla
2393 3802 2776 3877 professionis
2804 3805 3138 3862 exactione:
3171 3805 3264 3861 sin
3297 3805 3516 3873 minus,
3549 3810 3680 3878 aut

1999 3895 2068 3950 ad
2104 3894 2434 3950 Romanum
2485 3893 2822 3966 pontiﬁcem
2851 3893 3246 3950 consecrandus
3282 3895 3652 3964 accedebant

1999 4000 2034 4038 a
2055 3999 2404 4056 quocunque
2423 3982 2692 4054 episcopo
2717 3983 3143 4038 consecrandum
3165 4001 3226 4040 se
3249 3984 3472 4040 oﬂ'erat.
3489 3983 3649 4040 Idem

2001 4071 2189 4128 sancit
2209 4070 2466 4144 pontifex
2485 4070 2556 4126 de
2579 4087 2742 4126 sacro
2757 4070 3093 4140 chrismate,
3123 4072 3193 4127 de
3215 4072 3652 4130 consecratione

2000 4159 2272 4216 altarium
2300 4176 2403 4216 seu
2426 4157 2826 4228 basilicarum,
2867 4165 2924 4217 et
2953 4161 3024 4216 dc
3057 4159 3526 4218 ordinationibus
3555 4178 3679 4241 say

2001 4249 2134 4305 cris.
2167 4249 2320 4305 Tum
2355 4249 2557 4304 subdit
2588 4249 2905 4306 monachos
2935 4249 3284 4323 alloquens:
3333 4252 3426 4308 Vos
3455 4252 3680 4332 igitur,‘

1998 4339 2108 4408 ﬁlii
2118 4339 2176 4392 in
2196 4337 2406 4394 Christo
2427 4337 2792 4407 dilectissimi,
2819 4342 3022 4411 oportet
3040 4339 3309 4411 regularis
3336 4340 3651 4412 disciplinae

1997 4427 2334 4483 institutioni
2362 4427 2652 4483 sollicitius
2680 4433 2732 4483 et
2763 4427 3005 4484 devotius
3037 4428 3296 4485 insudare
3321 4447 3339 4483 :
3381 4434 3654 4502 quatenus

1995 4525 2200 4588 quanto
2246 4517 2314 4572 ab
2341 4518 2692 4572 saecularibus
2720 4519 3042 4574 tumultibus
3081 4518 3361 4574 liberiores
3384 4505 3670 4585 existitis,‘

234 4627 562 4719 apostolicis
582 4606 992 4719 Asegregamus.
1025 4629 1518 4686 Conservantibus
1549 4606 1742 4688 autem
1777 4651 1886 4706 pax
1919 4651 1969 4719 D
1997 4606 3652 4719 _‘{ef’°_ti'fsk’f‘_c’fgsuﬁtj’fuiﬁx

235 4733 270 4772 a
289 4715 492 4782 Dee,et
512 4717 914 4774 misericordia
932 4719 1320 4790 praesentibus
1339 4724 1398 4775 et
1421 4720 1637 4777 futuris
1659 4723 1888 4780 saeculis

231 4811 622 4862 conservetur.
681 4809 886 4863 Amen.
938 4809 1142 4864 Amen.
1186 4809 1390 4864 Amen.
1435 4809 1730 4882 Scriptum
1786 4829 1888 4885 per

230 4911 476 4954 manum
505 4895 762 4968 Gregorii
794 4895 1082 4952 scriniarii
1113 4901 1288 4970 atque
1337 4898 1547 4954 notarii
1600 4901 1747 4956 sacri
1781 4918 1880 4974 pa-

230 4983 376 5040 latii.

298 5077 510 5130 Datum
532 5075 725 5132 Romae
752 5092 854 5148 per
873 5092 1086 5132 manus
1099 5075 1350 5132 Joannis
1372 5081 1584 5133 sanctze
1608 5079 1879 5137 Romanis

229 5162 494 5220 Ecclesiae
520 5163 746 5221 diaconi
781 5163 1118 5234 cardinalis,
1153 5182 1306 5222 anno
1343 5167 1653 5223 Dominicis
1685 5169 1877 5226 Incar-

229 5253 482 5334 nationis
513 5255 671 5322 1090,
723 5254 1040 5310 indictione
1071 5269 1198 5320 xm,
1242 5258 1444 5312 octavo
1474 5255 1611 5314 Idus
1638 5259 1874 5332 Aprilis,

229 5360 382 5399 anno
435 5342 811 5415 pontiﬁcatus
884 5342 1085 5398 domui
1134 5342 1359 5400 Urbani
1419 5361 1580 5418 papae
1633 5350 1876 5406 secundi

227 5433 420 5489 tertio.

298 5519 762 5592 Bartholomeus,
777 5521 1070 5593 quondam
1093 5520 1336 5579 Baronis
1355 5522 1642 5597 imperiali
1677 5531 1872 5584 aucto-

227 5610 593 5682 ritatejudex
621 5609 952 5667 ordinarius
1007 5615 1184 5684 atque
1244 5613 1527 5682 notarius,
1587 5617 1873 5690 scriptum

227 5699 682 5781 privilegium,et
704 5697 1050 5778 apostolicae
1081 5700 1390 5779 litteras,et
1417 5705 1617 5766 omnia
1633 5706 1868 5784 scripta.

1997 4695 2290 4750 virtutibus
2329 4694 2618 4751 anhelatis.
2669 4695 2930 4768 Denique
2959 4714 3060 4769 pro
3091 4697 3200 4752 hac
3226 4695 3494 4754 libertate
3520 4697 3650 4754 sin-

1995 4783 2150 4856 gulis
2171 4784 2343 4840 annis
2373 4801 2551 4840 unam
2583 4784 2709 4840 auri
2747 4785 2982 4842 unciam
3014 4785 3260 4858 persolvi
3273 4787 3464 4858 jubet.
3499 4786 3676 4868 Sari:

1988 4876 2148 4946 pium
2171 4890 2272 4946 per
2325 4891 2553 4929 manum
2604 4873 2852 4944 Gregorii
2905 4876 3194 4930 scriniarii
3249 4883 3406 4948 atque
3435 4877 3650 4932 notarii

1986 4964 2134 5018 sacri
2156 4963 2374 5034 palatii.
2409 4965 2607 5018 Datum
2630 4963 2812 5021 Rom
2825 4980 2926 5035 per
2965 4981 3194 5020 manum
3224 4967 3452 5040 Joannis
3483 4966 3539 5020 S.
3575 4967 3638 5022 Β.

1986 5053 2047 5106 Ε.
2081 5051 2300 5108 diaconi
2345 5051 2667 5120 cardinalis,
2701 5069 2845 5108 anno
2893 5053 3194 5111 Dominij
3240 5039 3672 5110 Incarnationis'

1990 5140 2147 5206 1090,
2194 5141 2492 5196 indictione
2546 5157 2669 5208 xm,
2698 5141 3048 5213 pontiﬁcatus
3083 5142 3273 5199 damni
3305 5143 3506 5200 Urbam
3530 5129 3639 5214 pa-

1981 5245 2073 5302 pa’
2101 5231 2149 5286 II
2179 5232 2359 5298 tertio,
2389 5238 2538 5287 sexto
2567 5229 2774 5287 decimo
2803 5232 2923 5287 Kal.
2957 5231 3107 5287 Maii.

2736 5347 2901 5404 LXII.

1989 5439 2236 5496 Urbanus
2290 5439 2340 5494 II
2401 5436 2721 5529 Burchardo
2770 5438 2898 5529 HS.”
2926 5439 3128 5510 Basoli,
3189 5437 3376 5529 abbati
3432 5436 3642 5494 bullam

2702 5510 2920 5566 tribuit.

2607 5599 2794 5671 (Anno
2827 5600 3012 5675 1090.)

2053 5707 2315 5786 [ΜΑΒιιι.
2349 5710 2406 5764 et
2437 5705 2718 5777 RUIan'r,
2773 5707 3042 5782 Ouvrages
3163 5707 3268 5768 sth.
3321 5705 3419 5778 III,
3451 5707 3564 5788 t7.)
