3950 6366
148 338 151 339 ί
170 383 294 452 325

910 530 1104 594 XLIII.

169 612 796 710 Urbanasg‘llfcetesia
853 624 1181 710 Iiaveltensis
1235 630 1539 710 libertatein
1594 653 1660 691 ac
1699 655 1826 710 pos-

296 688 583 759 sessimzes,
610 696 824 763 petente
858 697 1062 753 Ursone
1089 701 1353 773 episcopo,
1383 688 1687 776 conﬁrmat.

801 782 987 859 (Anne
1025 785 1206 859 1090-)

513 848 814 920 mensam,
840 854 1005 912 ltatia
1027 848 1256 927 sacra'l,
1294 861 1481 935 1183.]

235 934 521 994 Uanaxms
553 938 885 1014 episcopus,
916 961 1119 1003 servus
1150 934 1824 1020 servorumDei,dilecto

159 1023 220 1078 in
245 1023 482 1082 Christo
503 1026 670 1083 fratri
703 1030 861 1086 Uaso
894 1032 1219 1092 Ravellensi
1251 1038 1546 1113 episcopo,
1579 1045 1825 1118 ejusque

163 1115 614 1172 successoribus
646 1120 925 1178 canonice
952 1122 1334 1183 instituendis
1358 1129 1418 1184 in
1452 1115 1822 1203 perpetuum.

233 1202 463 1259 Sancta
494 1204 771 1263 Romana
811 1214 870 1265 et
903 1212 1229 1284 apostolica
1260 1202 1610 1277 universalis
1630 1221 1824 1279 Eccle-

163 1289 266 1345 sia
318 1290 583 1365 dignitas
633 1295 814 1368 exigit
881 1304 948 1355 ut
1004 1300 1115 1357 sibi
1164 1303 1414 1362 ﬁdeliter
1459 1308 1824 1368 adhaerentes

157 1386 584 1450 remuneret,et
611 1384 844 1444 exaltet.
876 1388 1024 1452 Quia
1052 1390 1231 1463 igitur
1262 1394 1535 1453 Romana
1554 1398 1822 1456 Ecclesia

154 1466 509 1525 ﬁdelitatem
539 1487 606 1526 ac
638 1471 972 1532 libertatem
1006 1479 1276 1536 ardenter
1304 1484 1622 1556 requisisti,
1645 1492 1705 1544 et
1719 1489 1820 1544 ob-

154 1556 385 1628 sequiis
420 1561 793 1631 pravenisiti,
833 1566 904 1620 ad
954 1566 1011 1621 id
1060 1573 1255 1625 vestra
1304 1573 1527 1641 civitas,
1576 1575 1820 1634 Domino

152 1649 492 1715 prastante,
527 1652 809 1722 pervenit,
848 1658 913 1709 ut
966 1657 1411 1726 pradeccssoris
1443 1666 1625 1720 nostri
1658 1683 1818 1722 reve-

152 1735 353 1790 renda
391 1738 688 1795 memoria
746 1740 996 1800 Victoris
1029 1745 1102 1801 IlI
1157 1751 1420 1822 tempore
1477 1752 1815 1827 episcopum

153 1825 441 1882 meruerit
459 1827 850 1900 adipisci.Nos
868 1832 1062 1906 itaque
1075 1834 1460 1896 nihilominus
1481 1825 1817 1900 exaltationi

151 1916 364 1969 vestra
394 1917 848 1988 congaudentes,
880 1926 936 1977 et
964 1927 1351 1995 antecesseris
1381 1931 1566 1986 nostri
1597 1935 1817 1990 statuta
1844 1916 1892 1983 Β

153 2001 489 2091 ﬁrmamus,
537 2009 596 2061 et
623 2023 753 2063 eam
783 2009 948 2066 vobis
1003 2009 1334 2071 libertatem
1379 2017 1714 2091 adjicimus,
1747 2024 1813 2077 ut

154 2090 518 2149 Ravellensis
545 2094 805 2153 Ecclesia
837 2098 1112 2172 deinceps
1160 2102 1232 2158 ab
1265 2105 1457 2162 omnis
1505 2109 1811 2179 potestatis

152 2180 521 2252 subjectione
550 2182 754 2253 libera,
786 2184 847 2240 in
878 2187 1062 2244 solius
1095 2190 1342 2248 Romani
1375 2195 1812 2267 pontiﬁcisjure

149 2269 673 2345 dominationeque
731 2276 1036 2334 consistat.
1070 2278 1327 2352 Dignum
1375 2283 1594 2357 quippe
1624 2290 1713 2342 est
1745 2292 1810 2342 ut

151 2358 250 2430 qui
281 2359 343 2415 in
372 2361 777 2433 corporalibus
808 2364 984 2421 rebus
1035 2367 1415 2427 vehementer
1445 2375 1809 2443 excrevistis,

151 2446 554 2519 spiritualium
574 2467 808 2524 quoque
829 2470 1144 2512 munerum
1166 2460 1809 2533 perceptione,Domino

150 2534 457 2610 largiente,
489 2540 785 2597 crescetis.
820 2542 1085 2601 Vestram
1143 2546 1326 2620 igitur
1380 2549 1697 2609 Ecclesiam
1750 2554 1808 2609 in

153 2625 488 2697 apostolica
510 2628 669 2684 sedis
699 2630 919 2702 gremio
951 2633 1287 2705 specialiter
1306 2638 1675 2698 confoventes
1704 2641 1809 2698 tibi

152 2712 416 2786 legitime
472 2716 915 2790 confirmamus,
970 2722 1316 2798 coepiscope
1348 2726 1513 2797 Urse,
1571 2730 1810 2804 tuisque

157 2800 438 2875 legitimis
461 2808 920 2878 successoribus,
954 2827 1188 2869 omnem
1233 2815 1633 2875 Ravellensem
1663 2800 1807 2875 dioe-

156 2890 309 2948 cesis
331 2893 623 2950 ambitum
646 2897 951 2968 prasentis
982 2903 1321 2961 auctoritate
1351 2906 1577 2978 pagina
1608 2909 1812 2965 confir-

161 2996 420 3050 mamus,
450 2986 799 3055 potestatem
848 2988 1010 3044 vobis
1059 2990 1433 3065 indulgentes
1477 2995 1633 3052 intra
1680 3014 1808 3054 eam

161 3068 386 3142 absque
414 3070 595 3129 ullius
626 3075 1086 3134 contradictione
1113 3079 1373 3138 chrisma
1409 3085 1710 3142 conficere.
1746 3129 1761 3142 .
1792 3129 1806 3143 .

159 3158 351 3228 (Multa
378 3160 575 3217 desunt
604 3163 667 3217 in
689 3166 1009 3239 privilegio,
1040 3170 1172 3241 quia
1200 3172 1310 3242 fuit
1332 3174 1587 3241 recisum,
1612 3184 1808 3232 etcum

154 3248 252 3318 [ita
278 3257 584 3329 consutam,
616 3261 678 3308 ut
704 3252 774 3308 ad
799 3271 1043 3326 praesens
1073 3261 1295 3332 exstat.)
1341 3262 1572 3320 Statuta
1611 3264 1802 3322 Eccle-

154 3337 253 3392 sia
282 3341 596 3409 prastante
626 3339 874 3398 Domino
933 3345 1414 3421 irrefragabiliter
1471 3351 1802 3422 observare,

153 3427 401 3497 ejusque
430 3427 639 3485 honori
673 3448 775 3503 pro
805 3432 1027 3491 viribus
1044 3438 1650 3510 seniperinsisteraSi
1670 3444 1803 3516 quis

153 3519 349 3572 autem
367 3516 425 3572 in
457 3518 779 3575 crastinum
814 3522 1292 3597 archiepiscopus
1323 3533 1424 3584 aut
1466 3529 1800 3604 episcopus,

151 3602 471 3677 imperator
500 3613 603 3662 aut
632 3624 750 3676 rex,
784 3610 1056 3684 princeps
1078 3618 1179 3670 aut
1209 3614 1346 3684 dux,
1379 3621 1482 3673 aut
1506 3602 1799 3691 patritius,

153 3708 350 3749 comes
381 3700 483 3751 aut
508 3695 850 3766 vicecomes,
885 3708 985 3757 aut
996 3702 1201 3772 judex,
1233 3709 1333 3779 aut
1365 3721 1614 3778 persona
1642 3725 1798 3780 qua-
1896 3692 1897 3695 η

152 3781 293 3838 libet
320 3800 537 3857 magna
563 3785 651 3842 vel
685 3803 879 3860 parva,
911 3794 1118 3862 potens
1149 3797 1251 3849 aut
1279 3793 1590 3868 impetens,
1622 3797 1801 3871 hujus

153 3871 337 3927 nostri
367 3873 652 3947 privilegii
687 3877 962 3950 paginam
995 3879 1207 3948 sciens,
1269 3899 1605 3964 concessam
1636 3887 1800 3945 vobis

152 3960 481 4018 libertatem
548 3964 774 4022 auferre
857 3968 1186 4038 tentaverit,
1246 3974 1503 4030 secundo
1560 3960 1801 4033 tertiove

149 4050 618 4121 commonitus,si
635 4070 747 4109 non
767 4056 1164 4115 satisfactione
1184 4076 1442 4134 congrua
1453 4066 1798 4123 emendave-

148 4140 244 4208 rit,
277 4139 421 4211 is,ut
441 4158 475 4195 a
499 4140 712 4201 Christi
741 4149 798 4200 et
827 4144 1093 4207 Ecclesia
1117 4165 1357 4223 corpore
1379 4156 1796 4227 segregandus,

147 4228 501 4301 honorisque
531 4231 621 4286 sui
654 4234 709 4288 et
739 4233 916 4290 ofﬁcii
936 4235 1191 4308 periculo
1217 4240 1521 4312 subjacere
1542 4242 1792 4301 debebit.

146 4316 639 4376 Gonservantihus
669 4325 865 4379 autem
896 4323 1039 4396 hac,
1066 4344 1179 4400 pax
1210 4345 1244 4384 a
1278 4329 1518 4387 Domino
1544 4335 1601 4388 et
1621 4333 1797 4391 mise-

149 4406 397 4464 ricordia
427 4411 816 4480 prasentibus
836 4417 894 4470 et
919 4413 1134 4472 futuris
1154 4417 1383 4475 saculis
1402 4426 1791 4480 conservetur.

150 4500 358 4563 Amen,
389 4513 582 4566 amen,
612 4516 803 4557 amen.

216 4585 430 4642 Datum
487 4587 709 4644 Salerni
765 4606 869 4663 per
924 4608 1136 4650 manus
1185 4595 1426 4653 Joannis
1484 4599 1544 4655 S.
1595 4600 1661 4655 Η.
1723 4601 1787 4658 Ε.

150 4673 375 4731 diaconi
406 4677 565 4732 card.
587 4676 766 4735 Nonis
787 4680 1073 4749 Octobris,
1098 4682 1220 4739 ind.
1244 4701 1362 4755 xm,
1389 4704 1541 4744 anno
1564 4690 1792 4746 lncarn.

148 4762 457 4821 Dominica
479 4766 637 4837 {090,
659 4769 1035 4840 pontificatus
1065 4788 1197 4829 vero
1214 4774 1282 4830 D.
1317 4775 1533 4832 Urbani
1564 4796 1725 4852 papa
1746 4780 1792 4836 II

145 4853 330 4909 tertio.

871 4949 1061 5006 XLIV.

150 5031 349 5113 Urbani
377 5033 678 5113 [Inepistola
703 5037 1013 5113 ad‘cterum
1039 5045 1092 5096 et
1127 5042 1336 5113 plebem
1387 5043 1789 5103 Carnotensem.

212 5134 277 5144 —
304 5104 380 5160 De
399 5104 686 5184 ‘Gaufredi
698 5109 934 5183 episcopi
959 5104 1309 5184 depositione,
1364 5118 1416 5170 et
1455 5116 1632 5171 lvom's
1662 5134 1792 5174 con-

213 5178 410 5232 secrati
437 5179 499 5233 in
527 5179 645 5251 ejus
667 5178 847 5237 locum
870 5178 1274 5255 subrogatione.

766 5269 952 5343 (Anno
983 5272 1144 5327 1090.

564 5338 796 5409 [Mansﬁ
833 5344 1039 5401 Coneit.
1072 5338 1192 5415 XX,
1224 5347 1374 5417 650.]

218 5425 482 5484 Haemus
513 5427 845 5504 episcopus,
870 5450 1073 5490 servus
1097 5451 1392 5492 servorum
1417 5436 1539 5506 Dei,
1564 5437 1791 5498 dilectis

153 5512 205 5570 in
233 5514 462 5571 Christo
493 5515 630 5574 ﬁliis
654 5516 805 5576 clero
822 5525 879 5578 et
899 5521 1114 5596 populo
1137 5523 1501 5594 Carnotensi,
1537 5525 1787 5586 salutem

152 5608 199 5658 et
224 5603 607 5676 apostolicam
640 5608 1123 5669 benedictionem.

212 5692 321 5755 Nos
334 5693 573 5777 quidem
589 5699 717 5758 tum
738 5716 843 5778 pro
868 5700 1049 5761 beata
1072 5702 1265 5762 Maria
1286 5720 1518 5783 semper
1531 5704 1788 5789 Virginis

1349 401 1759 477 EPISTULA:
1803 410 1902 479 ET
1943 410 2425 501 PRIVILEGIA.

1859 551 1913 618 Α
1943 551 2244 610 devotione
2264 559 2321 610 et
2342 557 2823 626 reverentia,tum
2847 576 2950 634 pro
2966 561 3151 617 nostri
3173 562 3346 617 ofﬁcii
3370 562 3588 627 debito,

3470 426 3591 493 326

1935 639 2200 697 Ecclesia
2230 647 2433 701 vestra
2464 645 2855 713 dilectionem,
2871 649 3289 721 profectionem
3311 653 3367 706 et
3385 667 3585 707 curam

1934 729 2249 801 specialius
2274 732 2967 810 impendentes,ejusque
2996 738 3227 795 labores
3255 739 3587 806 diuturnos,

1935 834 2083 890 quos
2104 835 2140 875 a
2168 820 2456 878 Gaufredo
2484 826 2783 896 quondam
2815 827 3086 900 episcopo
3118 845 3291 900 passa
3321 832 3431 897 est,
3462 845 3589 902 pro-

1933 907 2205 978 pensiore
2236 910 2434 966 animo
2473 915 2918 986 perpendentes,
2977 916 3057 972 rei
3088 916 3328 973 veritate
3362 917 3588 973 diutius

1935 999 2113 1069 atque
2141 997 2483 1072 diligentius
2512 1004 3175 1078 pertractata,largiente
3200 1006 3468 1076 Domino,
3484 1007 3587 1079 ju-

1934 1085 2106 1141 stitia
2135 1087 2546 1147 satisfacimus.
2580 1092 2797 1148 Bonam
2832 1092 3031 1166 itaque
3061 1093 3239 1150 animi
3281 1095 3459 1151 vestri
3489 1113 3589 1152 νο·
3674 1142 3683 1149 .

1932 1171 2219 1231 luntatem
2228 1178 2648 1250 pravenientes
2662 1198 2728 1236 ac
2740 1199 2806 1236 su
2816 1182 3074 1255 bsequen
3083 1183 3585 1250 tes,venerabilem

1929 1261 2120 1317 virum
2155 1268 2386 1321 Ivonem
2419 1269 2852 1341 presbyterum,
2886 1288 3083 1343 quem,
3145 1272 3436 1329 Gaufredo
3486 1290 3590 1346 per

1930 1367 2036 1406 nos
2066 1352 2352 1425 deposito,
2386 1356 2670 1414 catholico
2712 1362 2887 1431 atque
2937 1361 3212 1417 canonice
3261 1362 3585 1418 secundum

1930 1444 2131 1496 nostra
2161 1443 2385 1499 monita
2413 1443 2692 1516 elegistis,
2726 1463 2799 1502 ne
2827 1450 2979 1519 quod
3017 1448 3263 1505 ulterius
3294 1450 3405 1506 hac
3432 1450 3493 1505 in
3526 1468 3586 1507 re

1928 1529 2569 1597 detrimentumyestra
2597 1535 2856 1591 Ecclesia
2884 1541 3198 1608 pateretur,
3251 1538 3379 1594 sine
3410 1555 3585 1596 mora

1929 1614 2207 1689 longioris
2237 1620 2540 1676 obstaculo
2563 1625 3055 1680 consecravimus.

1997 1705 2163 1761 Nunc
2193 1724 2327 1764 eum
2362 1710 2433 1765 ad
2465 1727 2568 1768 vos
2600 1711 2984 1780 remittentes,
3017 1718 3301 1787 tanquam
3334 1716 3392 1770 B.
3429 1716 3584 1772 Petri

1927 1794 2202 1852 manibus
2231 1800 2727 1862 consecratum.B.
2761 1800 2912 1855 Petri
2946 1802 3070 1857 vice
3092 1819 3194 1859 vos
3228 1818 3505 1875 rogamus
3528 1809 3587 1861 et

1925 1883 2301 1941 obsecramus
2324 1890 2615 1958 quatenus
2645 1903 2778 1943 eum
2805 1889 3057 1962 benigne
3080 1890 3471 1964 suscipientes
3493 1893 3588 1949 de-

1922 1970 2045 2027 bita
2076 1976 2142 2027 ut
2157 1974 2408 2045 pastoris
2422 1976 2540 2031 veri
2561 1978 2890 2033 membrum
2906 1978 3246 2034 'obedientia
3263 1979 3583 2050 honoratis;

1920 2059 2116 2116 debita
2144 2061 2539 2120 sollicitudine
2572 2082 2701 2138 quae
2730 2067 2898 2122 vobis
2919 2068 3353 2125 annuntiaverit
3381 2070 3580 2128 obser-

1921 2149 2186 2217 vetis;et
2217 2156 2281 2206 ut
2308 2151 2435 2224 ipse
2490 2154 2606 2210 Deo
2638 2154 2886 2228 placere,
2938 2161 2995 2212 et
3024 2172 3159 2213 eum
3217 2174 3322 2231 pro
3367 2159 3579 2216 vestris

1917 2236 2109 2293 valeat
2135 2241 2471 2297 excessibus
2503 2243 2677 2316 digne
2733 2244 3144 2302 intercedendo
3193 2245 3446 2319 placare,
3475 2265 3581 2304 vos

1920 2315 2154 2399 quoque
2184 2327 2409 2400 placere
2440 2330 2557 2387 Deo
2583 2315 2725 2388 totis
2782 2315 3212 2390 conaminibusi
3245 2341 3575 2408 procurate.

1920 2415 1976 2470 Si
2031 2417 2187 2472 enim
2222 2417 2448 2490 placere
2475 2420 2590 2476 Deo
2622 2421 2967 2490 statueritis,
3021 2428 3315 2495 pastorem
3374 2424 3577 2496 procul

1921 2504 2099 2561 dubio
2129 2505 2247 2561 Deo
2280 2506 2607 2579 placentem
2642 2509 2956 2578 habebitis,
2990 2528 3097 2567 nos
3129 2528 3361 2584 quoque
3392 2513 3451 2567 in
3482 2529 3579 2569 ve-

1919 2592 2059 2648 stris
2090 2596 2627 2666 opportunitatibus
2659 2597 2731 2652 ad
2763 2598 3195 2655 exaudiendum
3230 2604 3465 2672 paratos
3496 2601 3580 2657 in—

1916 2681 2177 2738 venietis.
2214 2683 2390 2739 Porro
2451 2685 2521 2741 de
2551 2685 2866 2756 Gaufredo,
2901 2687 3001 2759 qui
3058 2687 3185 2744 sine
3244 2689 3578 2746 conditione

1918 2771 2078 2826 omni
2111 2772 2327 2828 nostris
2360 2774 2635 2830 manibus
2663 2775 3070 2849 episcopatum
3104 2777 3377 2844 reddidit,
3419 2778 3593 2861 indi-_

1918 2875 2099 2932 gnum
2122 2877 2185 2916 se
2215 2865 2482 2933 patenter
2511 2865 3260 2937 agnoscens,pracepimus
3284 2870 3342 2923 et
3370 2868 3572 2940 praci-

1917 2949 2115 3020 pimus
2146 2966 2218 3006 ne
2251 2950 2385 3023 quis
2415 2952 2467 3008 ei
2499 2952 2617 3009 ullo
2639 2954 2813 3009 modo
2834 2954 2907 3010 ad
2929 2953 3329 3028 episcopatum
3348 2955 3573 3013 reinva-

1919 3037 2177 3095 dendum
2204 3039 2293 3094 vel
2326 3039 2722 3097 infestandum
2763 3059 3073 3099 assensum
3132 3045 3573 3102 accommodare

1918 3132 2255 3197 prasumat,
2279 3126 2425 3183 alias
2454 3133 2511 3183 et
2540 3127 2734 3200 ipsum
2757 3135 2812 3185 et
2842 3129 3029 3202 ipsius
3062 3130 3320 3188 fautores
3349 3147 3576 3188 excom-

1919 3215 2301 3271 municationi
2316 3217 2446 3288 subj
2454 3234 2618 3274 acere
2631 3218 3315 3276 censemus.0bedientes
3327 3236 3428 3277 vos
3439 3224 3574 3277 vero

1835 3285 1878 3351 (ἶ
1916 3304 2156 3359 monitis
2187 3304 2402 3360 nostris
2426 3285 2620 3378 gratia
2646 3307 2840 3363 divina
2866 3307 3180 3363 custodiat.

1984 3392 2130 3448 Data
2148 3393 2355 3466 Capua
2386 3398 2586 3451 octavo
2608 3395 2901 3453 Kalendas
2933 3397 3285 3453 Decembris.

1915 3597 2122 3654 Urbani
2149 3598 2201 3670 Il
2218 3612 2388 3669 papa
2421 3510 3140 3670 wistota%V.Richeﬁum,
3201 3602 3569 3664 archiepisco~

1975 3684 2112 3739 pum
2159 3667 2537 3744 Senopensém.
2572 3701 2656 3744 ——_
2694 3671 2933 3744 Inopem,
2990 3667 3302 3744 episcopum
3362 3672 3571 3729 Carno-

1979 3743 2184 3822 tensem
2239 3740 2332 3826 ῥιιί
2378 3741 2718 3826 commendat
2774 3740 3130 3826 Gen/pedarii,
3166 3740 3249 3826 ’.εἰ
3310 3744 3573 3826 invadere

1980 3812 2347 3937 episcopatum
2403 3814 2716 3882 tentaverit,
2789 3814 3314 3871 anathematizatum
3379 3815 3564 3871 decla-

1982 3898 2011 3936 r
2077 3924 2088 3936 .

2531 3972 2718 4045 (Anno
2746 3973 2929 4046 1090.)
3020 3948 3021 3951 γ
3090 3982 3105 3992 ·

2349 4079 2578 4151 [Musa
2613 4079 2817 4136 Concil.
2849 4080 2959 4148 XX,
2983 4082 3133 4152 651.]

1977 4194 2249 4258 Quantas
2273 4212 2377 4268 pro
2408 4195 2696 4253 Gaufredo
2728 4198 3026 4270 quondam
3053 4198 3326 4271 episcopo
3355 4198 3568 4255 Carno-

1905 4284 2092 4340 tensis
2123 4283 2391 4340 Ecclesia
2440 4284 2740 4345 molestias
2790 4287 3163 4355 sustinuerit,
3211 4292 3443 4359 quanta
3496 4290 3569 4345 ad

1907 4373 2287 4444 apostolicam
2320 4375 2520 4429 sedem
2553 4375 2805 4446 querela
2842 4376 3076 4449 perlata
3107 4376 3345 4443 fuerint,
3377 4375 3570 4433 delec-

1904 4460 2084 4517 tionis
2116 4466 2229 4517 tua
2259 4463 2583 4518 strenuitas
2610 4465 2993 4537 recognoscit.
3022 4465 3283 4522 Tandem
3317 4465 3398 4522 rei
3428 4466 3571 4522 veri-

1904 4552 2022 4605 tate
2043 4549 2381 4621 diligentius
2397 4552 2741 4623 perquisita,
2752 4553 3036 4625 largiente
3051 4553 3218 4610 Domi
3226 4554 3566 4626 no,juslitia

1906 4638 2319 4706 satisfacimus,
2353 4643 2410 4694 et
2439 4639 2511 4695 ab
2560 4640 2687 4711 ipso
2734 4640 2796 4695 in
2840 4641 3057 4697 nostris
3106 4641 3381 4698 manibus
3436 4642 3565 4698 sine

1905 4727 2219 4800 cujuslibet
2249 4732 2446 4784 tenore
2479 4727 2832 4785 conditionis
2863 4729 3237 4801 episcopatus
3273 4729 3566 4787 refutatus

1902 4820 2010 4872 est.
2045 4817 2307 4872 Tandem
2338 4817 2409 4872 ad
2442 4821 2607 4883 tuam
2636 4816 3059 4873 fraternitatem
3092 4817 3312 4889 scripta
3354 4816 3564 4874 direxi-

1902 4922 2056 4974 mus,
2093 4907 2173 4962 rei
2206 4910 2383 4979 gesta
2442 4906 2707 4963 ordinem
2760 4905 3109 4977 indicantes,
3171 4910 3231 4962 et
3278 4910 3344 4962 ut
3390 4910 3563 4963 tuum

1903 4994 2362 5051 Carnotensibus
2394 4995 2465 5050 ad
2499 4994 2834 5069 eligendum
2865 5000 2921 5052 et
2938 4996 3403 5075 consecrapdum
3417 4997 3567 5054 anti-

1902 5083 2098 5140 stitem
2140 5082 2425 5140 auxilium
2481 5084 2882 5142 contribueres
2934 5084 3288 5158 ﬂagitantes.
3349 5085 3563 5142 Nostra

1900 5173 2099 5245 itaque
2129 5173 2262 5229 fulti
2290 5173 2525 5229 licentia
2552 5176 2932 5231 Carnotenses
2955 5173 3347 5231 venerabilem
3365 5175 3555 5231 virum

1900 5263 2306 5337 presbyterum
2338 5262 2567 5318 Ivonem
2604 5262 2882 5320 canonico
2905 5262 3111 5320 ordine
3131 5263 3190 5320 in
3215 5262 3556 5339 episcopum

1899 5351 2216 5426 elegerunt.
2253 5351 2395 5407 Cum
2427 5356 2625 5409 autem
2657 5370 2691 5408 a
2716 5356 2774 5410 te
2803 5353 3259 5411 consecrationis
3304 5354 3555 5427 gratiam

1899 5459 2003 5516 pro
2035 5458 2195 5498 more
2233 5438 2500 5498 Ecclesia
2560 5442 2921 5515 petivissent,
2951 5447 3055 5500 tua
3110 5443 3446 5500 fraternitas
3502 5443 3556 5500 ei

1901 5548 2143 5589 manum
2182 5530 2480 5605 imponere
2510 5532 2817 5589 recusavit.
2844 5534 2928 5590 Ad
2947 5550 3054 5590 nos
3082 5534 3263 5608 igitur
3290 5533 3437 5605 ipsis
3458 5549 3557 5589 ve-

1898 5620 2216 5689 nientibus,
2247 5625 2304 5677 et
2359 5622 2815 5680 consecrationis
2870 5621 3404 5697 ejusdemfgratiam
3446 5621 3547 5678 de-

1897 5710 2295 5791 poscentibus,
2327 5726 2435 5769 nos
2468 5711 2569 5790 qui
2601 5712 2709 5774 viri
2754 5712 3096 5793 religionem
3137 5713 3265 5793 jam
3323 5709 3549 5781 dudum
