3950 6356
407 352 523 415 327

409 571 681 648 petitioni
731 571 904 642 iusta
946 568 1149 625 deesse
1204 565 1595 638 nequivimus.
1649 566 2065 620 Consecratum

408 662 595 736 igitur
625 676 759 716 cum
793 657 954 715 salva
980 662 1092 712 tua
1123 655 1392 713 Ecclesia
1424 651 1752 711 obedientia
1773 650 2065 707 remitten-

409 756 524 821 tes,
583 746 916 806 dilectionis
974 750 1087 802 tua
1149 744 1518 801 dulcedinem
1567 740 1957 815 postulamus,
2003 741 2067 793 ut

407 840 571 898 omni
600 837 723 895 litis
752 836 952 893 fomite
985 834 1310 906 consopito,
1333 831 1693 906 benignitate
1706 845 1841 887 eum
1872 826 2068 884 debita

410 926 843 1002 complecteris,
903 928 960 980 et
1016 923 1090 979 ad
1147 920 1411 978 Ecclesia
1467 920 1728 994 regimen
1784 916 2065 974 auxilium

409 1022 579 1081 tuum
604 1015 656 1073 ei
682 1013 973 1089 largiaris.
1033 1011 1209 1067 Porro
1241 1010 1621 1079 Gaufredum,
1657 1007 1707 1063 si
1764 1007 2065 1079 episcopa-

409 1112 539 1165 tum
568 1105 861 1170 invadere,
917 1105 1019 1157 aut
1046 1098 1365 1156 Ecclesiam
1415 1098 1690 1154 infestare
1737 1092 2064 1165 tentaverit,

407 1194 603 1269 ipsum
641 1192 946 1265 ipsiusque
976 1189 1232 1245 fautores
1263 1186 1622 1244 anathemati
1644 1185 1948 1256 subjacere
1966 1182 2066 1238 de-

409 1282 720 1345 crevimus.

480 1373 629 1429 Data
657 1370 864 1441 Capua
896 1366 1148 1441 septimo
1182 1363 1477 1421 Kalendas
1507 1361 1864 1420 Decembris.

1142 1453 1334 1508 XLVI.

414 1550 619 1609 Urbani
642 1549 697 1604 ll
720 1545 950 1618 epistola
980 1544 1051 1600 ad
1111 1543 1482 1598 Altmannum
1538 1541 1921 1595 Pataviensem
1948 1539 2065 1610 epi-

1107 1630 1349 1686 scopum.

856 1687 1108 1759 (Fragm.
1144 1682 1210 1726 -ῐ
1240 1687 1407 1740 Anno
1439 1682 1622 1753 1090.)

483 1782 627 1848 [Vita
653 1777 942 1835 Altmanni
959 1793 1052 1847 ap.
1086 1775 1370 1844 Bonum,
1398 1777 1441 1828 t.
1476 1772 1547 1840 Il,
1581 1776 1728 1844 Aug.
1754 1786 1809 1842 p.
1846 1770 1991 1837 474.]

481 1868 761 1925 Unewus
789 1863 1128 1937 episc0pus,
1175 1878 1376 1918 servus
1406 1875 1707 1916 servorum
1745 1858 1869 1927 Dei,
1927 1857 2066 1915 cha-

410 1956 649 2015 rissimo
678 1954 842 2010 fratri
870 1954 1208 2017 ALTMANNO,
1233 1950 1504 2022 episcOpo
1534 1946 1881 2016 Pataviensi,
1907 1945 2061 2002 salu-

410 2052 531 2104 tem
560 2048 619 2102 et
637 2041 1018 2116 apostolicam
1045 2038 1530 2097 benedictionem.

481 2131 894 2190 Strenuitatem
924 2133 1087 2185 tuam
1120 2128 1177 2183 in
1212 2127 1311 2183 Dei
1374 2126 1548 2183 rebus
1577 2128 1635 2181 et
1681 2124 1945 2181 Ecclesia
1978 2123 2060 2179 la-

411 2222 658 2280 boribus
683 2221 1010 2286 audientes,
1044 2218 1103 2272 in
1153 2215 1400 2273 Domino
1431 2215 1756 2289 gaudemus
1783 2232 1794 2283 ;
1825 2217 1883 2269 et
1934 2212 2062 2269 ideo

414 2328 621 2387 preces
651 2312 875 2366 vestras
897 2308 956 2364 in
987 2306 1083 2363 his
1112 2322 1241 2378 qua
1268 2309 1473 2361 contra
1493 2320 1715 2360 morem
1739 2306 1949 2358 nostra
1980 2301 2064 2356 vi-

415 2403 630 2457 dentur
654 2396 944 2461 Ecclesia,
972 2394 1324 2463 audivimus,
1349 2401 1455 2450 etc.

1125 2482 1337 2539 XLVII.

416 2580 621 2638 Urbani
647 2579 699 2634 ιι
706 2576 946 2649 epistola
974 2573 1045 2629 ad
1082 2574 1386 2649 Lansonem
1413 2579 1468 2629 et
1496 2570 1791 2649 Rodulf‘nm
1817 2570 2060 2649 abbates,

479 2654 533 2707 et
559 2642 952 2707 Adalbéronem
1002 2645 1404 2717 primicerium.
1438 2673 1509 2717 -—_—-
1563 2642 1861 2713 Conﬁrmat
1916 2642 2061 2696 elec-

481 2725 681 2779 tionem
711 2721 957 2776 Metensis
983 2715 1220 2788 episwpi
1249 2715 1316 2770 ab
1344 2716 1424 2769 eis
1453 2715 1677 2785 factam.

1018 2807 1206 2875 (Anno
1238 2804 1397 2875 4091.

842 2873 1075 2947 [lumen
1112 2874 1313 2929 Concil.
1349 2873 1467 2941 ΧΧ,
1489 2873 1639 2943 705.]

486 2969 768 3026 ΠΒΒΑΝΗΞ
798 2965 1128 3038 episcopus,
1161 2979 1364 3020 servus
1386 2977 1685 3018 servorum
1708 2958 2064 3026 Dei,dilectis

413 3060 475 3114 in
506 3057 707 3114 Cbisto
734 3055 871 3110 filiis
901 3053 1171 3121 Lanzom,
1210 3052 1475 3107 Ronuuo
1520 3049 1856 3117 abbatibus,
1881 3051 2064 3105 Δολι-

413 3163 621 3204 ssnon:
651 3142 1005 3218 primicerio,
1038 3139 1484 3207 archidiaconis,
1517 3146 1573 3195 et
1620 3138 1779 3194 omni
1811 3138 2060 3195 catholi-

411 3253 478 3292 co
510 3205 790 3292 Metensis
819 3205 1087 3288 Ecclesia
1147 3230 1298 3286 clero
1352 3245 1419 3284 ac
1455 3205 1669 3301 populo
1721 3228 1970 3284 salutem
2001 3232 2060 3283 et

372 3346 379 3347 ί
412 3321 791 3397 apostolicam
822 3318 1310 3375 benedictionem.

483 3411 842 3478 Gaudemus,
877 3407 978 3463 ﬁlii
1011 3409 1069 3463 in
1100 3406 1334 3463 Christo
1368 3404 1727 3471 charissimi,
1762 3406 1901 3478 quia
1955 3422 2060 3461 vos

410 3499 682 3575 gaudetis
711 3498 769 3555 in
802 3497 1048 3555 Domino
1076 3495 1215 3569 quia
1243 3494 1540 3552 catholica
1566 3496 1700 3552 fidei
1732 3496 2060 3567 lucernam,

410 3608 538 3663 qua
572 3590 631 3644 in
662 3588 1014 3645 Herimanno
1044 3590 1257 3642 sancta
1289 3585 1583 3641 memoria
1605 3585 1929 3657 permansit
1946 3583 2063 3656 epi-

409 3695 603 3752 scopo,
656 3678 907 3734 necdum
961 3675 1245 3732 exctincta
1275 3678 1396 3743 est;
1459 3675 1599 3747 quia
1648 3673 2061 3747 pradecessori

408 3769 560 3826 bono
610 3782 1007 3825 successorem
1039 3762 1402 3837 probabilem
1450 3762 1803 3835 providistis.
1838 3764 1907 3820 Et
1954 3780 2060 3819 nos

410 3857 589 3930 igitur
614 3855 784 3911 bonis
811 3854 958 3909 votis
985 3853 1196 3908 vestris
1228 3852 1406 3907 robur
1434 3856 1779 3922 praetentas
1808 3852 2059 3908 auctori-

409 3943 546 3998 tatis
576 3939 905 4014 apostolica
928 3939 1314 4005 devotionem,
1350 3942 1407 3994 et
1435 3938 1776 3995 electionem
1803 3944 2057 3998 vestram

410 4029 621 4086 litteris
653 4028 1049 4101 praesentibus
1080 4026 1494 4099 approbemus.
1556 4027 1778 4084 Vestris
1829 4045 2061 4102 quoque

409 4116 905 4195 postulationibus
934 4132 1242 4172 assensum
1273 4115 1649 4184 conferimus,
1670 4120 1735 4172 ut
1759 4119 1933 4173 vestri
1965 4118 2060 4174 in-

412 4208 578 4264 tersit
599 4205 850 4273 arbitrii,
883 4223 917 4261 a
965 4204 1181 4277 quibus
1212 4205 1585 4277 potissimum
1617 4205 1930 4264 catholicis
1960 4209 2058 4265 de-

409 4297 542 4353 beat
588 4294 877 4373 episcopis
908 4294 1254 4351 consecrari.
1294 4294 1438 4351 Illud
1497 4312 1637 4352 sane
1668 4295 1827 4350 omni
1886 4301 2058 4354 modo

410 4385 827 4458 requirendum
871 4389 961 4441 est
1020 4390 1217 4441 utrum
1269 4402 1371 4457 per
1400 4401 1642 4440 manum
1699 4385 2059 4445 Trevirensis

408 4472 569 4535 illius
601 4473 740 4539 dicti
763 4474 1105 4547 archiepisc.
1131 4472 1459 4530 Simoniace
1482 4472 1653 4528 fuerit
1678 4473 1733 4527 in
1755 4474 2054 4533 diac0nem

1707 339 1778 405 B.
1825 334 2122 405 URBANI
2169 335 2219 399 ll
2268 331 2516 397 ΡΑΡιΕ.

407 483 843 549 noveramus,et
869 478 1041 551 cujus
1073 476 1330 551 eligendi
1360 475 1658 533 licentiam
1689 474 2059 540 dederamus,
2093 473 2147 538 Α

3698 321 3840 397 328

2740 463 2971 521 CAPUT
3009 460 3253 520 XLVIII.

2283 559 2531 615 Urbanus
2556 558 2609 614 II
2656 555 3014 627 parthenonis
3045 553 3099 608 S.
3134 552 3321 627 Gravis
3350 549 3713 606 Pictaviensis

2643 624 3005 699 possessiones
3033 624 3341 694 conﬁrmat.

2793 733 2981 804 (Anno
3014 729 3197 799 1091.)

2351 824 2640 893 [ΜΑΒιιιη
2674 821 2874 876 Annal.
2907 818 3024 878 01rd.
3058 819 3113 875 S.
3144 816 3342 874 Bened.
3377 815 3444 883 V,
3475 815 3626 885 282.]

2244 929 2590 988 Pictaviensi
2622 930 2849 985 Sancta
2902 926 3104 983 Crucis
3157 922 3529 981 nobilissimo
3580 921 3835 994 parthe-

2174 1021 2311 1076 noni
2342 1022 2475 1093 post
2494 1016 2865 1074 Petronillam
2916 1014 3274 1072 abbatissam
3307 1011 3542 1084 prafuit
3570 1010 3837 1077 Adelais,

2178 1127 2305 1182 qua
2336 1108 2409 1165 ab
2458 1107 2690 1163 Urbano
2747 1106 2797 1161 ll
2826 1104 2985 1161 sedis
3037 1101 3370 1176 apostolica
3424 1100 3739 1157 tuitionem
3773 1103 3840 1156 et

2173 1196 2674 1257 confirmationem
2709 1193 3147 1267 possessionum
3178 1190 3452 1257 obtinuit,
3502 1188 3839 1261 diplomate

2173 1289 2308 1344 dato
2340 1284 2647 1343 Beneventi
2676 1300 2780 1356 per
2800 1298 3041 1341 manum
3069 1280 3319 1338 Joannis
3336 1279 3392 1336 S.
3420 1279 3484 1335 Β.
3508 1276 3835 1334 E.diac0ni

2174 1374 2511 1440 cardinalis,
2536 1390 2590 1429 IV
2620 1372 2745 1429 Kal.
2771 1370 3007 1444 Aprilis,
3040 1385 3193 1426 anno
3221 1368 3535 1426 Dominica
3556 1372 3840 1424 lncarna-

2174 1465 2354 1525 tionis
2378 1464 2539 1532 4094,
2573 1462 2949 1535 pontiﬁcatus
2977 1459 3192 1516 Urbani
3215 1474 3368 1514 anno
3398 1475 3473 1513 ιν.
3505 1457 3622 1513 Sub
3644 1456 3837 1512 ﬁnem

2175 1553 2513 1625 diplomatis
2534 1552 2896 1609 abbatissam
2920 1554 2980 1605 et
2994 1558 3227 1604 sorores
3249 1552 3580 1617 commonet
3602 1548 3667 1600 ut
3688 1550 3838 1618 apo-

2174 1641 2392 1700 stolica
2424 1641 2580 1697 sedis
2627 1639 2971 1711 benignitati
3021 1637 3238 1694 sanctis
3294 1636 3523 1693 actibus
3579 1650 3838 1707 respon-

2175 1730 2661 1804 deant,regularis
2674 1727 2995 1800 disciplina
3010 1725 3479 1782 institutionibus
3498 1723 3836 1780 studiosius

2094 1838 2151 1904 B,
2174 1822 2587 1891 dentoperam,
2616 1824 2674 1875 et
2697 1818 2769 1874 ad
2803 1820 3077 1874 aternam
3110 1814 3358 1888 gloriam
3387 1812 3528 1870 totis
3573 1812 3832 1881 viribus,

2172 1908 2463 1967 anhelent.
2498 1907 2711 1965 Eodem
2740 1905 3058 1980 diplomate
3089 1902 3294 1960 statuit
3313 1902 3588 1975 pontifex,
3617 1906 3685 1957 ut
3702 1900 3834 1957 col-

2169 1999 2382 2071 legiate
2438 1998 2499 2053 B.
2561 1995 2937 2068 Radegundis
3012 1992 3261 2050 ecclesia
3318 1993 3542 2049 Sancto
3615 1990 3834 2046 Crucis

2171 2086 2439 2159 regimini
2471 2087 2530 2141 in
2559 2089 2926 2156 perpetuum,
2955 2082 3039 2138 uti
3064 2086 3252 2150 antea,
3284 2081 3604 2152 subjaceat.
3654 2079 3831 2143 Quod

2162 2177 2290 2247 jam
2340 2174 2502 2247 prius
2532 2172 2878 2253 deﬁnierant
2910 2175 3151 2228 Amatus
3198 2168 3516 2226 Ellorensis
3543 2172 3601 2223 at
3652 2167 3834 2240 Hugo

2172 2264 2403 2320 Diensis
2435 2262 2714 2335 episcopi,
2749 2259 3077 2334 apostolica
3109 2258 3268 2315 sedis
3294 2256 3557 2331 legati,i’n
3574 2256 3831 2313 concilio

2171 2352 2561 2420 Santonensi;
2598 2352 2869 2422 idemque
2924 2347 3237 2420 Gregorius
3294 2346 3395 2402 VII
3432 2345 3645 2403 litteris
3692 2345 3833 2402 suis

2170 2440 2631 2507 continuaverat,
2664 2438 2896 2514 Hugoni
2925 2441 2983 2494 et
3026 2435 3247 2493 cateris
3277 2430 3506 2492 clericis
3550 2433 3829 2505 ejusdem

2170 2531 2426 2589 ecclesia
2457 2528 2775 2601 inscriptis.

2765 2641 2993 2699 CAPUT
3030 2641 3225 2697 XLIX.

2177 2736 2382 2793 Urbani
2436 2736 2489 2790 II
2551 2734 2781 2806 epistola
2839 2733 2911 2788 ad
2967 2729 3836 2806 Itovpualdumnﬂqnopolitana

2242 2808 2499 2863 Ecclesiae
2537 2802 2864 2877 episwpum.
2919 2834 3016 2877 -τ-
3044 2803 3128 2857 Ea:
3180 2802 3403 2877 concilii
3456 2802 3836 2877 Beneventani

2242 2879 2509 2933 salientia
2543 2873 2951 2950 Αὲρίρσὸραιῳη-
2966 2874 3431 2950 Nonopolitanum
3459 2888 3587 2950 non
3639 2873 3832 2950 Eccle-

2242 2950 2343 3075 sia
2367 2943 2743 3077 Btrundiisina'
2766 2946 2859 3003 sed
2917 2943 3173 3002 Romana
3214 2944 3330 3000 sedi
3384 2943 3683 3015 subiectum
3731 2944 3832 3002 de-

2242 3038 2271 3076 c
2295 3037 2395 3076 ara
2424 3063 2435 3075 .

2798 3108 2986 3179 (Anno
3020 3106 3202 3179 1094.)

2598 3197 2829 3270 [ΜΑΝει,
2865 3195 3068 3251 Concil.
3100 3194 3213 3263 XX,
3243 3193 3396 3267 739.]

2240 3315 2518 3371 Uansnus
2547 3313 2879 3387 episcopus,
2906 3328 3107 3369 servus
3137 3327 3436 3367 servorum
3468 3310 3588 3380 Dei,
3612 3309 3830 3369 dilecto

2171 3404 2337 3460 fratri
2370 3404 2712 3474 ROMUALDO,
2746 3400 3190 3475 Monopolitana
3219 3399 3485 3457 Ecclesia
3523 3399 3824 3473 episcopo,

2172 3494 2414 3567 suisque
2446 3491 2885 3550 successoribus
2941 3490 3215 3548 canonice
3272 3488 3703 3548 substituendis
3766 3491 3826 3547 in

2171 3586 2544 3658 perpetuum.

2238 3678 2547 3729 Sacrorum
2571 3687 2863 3741 canonum
2895 3674 2951 3726 et
2979 3671 3346 3727 decretorum
3393 3668 3826 3741 pontiﬁcalium

2169 3762 2434 3835 deposcit
2462 3759 2777 3831 auctoritas
2807 3764 2873 3815 ut
2901 3760 3155 3831 majores
3188 3758 3580 3818 Ecclesiarum
3630 3775 3826 3816 causa

2169 3849 2497 3923 apostolica
2523 3848 2682 3905 sedis
2706 3849 2931 3920 judicio
2954 3850 3362 3915 terminentur,
3414 3847 3509 3904 cui
3537 3864 3645 3904 nos
3688 3847 3828 3905 licet

2167 3939 2393 4012 indigni
2441 3938 2648 3995 divina
2702 3938 3102 4010 dispositionis
3154 3936 3395 3993 arbitrio
3442 3935 3825 4009 praesidentes

2167 4029 2430 4085 eamdem
2452 4027 2902 4085 sollicitudinem
2938 4027 3222 4083 universis
3254 4044 3353 4099 per
3390 4026 3596 4083 orbem
3626 4026 3823 4083 Eccle-

2167 4117 3066 4191 siis,proutnobisapostolorum
3079 4134 3323 4172 suorum
3336 4116 3543 4172 divina
3557 4115 3824 4188 dignatio

2168 4206 2494 4280 majestatis
2522 4207 2671 4263 scire
2714 4211 2771 4262 et
2828 4223 3002 4279 posse
3034 4206 3339 4279 impendit,
3390 4205 3813 4277 impendimus.

2166 4298 2311 4355 Cum
2342 4313 2478 4369 ergo
2508 4300 2819 4369 prastante
2863 4296 3108 4351 Domino
3166 4294 3589 4351 lncarnationis
3619 4294 3823 4351 Domi.-

2168 4387 2308 4443 nica
2341 4402 2494 4442 anno
2527 4385 2653 4441 1094
2695 4384 2973 4457 synodale
2989 4383 3383 4441 conciliumin
3405 4384 3818 4449 Beneventano.

2164 4481 2319 4533 esset
2347 4474 2603 4531 Ecclesia
2632 4475 2742 4530 sub
2774 4479 2974 4530 nostra
3025 4473 3338 4545 praesentia
3365 4478 3815 4546 congregatum,

408 4564 732 4625 ordinatus.
768 4563 1062 4636 Quidquid
1090 4565 1247 4619 enim
1278 4564 1350 4619 ab
1397 4578 1464 4619 eo
1494 4563 1949 4623 extraordinarie
1980 4567 2067 4622 in-
2096 4574 2144 4640 D
2175 4571 2234 4622 et
2260 4566 2540 4622 adversus
2572 4563 2990 4620 fraternitatem
3022 4569 3184 4618 tuam
3240 4562 3673 4630 Brundusinus,
3716 4576 3825 4633 seu

407 4654 699 4729 digneque
730 4653 1010 4725 suscepit,
1042 4671 1149 4708 nos
1180 4652 1363 4708 sancti
1397 4651 1651 4724 Spiritus
1673 4653 1899 4724 judicio
1928 4655 2065 4712 irri-

408 4748 534 4801 tum
566 4760 693 4800 esse
725 4759 1053 4809 censemus,
1085 4745 1151 4796 ut
1196 4740 1431 4797 eosdem
1461 4741 1695 4795 ordines
1747 4742 1819 4797 ab
1868 4743 2063 4817 aliquo

406 4833 689 4890 sortiatur
738 4832 1012 4904 episcopo
1044 4829 1326 4886 catholico
1384 4829 1651 4901 prasenti
1714 4834 2057 4890 auctoritate

407 4922 800 4997 pracipimus.
834 4919 992 4976 Talis
1041 4920 1197 4974 enim
1257 4918 1576 4989 ordinator,
1608 4935 1744 4973 cum
1776 4919 1919 4976 nihil
1952 4923 2056 4978 ba-

407 5008 621 5075 buerit,
653 5008 791 5064 dare
814 5008 958 5063 nihil
993 5008 1202 5081 potuit.
1240 5007 1349 5063 Vos
1380 5006 1579 5078 itaque
1609 5006 1712 5063 filii
1749 5008 1808 5063 in
1827 5009 2058 5067 Christo

409 5097 1140 5169 charissimi,perseverate
1161 5095 1221 5151 in
1251 5095 1345 5150 his
1368 5110 1496 5167 qua
1525 5113 1560 5151 a
1589 5099 2057 5158 reverentissimo

408 5185 698 5245 confratre
731 5190 950 5255 nostro,
985 5200 1141 5240 nunc
1198 5182 1539 5257 angelorum
1595 5186 1839 5257 concivi,
1894 5189 2057 5247 Heri-

408 5291 627 5333 manno
649 5274 921 5348 episcopo
952 5273 1262 5329 didicistis.
1296 5273 1462 5347 Agite
1492 5290 1619 5346 qua
1677 5275 1868 5348 agitis,
1919 5280 2059 5351 quia

408 5364 696 5441 serpentis
723 5367 897 5437 caput
918 5362 1280 5420 calcantibus
1302 5368 1517 5420 aterna
1533 5381 1567 5420 a
1582 5363 1827 5422 Domino
1844 5383 2057 5427 corona

410 5452 785 5537 prabebitur.
820 5454 949 5528 Ipse
977 5469 1080 5509 vos
1102 5469 1209 5509 sua
1232 5453 1421 5526 gratia
1440 5451 1690 5510 fideliter
1708 5459 1931 5514 certare
1958 5459 2059 5515 tri-

412 5545 570 5612 buat,
601 5546 658 5603 et
688 5542 884 5600 aterni
914 5543 1240 5600 mercedem
1268 5542 1449 5600 bravii
1482 5542 1774 5618 dignetur.

482 5632 629 5696 Data
653 5634 965 5694 Beneventi
1000 5632 1269 5693 Kalendis
1301 5632 1617 5697 Februarii.

2174 4654 2452 4711 Oritanus
2497 4658 2952 4725 conquereretur
3006 4651 3337 4724 episcopus,
3397 4657 3458 4708 et
3486 4655 3599 4711 tua
3656 4649 3822 4709 illius

2172 4743 2440 4801 Ecclesia
2487 4742 2854 4798 munimenta
2911 4747 3214 4813 perspecta
3271 4746 3430 4797 sunt.
3488 4740 3712 4807 Quibus
3760 4740 3820 4797 in

2168 4836 2479 4905 conspectu
2532 4836 2728 4888 nostro
2760 4830 2989 4887 concilii
3024 4831 3276 4886 universi
3335 4829 3690 4902 diligentiori
3728 4829 3818 4885 in-

2167 4924 2378 4995 dagine
2409 4921 2744 4993 perquisitis
2775 4938 2809 4979 a
2836 4918 3269 4977 venerabilibus
3288 4920 3504 4976 nostris
3523 4918 3817 4990 episcopis

2168 5009 2640 5085 presbyterisque
2671 5009 3070 5067 cardinalibus
3091 5007 3491 5079 adjudicatum
3515 5011 3605 5065 est
3618 5007 3816 5063 Mono-

2168 5100 2484 5174 politanam
2507 5098 2823 5155 Ecclesiam
2864 5098 3071 5168 majori
3105 5098 3458 5170 scriptorum
3512 5095 3814 5169 pontifica‘

2167 5188 2313 5245 lium
2346 5189 2688 5245 auctoritate
2724 5187 2932 5243 fultam
2964 5186 3350 5243 Brundusina
3379 5184 3643 5241 Ecclesia
3674 5185 3816 5240 sub-

2159 5278 2473 5351 jectionem
2505 5280 2561 5333 et
2590 5277 2979 5334 obedientiam
3013 5294 3128 5333 non
3160 5277 3387 5335 debere.
3422 5276 3679 5339 Quorum
3704 5291 3809 5331 nos

2168 5367 2518 5427 sententiam
2550 5368 2937 5440 approbantes
2977 5371 3187 5423 nostra
3220 5364 3580 5423 auctoritatis
3609 5364 3813 5420 robore

2167 5456 2660 5521 confirmavimus,
2689 5458 2747 5511 et
2776 5473 2878 5528 per
2903 5456 3205 5530 prasentis
3236 5453 3517 5547 prileegii
3530 5452 3811 5526 paginam

2166 5551 2221 5606 te
2249 5552 2497 5621 tuosque
2527 5561 2894 5603 successores
2926 5545 2999 5603 ab
3028 5546 3280 5603 Oritana
3311 5542 3412 5601 seu
3432 5542 3810 5599 Brundusina

2166 5635 2433 5697 Ecclesia
2475 5634 2833 5710 subjectione
2860 5635 3073 5695 liberos
3105 5635 3217 5694 sub
3247 5634 3430 5694 solius
3483 5631 3809 5709 apostolica
