3950 6374
115 349 223 418 329

1283 359 1691 426 EPISTOLfE
1735 361 1838 422 ET
1879 363 2354 424 PRlVlLEGIA.

3396 358 3519 424 330

113 488 255 545 sedis
284 488 622 545 obedientia
650 488 709 545 in
742 495 1103 564 perpetuum.
1121 508 1463 566 permanere
1494 493 1752 549 decerni-
1781 499 1837 564 Α
1867 494 2194 551 accolarum
2216 494 2435 551 raritas
2470 511 2583 551 non
2628 498 2904 560 meretur,
2951 493 3373 550 monasterium
3424 498 3513 555 ta.-

113 595 253 648 mus,
282 580 613 635 statuentes
639 584 705 634 ut
729 596 1079 653 quacunque
1101 580 1537 653 Menepolitana
1557 580 1744 637 Eccle-

110 667 188 723 sia
216 667 504 724 hactenus
525 668 687 739 juste
710 671 988 741 possedit,
1012 676 1113 727 aut
1131 671 1304 727 hodie
1323 670 1604 743 possidet,
1628 671 1748 727 sive

108 756 160 810 in
187 756 512 811 crastinum
528 757 690 828 juste
707 760 879 831 atque
898 759 1179 817 canonice
1202 759 1412 832 poterit
1428 758 1668 830 adipisci
1685 759 1743 814 in

108 843 372 911 castellis,
409 844 585 915 villis,
615 846 797 914 silvis,
829 847 889 903 in
931 847 1211 914 ecclesiis,
1263 847 1322 903 in
1375 848 1746 904 monasteriis

108 933 199 990 tibi
228 934 469 1007 tuisque
500 935 941 993 successoribus
966 935 1282 1010 episcopali
1305 937 1440 1008 jure
1468 936 1743 1010 regenda,

109 1022 465 1095 disponenda
494 1040 561 1079 ac
589 1023 942 1096 possidenda
973 1027 1146 1082 ﬁrma
1180 1030 1238 1081 et
1287 1025 1510 1080 illibata
1559 1024 1746 1096 persi-

107 1114 269 1179 stent,
286 1111 452 1168 salva
468 1110 529 1167 in
547 1113 819 1169 omnibus
839 1114 1112 1171 Romanis
1134 1118 1190 1170 et
1210 1114 1536 1187 apostolicae
1550 1111 1743 1169 Eccle-

109 1202 196 1257 sia:
237 1201 581 1259 reverentia.
635 1202 897 1259 Obeunte
942 1207 1021 1271 te,
1067 1203 1155 1259 vel
1203 1206 1439 1259 tuorum
1485 1202 1747 1274 quolibet

105 1289 690 1357 successorum,clero
702 1290 1033 1364 populoque
1049 1291 1481 1365 MonOpolitano
1496 1291 1741 1347 facultas

106 1379 191 1446 sit,
218 1383 451 1436 semota
479 1380 640 1436 omni
666 1380 966 1452 pravitate,
990 1382 1330 1454 episcopum
1350 1380 1625 1437 canonice
1646 1378 1743 1435 eli-

103 1467 289 1540 gendi,
324 1467 551 1525 electus
580 1472 775 1526 autem
806 1486 841 1526 a
863 1470 1123 1527 Romano
1145 1470 1416 1544 pontifice
1438 1484 1738 1526 consecra-

103 1555 266 1612 bitur.
301 1555 457 1612 Sane
507 1557 557 1614 si
605 1558 738 1629 quis
785 1557 845 1614 in
893 1558 1217 1615 crastinum
1265 1557 1739 1630 archiepiscopus

100 1650 190 1701 aut
216 1646 554 1717 episcopus,
588 1646 907 1719 imperator
937 1652 1037 1703 aut
1061 1665 1176 1714 rex,
1199 1648 1469 1720 princeps
1483 1646 1737 1713 autdux,

99 1751 285 1790 comes
316 1741 421 1790 aut
449 1736 791 1804 vicecomes,
816 1737 999 1808 judex
1027 1740 1128 1792 aut
1174 1753 1423 1809 persona
1469 1735 1741 1807 quaslibet

100 1840 309 1896 magna
336 1824 425 1880 vel
456 1841 654 1897 parva,
686 1831 892 1897 potens
923 1830 1025 1882 aut
1053 1826 1366 1899 impotens,
1418 1825 1596 1896 hujus
1634 1841 1736 1880 no-

97 1913 192 1971 stri
223 1913 515 1987 privilegii
549 1914 821 1988 paginam
855 1915 1068 1983 sciens,
1102 1920 1303 1972 contra
1344 1931 1472 1971 eam
1522 1918 1736 1971 temere

97 2002 281 2069 venire
334 2004 663 2071 tentaverit,
724 2005 982 2060 secundo
1038 2005 1279 2061 tertiove
1343 2003 1737 2061 commonitus

98 2090 141 2145 si
193 2108 309 2148 non
364 2092 768 2149 satisfactione
821 2109 1080 2167 congrua
1135 2092 1547 2160 emendaverit,
1601 2108 1736 2147 eum

98 2180 330 2236 honoris
360 2181 452 2237 sui
473 2185 533 2237 et
549 2181 722 2238 ofﬁcii
743 2182 1000 2254 periculo
1024 2182 1327 2253 subjacere
1344 2180 1734 2250 decernimus,

97 2274 145 2322 et
171 2285 206 2325 a
230 2268 451 2325 Christi
484 2273 659 2341 atque
689 2269 955 2327 Ecclesiae
986 2287 1225 2342 corpore
1265 2268 1607 2325 auctoritate
1636 2284 1735 2340 po-

100 2358 321 2423 testatis
381 2357 713 2430 apostolica:
770 2375 1194 2432 segregamus;
1257 2356 1738 2413 conservantibus

104 2452 289 2503 autem
323 2464 436 2519 pax
467 2463 502 2503 a
529 2447 665 2515 Deo,
700 2451 757 2504 et
785 2448 993 2504 merito
1021 2447 1409 2520 przssentibus
1439 2462 1504 2501 ac
1525 2444 1739 2503 futuris

104 2534 327 2591 saeculis
355 2542 748 2592 conservetur.
776 2538 981 2606 Amen,
1014 2553 1207 2604 amen,
1241 2552 1432 2594 amen.

163 2624 458 2697 Scriptum
517 2641 623 2698 per
679 2642 890 2682 manus
950 2626 1255 2682 Lanf'ranci
1317 2624 1529 2680 notarii
1587 2623 1738 2681 sacri

104 2712 311 2783 palatii.

164 2802 377 2858 Datum
409 2803 717 2859 Beneventi
749 2820 850 2876 per
894 2821 1104 2861 manus
1151 2802 1394 2860 Joannis
1445 2803 1504 2859 S.
1556 2802 1622 2857 Β.
1674 2801 1736 2858 Ε.

104 2892 318 2949 diaconi
354 2893 536 2960 card.,
571 2909 722 2949 anno
766 2894 994 2950 Domini
1042 2894 1267 2949 incarn.
1324 2893 1481 2961 1091,
1532 2892 1735 2947 indict.

103 2998 182 3034 xw
210 2980 338 3035 Kal.
366 2982 608 3054 Aprilis,
650 3000 800 3038 anno
852 2983 1225 3056 pontificatus
1255 2982 1321 3038 D.
1374 2981 1588 3037 Urbani
1636 2998 1738 3053 pa-

107 3086 185 3142 pae
216 3071 262 3127 Il
293 3074 524 3142 quarto.

1856 600 1988 639 men
2022 582 2106 640 illi
2139 585 2373 651 habere,
2434 587 2490 640 et
2519 584 2700 640 totius
2724 585 2929 641 insulae
2980 583 3275 641 ambitum
3323 583 3511 656 possi-
3552 592 3555 593 ⁷

1853 673 1989 729 dere
2019 679 2319 745 praesentis
2347 674 2571 747 paginze
2590 674 2931 730 auctoritate
2948 673 3272 730 sancimus.
3314 674 3511 747 Ipsum

1854 761 2030 818 etiam
2082 764 2526 833 monasterium,
2579 763 2672 819 cui
2722 763 3051 820 fraternitas
3093 767 3219 832 tua,
3270 766 3510 819 auctore

1854 851 2121 921 Domino,
2155 851 2447 924 przesidet,
2478 852 2537 907 in
2570 852 2631 907 B.
2653 852 3060 909 Bartholomaai
3083 852 3303 908 honore
3323 856 3380 908 et
3401 869 3507 909 no-

1853 939 2012 995 mine
2042 945 2466 1008 consecratum,
2518 941 2578 997 in
2626 942 2682 997 S.
2743 942 2808 997 It.
2857 946 2915 998 et
2963 941 3292 1014 apostolicae
3349 940 3510 997 sedis

1852 1028 2165 1085 favendum
2195 1030 2429 1103 speciali
2448 1031 2806 1103 protectione
2821 1030 3204 1104 suscipimus.
3242 1030 3351 1086 Per
3369 1045 3510 1102 pras-

1852 1122 2076 1174 sentem
2108 1119 2290 1192 igitur
2320 1119 2505 1176 nostri
2536 1119 2822 1192 privilegii
2854 1118 3129 1193 paginam
3187 1118 3509 1192 apostoiica

1851 1206 2193 1263 auctoritate
2239 1207 2559 1265 statuimus
2606 1214 2671 1263 ut
2718 1225 3083 1281 quaecunque
3129 1207 3301 1264 hodie
3347 1207 3507 1264 idem

1849 1297 2172 1352 czenobium
2196 1298 2357 1368 juste
2385 1298 2664 1370 possidet,
2698 1297 2818 1354 sive
2850 1298 2909 1353 in
2944 1300 3247 1370 posterum
3269 1313 3504 1353 conces-

1847 1383 2011 1440 sione
2041 1384 2404 1456 pontiﬁcum,
2433 1385 2783 1442 liberalitate
2813 1386 3168 1458 principum,
3197 1384 3287 1441 vel
3338 1385 3504 1443 obla-

1848 1472 2004 1529 tione
2049 1473 2329 1543 ﬁdelium,
2374 1476 2535 1546 juste
2576 1481 2750 1547 atque
2797 1474 3073 1531 canonice
3125 1475 3340 1548 poterit
3384 1475 3505 1530 adi-

1847 1560 2014 1633 pisci,
2045 1562 2211 1619 ﬁrma
2260 1563 2364 1619 tibi
2410 1564 2647 1636 tuisque
2692 1563 3128 1620 successoribus
3169 1567 3227 1619 et
3273 1562 3503 1620 illibata

1846 1657 2245 1722 permaneant.
2279 1653 2658 1708 Decernimus
2714 1669 2848 1726 ergo
2913 1657 2979 1708 ut
3028 1650 3174 1708 nulli
3253 1652 3498 1710 omnino

1844 1738 2151 1796 hominum
2174 1740 2344 1798 liceat
2362 1742 2515 1799 idem
2538 1741 2869 1815 cmnobium
2890 1746 3108 1797 temere
3128 1742 3496 1815 perturbare,

1843 1832 1945 1883 aut
1974 1830 2024 1884 ei
2067 1830 2333 1886 subditas
2380 1831 2783 1904 possessiones
2828 1831 3075 1898 auferre,
3125 1828 3215 1886 vel
3261 1830 3488 1887 ablatas

1840 1917 2111 1987 retinere,
2142 1919 2229 1975 vel
2264 1920 2544 1987 minuere,
2588 1919 2676 1976 vel
2714 1910 3041 1975 temerariis
3087 1917 3494 1976 vexationibus

1846 2005 2116 2079 fatigare;
2168 2009 2267 2064 sed
2317 2007 2515 2064 omnia
2561 2008 2789 2081 integra
2835 2011 3252 2063 conserventur
3292 2023 3498 2063 eorum

1846 2111 1948 2166 pro
1982 2113 2230 2168 quorum
2265 2098 2688 2153 sustentatione
2704 2101 2761 2153 et
2776 2096 3198 2169 gubernatione
3218 2111 3498 2153 concessa

1846 2189 2004 2253 sunt,
2038 2184 2244 2240 usibus
2276 2186 2598 2257 profutura.
2632 2186 2892 2241 Obeunte
2920 2190 2974 2239 te
3014 2200 3171 2261 nunc
3220 2184 3493 2256 ejusdem

1844 2271 1952 2327 loci
1986 2273 2214 2339 abbate,
2248 2274 2337 2330 vel
2366 2279 2596 2329 tuorum
2633 2273 2894 2346 quolibet
2926 2288 3354 2341 successorum,
3390 2271 3494 2328 nul

1844 2359 1938 2416 lus
1971 2361 2049 2417 ibi
2078 2361 2339 2434 qualibet
2382 2362 2777 2435 subreptionis
2824 2361 3040 2419 astutia
3085 2361 3173 2417 vel
3223 2360 3499 2417 violentia

1845 2457 2233 2521 praeponatur,
2268 2452 2382 2507 nisi
2413 2469 2587 2523 quem
2618 2452 2827 2507 fratres
2859 2450 3157 2507 communi
3190 2450 3381 2505 favore
3401 2448 3491 2505 vel

1842 2539 2088 2593 fratrum
2119 2556 2254 2611 pars
2285 2539 2511 2595 consilii
2542 2540 2793 2595 sanioris
2823 2538 3084 2611 elegerit,
3120 2536 3341 2594 electus
3386 2555 3488 2612 au:

1843 2631 1960 2682 tem
1993 2628 2063 2684 ad
2092 2628 2257 2683 Rom.
2292 2633 2450 2700 pont.
2480 2629 2910 2685 consecrandus
2942 2627 3193 2684 accedat.
3226 2626 3343 2682 Vos
3374 2627 3487 2682 ita-

1846 2732 1980 2787 que,
2013 2715 2117 2771 ﬁlii
2148 2717 2206 2772 in
2238 2716 2467 2773 Christo
2499 2715 2713 2784 dilecti,
2747 2719 2973 2788 oportet
3002 2715 3288 2788 regularis
3318 2714 3494 2772 disci-

1849 2804 2018 2876 plinae
2064 2806 2429 2862 institutione
2476 2807 2763 2861 ferventer
2810 2804 3098 2873 insistere,
3159 2809 3217 2861 et
3285 2803 3493 2860 divinas

1848 2894 1992 2967 legis
2023 2898 2309 2967 praecepta
2346 2895 2671 2950 studiosius
2722 2895 3050 2959 observare,
3083 2897 3149 2949 ut
3197 2896 3415 2966 quanto
3463 2910 3499 2950 a

1847 2981 2226 3038 saecularibus
2247 2982 2601 3038 tumultibus
2623 2981 2924 3039 liberiores
2945 2982 3108 3050 estis,
3128 2985 3290 3038 tanto
3311 2980 3495 3037 soler-

1845 3072 1962 3127 tius
1994 3071 2221 3144 placere
2246 3072 2363 3128 Deo
2392 3072 2530 3128 totis
2560 3071 2773 3127 mentis
2804 3076 2862 3127 et
2885 3072 3095 3127 animae
3120 3070 3341 3127 viribus
3389 3087 3497 3127 an-

1845 3162 2077 3218 heletis.
2105 3163 2189 3217 Ad
2245 3162 2526 3217 indicium
2579 3166 2774 3217 autem
2826 3166 3106 3234 perceptae
3157 3178 3191 3218 a
3228 3161 3494 3218 Romana
3579 3185 3585 3191 ·

108 3249 346 3305 Urbanus
374 3250 424 3305 II
448 3252 839 3305 monasterium
885 3250 939 3305 S.
992 3249 1378 3306 Bartholomaai
1420 3250 1481 3321 in
1531 3248 1734 3318 Liparo
1763 3241 1806 3307 Ο
1848 3252 2102 3308 Ecclesia
2131 3251 2436 3317 libertatis,
2467 3266 2645 3305 unam
2693 3250 2816 3305 auri
2869 3250 3105 3306 unciam
3157 3265 3261 3321 per
3305 3266 3492 3306 annos

178 3321 365 3375 insula
393 3322 653 3377 tuendum
678 3324 906 3394 suscipit
935 3326 987 3378 et
1023 3324 1138 3393 ejus
1169 3322 1308 3379 bona
1337 3320 1640 3390 conﬁrmat.

716 3411 1112 3483 (Ann0109l.)

440 3498 728 3570 [UGHELLI,
760 3501 924 3557 Italia
951 3518 1129 3569 sacra,
1160 3501 1204 3573 Ι,
1234 3501 1384 3571 775.]

165 3606 440 3662 Uanssus
470 3607 802 3680 episcopus,
831 3625 1032 3663 servus
1055 3624 1349 3663 servorum
1376 3604 1499 3672 Dei,
1523 3603 1732 3659 dilecto

105 3694 255 3751 fratri
282 3697 607 3762 AMBnosm,
641 3697 833 3753 abbati
860 3696 1211 3769 Liparitano,
1234 3698 1478 3768 ejusque
1503 3709 1732 3750 succes-

102 3786 322 3841 soribus
352 3785 699 3858 regulariter
727 3786 1154 3843 substituendis
1184 3786 1243 3841 in
1274 3788 1640 3857 perpetuum.

160 3877 297 3929 Cum
326 3874 613 3930 universa
644 3874 848 3931 insulae
877 3877 1201 3931 secundum
1222 3874 1491 3930 instituta
1522 3870 1733 3946 regalis

96 3963 239 4032 juris
267 3963 410 4030 sint,
444 3968 672 4020 constat
720 3965 977 4037 profecto
1031 3965 1131 4036 qui
1180 3964 1436 4038 religiosi
1480 3963 1733 4035 impera-

100 4051 234 4108 toris
260 4052 628 4109 Constantini
663 4053 962 4127 privilegio
992 4054 1049 4109 in
1077 4056 1179 4125 jus
1208 4052 1506 4126 pr0prium
1530 4053 1591 4108 B.
1631 4052 1734 4109 Pe-

101 4146 183 4196 tro
204 4143 451 4213 ejusque
464 4144 900 4200 successoribus
912 4143 1298 4199 occidentales
1313 4160 1517 4198 omnes
1533 4141 1733 4197 insulze

101 4231 429 4287 condonaue
460 4236 619 4296 sunt,
667 4233 920 4288 maxime
969 4249 1096 4305 qua:
1146 4232 1300 4288 circa
1343 4232 1520 4288 Italia:
1572 4251 1734 4291 oram

102 4319 400 4386 habentur,
422 4336 672 4392 quorum
694 4321 890 4377 multae
916 4322 1170 4394 peccatis
1189 4323 1552 4395 exigentibus
1573 4341 1737 4381 acco-

102 4406 336 4465 larum'a
357 4410 663 4467 Saracenis
686 4415 855 4483 capta
874 4411 1183 4466 Christiani
1219 4411 1471 4469 nominis
1493 4413 1735 4485 gloriam

102 4498 440 4555 amiserunt.
502 4499 658 4555 Inter
714 4517 862 4572 quas
920 4500 1148 4571 Liparis
1203 4501 1266 4555 Β.
1329 4501 1738 4559 Βανιῦοιοωωί

101 4588 339 4659 apostoli
370 4603 614 4661 corpore
644 4589 940 4662 quondam
973 4588 1273 4660 insignita,
1327 4590 1503 4645 eremi
1554 4591 1741 4648 instar
1773 4614 1815 4678 ι)

102 4676 329 4732 redacta
357 4677 750 4749 cognoscitur,
784 4693 961 4750 quam
994 4678 1198 4733 multis
1238 4695 1526 4735 annorum
1555 4682 1739 4737 curri-

100 4764 238 4820 culis
268 4764 541 4833 evolutis,
567 4782 701 4822 cum
724 4771 1145 4824 Saracenorum
1170 4768 1320 4824 vires
1341 4768 1546 4825 divina
1572 4771 1743 4829 mise-

103 4854 355 4910 ricordiae
411 4855 680 4927 potentia
741 4856 1144 4930 repressisset,
1216 4856 1471 4929 religiosi
1534 4860 1741 4917 fratres

101 4942 300 4999 divina
330 4943 631 5000 servitutis
663 4946 858 5001 studio
887 4946 1154 5001 eamdem
1186 4945 1432 5018 ingressi
1465 4949 1741 5020 insulam,

100 5032 455 5088 monasteria
483 5031 568 5088 illi
600 5033 899 5089 domicilia
928 5038 1267 5089 construere
1297 5043 1666 5107 curaverunt,
1688 5045 1745 5096 et

102 5118 388 5191 plurimos
422 5121 480 5176 in
502 5122 767 5179 eamdem
788 5122 1045 5179 insulam
1068 5122 1303 5179 colonos
1325 5141 1434 5180 sua
1453 5125 1744 5185 industria

102 5209 549 5266 constituerunt.
568 5211 685 5267 Nos
706 5211 921 5284 itaque,
946 5211 1162 5284 quibus
1183 5228 1251 5267 ex
1270 5210 1476 5268 divina:
1503 5215 1743 5273 arbitrio

103 5297 417 5356 voluntatis
447 5316 549 5372 per
579 5300 909 5373 apostolicae
942 5300 1100 5356 sedis
1133 5300 1368 5357 culmen
1399 5308 1743 5362 cunctarum

103 5385 435 5445 sollicitudo
478 5389 750 5447 imminet
790 5387 1211 5459 Ecclesiarum',‘
1251 5390 1387 5448 licet
1432 5392 1491 5448 in
1540 5396 1742 5452 eadem

103 5474 293 5535 insula
319 5478 724 5552 episcopatum
756 5480 1052 5553 quondam
1086 5480 1266 5537 fuisse
1310 5480 1366 5537 in
1417 5483 1474 5538 S.
1528 5483 1742 5559 Grego-

105 5563 274 5623 rianaa
314 5567 542 5641 pagina:
589 5568 851 5644 registris
898 5585 1307 5643 agnoscamus,
1359 5571 1499 5645 quia
1544 5577 1741 5631 tamen

104 5655 356 5737 episcopi
384 5657 731 5735 dignitatem
761 5676 918 5718 nunc
964 5658 1152 5736 ipsius
1199 5658 1309 5717 loci
1356 5661 1641 5738 exiguitas
1687 5669 1746 5725 et

419 5785 682 5851 PATBOL.
728 5787 870 5851 CLI.

1844 3342 2106 3415 singulos
2157 3341 2531 3397 Lateranensi
2581 3339 2796 3413 palatio
2842 3340 3203 3412 persolvetis.
3248 3344 3397 3396 Sane
3440 3339 3493 3396 si

1844 3433 1976 3505 quis
2005 3431 2063 3486 in
2098 3431 2418 3487 crastinum
2468 3426 2962 3503 archiepiscopus,
3010 3430 3343 3503 episcopus,
3388 3428 3494 3485 im-

1844 3525 2073 3594 perator
2103 3525 2199 3575 aut
2230 3537 2348 3588 rex,
2383 3519 2652 3591 princeps
2683 3524 2785 3574 aut
2814 3522 2952 3581 dux,
2985 3535 3179 3575 comes
3206 3522 3310 3574 aut
3338 3518 3491 3573 vice-

1843 3627 2057 3676 comes,
2078 3613 2178 3664 aut
2187 3610 2210 3680 j
2221 3610 2388 3676 udex,
2412 3612 2514 3663 aut
2533 3624 2823 3679 personna
2840 3606 3130 3679 qualibet,
3161 3621 3376 3677 magna
3403 3603 3495 3660 vel

1842 3717 2034 3772 parva.
2070 3702 2277 3774 potens
2307 3698 2391 3753 vel
2423 3697 2733 3770 impotens,
2768 3697 2949 3768 hujus
2978 3694 3165 3751 nostri
3196 3692 3491 3767 privilegii

1843 3788 2118 3861 paginam
2149 3786 2340 3843 sciens
2374 3791 2577 3842 contra
2603 3802 2731 3842 eam
2763 3789 2980 3841 temere
3015 3782 3211 3841 venire
3237 3785 3493 3839 tentave-

1844 3877 1936 3943 rit,
1972 3877 2229 3932 secundo
2262 3875 2500 3931 tertiove
2542 3874 2957 3941 commonitus,
3005 3872 3055 3929 si
3103 3888 3221 3928 non
3265 3870 3496 3927 satisfa-

1843 3966 2033 4022 ctione
2064 3981 2323 4040 congrua
2361 3963 2774 4034 emendaverit,
2825 3979 2958 4019 cum
3000 3960 3241 4018 honoris
3288 3960 3383 4017 sui
3439 3962 3498 4016 et

1843 4056 2020 4113 ollicii
2051 4053 2306 4128 periculo
2338 4054 2639 4125 subjacere
2669 4052 3058 4121 decernimus,
3110 4054 3167 4107 et
3214 4067 3250 4106 a
3274 4048 3494 4106 Christi

1845 4152 2018 4218 atque
2049 4144 2313 4200 Ecclesiae
2335 4161 2571 4216 corpore
2588 4142 2928 4200 auctoritate
2946 4138 3268 4214 apostolica
3302 4154 3495 4212 segre-

1844 4251 2075 4307 gamus.
2102 4232 2590 4289 Conservantibus
2620 4237 2816 4289 autem
2848 4249 2961 4304 pax
2990 4248 3025 4285 a
3052 4230 3190 4294 Deo,
3221 4233 3278 4284 et
3319 4226 3495 4282 mise-

1846 4322 2096 4379 ricordia
2119 4321 2504 4395 praesentibus
2523 4326 2579 4377 et
2600 4321 2815 4378 futuris
2836 4319 3065 4376 saeculis
3094 4319 3494 4374 conservetur.

1846 4416 2049 4479 Amen,
2084 4428 2276 4479 amen,
2302 4427 2492 4466 amen.

1919 4500 2128 4555 Datum
2163 4497 2327 4553 Militi
2364 4515 2465 4569 per
2495 4514 2705 4554 manus
2732 4497 2978 4554 Joannis
3009 4497 3067 4551 S.
3120 4495 3186 4550 Β.
3233 4494 3297 4549 E.
3338 4491 3489 4547 diae.

1849 4590 2029 4656 card.,
2066 4605 2124 4642 ιιι
2156 4588 2352 4642 Nonas
2390 4586 2576 4653 Junii,
2627 4588 2747 4642 ind.
2793 4604 2951 4644 xvuI.
2997 4584 3222 4640 inearn.
3262 4579 3495 4637 Domini

1850 4679 2008 4749 1091,
2042 4682 2201 4750 pont.
2226 4692 2356 4731 vero
2390 4680 2452 4729 Ι).
2487 4674 2704 4731 Urbani
2740 4677 2785 4730 Il
2803 4691 2956 4730 anno
2977 4676 3205 4745 quarto.

2622 4790 2708 4846 LI.

1856 4884 2103 4943 Urbanus
2142 4883 2189 4937 Il
2238 4882 2513 4936 Corsicam
2563 4881 2808 4936 insulam
2851 4880 2947 4936 sub
2997 4875 3247 4948 Gregorio
3286 4872 3396 4948 _Vll
3441 4873 3504 4927 in

1919 4956 2217 5027 pristinam
2274 4954 2529 5027 Ecclesiae
2573 4954 2831 5027 Romana?
2874 4944 3139 5007 ditionem
3203 4944 3502 5027 redactam,

1922 5017 2260 5150 Daimberéo,
2302 5026 2546 5096 episcopo
2595 5025 2797 5080 Pisano
2843 5033 2894 5079 et
2939 5038 3055 5095 eius
3110 5017 3508 5075 successoribus

1922 5105 2183 5153 committi
2220 5141 2229 5147 .

2477 5185 2663 5255 (Anno
2696 5185 2878 5257 1091.)

2172 5274 2468 5344 [UGHELLI,
2502 5275 2669 5360 itatia
2697 5290 2875 5344 sacra,
2911 5273 3007 5341 III,
3031 5270 3182 5341 369.]

1922 5392 2200 5449 Unemus
2229 5389 2560 5461 episcopus,
2595 5406 2796 5446 servus
2817 5403 3113 5444 servorum
3136 5384 3260 5453 Dei,
3292 5380 3501 5437 dilecto

1850 5481 2014 5538 fratri
2043 5480 2394 5549 DAIMBERTO,
2427 5478 2771 5536 Pisanorum
2794 5476 3344 5551 episcopo,ejusque
3366 5483 3496 5524 suc-

1850 5569 2178 5630 cessoribus
2209 5568 2482 5623 canonice
2512 5568 2940 5625 substituendis
2970 5567 3027 5621 in
3060 5565 3429 5638 perpetuum.

1878 5732 1883 5737 ,
1929 5663 2075 5722 Cum
2097 5673 2302 5717 omnes
2325 5656 2531 5715 insulas
2555 5659 2765 5718 secunc'
2779 5675 2877 5716 um
2904 5660 3127 5715 statuta
3144 5642 3518 5726 legaliajuris

3118 5779 3189 5843 11
