3950 6378
427 381 538 450 331

1726 386 1795 450 Β.
1842 384 2140 452 URBANI
2184 383 2238 448 ll
2283 380 2534 448 ΡΑΡιΕ.

3717 374 3840 442 332

427 522 646 595 publici
679 520 1028 590 habeantur,
1053 523 1281 578 constat
1297 521 1474 576 etiam
1497 537 1594 576 eas
1617 519 1871 592 religiosi
1892 520 2073 592 impe-
2105 523 2158 588 Α
2186 534 2428 575 nensem
2442 514 2810 590 metropolim
2823 513 3380 588 translato,ejusque
3393 514 3842 571 successoribus

428 610 637 665 ratoris
678 610 1040 664 Constantini
1064 609 1407 665 liberalitate
1426 627 1491 665 ac
1516 609 1816 682 privilegio
1841 609 1897 664 in
1931 606 2083 664 beati

428 697 580 753 Petri
611 697 1080 770 vicariorumque
1111 699 1239 769 ejus
1260 700 1363 771 jus
1395 698 1696 770 proprium
1728 715 1856 754 esse
1905 697 2082 753 colla-

430 787 542 840 tas.
575 783 1062 841 Intercidentibus
1093 789 1288 842 autem
1325 785 1592 857 plurimis
1615 786 1811 840 divina
1833 785 2082 857 disposi-

428 871 586 928 tione
609 873 971 944 judiciorum
1002 873 1458 942 calamitatibus,
1493 874 1866 946 proprietatis
1906 873 2085 941 hujus

431 959 490 1016 in
524 961 880 1034 quibusdam
904 979 1078 1034 passa
1102 967 1191 1017 est
1212 961 1466 1018 Ecclesia
1489 963 1752 1018 Romana
1765 965 2082 1032 jacturam.

432 1053 713 1106 Caeterum
743 1056 800 1105 et
827 1050 1145 1117 canonicis,
1178 1054 1237 1104 et
1282 1050 1570 1123 legalibus
1630 1049 1918 1104 institutis
1967 1049 2084 1103 lto.

431 1155 619 1194 mane
650 1139 956 1212 dignitatis
988 1139 1312 1212 proprietas
1345 1155 1462 1194 non
1505 1137 1842 1211 prolixitate
1867 1142 2088 1208 tempo-

435 1243 567 1282 rum
627 1243 741 1282 non
799 1227 1082 1284 divisione
1129 1244 1443 1301 regnorum
1500 1226 1623 1282 ulla
1701 1226 2086 1282 diuturnitate

436 1316 826 1388 possessionis
857 1316 1202 1372 excluditur.
1237 1317 1395 1372 Licet
1426 1317 1602 1389 igitur
1631 1316 1802 1371 annis
1817 1313 2088 1388 plurimis

437 1404 702 1460 Romana
755 1404 1018 1460 Ecclesia
1073 1406 1317 1461 Corsicae
1380 1404 1748 1478 possessione
1815 1403 2084 1470 caruerit,

440 1493 890 1566 praedecessoris
913 1499 1111 1550 tamen
1141 1493 1322 1550 nostri
1345 1493 1602 1567 Gregorii
1619 1493 1718 1548 VII
1744 1493 1803 1547 in
1821 1493 2086 1564 ejusdem

430 1583 533 1654 jus
563 1583 828 1640 noscitur
879 1588 1118 1640 auctore
1169 1583 1416 1638 Domino
1464 1581 1726 1639 rediisse.
1761 1580 1878 1636 Nos
1908 1581 2091 1653 igitur

441 1672 721 1728 dilectiss.
758 1673 826 1728 fr.
859 1671 1040 1728 nostri
1068 1672 1385 1728 Daimberti
1415 1672 1764 1727 Pisanorum
1808 1668 2086 1742 episcopi,

441 1777 508 1814 ac
540 1759 828 1816 nobilium
863 1761 1179 1826 civiumyet
1208 1759 1570 1816 charissimte
1601 1759 1755 1814 beati
1791 1757 1938 1813 Petri
1960 1757 2088 1812 ﬁliae

442 1847 743 1904 Mathildis
769 1847 1080 1902 comitissae
1111 1847 1608 1919 postulationibus
1640 1845 1922 1912 inclinati,
1951 1845 2090 1917 quia

442 1935 698 1992 multum
722 1936 849 2007 jam
881 1937 1107 1991 dudum
1139 1935 1439 2007 obsequiis
1468 1936 1812 1991 Pisanorum
1837 1933 2091 2006 gloriosa

441 2022 718 2080 nobilitas
749 2024 1074 2080 Romanam
1109 2025 1222 2080 sibi
1254 2023 1568 2080 Ecclesium
1600 2024 1733 2079 fecit
1754 2023 2090 2090 obnoxiam,

443 2113 782 2186 praedictam
836 2111 1092 2168 insulam
1134 2113 1257 2168 vice
1306 2118 1504 2168 nostra
1547 2112 1765 2168 Pisanae
1826 2111 2092 2167 Ecclesia

446 2200 686 2257 consilio
734 2199 1080 2257 clericorum
1138 2201 1544 2269 cardinalium,
1597 2201 1961 2272 aliorumque
1989 2216 2094 2254 no-

447 2295 702 2346 strorum
733 2288 996 2345 ﬁdelium
1027 2289 1456 2346 committimus
1485 2295 1542 2345 et
1568 2289 1990 2354 condonamus,
2013 2288 2094 2344 ita

443 2377 713 2434 videlicet
743 2381 808 2434 ut
836 2379 1098 2450 quandiu
1130 2379 1331 2436 eadem
1367 2379 1577 2434 Pisana
1619 2379 1820 2434 civitas
1871 2377 2092 2450 episco-

446 2484 589 2542 pum
616 2483 732 2523 non
764 2467 1061 2524 invasione
1093 2467 1416 2540 tyrannica,
1467 2468 1567 2524 sed
1609 2467 1744 2522 cleri
1793 2471 1851 2522 et
1896 2465 2094 2538 populi

445 2557 725 2614 electione
767 2556 1044 2612 canonica
1087 2573 1190 2628 per
1238 2556 1479 2612 Romani
1530 2555 1824 2628 pontiﬁcis
1884 2573 2094 2612 manus

445 2647 751 2715 acceperit,
776 2646 1272 2716 quemadmodum
1293 2645 1723 2718 Landulphum,
1747 2645 2094 2712 Gerardum,

446 2739 504 2792 et
531 2739 607 2802 te,
635 2733 982 2790 charissima
1005 2734 1180 2789 frater
1200 2735 1551 2802 Daimberte,
1577 2735 1872 2806 accepisse
1893 2733 2096 2804 digno-

447 2824 652 2890 scitur,
683 2826 742 2878 et
771 2821 1030 2894 quandiu
1061 2823 1120 2878 in
1147 2840 1216 2880 ea
1245 2840 1424 2896 quam
1455 2823 1628 2878 hodie
1658 2822 1890 2878 exhibet
1909 2821 2095 2878 Eccle-

445 2913 550 2969 siae
577 2912 850 2967 Romanae
883 2911 1160 2968 ﬁdelitate
1185 2912 1522 2984 perstiterit,
1557 2912 1734 2983 hujus
1757 2917 1964 2967 nostra:
1997 2911 2097 2966 do-

444 3000 702 3056 nationis
733 2999 1110 3056 locationisve
1135 3001 1324 3074 gratia
1353 3001 1758 3073 perfungatur,
1789 3017 1857 3056 ea
1873 2999 2096 3056 scilicet

445 3087 778 3145 conditione
809 3088 978 3160 interj
989 3092 1135 3156 ecta,
1153 3093 1218 3144 ut
1238 3105 1342 3160 per
1361 3105 1547 3144 annos
1565 3087 1830 3160 singulos
1852 3089 2094 3144 Lucanae

445 3181 691 3234 monetae
722 3175 903 3232 libras
956 3177 1389 3250 quinquaginta
1433 3176 1804 3233 Lateranensi
1852 3175 2090 3250 palatio,

2193 608 2466 663 canonice
2499 607 2926 662 substituendis
2956 605 3014 660 in
3045 607 3415 677 perpetuum.

2265 697 2419 752 Inter
2430 694 2649 768 primas
2662 695 3076 768 Hispaniarum
3093 694 3268 750 urbes
3280 694 3670 749 Tarraconem
3695 691 3845 748 fuis-

2194 800 2254 839 se
2274 783 2559 856 insignem
2578 787 2632 840 et
2651 783 2928 857 gentilem
2943 831 2951 843 .
2969 783 3145 839 etiam
3157 781 3498 839 Christianae
3513 781 3847 855 paginzeju-

2193 873 2361 929 diciis
2392 874 2818 929 demonstrant.
2851 873 3059 928 Justus
3091 875 3288 928 autem
3310 871 3595 927 Dominus
3630 871 3688 926 in
3731 871 3850 926 viis

2194 963 2340 1021 suis.
2374 968 2431 1018 et
2461 969 2700 1018 sanctus
2721 961 2778 1016 in
2803 961 3080 1018 omnibus
3101 961 3379 1034 operibus
3401 960 3546 1030 suis,
3568 959 3692 1032 qui,
3709 975 3850 1016 cum

2195 1051 2254 1106 in
2273 1049 2817 1123 plerisquejudiciis
2833 1047 3444 1122 incomprehensibilis
3465 1048 3773 1114 habeatur,
3788 1048 3850 1103 in

2195 1138 2358 1194 nullo
2385 1155 2642 1210 unquam
2670 1137 2822 1194 valet
2852 1136 3330 1210 reprehensibilis
3369 1135 3668 1204 aestimari,
3720 1136 3852 1210 ipse

2193 1228 2473 1283 transfert
2502 1244 2681 1301 regna
2709 1231 2766 1282 et
2798 1229 2988 1282 mutat
3019 1230 3298 1298 tempora:
3325 1225 3439 1299 ipsi
3470 1223 3660 1280 visum
3677 1224 3852 1281 estin

2195 1317 2396 1372 eadem
2429 1317 2572 1372 urbe
2593 1315 2732 1372 olim
2754 1315 3208 1371 Tarraconensis
3232 1315 3394 1372 urbis
3415 1313 3659 1387 gloriam
3697 1312 3853 1370 exal-

2194 1409 2339 1472 tare;
2381 1405 2491 1476 ipsi
2533 1405 2724 1460 visum
2755 1409 2844 1459 est
2869 1405 2928 1458 in
2961 1403 3164 1460 eadem
3196 1404 3338 1458 urbe
3372 1407 3609 1476 peccata
3641 1400 3852 1476 populi

2199 1493 2288 1549 sui
2319 1494 2573 1548 visitare.
2606 1494 2750 1549 Cum
2767 1493 2924 1549 enim
2951 1493 3009 1548 in
3026 1509 3094 1548 ea
3109 1491 3570 1548 Christianorum
3589 1491 3854 1566 populus

2199 1583 2507 1646 habitaret,
2539 1581 2797 1638 visitavit
2827 1581 2886 1636 in
2919 1581 3078 1654 virga
3105 1580 3449 1653 iniquitates
3479 1595 3682 1637 eorum
3707 1585 3766 1637 et
3787 1581 3852 1636 in

2197 1672 2539 1726 verberibus
2572 1674 2805 1742 peccata
2833 1687 3057 1725 eorum.
3082 1671 3191 1726 Sed
3225 1686 3354 1726 ecce
3377 1670 3505 1740 jam
3531 1669 3854 1726 transactis

2196 1759 2470 1816 trecentis
2503 1759 2823 1832 nonaginta
2852 1759 3042 1826 annis,
3077 1776 3144 1814 ex
3177 1775 3292 1830 quo
3314 1759 3612 1831 praefatam
3643 1759 3855 1814 urbem

2197 1849 2595 1919 Agarenorum
2627 1865 2769 1920 gens
2802 1863 2980 1920 prope
3012 1847 3334 1902 solitariam
3370 1847 3585 1917 fecerit,
3628 1845 3854 1920 princi-

2202 1953 2340 2009 pum
2357 1953 2596 1991 suorum
2617 1937 2891 1992 cordibus
2909 1935 3194 2007 inspirare
3211 1935 3488 2008 dignatus
3506 1940 3594 1992 est
3615 1939 3681 1990 ut
3693 1935 3858 2007 ejus-

2201 2025 2333 2080 dem
2352 2026 2512 2080 urbis
2527 2025 2902 2092 restitutioni,
2917 2025 3239 2080 secundum
3256 2030 3606 2096 praeceptum
3620 2029 3858 2096 aposto-

2201 2113 2322 2170 licae
2363 2113 2536 2180 sedis,
2581 2113 2674 2168 cui
2723 2114 3066 2172 auctoritate
3117 2113 3215 2169 Dei
3265 2115 3352 2186 [[1,
3405 2119 3638 2170 auctore
3687 2115 3855 2186 Deo],

2202 2201 2338 2258 licet
2367 2202 2612 2276 indigni,
2648 2202 3050 2274 przesidemus,
3077 2202 3437 2258 insisterent.
3461 2201 3857 2275 Berengarius

2203 2292 3013 2364 siquidem,Barchinonensis
3027 2309 3242 2359 comes,
3258 2291 3622 2348 auctoritatis
3635 2296 3854 2348 nostrae

2203 2381 2580 2454 persuasione
2612 2380 3024 2447 commonitus,
3059 2397 3162 2453 pro
3209 2380 3418 2436 animae
3468 2397 3586 2436 suae
3635 2379 3854 2446 salute,

2203 2485 2337 2524 cum
2363 2485 2480 2523 suae
2511 2467 2814 2541 potestatis
2843 2468 3218 2542 magnatibus
3249 2485 3364 2524 non
3396 2467 3587 2524 solum
3615 2469 3860 2524 restitu-

2201 2557 2345 2612 tioni
2377 2557 2625 2628 praefata:
2657 2556 2820 2612 urbis
2851 2556 3074 2612 insistit
3103 2556 3384 2628 [institit],
3416 2557 3513 2614 sed
3547 2562 3604 2613 et
3642 2558 3857 2614 urbem

2203 2646 2414 2718 ipsam,
2447 2650 2504 2700 et
2533 2661 2765 2700 omnem
2798 2661 2916 2700 suae
2948 2645 3252 2716 potestatis
3285 2650 3522 2712 terram,
3568 2646 3631 2702 B.
3685 2645 3860 2702 Petro

2203 2735 2450 2806 ejusque
2463 2733 2692 2788 vicariis
2713 2732 2880 2805 legali
2903 2731 3279 2804 stipulatione
3297 2733 3559 2801 tradidit,
3584 2750 3762 2790 censu
3773 2751 3862 2790 m-

2204 2839 2317 2895 que
2345 2823 2603 2895 quinque
2631 2821 2915 2877 librarum
2947 2822 3169 2896 argenti
3206 2823 3581 2878 Lateranensi
3629 2822 3854 2894 palatio

2205 2911 2378 2983 [add.,
2411 2911 2681 2983 singulis]
2715 2910 2884 2966 annis
2915 2909 3256 2966 solvendum
3292 2910 3569 2967 instituit.
3603 2911 3720 2968 Nos
3743 2912 3856 2969 ita-

2205 3017 2336 3073 que,
2373 3006 2681 3072 praestante
2703 3000 2838 3066 Deo,
2854 2993 3243 3055 restitutionis
3261 2999 3439 3070 hujus
3461 3005 3736 3072 optamus
3763 3019 3860 3059 co-

2203 3094 2534 3162 operatores
2573 3088 2840 3158 existere,
2890 3089 3148 3161 praedicti
3195 3089 3429 3144 comitis
3477 3089 3848 3158 institutum,

2205 3177 2620 3248 libertatesque
2650 3181 2706 3233 et
2725 3177 3200 3245 consuetudines,
3225 3193 3372 3248 quas
3393 3178 3557 3234 novis
3577 3179 3860 3236 Tarraco-

443 3261 666 3323 remota
695 3265 955 3338 qualibet
984 3266 1309 3332 occasione,
1360 3265 1669 3338 persolvat.
1720 3266 1910 3338 Hujus
1949 3282 2086 3338 ergo
2119 3251 2162 3318 C
2202 3267 2401 3323 nensis
2433 3266 2594 3322 urbis
2627 3263 2850 3320 colonis
2879 3264 3286 3338 promulgasse
3315 3267 3707 3339 cognoscitur,
3739 3269 3858 3324 col-

443 3360 655 3412 nostrze
713 3353 1018 3410 locationis
1059 3359 1321 3410 tenorem
1391 3355 1804 3410 inconcussum
1849 3355 2088 3410 omnino

445 3461 682 3501 manere
729 3447 929 3500 nostra
999 3443 1321 3518 apostolica
1367 3444 1708 3500 auctoritate
1767 3445 2085 3512 sancimus,

444 3533 706 3607 quandiu
737 3550 804 3591 ac
828 3532 940 3606 ipsi
975 3533 1327 3606 praescriptis
1350 3533 1504 3588 ﬁdeli
1516 3535 1649 3588 tatis
1673 3533 2090 3606 pensionisque

442 3627 705 3680 tenorem
761 3624 956 3679 debita
1003 3623 1309 3679 devotione
1373 3623 1744 3678 servaverint.
1809 3622 2090 3686 Quocirca

442 3729 812 3769 successores
859 3716 1090 3768 nostros
1135 3728 1409 3784 rogamus
1457 3717 1522 3766 ut
1568 3715 1686 3766 tam
1740 3729 1842 3784 pro
1907 3712 2088 3768 beatae

441 3801 634 3857 Mariae
664 3817 897 3874 semper
921 3801 1166 3873 virginis
1198 3801 1536 3872 reverentia,
1568 3817 1746 3873 quam
1777 3819 1881 3873 pro
1922 3800 2087 3856 nobi-

439 3888 680 3944 lissimae
706 3889 960 3945 civitatis
991 3889 1338 3945 Pisanorum
1366 3906 1564 3945 amore
1595 3906 1662 3944 ac
1692 3889 2089 3944 familiaritate

438 3979 704 4034 eamdem
736 3977 1242 4034 honoriﬁcentiam
1287 3979 1506 4033 Pisanae
1558 3977 1826 4034 Ecclesiae
1859 3994 2090 4050 semper

439 4067 808 4140 impendant:
843 4083 1140 4138 rogamus,
1173 4071 1229 4122 et
1251 4067 1569 4122 Daimberti
1591 4067 1892 4138 praesentis
1906 4067 2083 4138 episc.

437 4171 830 4220 successores,
861 4159 918 4211 et
947 4155 1250 4212 universos
1281 4155 1499 4211 I’isanaa
1545 4155 1710 4211 urbis
1759 4155 1911 4210 cives
1956 4161 2088 4228 post

434 4245 744 4318 praesentia
760 4249 1026 4316 tempora
1043 4249 1441 4314 secuturos,ut
1459 4245 1725 4300 eamdem
1750 4243 2088 4301 ﬁdelitatem

435 4335 821 4406 eamdemque
849 4332 1214 4389 devolionem
1249 4334 1519 4389 Romana
1552 4333 1814 4388 Ecclesia:
1860 4351 2089 4405 semper

435 4423 770 4492 exhibeant,
803 4427 868 4478 ut
889 4422 1058 4478 ﬁrma
1083 4422 1236 4478 inter
1255 4427 1533 4494 utrosque
1557 4421 1722 4487 ﬁdes,
1753 4423 2084 4496 benignitas

435 4511 830 4584 amicitiaque,
863 4511 1108 4566 Domino
1151 4516 1462 4574 annuente.
1475 4516 1832 4584 permaneat.

2199 3355 2534 3420 laudamus,
2565 3359 2620 3410 et
2650 3359 2774 3410 rata
2805 3369 3041 3410 manere
3061 3353 3406 3410 auctoritate
3427 3359 3628 3411 nostra
3647 3357 3854 3414 decer-

2200 3445 2417 3500 nimus.
2449 3443 2598 3499 Cum
2627 3443 2900 3499 universa
2919 3443 3208 3516 siquidem
3235 3443 3424 3515 ipsius
3449 3444 3680 3500 comitis
3697 3451 3858 3504 terra

2199 3551 2375 3606 quam
2411 3535 2468 3589 Β.
2505 3533 2668 3588 Petro
2699 3532 3012 3595 obtulit..et
3035 3533 3528 3590 Tarraconensem
3553 3535 3765 3590 urbem
3786 3553 3855 3592 ac

2198 3623 2502 3696 populum,
2535 3621 2780 3678 Domino
2823 3621 2936 3678 sibi
2983 3621 3297 3694 aspirante,
3349 3621 3686 3693 collectum,
3737 3626 3851 3701 sub

2198 3711 2526 3784 apostolicae
2586 3711 2743 3766 sedis
2800 3709 2984 3766 tutela
3031 3710 3364 3782 specialiter
3420 3713 3850 3770 confovendum

2199 3799 2576 3872 suscipimus,
2605 3799 3048 3871 libertatemque
3069 3798 3228 3856 illius
3244 3816 3347 3872 per
3377 3801 3609 3856 comitis
3634 3801 3851 3858 Beren-

2196 3889 2342 3962 garii
2373 3889 2588 3960 scripto
2617 3889 2680 3959 [f.
2714 3887 3022 3960 scriptum]
3060 3887 3332 3946 collatam
3362 3894 3603 3946 eatenus
3633 3891 3851 3948 conﬁr-

2199 3995 2453 4043 mamus,
2485 3981 2549 4032 ut
2579 3977 2797 4032 nemini
2821 3976 3144 4050 quidquam
3177 3976 3333 4034 ultra
3352 3977 3712 4050 persolvant,
3730 3981 3849 4036 nisi

2197 4070 2404 4138 sponte
2435 4065 2667 4139 propria
2692 4066 2963 4121 Romanae
2997 4081 3058 4122 se
3093 4065 3304 4122 faciant
3325 4065 3590 4124 Ecclesia:
3617 4068 3844 4125 debito-

2197 4172 2308 4211 res.
2345 4155 2416 4211 Ut
2445 4155 2626 4228 igitur
2653 4153 2774 4210 hzec-
2802 4155 3020 4222 omnia,
3055 4154 3170 4211 Deo
3203 4159 3457 4227 auctore,
3490 4157 3848 4216 inconcussa

2196 4250 2594 4318 permaneant,
2617 4261 2722 4300 nos
2738 4248 3173 4300 antecessorum
3191 4248 3524 4302 nostrorum
3540 4245 3848 4320 privilegia

2195 4339 2525 4407 sequentes,
2551 4333 2650 4405 qui
2673 4335 3073 4389 Ausonensem
3105 4333 3421 4390 Ecclesium
3444 4335 3846 4394 Tarraconen-

2195 4425 2278 4480 sis
2309 4425 2606 4496 quondam
2634 4422 2940 4478 instituere
2970 4422 3266 4486 vicariam,
3291 4423 3416 4490 tibi,
3440 4441 3472 4479 ο
3495 4410 3848 4484 οῇανὶεεὶηἷθ

2195 4513 2276 4568 ﬁli
2310 4511 2636 4584 Berengari,
2673 4510 2812 4582 quia
2840 4515 2942 4566 tuo
2972 4511 3344 4584 potissimum
3371 4513 3566 4570 studio
3596 4513 3720 4571 haec
3752 4522 3849 4573 est

507 4601 720 4657 Datum
752 4599 1058 4656 Beneventi
1090 4618 1146 4655 ιν
1171 4599 1296 4656 Kal.
1329 4600 1450 4656 Jul.
1484 4617 1587 4672 per
1610 4617 1821 4658 manus
1838 4601 2083 4660 Joannis
2117 4621 2164 4685 ις)
2193 4601 2483 4659 restitutio
2517 4600 2802 4666 instituta,
2835 4617 2903 4656 ex
2935 4601 3206 4658 Romanis
3233 4601 3500 4658 Ecclesia
3524 4601 3848 4661 liberalita-

435 4691 494 4747 S.
529 4691 594 4746 Β..
631 4690 690 4745 Ε.
723 4688 949 4745 diaconi
981 4688 1317 4755 cardinalis,
1351 4688 1553 4744 indict.
1603 4707 1717 4756 xxv,
1769 4708 1921 4748 anno
1969 4696 2078 4746 Do-

435 4779 578 4834 mini
609 4779 831 4835 incarn.
866 4778 1022 4846 1091,
1058 4779 1264 4851 pontif.
1297 4783 1492 4834 autem
1517 4778 1580 4834 D.
1611 4778 1826 4836 Urbani
1851 4797 2011 4853 papae
2035 4781 2082 4836 II

435 4874 664 4940 quarto.

1215 4985 1300 5040 LII

433 5089 638 5148 Urbani
665 5092 713 5146 II
743 5092 970 5164 epistola
997 5091 1067 5146 ad
1119 5093 1508 5162 Berengarz‘nm
1555 5094 1917 5149 Ausonensem
1963 5095 2077 5165 epi-

499 5177 736 5246 scopum.
771 5195 838 5203 —
883 5165 1020 5219 Eum
1067 5166 1348 5220 constituit
1397 5166 1847 5221 Tarraconensom
1895 5165 2076 5220 archi-

500 5249 826 5306 episcopum.

1052 5342 1240 5412 (Anno
1271 5341 1454 5413 1091.)

847 5449 1078 5520 [Musa
1114 5451 1328 5506 Concz'l.
1357 5450 1474 5520 XX,
1505 5451 1654 5521 648.]

500 5583 778 5641 URBANUS
807 5583 1138 5656 episcopus,
1171 5600 1374 5641 servus
1395 5600 1696 5640 servorum
1716 5583 1835 5651 Dei,
1860 5582 2073 5640 dilecto

427 5672 591 5736 fratri
623 5673 1007 5744 Beaexoamo,
1039 5672 1366 5732 Ausonensi
1397 5671 1692 5748 episcopo,
1714 5671 1774 5731 in
1796 5673 2070 5734 Tarraco-

2190 4691 2266 4747 tis
2279 4691 2466 4764 gratia
2483 4687 2747 4760 pallium,
2764 4689 2944 4745 totius
2958 4689 3176 4746 scilicet
3189 4691 3563 4748 sacerdotalis
3584 4691 3846 4765 dignita-

2192 4781 2268 4836 tis
2299 4778 2744 4852 plenitudinem,
2777 4777 3172 4850 indulgemus.

2263 4870 2545 4924 Prteterea
2574 4867 2676 4923 tibi
2703 4867 2936 4940 tuisque
2957 4868 3396 4926 successoribus
3419 4869 3674 4943 legitime
3695 4871 3842 4928 sub-

2189 4956 2528 5023 stituendis,
2551 4957 2650 5029 qui
2675 4957 2732 5012 in
2753 4957 3206 5013 Tarraconensis
3227 4957 3476 5014 civitatis
3496 4964 3554 5014 et
3573 4958 3842 5017 ecclesiae

2189 5046 2670 5102 restaurationem
2707 5045 2824 5118 pari
2858 5046 3052 5102 studio
3083 5045 3505 5114 insudaverint,
3531 5049 3838 5118 praal‘atam

2186 5137 2677 5192 Tarraconensem
2691 5135 2996 5191 ecclesiam
3011 5136 3146 5207 jure
3169 5136 3400 5209 proprio
3413 5137 3840 5210 possidendam

2186 5225 2478 5298 perhujus
2491 5224 2773 5298 privilegii
2803 5224 3076 5298 paginam
3099 5227 3539 5292 conﬁrmamus,
3567 5243 3839 5284 unacum

2187 5315 2460 5372 omnibus
2492 5315 2752 5372 ecclesiis
2781 5332 2928 5388 quas
2958 5315 3192 5388 proprio
3211 5316 3348 5388 jure
3377 5315 3640 5373 noscitur
3678 5317 3836 5373 anti-

2185 5405 2388 5478 quitus
2417 5405 2768 5477 possedisse,
2805 5405 3206 5477 praecipientes
3235 5405 3307 5461 de
3326 5404 3420 5461 his
3443 5421 3570 5478 quae
3597 5406 3840 5463 Sarace-

2183 5509 2392 5550 norum
2427 5495 2499 5550 ad
2533 5510 2789 5566 praesens
2819 5493 3126 5566 subjacent
3155 5493 3380 5562 ditioni,
3429 5499 3497 5550 ut
3541 5509 3678 5550 cum
3728 5511 3834 5553 eas

2183 5589 2296 5640 Deo
2328 5582 2610 5656 placuerit
2639 5583 2908 5656 potestati
2941 5581 3139 5656 populi
3177 5583 3491 5640 Christiani
3523 5583 3690 5657 [deest
3739 5601 3834 5642 re-

2181 5673 2442 5734 stituere.
2479 5673 2706 5751 Haec],
2741 5671 2814 5734 ad
2841 5672 3098 5734 debitam
3147 5671 3404 5733 ecclesiis
3446 5678 3650 5734 vestrm
3688 5674 3832 5737 obe-
