3950 6358
66 456 177 516 333

1236 454 1642 520 ΕΡΙΞΤΟΙΛΕ
1688 459 1786 519 ET
1832 456 2307 521 PRIVILEGIA.

3357 458 3478 519 334

63 590 346 647 dientiam
371 590 721 655 referantur,
739 587 900 645 salva
921 594 1116 645 tamen
1139 590 1198 645 in
1221 591 1496 647 omnibus
1515 592 1717 648 ltoma-
1747 594 1802 660 Α
1831 592 2038 664 gimini
2074 592 2430 659 commissis,
2465 589 2717 648 salutem
2749 594 2806 646 et
2835 588 3215 662 apostolicam
3246 590 3481 647 benedi-

64 698 145 734 ηαξ
179 678 455 735 Ecclesiae
488 679 854 736 auctorilate.
892 679 1069 734 Porio
1100 682 1500 735 Ausonensem
1540 680 1721 737 eccle-

59 770 202 826 siam
241 768 350 824 tibi
382 768 622 841 tuisque
648 767 1089 824 successoribus
1114 768 1313 825 tandiu
1345 770 1723 826 concedimus

58 858 504 932 possidendam,
522 858 725 924 donec,
747 862 980 913 auctore
1003 858 1141 923 Deo,
1161 856 1230 911 ad
1269 856 1499 929 pristini
1533 862 1719 914 status

60 946 487 1021 plenitudinem
518 952 709 1002 vestro
752 947 948 1003 studio
980 946 1434 1003 Tarraconensis
1478 945 1723 1003 ecclesia

63 1036 428 1093 reformetur.
459 1035 639 1091 Pallio
662 1034 857 1107 itaque
886 1034 946 1090 in
979 1035 1294 1090 missarum
1319 1035 1723 1091 solemniisin-

65 1133 147 1181 tra
175 1124 487 1182 ecclesiam
524 1123 893 1179 solummodo
925 1123 1008 1179 uti
1049 1123 1294 1190 debetis,
1320 1124 1379 1179 in
1412 1125 1721 1196 praecipuis

68 1219 295 1271 tantum
345 1212 785 1280 festivitatibus,
817 1212 1085 1267 videlicet
1116 1212 1415 1269 nativitate
1465 1213 1718 1278 Domini,

66 1303 412 1377 Epiphania,
437 1307 793 1375 Hypapante;
822 1303 995 1357 Ccena
1028 1301 1553 1369 Domini,Sabbato
1585 1320 1719 1357 san-

66 1399 168 1460 cto,
196 1391 668 1449 Resurrectionis
699 1391 891 1463 prima
934 1395 991 1446 et
1035 1391 1292 1446 secunda
1322 1391 1483 1459 feria,
1505 1394 1718 1447 Ascen-

64 1483 221 1537 sione
250 1480 513 1547 Domini,
537 1484 895 1543 Pentecoste,
927 1478 1114 1534 tribus
1149 1480 1560 1536 festivitatibus
1586 1498 1719 1536 san-

61 1574 157 1627 ctae
187 1568 409 1636 Mariae,
435 1567 623 1623 sancti
658 1585 890 1640 quoque
921 1567 1242 1635 Michaelis,
1266 1572 1323 1623 et
1346 1569 1529 1624 sancti
1552 1569 1723 1626 Joan-

64 1659 148 1715 nis
178 1658 482 1732 Baptistae,
510 1656 569 1711 in
603 1655 887 1712 natalitiis
921 1657 1189 1711 omnium
1222 1656 1642 1728 apostolorum,
1667 1662 1723 1713 et

63 1765 259 1804 eorum
294 1750 623 1819 martyrum
658 1762 909 1817 quorum
957 1745 1203 1817 pignora
1234 1746 1291 1800 in
1318 1751 1511 1801 vestra
1539 1747 1720 1802 eccle-

66 1837 146 1893 sia
196 1834 678 1903 continentur,in
728 1835 1283 1890 commemoratione
1334 1834 1720 1890 nihilominus

69 1927 331 1981 omnium
382 1928 744 1989 sanctorum,
774 1922 829 1977 in
864 1923 1402 1978 consecrationibus
1446 1922 1717 1980 ecclesia-

71 2033 215 2083 rum,
240 2014 677 2087 episc0porum,
703 2011 1073 2077 clericorum,
1107 2012 1163 2066 iu
1213 2029 1364 2067 anno
1414 2029 1714 2069 consecra-

70 2105 239 2160 tionis
273 2107 386 2159 ture
420 2101 534 2168 die,
568 2102 623 2155 in
657 2100 1127 2157 solemnitatibus
1153 2102 1325 2156 etiam
1359 2106 1570 2157 sancta:
1602 2103 1716 2158 vir-

70 2194 215 2267 ginis
247 2190 499 2256 Tbeclee,
533 2191 835 2261 sanctique
884 2190 1156 2259 martyris
1201 2190 1500 2246 Fructuosi
1534 2208 1599 2245 ac
1631 2208 1715 2246 so.

73 2284 285 2340 ciorum
321 2283 470 2352 ejus.
503 2280 580 2335 Te
611 2278 808 2351 igitur,
835 2278 1299 2333 reverentissime
1323 2282 1512 2345 trater,
1547 2280 1715 2335 affec-

76 2377 221 2429 tione
252 2372 466 2427 intima
496 2368 873 2426 exhortamur
898 2372 1186 2439 quatenus
1217 2368 1457 2440 dignum
1495 2374 1544 2423 te
1574 2368 1717 2424 tanti

76 2461 308 2518 honoris
342 2457 637 2533 pontiﬁcio
682 2472 914 2530 semper
954 2456 1249 2525 exhibeas,
1274 2456 1621 2514 Christianis
1652 2475 1717 2513 ac

78 2550 375 2608 Saracenis
406 2549 532 2617 sine
563 2545 879 2602 oll'ensione
910 2562 1036 2601 esse
1069 2562 1408 2617 procurans,
1438 2548 1505 2601 ad
1544 2548 1718 2602 fidem

80 2640 336 2697 inﬁdeles
367 2654 646 2710 qumrere,
682 2637 795 2691 Deo
842 2634 1141 2707 largiente,
1175 2635 1363 2690 verbis
1395 2636 1631 2691 studeas
1663 2640 1720 2691 et

81 2728 377 2802 exemplis.
412 2727 508 2783 Sic
538 2725 792 2781 exterius
824 2723 978 2796 pallii
1020 2723 1300 2796 dignitate
1332 2725 1626 2796 prmcellas
1660 2726 1719 2780 in

82 2819 258 2876 oculis
306 2816 639 2886 hominum,
672 2819 736 2870 ut
782 2813 1029 2869 interius
1056 2812 1335 2869 virtutum
1383 2814 1722 2871 excellentia

85 2908 294 2979 polleas
325 2922 520 2960 coram
552 2920 816 2975 supernae
848 2900 1032 2957 oculis
1066 2902 1409 2972 majestatis.

147 2998 318 3053 Plane
340 3013 443 3068 per
466 2993 766 3067 praesentis
797 2990 1077 3064 privilegii
1113 2992 1384 3064 paginam
1418 2992 1589 3047 officii
1624 3010 1722 3048 no-

86 3088 178 3143 stri
205 3084 551 3141 auctoritate
573 3080 933 3137 decrevimus
965 3086 1023 3134 ut
1048 3080 1387 3153 quicunque
1422 3098 1482 3136 se
1514 3082 1724 3137 Tarra-

84 3174 347 3232 conensis
378 3170 632 3229 ecclesiae
657 3171 811 3225 bona
840 3169 1058 3241 injuste
1088 3168 1370 3225 hactenus
1402 3169 1725 3227 obtinuisse

83 3266 455 3336 cognoscunt,
489 3277 558 3315 ea
587 3259 862 3331 deinceps
901 3259 1087 3314 eidem
1136 3258 1391 3313 ecclesiae
1423 3261 1726 3315 restituere

1831 682 2105 740 etionem.

1903 772 2225 845 Religionis
2260 776 2457 827 vestrae
2507 769 2697 826 zelum
2729 769 2937 825 merito
2991 767 3395 825 collaudamus
3425 773 3484 826 et.

1829 860 2048 931 gratias
2070 860 2321 933 agimus,
2340 860 2477 932 quia
2497 862 2698 915 contra
2717 858 3109 914 Simoniacam
3134 858 3482 930 pravitatem

1830 949 2118 1005 immenso
2144 950 2361 1005 fervore
2389 949 2627 1018 ardetis,
2651 953 2708 1003 et
2729 947 2875 1003 alios
2897 948 3073 1003 etiam
3096 947 3298 1003 ardere
3323 963 3481 1003 com-

1829 1037 2067 1110 pellitis.
2102 1038 2250 1094 Illud
2274 1042 2468 1094 antem
2500 1038 2558 1092 in
2589 1037 2753 1093 vobis
2779 1037 3085 1102 miramur,
3108 1035 3252 1091 illud
3285 1036 3484 1109 argui-

1829 1145 1963 1182 mus
1995 1128 2149 1199 quod
2180 1132 2383 1183 contra
2409 1131 2745 1182 sanctorum
2771 1125 3009 1181 Patrum
3032 1124 3484 1181 constitutiones

1828 1220 1962 1271 ante
1992 1216 2296 1286 probatam
2331 1231 2475 1284 rem,
2503 1218 2638 1270 ante
2670 1214 2972 1287 negotium
3007 1213 3317 1270 definitum
3349 1231 3484 1269 san-

1829 1305 2089 1360 ctitatem
2122 1309 2377 1361 vestram
2412 1322 2445 1359 a
2489 1304 2900 1360 communione
2949 1302 3258 1359 confratris
3297 1303 3484 1360 nostri

1829 1394 2023 1449 Pisani
2052 1393 2354 1461 antistitis,
2370 1392 2753 1465 suspenditis.
2769 1393 2969 1464 Neque
2990 1392 3146 1447 enim
3169 1409 3272 1448 vos
3297 1392 3481 1459 decet,

1828 1483 2063 1539 assidue
2085 1482 2300 1538 divinis
2322 1486 2590 1537 vacantes
2616 1481 2891 1547 servitiis,
2915 1479 3083 1537 aliter
3107 1497 3276 1555 agere
3298 1498 3477 1554 quam

1828 1572 2040 1627 divinis
2070 1570 2426 1627 instruimini
2451 1569 2813 1643 disciplinis;
2847 1569 2971 1642 ipse
2992 1569 3209 1644 quippe
3230 1569 3482 1627 occulto-

1829 1679 1960 1717 rum
1992 1661 2256 1733 cognitor
2285 1661 2438 1716 Deus
2468 1659 2856 1717 Sodomorum
2880 1657 3035 1714 mala
3066 1658 3254 1715 noluit
3282 1658 3480 1716 audita

1821 1750 2089 1821 judicare
2112 1750 2457 1821 priusquam
2481 1748 2788 1803 manifeste
2805 1764 2931 1819 quae
2949 1746 3291 1803 dicebantur
3305 1763 3483 1820 agno-

1831 1843 2058 1894 sceret:
2091 1838 2442 1905 Descendam,
2476 1837 2576 1902 ait,
2620 1845 2671 1892 et
2716 1836 2904 1892 videbo
2949 1844 3140 1891 utrum
3186 1838 3482 1892 clamorem

1828 1931 1924 2001 qui
1956 1931 2101 1985 venit
2144 1929 2213 1983 ad
2269 1944 2355 1982 me
2409 1943 2566 1998 opere
2622 1926 3041 1997 complevm'nt;
3072 1926 3227 1981 unde
3275 1927 3483 1982 beatus

1829 2024 2046 2090 martyr
2094 2022 2149 2074 et
2206 2018 2466 2089 pontifex
2497 2017 2792 2072 Evaristus
2849 2015 2932 2071 ait
2964 2032 2977 2070 :
3005 2038 3033 2065 ‹‹
3067 2013 3221 2071 Mala
3279 2016 3483 2072 audita

1828 2107 2057 2163 nullum
2113 2108 2402 2169 moveant,
2439 2122 2543 2161 nec
2593 2105 2814 2177 passim
2861 2104 3018 2159 dicta
3068 2105 3293 2175 absque
3324 2109 3484 2160 certa

1827 2197 2166 2270 probatione
2190 2195 2441 2267 quisque
2472 2210 2731 2266 unquam
2758 2194 3091 2259 credat,sed
3121 2196 3253 2249 ante
3284 2193 3484 2250 audita

1826 2286 2136 2358 diligenter
2175 2284 2454 2355 inquirat,
2489 2299 2561 2338 ne
2611 2282 3026 2355 praecipitando
3073 2282 3207 2353 quis
3258 2282 3481 2354 aliquid

1827 2378 1979 2447 agat.
2008 2398 2034 2423 ››
2058 2373 2116 2429 Si
2156 2373 2312 2427 enim
2361 2371 2516 2428 Deus
2563 2371 2829 2426 omnium
2878 2370 3267 2427 Sodomorum
3325 2369 3484 2425 mala

1827 2480 2077 2536 quorum
2110 2462 2329 2517 clamor
2359 2464 2699 2533 pervenerat
2727 2476 2911 2531 usque
2937 2460 3007 2514 ad
3035 2458 3483 2525 caalum,omnia

1828 2553 2040 2620 sciens,
2066 2568 2169 2606 nec
2201 2551 2436 2605 credere
2468 2548 2652 2621 prius,
2674 2564 2779 2603 nec
2804 2547 3070 2619 judicare
3098 2547 3282 2602 voluit
3302 2564 3480 2619 quam

1827 2643 1951 2714 ipse
1981 2658 2107 2696 eam
2139 2656 2271 2693 cum
2302 2636 2571 2693 fidelibus
2614 2637 2865 2692 testibus
2902 2635 3211 2708 diligenter
3239 2635 3483 2691 investi-

1829 2748 1997 2805 gans,
2021 2746 2147 2801 qua:-
2180 2726 2444 2784 audierat
2469 2743 2535 2781 ex
2566 2742 2738 2799 opere
2771 2724 3052 2780 veraciter
3083 2728 3481 2797 cognosceret,

1829 2819 2016 2876 multo
2044 2818 2231 2889 magis
2253 2834 2359 2871 nos
2381 2816 2624 2871 humani
2649 2823 2704 2870 et
2725 2812 3299 2887 peceatores,quibus
3322 2812 3481 2868 inco-

1830 2910 1991 2982 gnita
2021 2911 2159 2964 sunt
2195 2904 2422 2961 occulta
2462 2904 2690 2975 judicia
2738 2902 2859 2971 Dei,
2892 2902 3014 2957 haec
3065 2906 3477 2974 praecaventes,

1826 2997 2057 3053 nullum
2079 2999 2212 3051 ante
2228 3010 2420 3049 veram
2433 2995 2777 3065 justamque
2800 2990 3201 3063 probationem
3217 2990 3486 3061 judicare

1834 3092 1933 3141 aut
1952 3086 2232 3142 damnare
2254 3084 2559 3151 debemus,
2583 3080 2892 3137 manifeste
2915 3079 3189 3152 Apostolo
3212 3079 3438 3135 dicente
3462 3095 3475 3134 :

1835 3183 1918 3233 'I'u
1940 3178 2060 3248 quis
2090 3191 2144 3229 es
2175 3175 2270 3243 qui
2307 3172 2527 3243 judicas
2556 3172 2799 3227 alienum
2830 3173 3081 3225 servum?
3110 3169 3216 3225 Suo
3257 3169 3486 3225 Domino

1834 3270 1960 3328 stat,
2012 3267 2103 3319 aut
2148 3262 2331 3317 cadit!
2362 3262 2521 3326 Quod
2570 3258 2893 3331 capitulum
2949 3258 3230 3330 Apostoli,
3281 3258 3487 3312 beatus

88 3332 193 3426 pra:
240 3350 452 3423 judicii
496 3348 675 3404 divini
729 3348 1038 3402 formidine
1081 3352 1138 3401 et
1186 3347 1340 3403 sedis
1398 3348 1726 3421 apostolica;
1758 3332 1800 3399 C
1840 3352 2204 3425 Augustinus
2234 3366 2525 3421 exponens
2558 3348 2639 3402 ait
2671 3364 2684 3402 :
2716 3370 2743 3397 «
2778 3347 2976 3402 Noluit
3006 3346 3163 3400 erim
3191 3345 3490 3400 hominem

88 3441 401 3500 reverentia
457 3438 749 3494 studeant.
781 3436 839 3491 Si
872 3437 1004 3508 quis
1062 3442 1256 3491 autem
1304 3437 1358 3491 in
1405 3438 1727 3493 crastinum

92 3522 557 3604 archiepiscopus
589 3531 691 3582 aut
738 3526 1066 3599 episcopus,
1103 3527 1418 3597 imperator
1463 3532 1564 3581 aut
1611 3545 1726 3595 rex,

92 3623 352 3693 princeps
383 3623 483 3674 aut
511 3618 649 3681 dux,
677 3633 873 3672 comes
916 3620 1017 3670 aut
1062 3615 1600 3687 vicecomes,judex
1629 3621 1732 3671 aut

94 3711 327 3782 quilibet
357 3707 760 3779 magistratus,
790 3703 876 3759 vel
911 3722 1159 3775 persona
1200 3705 1610 3771 ecclesiastica,
1644 3705 1731 3760 vel

90 3797 394 3859 smcularis,
428 3796 610 3867 hujus
642 3793 922 3867 privilegii
972 3794 1244 3866 paginam
1297 3795 1507 3859 sciens,
1532 3798 1733 3849 contra

91 3906 207 3944 eam
268 3885 467 3942 venire
520 3888 735 3940 temere
796 3883 1127 3952 teutaverit,
1189 3884 1442 3939 secundo
1500 3884 1734 3939 tertiove

92 3975 497 4041 commonitus,
531 3974 580 4030 si
628 3990 738 4028 non
780 3974 1178 4027 satisfactione
1218 3974 1507 4045 condigna
1539 3990 1735 4029 emen-

92 4066 320 4131 daverit,
346 4081 479 4121 eum
504 4062 740 4119 honoris
763 4062 852 4117 sui
878 4067 934 4115 et
957 4061 1131 4115 otticii
1156 4060 1412 4134 periculo
1436 4063 1737 4133 subjacere

92 4154 464 4219 decrevimus,
497 4156 556 4209 et
604 4170 636 4207 a
683 4150 908 4206 Christo
955 4153 1129 4221 atque
1180 4148 1446 4205 Ecclesiae
1499 4167 1738 4223 corpore

98 4260 487 4316 segregamus,
530 4239 1011 4296 conservantibus
1049 4245 1244 4295 autem
1296 4257 1408 4311 pax
1453 4257 1488 4295 a
1534 4240 1650 4295 Deo
1682 4244 1740 4295 et

99 4330 488 4389 misericordia
511 4330 897 4403 praesentibus
929 4335 986 4384 et
1018 4329 1230 4384 futuris
1261 4328 1491 4384 saeculis
1516 4346 1744 4387 conser.

97 4426 270 4477 vetur.
301 4424 509 4487 Amen,
543 4436 732 4474 amen.

164 4516 369 4567 Datum
402 4510 609 4582 Capuae
642 4507 916 4564 Kalendis
958 4505 1121 4575 Julii,
1156 4525 1259 4580 per
1289 4524 1500 4563 manus
1532 4513 1743 4565 sanetae

103 4601 364 4657 Romana:
398 4598 668 4656 Ecclesia:
696 4597 942 4654 Joannis
971 4596 1199 4652 diaconi
1232 4598 1568 4664 cardinalis,
1601 4598 1747 4653 indi-

1840 3448 1911 3503 ab
1938 3442 2173 3499 homine
2190 3438 2441 3514 judicari
2464 3456 2531 3493 ex
2554 3436 2792 3492 arbitrio
2816 3433 3291 3507 suspicionis,vel
3315 3433 3489 3489 etiam

1839 3530 2295 3592 extraordinario
2329 3530 2605 3594 usurpato
2640 3525 2888 3596 judicio,
2913 3524 3012 3579 sed
3044 3524 3238 3595 potius
3269 3540 3337 3578 ex
3366 3522 3491 3594 lege

1845 3625 1939 3682 Dei
1971 3620 2296 3678 secundum
2331 3617 2591 3672 ordinem
2626 3613 2915 3679 Ecclesiae,
2936 3613 3055 3667 sive
3086 3611 3236 3666 ultro
3267 3611 3491 3667 confes-

1842 3730 1972 3767 sum
2026 3710 2143 3763 sive
2196 3709 2555 3772 accusatum,
2603 3708 2776 3774 atque
2822 3700 3183 3768 convictum;
3233 3697 3492 3770 alioquin

1841 3801 1984 3857 illud
2019 3816 2122 3854 cur
2152 3796 2295 3850 dixit
2326 3812 2338 3849 :
2373 3794 2433 3849 Si
2462 3794 2582 3864 quis
2614 3795 2789 3864 frater
2817 3791 3159 3857 nominatur,
3192 3795 3288 3843 aut
3313 3788 3492 3859 forni-

1842 3900 2009 3957 cator,
2041 3891 2135 3943 aut
2169 3884 2327 3940 idolis
2366 3884 2623 3951 serviens,
2656 3885 2789 3946 etc.,
2822 3877 2935 3935 nisi
2979 3877 3117 3950 quia
3144 3893 3272 3933 eam
3301 3875 3496 3931 nomi-

1846 3980 2141 4036 nationem
2168 3972 2408 4042 intelligi
2435 3970 2615 4027 voluit
2636 3986 2763 4041 quae
2788 3971 2853 4023 fit
2884 3969 2941 4023 in
2966 3981 3343 4040 quemquam,
3361 3981 3496 4021 cum

1847 4067 2137 4126 sententia
2162 4063 2361 4120 ordine
2400 4059 2711 4133 judiciario
2760 4064 2935 4130 atque
2985 4056 3316 4128 integritate
3365 4068 3497 4127 pro-

1849 4157 2068 4215 fertur?
2097 4155 2243 4210 Nam
2273 4152 2319 4207 si
2354 4149 2675 4207 nominatio
2709 4148 2951 4216 sufficit,
2978 4145 3145 4201 multi
3178 4142 3500 4199 damnandi

1849 4252 1989 4303 sunt
2022 4246 2376 4307 innocentes,
2403 4240 2540 4313 quia
2581 4256 2731 4310 saepe
2762 4237 2908 4294 falso
2954 4236 3014 4290 in
3064 4249 3359 4308 quoquam
3391 4232 3500 4288 cri-

1851 4336 2007 4392 mine
2040 4333 2395 4388 nominatur.
2424 4354 2451 4379 ››
2484 4329 2689 4384 Decuit
2727 4344 2862 4400 ergo
2894 4343 2994 4381 vos
3026 4324 3117 4380 die
3150 4340 3215 4379 ac
3248 4327 3413 4379 nocte
3443 4321 3504 4377 in

1853 4426 1977 4497 lege
1998 4421 2227 4478 Domini
2256 4419 2604 4475 meditantes
2636 4418 2751 4473 ista
2774 4420 2831 4471 et
2852 4413 3190 4485 hujusmodi
3214 4412 3383 4486 plura
3408 4410 3507 4466 ob-

1854 4526 2137 4577 servasse,
2173 4525 2277 4563 nec
2320 4511 2452 4563 ante
2499 4505 2821 4579 legitimam
2866 4501 3315 4569 discussionem,
3351 4503 3450 4556 aut
3475 4515 3511 4556 α

1856 4598 2269 4659 communione
2303 4614 2404 4652 vos
2436 4594 2631 4650 Pisani
2674 4592 2955 4650 antistitis
2996 4590 3377 4657 subtraxisse,
3409 4591 3512 4644 aut

102 4691 277 4745 ctione
306 4693 540 4761 quarta,
570 4703 727 4742 anno
758 4687 1071 4743 Dominicze
1104 4686 1527 4742 incarnationis
1558 4686 1742 4742 mille-
1777 4709 1824 4775 Ι)
1856 4697 2017 4747 tanta
2047 4705 2179 4744 eum
2211 4684 2454 4740 infamia
2500 4682 2827 4737 denotasse.
2853 4680 2999 4745 Quia
3043 4683 3240 4734 tamen
3287 4694 3394 4733 vox
3441 4692 3511 4731 ex

107 4780 243 4834 simo
290 4776 673 4849 nonagesimo
722 4776 931 4848 primo,
976 4776 1348 4848 pontificatus
1406 4782 1602 4832 autem
1646 4776 1747 4831 do-

105 4868 232 4925 mini
268 4866 487 4924 Urbani
521 4866 568 4922 Il
602 4883 753 4922 anno
785 4871 1013 4939 quarto.

856 5000 997 5055 Llll.

113 5112 325 5167 Littera
361 5092 571 5166 Urbani
594 5124 757 5180 papae
790 5086 838 5164 ll
865 5108 935 5162 ad
972 5108 1142 5163 Vallis
1175 5108 1441 5163 [Tm-brosa’.
1469 5115 1519 5162 et
1550 5107 1759 5161 Camul-

173 5183 289 5309 ἓῖιιί
338 5183 571 5253 priores,
603 5198 672 5235 ne
716 5198 749 5234 α
796 5184 1175 5235 cmrmzuuione
1206 5182 1400 5234 Pisam
1444 5181 1677 5250 episcopi
1703 5195 1759 5233 se

229 5256 438 5309 iencnt.

229 5269 438 5309 tenent.

729 5342 917 5411 (Anno
952 5341 1135 5409 1091.)

128 5526 141 5533 ⁶
166 5450 551 5521 [MrT-rasum,
588 5446 790 5502 Annal.
824 5445 1129 5503 Camaldul.
1168 5445 1260 5514 ΙΙΙ,
1297 5445 1570 5518 θρρθηάη
1600 5445 1714 5518 92']

184 5583 460 5640 Unswus
501 5564 835 5654 episcopus,
868 5596 1069 5636 servus
1109 5594 1406 5634 servorum
1442 5577 1562 5645 Dei,
1596 5594 1764 5634 vene-

123 5672 395 5729 rabilibus
449 5670 507 5726 in
559 5669 788 5727 Christo
838 5669 977 5725 ﬁliis
1028 5669 1094 5725 It.
1133 5711 1144 5723 .
1183 5711 1194 5724 .
1233 5711 1244 5724 .
1278 5666 1766 5725 Vallumbrosano

126 5763 192 5825 Μ.
228 5805 240 5821 .
277 5806 291 5824 .
322 5758 756 5823 Camaldulensi
786 5764 843 5820 et
873 5757 1423 5836 congregationibus
1445 5773 1645 5816 eorum
1679 5775 1766 5820 re-

1861 4777 2158 4840 religionis
2180 4773 2384 4829 merito
2406 4787 2772 4837 veneramur,
2789 4774 2845 4825 et
2870 4785 2939 4824 ex
2959 4783 3155 4823 amore
3173 4766 3420 4837 justitite
3449 4764 3510 4820 id

1847 4870 2035 4942 egisse
2068 4865 2385 4928 credimus,
2406 4864 2607 4916 vestrae
2639 4859 2698 4914 in
2724 4859 2833 4913 hoc
2857 4854 3215 4929 simplicitati
3246 4852 3513 4928 benigni.

1864 4964 1981 5016 tate
2013 4953 2330 5028 apostolica
2374 4951 2699 5024 parcimus;
2732 4948 2983 5004 maxime
3015 4962 3147 5001 cum
3198 4944 3257 4999 in
3303 4942 3516 5000 litteris

1862 5046 2070 5104 vestris
2101 5043 2243 5098 alios
2276 5042 2454 5112 hujus
2485 5037 2915 5094 criminationis
2950 5041 3217 5091 auctores
3248 5034 3516 5091 ostende-

1868 5137 2016 5201 ritis,
2041 5140 2097 5189 et
2129 5150 2227 5186 vos
2260 5132 2331 5186 ab
2378 5132 2505 5201 eius
2556 5127 2875 5183 intentione
2918 5123 3299 5181 removeritis.
3336 5123 3521 5196 Roga-

1868 5243 2000 5282 mus
2036 5228 2231 5278 autom
2256 5237 2375 5285 vos,
2401 5225 2457 5273 et
2478 5224 2756 5289 tanquam
2785 5213 3124 5271 obedientia:
3155 5213 3290 5269 filiis
3321 5213 3521 5285 praeci-

1871 5317 2067 5389 pimus
2098 5316 2162 5366 ut
2193 5327 2291 5365 eos
2333 5308 2502 5363 nobis
2552 5324 2619 5362 ex
2667 5304 2902 5362 nomine
2933 5305 3240 5377 designare
3287 5301 3524 5370 curetis,

1874 5410 2165 5478 quatenus
2197 5404 2429 5454 auctore
2462 5397 2576 5451 Deo
2617 5393 3058 5451 accusatoribus
3097 5392 3346 5465 cognitis
3378 5392 3526 5446 infa-

1875 5493 1996 5550 mia
2026 5492 2146 5546 haec
2192 5493 2291 5542 aut
2340 5486 2752 5557 comprobetur
2780 5484 3057 5539 canonice
3088 5487 3188 5537 aut
3231 5496 3525 5535 removea-

1873 5589 1990 5639 tur.
2008 5581 2289 5636 Praeterea
2311 5579 2514 5629 notum
2532 5574 2697 5630 vobis
2714 5575 2982 5629 volumus
2999 5568 3526 5644 ipsosjamdudum

1879 5690 1912 5729 a
1940 5670 2108 5727 nobis
2141 5684 2242 5742 per
2270 5680 2614 5721 communes
2638 5662 2829 5719 Pisani
2853 5661 3051 5735 populi
3077 5659 3300 5715 litteras
3328 5672 3526 5713 evoca-

1878 5768 1986 5825 tos.
2012 5760 2071 5820 Si
2103 5773 2240 5836 ergo
2270 5753 2519 5815 necdum
2565 5753 2760 5813 venire
2799 5753 3099 5829 cceperunt
3126 5764 3227 5808 vos
3274 5763 3372 5809 eos
3400 5746 3524 5808 vice
