3950 6408
354 443 358 449 ’
451 457 572 518 335

451 679 580 734 dien
593 679 730 734 tiam
749 681 1140 748 admonete,et
1159 697 1231 736 ne
1255 681 1398 736 forte
1415 686 1731 737 causentur
1750 681 1823 752 ad
1847 681 2099 754 priorem

450 768 772 824 terminum
803 785 920 826 non
941 785 1114 841 posse
1137 785 1458 838 occurrere,
1479 771 1750 843 usquead
1774 769 2100 844 proximam

451 857 516 913 B.
549 857 744 914 Mariae
794 859 1163 918 Nativitatem
1214 859 1482 916 inducias
1529 861 1905 933 protelamus.
1939 859 2101 922 Quod

451 946 503 1002 si
533 945 622 1002 vel
646 950 788 1003 tunc
816 947 1012 1004 venire
1063 948 1540 1020 contempserint,
1563 947 1844 1004 canonica
1889 965 1952 1004 se
2001 965 2100 1003 no-

450 1037 640 1092 verint
688 1035 907 1092 ultione
947 1035 1318 1108 plectendos;
1353 1037 1402 1093 si
1435 1041 1633 1094 autem
1681 1037 1769 1092 illi
1814 1037 2098 1102 venerint,

454 1124 694 1179 omnino
722 1124 1016 1193 volumus,
1037 1129 1102 1180 ut
1119 1143 1190 1182 ex
1208 1125 1374 1181 vobis
1394 1125 1544 1183 duos
1563 1125 1653 1182 vel
1682 1130 1802 1182 tres
1820 1126 1892 1181 ad
1924 1125 2104 1195 hujus

455 1214 534 1270 rei
569 1213 968 1270 deﬁnitionem
988 1214 1456 1288 perspiciendum
1477 1231 1611 1271 cum
1633 1215 1718 1270 eis
1735 1213 1951 1288 pariter
1971 1219 2104 1270 ante

457 1306 719 1360 nostram
749 1303 1119 1376 praesentiam
1162 1303 1450 1376 dirigatis.
1483 1303 1721 1360 Interim
1768 1321 1868 1360 vos
1899 1321 1934 1360 a
1963 1320 2106 1360 con-
2162 1333 2174 1346 ι

457 1392 654 1448 fratris
685 1391 867 1448 nostri
917 1391 1238 1448 diﬁ'amatia
1274 1393 1555 1459 desistite,
1587 1397 1644 1448 et
1672 1393 1800 1464 ejus
1842 1409 2106 1464 commu-

458 1482 692 1554 nionem
724 1480 887 1538 nullo
916 1482 1087 1538 modo
1115 1488 1398 1538 recusate.
1427 1483 1769 1554 Quicunque
1799 1481 1974 1538 etiam
2007 1498 2105 1538 ve~

459 1579 644 1628 strum
678 1571 738 1626 in
786 1571 1006 1626 Pisanaa
1057 1571 1320 1627 Ecclesiae
1361 1573 1594 1627 dioecesi
1646 1576 2105 1639 commorantur,

459 1660 712 1716 debitam
747 1659 798 1716 ei
827 1660 1220 1716 obedientiam
1272 1660 1608 1732 impendere
1655 1677 1768 1715 non
1817 1665 2106 1716 recusent.

459 1750 538 1805 De
569 1753 772 1804 cetero
803 1749 1180 1804 obsecramus
1202 1753 1266 1804 ut
1289 1749 1496 1804 vestris
1523 1765 1628 1804 nos
1655 1749 1806 1822 apud
1841 1749 2108 1822 omnipo-

457 1843 676 1895 tentem
709 1837 888 1894 Deum
923 1837 1284 1894 orationibus
1319 1837 1766 1912 commendatis.

527 1927 676 1983 Data
704 1926 890 1996 Trojaa
917 1944 959 1982 ιι
989 1925 1127 1984 Idus
1157 1925 1318 1999 Julii.

1219 2032 1356 2088 LlV.

461 2123 709 2182 Urbanus
757 2125 827 2189 II,
877 2122 1260 2192 Guillelmum,
1308 2122 1772 2194 archiepiscopum
1821 2122 2107 2180 Itothoma-

526 2212 760 2266 gensem,
791 2195 862 2250 ad
911 2195 1308 2250 restituendum
1352 2195 1748 2249 monasterium
1794 2194 1850 2249 S.
1883 2195 2106 2250 Austra-

530 2267 700 2324 bertae
735 2267 1110 2322 Paviliacense
1167 2267 1386 2338 avertat,
1416 2288 1436 2314 α
1471 2269 1630 2336 atque
1681 2267 1956 2322 universis
2011 2268 2109 2338 qui

526 2340 700 2396 eidem
727 2339 964 2394 coenobio
987 2337 1201 2408 aliquid
1229 2338 1530 2406 conferant,
1553 2341 1810 2408 quartam-
1833 2337 2104 2408 preniten-

525 2414 738 2468 tiarum
759 2411 826 2465 ab
851 2411 1101 2482 episcopo
1123 2412 1219 2464 aut
1241 2409 1552 2480 presbytero
1575 2409 1948 2480 injunetarum
1973 2425 2104 2482 par-

529 2493 637 2540 tem
665 2483 900 2538 relaxat.

1081 2571 1268 2641 (Anno
1299 2568 1484 2640 1091.)

445 2698 454 2703 -
549 2663 856 2733 [Burman
892 2661 1012 2716 Vita
1055 2659 1279 2724 Urbani,
1297 2659 1607 2733 _IVL§§1LI,Q§I
1637 2660 1694 2733 et
1724 2657 2006 2728 Romam,

905 2733 1140 2800 Ouvrag.
1169 2730 1345 2802 posth.
1378 2729 1472 2798 III,
1508 2730 1652 2801 103.]

738 2883 744 2888 .
1223 2837 1336 2892 LV.

738 2883 744 2888 .
1270 2837 1336 2892 V.

457 2930 665 2988 Urbani
690 2930 742 2985 ΙΙ
767 2929 997 3000 epistola
1024 2928 1094 2983 ad
1117 2837 1324 3000 clerlum
1363 2931 1416 2982 et
1461 2927 1727 2998 populum
1771 2927 2098 2984 Ambianen-

447 3065 456 3071 ,
521 3018 657 3058 sem.
690 3033 760 3042 —
793 2997 1091 3072 Signiﬁcat
1145 3015 1202 3054 se
1259 2997 1552 3054 Corvinum
1604 3001 1914 3071 episcOpum
1969 3016 2104 3055 san-

523 3075 689 3130 misse.

1078 3160 1262 3234 (Anno
1290 3159 1472 3232 1091.)

759 3252 1045 3322 [ΜΑΒΙιι.,
1077 3251 1276 3304 Annal.
1309 3249 1505 3305 Bened.
1539 3247 1607 3315 V,
1637 3249 1789 3320 280.]

1739 456 1810 519 B.
1856 433 2146 521 UnBAui
2187 455 2240 518 n
2285 457 2534 519 PAPIE.

452 593 670 658 nostra,
691 593 756 646 ut
787 589 860 646 ad
891 607 1000 647 nos
1023 590 1261 672 veniant
1289 607 1388 664 per
1418 590 1748 664 apostolicae.
1777 591 1934 648 sedis
1963 591 2096 647 obe-
2127 592 2183 658 Α

3740 427 3862 520 336

2965 593 3102 650 LVI.

2249 681 2455 738 Urbani
2482 684 2532 738 Il
2557 675 2785 754 epistola
2811 683 2882 738 ad
2905 685 3166 755 praelatos
3191 683 3460 739 laicorum
3482 697 3834 738 communem

2776 755 2946 810 vitam
2975 757 3282 825 agentium.

2834 845 3019 914 (Anno
3054 843 3236 920 1091.)

2482 949 2796 1020 [Βειυιοωι
2825 949 3244 1020 Chronicon,ad
3275 967 3370 1008 an.
3404 950 3588 1023 1091.]

2282 1065 2575 1128 Quosdam
2609 1067 2940 1139 accepimus
2970 1081 3193 1122 morem
3213 1071 3540 1124 vestrorum
3571 1067 3870 1124 coenobio-

2213 1169 2342 1208 rum
2379 1155 2901 1228 corrodentes,quo
2923 1154 3104 1211 laicos
3135 1155 3346 1212 saeculo
3378 1157 3786 1214 renuntiantes
3814 1163 3873 1214 et

2215 1257 2277 1296 se
2309 1259 2532 1315 suaque
2561 1244 2631 1300 ad
2665 1260 3037 1300 communem
3080 1243 3262 1300 vitam
3305 1246 3744 1317 transferentes,
3779 1263 3871 1302 re-

2214 1331 2434 1402 gendos
2465 1331 2524 1386 in
2546 1331 2877 1388 obedientia
2898 1331 3220 1406 suscipitis.
3240 1333 3356 1390 Nos
3379 1336 3574 1391 autem
3597 1334 3872 1392 eamdem

2217 1419 2712 1476 conversationem
2743 1427 2799 1477 et
2847 1421 3354 1489 consuetudinem,
3376 1422 3529 1480 sicut
3555 1422 3744 1480 oculis
3775 1441 3879 1480 no-

2219 1510 2356 1562 stris
2387 1509 2770 1580 inspeximus,
2805 1509 3180 1580 laudabilem,
3215 1517 3271 1566 et
3312 1528 3379 1568 eo
3421 1517 3706 1584 perpetua
3734 1529 3877 1570 con-

2219 1599 2540 1654 servatione
2587 1599 2994 1671 dignissimam
3027 1617 3141 1672 quo
3172 1601 3230 1656 in
3263 1600 3568 1673 primitivae
3599 1601 3875 1660 Ecclesiae

2219 1687 2784 1758 fui-mammimpressa
2804 1693 2892 1744 est
2913 1689 3267 1759 judicantes,
3291 1691 3710 1762 approbemus,
3729 1709 3872 1748 san-

2218 1782 2372 1830 ctum
2405 1781 2460 1830 et.
2498 1776 2841 1832 catholicam
2878 1777 3272 1844 nominamus,
3295 1784 3354 1834 et
3400 1797 3502 1852 per
3546 1785 3874 1852 praesentes

2220 1864 2441 1920 litteras
2467 1865 2780 1938 apostolica
2811 1868 3158 1924 auctoritate
3189 1857 3629 1926 conﬁrmamus.

2961 1991 3128 2046 LVII.

2221 2081 2505 2157 Urbani]!
2533 2079 2760 2157 epistola
2806 2079 2876 2157 ad
2935 2080 3343 2157 G[ebharrlum],_
3359 2085 3666 2157 episcopum
3727 2084 3875 2142 Con.-

2291 2154 2658 2215 slanliem‘em,
2711 2154 3008 2226 Welfonem
3060 2157 3112 2208 et
3164 2153 3566 2226 smmum]
3597 2155 3760 2212 duces
3823 2165 3878 2214 et

2288 2227 2348 2277 Β.
2382 2225 2730 2277 comitem.—
2755 2222 2879 2279 Illas
2917 2222 3168 2279 hortatur
3194 2222 3254 2279 ut
3299 2222 3566 2282 abbatem
3597 2232 3876 2285 monaste-

2289 2296 2363 2349 rii
2417 2296 2471 2348 S.
2533 2294 2835 2351 Saluatoris
2887 2293 3303 2366 Suhafhusensis
3365 2301 3626 2354 tueantur
3679 2309 3877 2357 contra

2288 2367 2558 2443 'l'utonem,
2589 2367 2853 2422 donatum
2880 2369 3212 2423 monasterio
3231 2369 3512 2439 praedium
3537 2371 3761 2443 auferre
3780 2389 3877 2429 r0-

2285 2442 2530 2492 nantem.

2835 2529 3020 2598 (Anno
3055 2527 3241 2600 1092.)

2639 2615 2872 2688 [ΜΑΝεῃ
2907 2615 3110 2672 Concil.
3138 2615 3252 2686 XX,
3285 2618 3436 2690 708.]

2282 2733 2558 2790 Unsaxus
2603 2733 2936 2806 cpiscopus,
2974 2749 3177 2790 servus
3222 2750 3524 2792 servorum
3564 2735 3683 2806 Dei,
3717 2737 3876 2796 Con-

2211 2823 2520 2880 stantiensi
2564 2821 2833 2894 episcopo
2864 2823 2930 2878 N.
2965 2827 3021 2878 et
3063 2822 3130 2878 N.
3165 2825 3480 2880 comitibus
3521 2825 3775 2882 salutem
3810 2835 3876 2887 et

2209 2912 2590 2986 apostolicam
2621 2911 3106 2968 benedictionem.

2278 3001 2577 3057 Venerunt
2595 3001 2667 3057 ad
2691 3017 2796 3056 nos
2819 2999 3022 3057 litterae
3045 3001 3272 3058 abbatis
3299 3005 3639 3060 monasterii
3661 3006 3870 3065 Sancti

2206 3091 2537 3160 Salvatoris,
2570 3093 2991 3162 conquerentes
3021 3091 3137 3146 Deo
3166 3095 3226 3148 et
3259 3097 3461 3149 sancto
3492 3093 3658 3151 Petro
3697 3099 3864 3170 quod

2205 3182 2292 3236 vir
2319 3181 2559 3254 quidam
2589 3180 2824 3236 nomine
2858 3179 2924 3238 Ν.
2956 3179 3193 3236 veniens
3231 3181 3304 3237 ad
3350 3183 3694 3255 praedictum
3729 3203 3864 3242 mo-

2207 3269 2549 3338 nasterium,
2583 3267 2793 3324 saeculo
2834 3268 3207 3337 renuntiavit,
3255 3269 3701 3344 promissionem
3737 3279 3864 3331 sta-

525 3360 802 3416 Uamuus
839 3357 1168 3430 episcopus,
1193 3373 1394 3413 servus
1441 3371 1740 3412 servorum
1787 3354 1910 3424 Dei,
1943 3355 2096 3414 clero
2128 3336 2171 3404 (ἶ
2203 3357 2450 3416 bilitatis
2472 3359 2796 3416 secundum
2817 3357 3299 3416 consuetudinem
3329 3361 3666 3416 monasterii
3698 3363 3864 3434 fecit,

453 3457 512 3508 et
539 3448 752 3523 populo
797 3445 1176 3504 Ambianensi
1219 3445 1472 3502 salutem
1501 3448 1560 3500 et
1589 3444 1969 3517 apostolicam
1999 3446 2096 3503 be-

455 3538 866 3596 nedictionem.

439 3671 446 3677 .
523 3625 1050 3686 Reverentissimus
1087 3624 1264 3680 frater
1305 3626 1505 3680 noster
1552 3622 1857 3692 Gervinus,
1906 3629 2097 3683 vester

445 3716 774 3790 episcopus,
809 3715 880 3771 ad
913 3715 1110 3772 sedem
1150 3711 1531 3786 apostolicam
1560 3711 1818 3782 veniens,
1851 3731 2090 3772 causam

443 3822 614 3863 suam
635 3822 770 3862 cum
787 3803 1120 3861 testimonio
1137 3803 1466 3858 litterarum
1487 3802 1938 3860 reverentissimi
1961 3821 2093 3862 con-

440 3894 638 3950 t'ratris
676 3893 859 3950 nostri
904 3893 1219 3949 Remorum
1268 3890 1690 3964 archiepiscopi
1722 3893 1990 3950 Rainoldi
2033 3900 2090 3952 et

433 3983 766 4057 legatorum
798 3982 987 4056 ipsius
1019 3981 1188 4038 nobis
1233 3979 1568 4037 notiﬁcavit.
1605 3980 1723 4036 Nos
1753 3985 1948 4038 autem
1971 3983 2084 4040 ele-

433 4073 682 4130 ctionem
717 4073 847 4144 ejus
876 4071 1218 4128 canonicam
1251 4069 1663 4142 approbantes,
1697 4074 1754 4125 et
1782 4069 1949 4127 illum
1983 4073 2082 4144 qui

430 4178 500 4218 ex
526 4167 859 4218 transverso
885 4177 948 4216 se
979 4161 1200 4232 injecit,
1240 4159 1638 4230 reprobantes,
1663 4158 1958 4232 simulque
1981 4160 2081 4218 diu

431 4251 739 4307 nobiscum
769 4267 905 4306 eum
936 4247 1260 4314 retinendo,
1279 4252 1335 4302 et
1362 4245 1412 4302 si
1457 4245 1558 4318 qui
1586 4255 1790 4304 contra
1818 4264 1953 4304 eum
1984 4267 2080 4306 ve-

428 4341 554 4397 nire
573 4339 788 4397 vellent
807 4337 1180 4408 attendendo,
1197 4340 1512 4408 postquam
1551 4335 1609 4390 in
1641 4337 1890 4392 duorum
1915 4355 2078 4395 men-

427 4429 580 4486 sium
618 4429 896 4502 spatium,
933 4443 1046 4500 quo
1079 4425 1388 4481 nobiscum
1414 4423 1634 4496 deguit,
1665 4441 1835 4482 nemo
1875 4431 2078 4486 contra

427 4536 562 4575 eum
593 4519 917 4591 quidquam
953 4513 1178 4582 attulit;
1223 4518 1280 4570 et
1322 4513 1812 4572 condescensione
1843 4516 2071 4574 miseri-

425 4609 634 4664 cordiae
664 4607 913 4680 rigorem
946 4605 1191 4676 justitiaa
1231 4607 1644 4676 temperantes,
1679 4603 1736 4660 in
1780 4603 1905 4662 loco
1935 4623 2072 4662 eum

2203 3454 2264 3506 et
2293 3466 2400 3505 sua
2427 3449 2615 3506 eidem
2647 3445 2902 3504 ecclesiae
2943 3447 3266 3504 secundum
3309 3447 3497 3522 legem
3529 3450 3865 3510 Suevorum

2205 3538 2408 3594 multis
2431 3553 2626 3594 coram
2646 3536 2895 3592 testibus
2917 3535 3158 3592 tradidit
3173 3541 3229 3593 et
3251 3537 3645 3609 conﬁrmavit;
3671 3541 3866 3599 abbas

2203 3633 2420 3696 autem,
2456 3631 2521 3683 ut
2549 3630 2640 3684 est
2663 3627 2904 3682 devotus
2933 3629 2992 3681 et
3020 3626 3280 3698 prudens
3308 3626 3679 3700 dispensator
3705 3635 3767 3686 et
3795 3632 3865 3688 ﬁ-

2199 3716 2441 3785 delis,in
2473 3715 2676 3772 eodem
2718 3714 2934 3787 praedio
2966 3715 3387 3772 monasterium
3420 3722 3664 3774 venuste
3713 3736 3858 3776 con-

2197 3808 2428 3874 struxit,
2453 3806 2660 3861 fratres
2685 3803 2992 3870 ordinavit,
3016 3808 3073 3860 et
3094 3808 3298 3861 caetera
3317 3821 3444 3878 qua:
3469 3806 3542 3862 ad
3563 3809 3856 3866 monasti-

2197 3912 2323 3951 cam
2358 3886 2648 3966 pertinent
2687 3891 2949 3966 regulam
2999 3892 3276 3950 instituit.
3303 3894 3620 3952 Praedictns
3651 3903 3856 3955 autem

2194 3983 2286 4050 N.,
2319 3988 2384 4038 ut
2412 3981 2610 4038 omnia
2637 3980 2780 4037 vidit
2803 3981 3034 4038 abbatis
3065 3980 3260 4038 labore
3279 3986 3337 4038 et
3358 3984 3551 4040 studio
3574 3985 3858 4044 ordinata

2193 4077 2368 4145 atque
2398 4072 2669 4143 perfecta,
2703 4075 3012 4144 postquam
3045 4071 3386 4144 praedictum
3419 4076 3854 4134 monasterium

2189 4161 2346 4218 idem
2377 4160 2661 4235 praedium
2704 4177 2806 4234 per
2844 4159 3216 4233 septennium
3247 4167 3304 4217 et
3332 4177 3398 4218 eo
3427 4163 3687 4236 amplius
3719 4165 3856 4224 sine

2189 4251 2349 4306 omni
2407 4249 2862 4308 contradictione
2923 4248 3198 4320 obtinuit,
3260 4251 3542 4308 instinctu
3601 4253 3853 4321 diaboli,

2187 4356 2492 4412 nunquam
2522 4355 2585 4394 se
2616 4338 2929 4394 tradidisse
2961 4337 3192 4408 fatetur,
3224 4343 3282 4395 et
3311 4339 3360 4396 si
3406 4339 3734 4413 quidquam
3772 4344 3850 4400 ob

2186 4429 2295 4486 hoc
2327 4428 2603 4486 molestiae
2648 4427 3015 4497 sustinuerit,
3051 4445 3164 4484 non
3218 4427 3408 4485 solum
3453 4430 3706 4500 auferre,
3741 4433 3851 4490 sed

2183 4522 2240 4574 et
2271 4519 2463 4591 ipsum
2509 4516 2929 4574 monasterium
2972 4516 3232 4573 minatur
3269 4522 3544 4575 evertere.
3578 4519 3852 4592 Quapro-

2181 4613 2330 4682 pter,
2362 4607 2464 4662 ﬁlii
2500 4604 2994 4674 excellentissimi,
3027 4605 3235 4663 obnixe
3283 4624 3384 4664 vos
3431 4623 3748 4666 exoramus
3784 4616 3854 4667 ut

423 4703 482 4753 et
497 4697 686 4753 ofﬁcio
705 4713 812 4753 suo
829 4697 1238 4752 conﬁrmatum
1260 4693 1422 4748 vobis
1445 4693 1819 4750 remittimus.
1838 4695 2075 4768 Propter
2104 4711 2150 4778 Β
2179 4714 2283 4770 pro
2310 4695 2534 4752 Domini
2565 4694 2878 4750 Salvatoris
2910 4695 3214 4750 devotione
3233 4713 3299 4751 ac
3331 4695 3650 4752 reverentia
3683 4697 3858 4756 beati.
3915 4733 3917 4736 ‹

422 4789 578 4860 quod
626 4785 1044 4842 fraternitatem
1074 4787 1327 4838 vestram
1374 4781 1716 4838 auctoritate
1759 4785 2076 4856 apostolica

421 4892 865 4933 commonemus
879 4877 1184 4929 utomnem
1203 4871 1254 4927 ei
1273 4871 1849 4939 obcdientiam,velut
1867 4873 2072 4932 idoneo

419 4965 662 5038 pastori,
697 4962 1043 5031 exhibeatis,
1076 4977 1308 5016 omnem
1359 4959 1603 5016 consilio
1651 4964 1709 5016 et
1749 4963 1966 5019 auxilio
1997 4965 2070 5020 ad

419 5054 789 5110 retinendum
833 5057 890 5107 et
920 5051 1240 5117 regendum
1285 5049 1683 5122 episcopatum
1725 5050 2070 5108 sollicitudi-

416 5161 551 5200 nem
585 5141 962 5214 impendatis,
989 5145 1053 5195 ut
1082 5157 1216 5196 cum
1249 5139 1377 5212 ipso
1421 5145 1541 5194 tam
1575 5139 1644 5194 de
1671 5141 1933 5197 doctrina
1965 5160 2070 5198 sua

418 5248 593 5304 quam
627 5232 698 5286 de
729 5229 1059 5286 obedientia
1087 5235 1280 5286 vestra
1327 5229 1580 5302 gaudere
1615 5229 1872 5287 valeatis.
1907 5231 2067 5295 Quod

417 5319 470 5376 si
501 5324 632 5392 post
661 5319 812 5376 hanc
857 5319 1373 5375 commonitionem
1423 5319 1738 5391 quisquam
1769 5319 1821 5375 ei
1852 5321 1923 5376 de
1947 5320 2066 5390 epi-

416 5413 659 5482 scopatu
709 5409 1106 5465 contradicere
1161 5408 1633 5482 praesumpserit,
1686 5409 1856 5480 eique
1917 5409 2070 5466 sicut

415 5497 685 5571 episcopo
727 5515 834 5554 suo
881 5499 1054 5554 subdi
1104 5499 1474 5565 recusaverit,
1528 5499 1899 5559 sententiam,
1950 5514 2068 5571 qua

413 5589 541 5662 ipse
571 5605 674 5660 pro
704 5587 1102 5645 inobedientia
1129 5605 1265 5645 eum
1310 5587 1662 5657 multaverit,
1697 5604 1803 5645 nos
1834 5592 2064 5662 aposto-

411 5678 527 5736 lica
555 5677 898 5736 auctoritate
931 5679 1369 5736 conﬁrmamus.

483 5768 627 5827 Data
653 5783 757 5826 xm
790 5767 914 5828 Kal.
947 5769 1232 5830 Januarii.

2185 4785 2334 4842 Petri
2362 4791 2420 4841 et
2449 4782 2633 4840 nostri
2665 4799 2861 4839 amore
2907 4783 3181 4840 eumdem
3217 4784 3405 4840 virum
3438 4802 3473 4841 a
3501 4789 3664 4842 tanta
3695 4804 3848 4860 apo-

2182 4876 2364 4931 stasia
2412 4872 2716 4946 prohibere
2767 4877 2824 4928 et
2867 4872 3064 4928 abbati
3113 4878 3169 4930 et
3217 4875 3570 4932 monasterio
3617 4879 3847 4936 curetis

2181 4964 2474 5019 assistere.
2509 4961 2655 5017 Dicit
2699 4978 2834 5017 vero
2883 4961 3303 5020 Innocentius:
3349 4966 3520 5020 Error
3574 4967 3668 5020 cui
3724 4983 3847 5024 non

2179 5054 2454 5109 resistitur
2482 5051 2842 5122 approbatur;
2871 5067 2937 5106 ac
2977 5051 3291 5124 Apostolus
3325 5069 3338 5106 :
3374 5054 3493 5109 Non
3531 5055 3712 5110 solum
3740 5059 3848 5128 qui

2176 5144 2389 5215 faciunt
2419 5139 2574 5212 digni
2601 5143 2728 5194 sunt
2757 5147 2945 5206 morte,
2968 5139 3060 5196 sed
3088 5143 3185 5213 qui
3225 5145 3572 5199 consentiunt
3611 5144 3844 5214 facien-

2178 5232 2342 5287 tibus.
2366 5230 2648 5286 Volumus
2681 5234 2898 5297 autem,
2934 5228 3038 5300 ﬁli,
3066 5234 3123 5286 te
3153 5232 3426 5288 eumdem
3457 5231 3842 5304 pestilentem

2177 5320 2392 5388 virum,
2423 5319 2472 5376 si
2509 5321 2634 5391 jam
2683 5335 2800 5375 non
2848 5319 3068 5376 factum
3099 5324 3206 5389 est,
3243 5321 3500 5378 secundo
3549 5325 3606 5377 et
3656 5323 3840 5380 tertio

2176 5409 2452 5466 canonice
2486 5425 2854 5465 commonere
2908 5413 2974 5464 ut
3017 5408 3354 5482 resipiscat;
3387 5409 3542 5482 quod
3586 5409 3637 5466 si
3684 5426 3841 5468 con-

2175 5497 2500 5572 tempserit,
2527 5501 2588 5552 ut
2618 5497 2804 5553 caeteri
2837 5501 3058 5554 metum
3094 5497 3368 5566 habeant,
3392 5497 3653 5572 gladium
3687 5517 3839 5558 ana-

2174 5586 2449 5644 thematis
2479 5588 2540 5642 in
2570 5585 2738 5642 illum
2764 5586 3092 5660 evaginare,
3115 5592 3408 5660 quatenus
3438 5588 3498 5644 in
3521 5587 3838 5646 interitum

2173 5677 2366 5735 carnis
2395 5674 2649 5732 traditus
2688 5675 2914 5734 Satanas
2941 5677 3129 5734 discat
3157 5694 3273 5735 non
3305 5677 3737 5752 blasphemare,
3769 5683 3838 5738 et

2174 5767 2368 5825 salvus
2398 5765 2474 5822 sit
2503 5764 2562 5822 in
2591 5764 2685 5823 die
2715 5763 2963 5824 Domini.
3001 5765 3332 5831 Incolumes
3359 5785 3461 5826 vos
3490 5772 3548 5829 et
3577 5768 3832 5836 monitis
