3950 6378
98 382 208 457 337

1270 384 1675 450 EPISTOL/E
1716 385 1819 449 ΕΤ
1863 385 2333 453 PRIVILEGIA.

3388 392 3509 458 338

96 517 313 580 nostris
352 519 691 580 obedientes
738 519 935 580 divina
974 518 1164 597 gratia
1208 519 1517 588 custodiat,
1568 523 1627 578 et
1666 519 1738 578 ab
1767 521 1820 589 Α
1862 535 1927 579 ac
1958 521 2382 597 gubernatione
2419 540 2697 583 concessa
2739 525 2880 584 sunt
2926 521 3134 584 usibus
3178 524 3502 600 profutura.

97 611 255 670 omni
286 610 445 670 malo
477 612 771 670 defendat.

829 702 1022 763 LVIII.

94 790 455 861 Conﬁnnatio
483 794 772 849 erectionis
808 793 1081 849 concidere
1125 791 1182 847 S.
1215 792 1401 847 Mariae
1434 793 1493 846 in
1531 792 1743 846 Retten-

158 864 319 931 bach,
381 880 506 935 quae
556 864 656 920 sub
713 865 1021 936 apostolicae
1074 862 1217 919 sedis
1269 864 1602 936 protectione
1656 880 1742 917 re-

156 933 401 1007 cipitur}
458 933 899 1007 conﬁrmatisque
955 937 1107 991 bonis
1178 934 1434 1007 omnibus
1492 933 1562 988 ad
1625 950 1745 989 eam

156 1008 555 1134 gegtantibus,
603 1006 875 1065 nonnulla
920 1007 1095 1064 eidem
1157 1006 1526 1061 conceduntur
1566 1007 1742 1077 privi-

212 1095 329 1134 uza.

211 1099 329 1148 gza.

727 1168 913 1241 (Anno
943 1166 1132 1235 4092.)

92 1257 492 1329 [Oceanum-:5,
525 1257 752 1321 bullar.,
806 1258 1088 1329 privileg.,
1137 1272 1338 1311 summ.
1365 1262 1515 1328 pont.
1568 1255 1738 1327 ampt.

683 1330 896 1385 σοιιεει.
930 1329 998 1396 11,
1026 1331 1118 1384 e7.
1145 1329 1160 1401 J

157 1419 441 1476 URBANUB
469 1419 802 1492 episcopus,
828 1435 1030 1475 servus
1053 1433 1353 1474 servorum
1376 1414 1493 1485 Dei,
1528 1414 1739 1471 charis-

97 1510 244 1565 simo
268 1508 392 1564 filio
412 1508 704 1565 ULDABICO
724 1506 1052 1580 praepositio
1070 1505 1512 1575 canonica,quae
1537 1505 1595 1559 in
1617 1504 1740 1559 loco

90 1596 493 1669 Reitenpuech
524 1597 597 1652 ad
629 1595 908 1654 honorem
938 1597 996 1651 S.
1030 1597 1131 1652 Dei
1164 1593 1462 1668 genitricis
1493 1598 1552 1649 et
1572 1593 1741 1665 virgi-

86 1687 175 1743 nis
207 1685 408 1742 Mariaa
442 1685 551 1741 sita
581 1689 688 1754 est,
721 1687 965 1758 ejusque
995 1684 1434 1741 successoribus
1465 1681 1741 1738 canonice

85 1774 541 1841 substituendis,
576 1775 636 1830 in
666 1779 1035 1848 perpetuum.

151 1866 509 1961 Potesta_tem
541 1863 761 1937 ligandi
795 1868 970 1936 atque
1002 1861 1260 1961 solvendi
1309 1861 1368 1916 in
1399 1860 1560 1916 coclis
1596 1864 1653 1916 et
1680 1859 1739 1915 in
1770 1896 1818 1961 Β

85 1960 260 2024 terra,
282 1954 347 2010 Β.
372 1953 540 2009 Petro
571 1955 816 2026 ejusque
851 1951 1313 2017 successoribus,
1337 1954 1574 2006 auctore
1600 1954 1737 2019 Deo,

84 2042 488 2117 principaliter
508 2041 805 2110 traditam,
833 2041 950 2098 illis
982 2040 1235 2097 Ecclesia
1255 2039 1445 2096 verbis
1477 2037 1742 2112 agnoscit

86 2132 302 2207 quibus
325 2132 563 2188 Petrum
593 2135 682 2187 est
710 2130 996 2188 Dominus
1027 2129 1318 2186 allocutus
1343 2148 1354 2185 :
1392 2130 1740 2199 Qumeunque

85 2220 345 2290 ligaveris
369 2236 535 2292 super
582 2224 808 2286 terram,
851 2224 1013 2275 erunt
1063 2220 1233 2291 ligata
1279 2221 1419 2275 etin
1470 2219 1662 2281 caelis;
1688 2222 1737 2273 et

86 2324 423 2383 quaecunque
450 2310 675 2367 solveris
703 2326 867 2382 super
905 2313 1131 2376 terram,
1175 2313 1336 2364 erunt
1391 2310 1567 2363 soluta
1595 2312 1648 2363 et
1678 2308 1736 2362 in

84 2398 470 2472 cwlis(ﬂatth.
502 2416 619 2469 xvr,
656 2399 773 2469 19.).
798 2399 913 2470 Ipsi
959 2415 1193 2471 quoque
1239 2401 1296 2454 et
1342 2397 1588 2470 propria:
1634 2397 1737 2451 ﬁr-

83 2489 253 2546 mitas
272 2492 333 2545 et
353 2486 553 2543 alienas
575 2487 709 2544 ﬁdei
726 2486 1112 2555 conﬁrmatio,
1127 2487 1330 2543 eodem
1348 2491 1458 2542 Deo
1480 2489 1734 2554 auctore,

87 2582 419 2651 praestatur,
443 2593 578 2633 cum
601 2577 670 2632 ad
699 2593 832 2633 eum
851 2577 968 2634 ait:
1016 2579 1232 2645 Rogavi
1246 2593 1346 2647 pro
1378 2579 1447 2644 te,
1472 2576 1649 2643 Petre,
1678 2579 1739 2630 ut

84 2683 187 2723 non
219 2666 442 2737 deﬁciat
467 2665 596 2737 ﬁdes
630 2674 743 2732 tua,
785 2674 836 2722 et
864 2671 928 2722 tu
957 2666 1262 2737 aliquando
1295 2681 1583 2721 conversus
1610 2680 1735 2719 con-

88 2757 245 2828 ﬁrma
273 2759 480 2827 lratre:
510 2763 628 2812 tuos
657 2757 807 2823 (Luc.
841 2773 976 2823 xxn,
1004 2754 1121 2828 32.)
1160 2755 1397 2826 Oportet
1444 2770 1580 2826 ergo
1627 2769 1738 2809 nos

89 2847 206 2920 qui,
236 2846 377 2902 licet
405 2844 654 2918 indigni,
694 2845 849 2902 Petri
896 2845 1225 2901 residemus
1275 2845 1334 2900 in
1382 2844 1527 2912 loco,
1561 2860 1738 2916 prava

88 2936 395 3008 corrigere,
457 2938 614 2992 recta
667 2935 903 2991 ﬁrmare
954 2940 1010 2992 et
1055 2935 1115 2991 in
1161 2934 1319 2991 omni
1377 2932 1633 2990 Ecclesia
1661 2933 1735 2988 ad

89 3021 282 3079 aeterni
315 3021 624 3078 arbitrium
654 3022 878 3078 Judicis
907 3022 991 3079 sic
1022 3022 1390 3096 disponenda
1428 3023 1735 3094 disponere

90 3115 151 3167 ut
177 3111 252 3167 de
278 3109 449 3166 vultu
468 3111 597 3182 ejus
614 3109 907 3182 judicium
928 3110 1187 3183 prodeat,
1211 3116 1267 3167 et
1283 3110 1431 3167 oculi
1452 3110 1635 3165 nostri
1657 3109 1736 3165 vi-

91 3201 264 3257 deant
299 3199 638 3272 aequitatem
670 3201 838 3273 (Psal.
872 3219 984 3269 xw,
1023 3204 1103 3268 2.)
1136 3203 1281 3267 Quia
1307 3199 1487 3273 igitur
1518 3199 1730 3255 ﬁdelis-

1852 612 2116 669 Obeunte
2145 631 2301 670 nunc
2329 615 2595 686 ejusdem
2624 615 2735 672 loci
2767 616 3095 689 praeposito,
3137 616 3226 674 vel
3269 621 3504 675 tuorum

1855 702 2115 776 quolibet
2137 721 2566 773 successorum,
2582 705 2783 761 nullus
2804 706 2884 761 ibi
2908 705 3169 779 qualibet
3187 707 3510 780 subreptio-

1853 792 1949 849 nis
1978 794 2199 850 astutia
2227 799 2601 866 praeponatur
2626 794 2738 851 nisi
2762 812 2936 868 quem
2968 796 3175 852 fratres
3207 797 3506 853 communi

1852 897 2144 938 consensu
2176 883 2264 939 vel
2296 884 2542 939 fratrum
2575 902 2711 956 pars
2740 884 2969 941 consilii
3018 884 3269 941 sanioris
3316 885 3505 958 elege-

1852 970 1987 1025 rint.
2022 971 2499 1028 Consecrationes
2525 973 2800 1029 altarium
2835 973 2955 1030 sive
2985 973 3383 1043 basilicarum,
3417 993 3508 1030 or-

1852 1059 2183 1116 dinationes
2213 1060 2579 1129 clericorum,
2612 1062 2889 1129 chrisma,
2914 1062 3107 1119 oleum
3135 1067 3424 1133 sanctum,
3449 1068 3506 1120 et

1851 1152 2060 1204 caetera
2071 1150 2141 1204 ad
2162 1150 2491 1222 episcopale
2508 1168 2539 1207 o
2549 1151 2572 1207 t‘
2572 1151 2659 1207 ﬁci
2671 1169 2769 1207 um
2784 1150 3137 1224 pertinentia
3149 1153 3221 1208 ab
3233 1153 3504 1226 episcopo

1852 1236 2248 1310 Frisingen...,
2299 1240 2359 1295 in
2391 1242 2562 1313 cujus
2610 1241 2843 1297 dioecesi
2885 1241 3047 1307 estis,
3073 1238 3415 1314 accipietis,
3449 1242 3503 1299 si

1849 1329 2046 1382 tamen
2081 1327 2403 1384 catholicus
2434 1334 2541 1394 est,
2576 1335 2633 1385 et
2662 1330 2910 1402 gratiam
2938 1347 3005 1386 ac
3030 1331 3503 1387 communionem

1850 1416 2179 1489 apostolicae
2212 1418 2368 1472 sedis
2400 1418 2669 1474 habuerit
2693 1424 2750 1474 et
2769 1420 2952 1492 gratis
2981 1423 3039 1475 et
3067 1419 3194 1475 sine
3215 1420 3503 1493 pravitate

1850 1505 2186 1577 impendere
2214 1506 2478 1563 voluerit.
2510 1508 2666 1563 Alias
2696 1524 2852 1575 vero,
2901 1508 3067 1565 vobis
3105 1507 3276 1565 liceat
3305 1510 3501 1566 catho-

1847 1591 2025 1649 licum
2046 1611 2220 1667 quem
2231 1594 2527 1652 volueritis
2549 1598 2707 1653 adire
2730 1596 3074 1667 antistitem,
3099 1601 3157 1653 et
3177 1597 3249 1653 ab
3271 1614 3338 1654 eo
3361 1616 3498 1655 con-

1849 1684 2241 1740 secrationum
2273 1691 2642 1743 sacramenta
2697 1687 3012 1759 suscipere,
3043 1687 3133 1742 vel
3190 1688 3263 1743 ad
3295 1688 3496 1745 sedem

1847 1772 2226 1845 apostolicam
2257 1791 2551 1831 recurrere
2580 1793 2591 1843 ;
2617 1776 2717 1849 qui
2740 1775 2923 1832 fultus
2953 1775 3274 1848 apostolica
3302 1782 3498 1834 aucto-

1848 1862 2017 1918 ritate
2038 1863 2166 1918 sine
2189 1864 2570 1939 ambiguitate
2590 1865 2885 1937 postulata
2903 1867 3199 1922 concedat.
3216 1869 3499 1923 Praeterea

1849 1952 2194 2008 advocatum
2241 1955 2406 2011 vobis
2464 1955 2584 2011 sive
2643 1959 3029 2028 protectorem
3083 1954 3497 2012 constituimus

1847 2040 2153 2098 Gulfonem
2174 2044 2418 2118 egregiae
2436 2044 2806 2102 strenuitatis
2837 2046 3070 2112 ducem,
3101 2046 3347 2118 ejusque
3367 2052 3499 2118 post

1847 2147 1979 2185 eum
2006 2131 2229 2200 ﬁlios-,si
2248 2133 2560 2205 ejusmodi,
2585 2139 2697 2191 Deo
2720 2138 3053 2208 praestante,
3079 2134 3389 2202 fuerint,ut
3410 2150 3496 2190 ec-

1845 2218 2033 2275 clesias
2062 2224 2264 2277 vestrae
2285 2221 2459 2278 utiles
2490 2228 2547 2279 et
2562 2228 2813 2296 paternae
2836 2222 3224 2280 institutionis
3245 2223 3499 2280 existant

1845 2316 2227 2365 exsecutores.
2262 2309 2363 2366 Sin
2396 2315 2612 2379 autem,
2664 2312 2842 2368 vestri
2874 2312 2983 2369 erit
3031 2311 3257 2368 arbitrii
3319 2329 3494 2385 quem

1845 2396 2129 2470 placuerit
2157 2398 2369 2472 eligere
2390 2405 2594 2456 vestrae
2617 2401 2884 2458 Ecclesiae
2916 2401 3192 2457 idoneum
3217 2405 3497 2473 protecto-

1845 2502 1989 2554 rem,
2024 2488 2120 2559 qui
2155 2488 2282 2544 sine
2329 2488 2472 2544 lucri
2522 2490 2817 2545 szecularis
2858 2490 3157 2546 exactione
3188 2489 3246 2544 id
3288 2489 3494 2544 divina;

1845 2576 2141 2633 servitutis
2157 2577 2503 2649 obsequium
2528 2583 2764 2634 strenue
2776 2596 2842 2634 ac
2863 2580 3190 2635 reverenter
3203 2577 3490 2633 exhibeat.

1845 2665 2242 2737 Omnipotenti
2274 2671 2467 2722 autem
2490 2668 2936 2740 Domino,cujus
2966 2666 3170 2723 melior
3196 2669 3288 2722 est
3316 2668 3492 2723 mise-

1845 2752 2095 2809 ricordia
2132 2772 2307 2827 super
2336 2755 2625 2823 victimas,
2658 2757 2876 2830 gratias
2921 2755 3176 2829 agimus,
3209 2754 3347 2827 quia
3393 2772 3493 2812 vos

1844 2842 1985 2898 estis
2016 2842 2113 2915 qui
2148 2843 2245 2899 SS.
2284 2844 2514 2900 Patrum
2546 2846 2726 2900 vitam
2765 2844 3129 2918 probabilem
3177 2844 3494 2914 renovatis,

1843 2935 1900 2987 et
1931 2932 2257 3004 apostolica:
2287 2933 2555 2991 instituta
2584 2934 2926 3008 disciplinae,
2951 2934 3011 2990 in
3041 2933 3380 3007 primordiis
3398 2934 3497 2990 Ec-

1844 3018 2032 3076 clesiae
2064 3027 2276 3077 sancta
2325 3028 2542 3092 exorta,
2596 3025 2696 3080 sed
2749 3020 3042 3081 crescente
3089 3022 3344 3080 Ecclesia
3363 3023 3491 3094 jam

1844 3125 1988 3179 pene
2010 3111 2215 3177 deleta,
2239 3111 2519 3168 instinctu
2543 3113 2726 3169 sancti
2750 3113 3002 3185 Spiritus
3025 3111 3344 3170 suscitatis.
3365 3112 3491 3168 Duo

1842 3198 1998 3252 enim
2031 3199 2102 3253 ab
2134 3199 2400 3255 Ecclesiae
2432 3206 2642 3257 sancite
2674 3202 3012 3274 primordiis
3040 3202 3174 3258 vitae
3203 3202 3332 3272 ejus
3354 3200 3491 3258 ﬁliis

90 3288 224 3346 simi
248 3270 525 3345 Romanis
545 3270 812 3345 Ecclesia
833 3288 960 3357 filii,
984 3289 1173 3346 Welfo
1194 3291 1312 3345 dux
1329 3270 1724 3358 Eavariorum,
1759 3270 1802 3336 Β
1840 3292 1980 3341 sunt
2010 3287 2279 3345 instituta
2304 3307 2317 3357 ;
2351 3307 2485 3358 una,
2520 3309 2637 3363 qua
2655 3270 3023 3347 inﬁrmorum
3055 3270 3327 3347 debilitas
3357 3280 3491 3345 reti-

92 3383 145 3435 et
156 3378 373 3450 conjux
387 3377 516 3448 ejus
530 3377 793 3444 Juditha,
814 3395 916 3451 pro
934 3378 1263 3434 animarum
1283 3395 1524 3434 suarum
1547 3376 1737 3432 salute
1845 3379 2035 3443 netur,
2058 3376 2238 3433 altera
2267 3395 2384 3450 qua
2414 3379 2719 3435 fortiorum
2762 3380 2881 3435 vita
2927 3380 3097 3435 beata
3141 3379 3442 3451 perficitur
3470 3394 3484 3446 ;

96 3467 431 3526 canonicam
454 3467 701 3524 fratrum
720 3468 1044 3523 secundum
1065 3467 1325 3540 regulam
1349 3465 1737 3540 B.Augustini
1848 3481 1965 3519 una
1996 3484 2304 3523 remanens
2338 3468 2395 3522 in
2426 3469 2606 3539 Segor
2629 3468 2889 3540 parvula,
2922 3468 3106 3524 altera
3144 3468 3215 3522 ad
3271 3467 3490 3522 montis

96 3557 431 3624 viventium,
463 3555 524 3610 in
564 3556 691 3613 loco
722 3555 823 3629 qui
855 3557 1209 3612 Rettenbach
1261 3556 1493 3623 dicitur,
1526 3560 1739 3611 consti-
1848 3553 2057 3608 altiora
2087 3557 2525 3618 conscendens;
2557 3574 2675 3611 una
2701 3556 2992 3630 lacrymis,
3024 3559 3082 3612 et
3109 3554 3495 3627 elecmosynis

98 3649 346 3712 tuentes,
378 3635 647 3703 eamdem
678 3646 921 3701 domum
952 3646 1015 3701 Β.
1050 3647 1215 3702 Petro
1245 3645 1548 3702 devotione
1580 3645 1743 3700 obtu-
1852 3643 2192 3714 quotidiana
2220 3648 2458 3716 peccata
2488 3645 2800 3714 redimens,
2835 3645 3016 3700 altera
3045 3643 3386 3716 quotidiana
3415 3644 3499 3698 in-

102 3735 233 3803 lere,
264 3752 373 3791 nos
422 3739 549 3790 tum
598 3750 701 3807 pro
734 3735 1054 3791 reverentia
1099 3739 1156 3791 et
1192 3734 1493 3790 devotione
1543 3739 1601 3790 Β.
1646 3733 1745 3789 Dei
1855 3732 2073 3788 stantia
2093 3733 2302 3789 merita
2321 3738 2535 3790 aeterna
2553 3732 3498 3806 conquirens;alteramtenentes,

102 3824 397 3897 genitricis
421 3840 773 3896 semperque
800 3824 1042 3897 virginis
1063 3823 1277 3889 Marias,
1307 3824 1477 3894 cujus
1509 3822 1748 3878 nomine
1855 3818 2188 3877 inferiorem
2220 3822 2467 3878 terrenis
2499 3823 2669 3878 bonis
2691 3827 2974 3889 utuntur;
2998 3820 3239 3878 alteram
3262 3835 3507 3892 sequen-

103 3911 260 3970 locus
288 3912 418 3985 ipse
444 3912 749 3969 dedicatus
778 3916 887 3979 est,
920 3918 1046 3967 tum
1079 3928 1182 3983 pro
1213 3911 1520 3967 dilectione
1541 3909 1747 3984 prmdi-
1858 3914 1970 3976 tes,
2002 3910 2363 3981 superiorem
2394 3912 2547 3967 bona
2575 3917 2807 3968 terrena
2836 3909 3170 3983 descipiunt
3217 3926 3283 3966 ac
3329 3908 3506 3965 relin-

106 4004 329 4058 ctorum
361 4000 618 4056 ﬁliorum
650 4005 1009 4066 nostrorum,
1039 4000 1214 4057 etiam
1246 4017 1350 4071 pro
1372 3998 1751 4056 fraternitatis
1861 4003 2065 4070 quunt.
2102 4000 2230 4055 Haec
2284 4006 2477 4056 autem
2537 4018 2664 4073 quis
2695 4018 2729 4056 a
2758 4000 3004 4056 terrenis
3059 3999 3258 4055 divino
3316 3998 3511 4054 favore

110 4095 305 4146 vestrae
334 4089 614 4162 religione
639 4090 937 4162 praefatam
961 4089 1323 4157 canonicam,
1357 4089 1472 4159 cui,
1500 4091 1610 4145 Deo
1642 4089 1757 4144 dis-
1863 4088 2168 4144 divertitur
2197 4089 2256 4144 in
2275 4090 2423 4146 duas
2445 4089 2622 4145 unius
2643 4106 2788 4162 peue
2811 4088 3195 4161 ejusdemque
3217 4085 3512 4160 praepositi

102 4183 380 4252 ponente,
441 4179 752 4251 praasidere
807 4179 1176 4252 cognosceris
1234 4178 1294 4234 in
1336 4178 1755 4250 protectionem
1865 4176 2146 4233 dividitur
2164 4179 2483 4249 portiones,
2511 4179 2926 4234 canonicorum
2949 4175 3173 4233 scilicet
3201 4180 3379 4247 atque
3398 4192 3517 4230 mo-

112 4271 448 4341 perpetuam
470 4284 536 4323 ac
557 4267 617 4323 in
638 4267 880 4324 tutelam
907 4267 1237 4340 apostolicae
1251 4267 1409 4323 sedis
1431 4266 1761 4340 specialiter
1868 4267 2210 4322 nachorum.
2246 4267 2462 4322 Harum
2494 4269 2753 4323 secunda
2783 4283 2886 4340 per
2911 4266 3169 4322 divinam
3201 4263 3520 4320 misericor-

116 4355 488 4429 suscipimus.
524 4356 653 4413 Tibi
676 4356 873 4429 itaque
892 4357 1129 4429 tuisque
1153 4355 1432 4429 legitimis
1462 4372 1761 4412 successo-
1870 4355 2025 4411 diam
2051 4356 2174 4427 jam
2202 4357 2528 4427 frequentia
2556 4357 2703 4411 facta
2731 4357 2907 4411 etiam
2930 4355 2990 4410 in
3014 4353 3225 4410 saeculo
3251 4352 3521 4409 universo

117 4446 275 4503 ribus
305 4446 570 4502 eamdem
604 4446 915 4518 regendam
947 4463 1013 4502 ac
1044 4445 1471 4517 disponendam
1493 4444 1764 4517 praesenti
1874 4443 2093 4512 elucet;
2127 4444 2318 4515 prima
2341 4463 2474 4500 vero
2506 4446 2577 4499 de
2620 4444 2940 4501 calescente
2988 4444 3209 4499 fervore
3259 4441 3523 4498 ﬁdelium

117 4534 330 4592 decreti
364 4535 549 4590 nostri
585 4535 799 4607 pagina
828 4536 1271 4603 conﬁrmamus,
1326 4551 1459 4589 cum
1490 4534 1769 4589 omnibus
1870 4535 1995 4603 jam
2024 4550 2170 4604 pene
2202 4534 2441 4589 omnino
2473 4534 2731 4589 deﬂuxit.
2759 4534 2917 4588 Hanc
2940 4537 3163 4603 martyr
3181 4534 3240 4587 et
3268 4530 3527 4603 pontifex

120 4641 241 4696 qua:
271 4623 324 4679 ei
335 4625 462 4695 jam
480 4628 538 4679 et
564 4623 973 4695 praedictorum
993 4624 1210 4679 ducum
1244 4622 1764 4691 facultatibus,seu
1797 4641 1844 4705 Β
1879 4622 2147 4677 Urbanus
2168 4620 2443 4687 instituit,
2476 4622 2627 4677 hanc
2659 4620 3026 4695 Augustinus
3047 4621 3172 4676 suis
3205 4618 3422 4691 regulis
3443 4632 3531 4705 or-

121 4711 369 4770 aliorum
401 4728 683 4769 concessa
711 4716 851 4769 sunt
878 4711 1171 4768 oblatione
1201 4710 1480 4768 ﬁdelium.
1799 4704 1823 4705 ί
1878 4709 2121 4766 dinavit.
2147 4709 2303 4764 lianc
2324 4709 2711 4782 Hieronymus
2734 4711 2860 4766 suis
2886 4707 3151 4781 epistolis
3174 4704 3526 4771 informavit,

190 4801 603 4866 Quamobrem,
620 4818 723 4874 per
743 4804 1087 4874 praesentem
1108 4800 1290 4856 nostri
1312 4800 1595 4873 privilegii
1620 4801 1777 4873 pagi-
1884 4800 2035 4855 hanc
2062 4798 2373 4871 Gregorius
2389 4799 2714 4872 Auguétino
2740 4799 3059 4872 Anglorum
3094 4793 3531 4867 archiepiscOpo

126 4906 278 4957 nam,
294 4889 618 4962 apostolica
629 4888 972 4946 auctoritate
988 4888 1308 4945 statuimus
1324 4893 1391 4944 ut
1415 4905 1777 4962 quaecunque
1888 4887 2306 4945 instituendam
2332 4888 2620 4959 praecepit.
2637 4888 2838 4958 Itaque
2852 4904 2964 4942 non
2982 4883 3226 4941 minoris
3243 4881 3536 4939 aestiman-

112 4978 295 5045 hodie
318 4978 473 5034 idem
487 4977 1457 5051 coenobiumjurepossidet,sivein
1481 4985 1777 5050 posterum
1889 4977 2030 5033 dum
2064 4982 2153 5031 est
2184 4976 2399 5040 meriti,
2432 4975 2583 5031 hanc
2631 4977 2811 5031 vitam
2866 4974 3136 5031 Ecclesia:
3176 4971 3535 5045 primitivum

128 5067 498 5125 concessione
517 5067 883 5141 pontiﬁcum,
900 5067 1245 5123 liberalitate
1269 5066 1783 5139 principum,obla-
1891 5066 2187 5138 aspirante
2203 5070 2260 5121 et
2280 5069 2666 5138 prosequente
2687 5063 2915 5121 Domini
2950 5062 3159 5135 spiritu
3184 5056 3536 5131 sustentare,

129 5156 284 5213 tione
315 5156 578 5212 ﬁdelium
604 5157 739 5228 jure
768 5161 942 5229 atque
972 5155 1248 5211 canonice
1273 5155 1488 5226 poterit
1508 5156 1782 5227 adipisci,
1893 5171 2068 5227 quam
2100 5153 2403 5210 ﬂorentem
2438 5154 2855 5211 monachorum
2905 5150 3244 5224 religionem
3277 5151 3542 5222 ejusdem

133 5245 295 5301 ﬁrma
321 5244 428 5301 tibi
461 5245 696 5317 tuisque
726 5244 1167 5302 successoribus
1203 5248 1259 5299 et
1290 5243 1517 5299 illibata
1551 5262 1783 5317 perma-
1894 5243 2137 5315 spiritus
2170 5243 2599 5314 perseverantia
2623 5243 2937 5299 custodire.

135 5337 322 5390 neant.
355 5334 740 5391 Decernimus
770 5350 906 5407 ergo
938 5339 1003 5390 ut
1041 5332 1185 5389 nulli
1218 5334 1455 5389 omnino
1480 5333 1785 5391 hominum
1969 5330 2240 5387 Vestrum
2264 5347 2399 5403 ergo
2422 5331 2785 5404 propositum
2807 5330 2992 5387 nostri
3014 5326 3546 5386 auctoritateofﬁcii

122 5420 303 5493 liceat
329 5423 601 5480 eamdem
625 5423 963 5482 canonicam
988 5428 1205 5480 temere
1228 5422 1588 5494 perturbare,
1615 5426 1717 5479 aut
1735 5423 1787 5478 ei
1898 5420 2339 5486 conﬁrmamus,
2372 5424 2430 5475 et
2458 5421 2661 5477 ﬁrmos
2690 5438 2792 5476 vos
2823 5420 2883 5475 in
2914 5437 2981 5476 eo
3011 5417 3322 5492 persistere
3343 5416 3550 5471 adhor-

140 5512 404 5569 subditas
435 5512 839 5586 possessiones
887 5511 1167 5569 violenter
1213 5511 1463 5578 auferre,
1525 5510 1791 5568 minuere
1898 5513 2095 5565 tamur
2124 5512 2181 5563 et
2210 5512 2490 5580 tanquam
2512 5510 2626 5565 Deo
2654 5527 2756 5582 per
2787 5527 2893 5566 nos
2912 5509 3251 5565 exhortante
3281 5504 3547 5561 obsecra-

140 5604 193 5656 et
221 5600 546 5657 temerariis
570 5600 973 5658 vexationihus
998 5599 1258 5673 fatigare,
1293 5600 1393 5655 sed
1420 5600 1619 5655 omnia
1649 5600 1792 5658 inte-
1903 5615 2056 5654 mus.
2090 5597 2480 5662 Quamobrem
2504 5600 2783 5655 omnibus
2806 5599 2862 5654 in
2881 5603 3071 5654 vestro
3093 5594 3352 5651 coenobio
3370 5592 3547 5647 vitam

142 5704 241 5761 gra
259 5693 941 5763 conserventur,eorum,
960 5704 1062 5760 pro
1088 5702 1342 5759 quorum
1371 5686 1794 5744 sustentatione
1904 5687 2241 5743 canonicam
2274 5686 2599 5743 secundum
2634 5688 2812 5759 hujus
2840 5692 3101 5744 tenorem
3134 5682 3357 5740 ordinis
3381 5684 3552 5754 proti-
