3950 6378
409 394 529 466 839

417 641 544 692 nos,
577 622 711 680 licet
730 624 956 697 indigni
998 623 1394 696 apostolorum
1413 623 1629 691 vicarii,
1650 637 1852 677 eorum
1878 637 1943 675 ac
1966 635 2065 674 no-

420 717 678 771 strorum
709 712 1199 777 benedictionem,
1231 717 1718 784 peccatorumque
1749 707 2063 765 absolutio-

421 819 559 860 nem
587 805 869 876 potestate
902 800 1018 857 illis
1051 819 1085 857 a
1112 801 1358 857 Domino
1392 801 1620 856 indulta
1668 798 2064 865 concedimus,

425 891 864 958 constituentes,
884 907 956 946 ne
977 889 1253 963 cuiquam
1275 889 1446 946 liceat
1467 889 1704 945 omnino
1719 889 1873 944 hunc
1895 885 2068 942 vestri

425 985 646 1040 statum
677 979 900 1036 ordinis
917 984 1296 1046 commutare,
1312 980 1382 1035 de
1403 997 1518 1051 quo
1539 978 1599 1034 in
1622 977 1866 1034 Domino
1889 975 2068 1032 conﬁ-

426 1071 624 1128 dimus
641 1069 893 1147 multum
915 1068 1170 1124 fructum
1189 1085 1533 1124 excrescere.
1547 1067 1870 1123 Statuimus
1894 1065 2070 1122 etiam

429 1176 502 1215 ne
519 1158 899 1232 professionis
929 1160 1130 1213 vestrae
1155 1157 1471 1230 quispiam,
1500 1162 1808 1229 postquam
1831 1153 1932 1210 Dei
1953 1153 2075 1208 vice

431 1265 609 1321 super
629 1252 802 1320 caput
827 1247 935 1302 sibi
963 1247 1258 1301 hominem
1286 1247 1649 1318 imposuerit,
1669 1244 1922 1315 alicujus
1944 1241 2076 1297 levi-

431 1335 570 1393 tatis
599 1335 879 1392 instinctu
901 1334 987 1390 vel
1011 1334 1384 1390 districtioris
1412 1333 1709 1407 religionis
1730 1335 1989 1396 obtentu,
2009 1347 2076 1386 ex

435 1426 639 1482 eodem
671 1423 923 1480 claustro
945 1423 1156 1478 audeat
1176 1423 1300 1480 sine
1322 1424 1618 1496 praepositi
1639 1423 1820 1478 totius
1845 1437 2079 1490 congre-

435 1512 687 1589 gationis
718 1511 1104 1584 permissione
1141 1511 1477 1580 discedere;
1511 1512 1904 1568 discedentem
1948 1525 2080 1564 vero

436 1602 637 1660 nullus
667 1602 966 1667 abbatum,
995 1600 1082 1656 vel
1113 1601 1517 1673 episcoporum
1549 1606 1607 1656 et
1645 1600 1842 1656 nullus
1883 1614 2082 1654 mona-

437 1693 684 1750 chorum
697 1689 822 1747 sine
835 1689 1238 1746 communium
1261 1689 1590 1744 litterarum
1616 1690 1884 1744 cautione
1907 1686 2086 1742 susci-

439 1781 580 1854 piat,
613 1779 871 1836 decimas
901 1794 1136 1850 quoque
1167 1777 1460 1832 novalium
1491 1779 1758 1848 ejusdem
1797 1774 2084 1832 canonica:

1709 396 1780 460 B.
1830 389 2126 460 URBANI
2169 391 2224 456 ll
2264 389 2516 455 ΡΑΡΑΞ.

307 525 318 534 ’
412 530 833 604 tantibus,etin
855 533 1259 606 ea,adjuvante
1275 528 2055 606 Domino,permanentibus,
2085 524 2141 596 Α
2169 531 2227 584 et
2249 523 2386 596 illic,
2418 528 2476 583 et
2506 541 2607 598 per
2636 521 2781 581 alias
2810 520 3092 581 universae
3133 519 3438 596 provinciae
3469 520 3732 582 civitates
3777 527 3857 580 et

2170 616 2518 690 episcOpalis
2550 614 2736 688 gloria
2763 614 2926 686 petiit
2955 618 3012 670 et
3035 611 3374 668 Christianae
3405 613 3540 670 ﬁdei
3562 614 3858 688 dignitas

2171 706 2410 762 interiit.
2443 706 2578 760 Post
2607 721 2794 760 annos
2813 720 2946 758 vero
2981 704 3096 759 fere
3111 701 3598 776 quadringentos,
3625 703 3858 760 divina

2175 795 2456 870 populum
2485 811 2662 850 suum
2687 793 3032 864 respiciente
3053 791 3381 860 clementia,
3411 808 3513 864 per
3542 793 3862 848 strenuis—

2175 885 2393 940 simum
2418 883 2690 940 comitem
2704 882 3014 955 Rogerium
3030 881 3458 938 Cristianorum
3477 881 3599 954 juri
3622 883 3865 939 eadem

2176 977 2266 1029 est
2291 971 2484 1028 insula
2515 971 2805 1027 restituta.
2847 972 3024 1026 Porro
3083 969 3236 1026 idem
3289 970 3558 1043 egregius
3609 988 3860 1039 comes,

3695 384 3851 451 340

2180 1063 2450 1118 Romanis
2463 1061 2731 1117 Ecclesiae
2752 1059 3164 1116 devotissimus
3177 1057 3580 1132 ﬁlius,ubique
3593 1061 3863 1117 urbium

2181 1151 2432 1224 antiquae
2463 1149 2767 1223 dignitatis
2797 1148 3080 1205 anhelans
3111 1166 3214 1221 pro
3263 1153 3527 1222 tempore
3577 1149 3859 1224 gloriam

2183 1242 2516 1306 reformare,
2559 1240 2619 1294 B.
2673 1239 2910 1311 Agatbze
2956 1242 3204 1293 matrem
3245 1237 3549 1294 ecclesiam
3603 1239 3862 1296 Catanes

2183 1330 2382 1394 sitam,
2427 1329 2847 1384 monasterium
2881 1327 3001 1382 fore
3029 1326 3339 1399 disposuit,
3391 1334 3685 1400 quatenus
3719 1329 3864 1385 illic

2185 1420 2418 1483 fratres,
2452 1418 2548 1472 Dei
2584 1417 2836 1473 servitiis
2868 1416 3227 1483 insistentes,
3257 1433 3360 1488 pro
3392 1417 3578 1489 ipsius
3623 1418 3864 1486 salute,

2187 1525 2289 1581 pro
2313 1508 2508 1564 uxoris
2526 1508 2809 1563 defuncta
2833 1510 2888 1562 et
2915 1506 3173 1562 militum
3196 1505 3528 1574 animabus,
3557 1509 3657 1580 qui
3683 1525 3868 1565 eam-

2189 1599 2321 1652 dem
2358 1601 2568 1652 terram
2620 1595 3086 1651 Christianorum
3139 1595 3346 1650 ditioni
3397 1612 3502 1652 suo
3554 1599 3870 1671 sanguine

2191 1687 2622 1758 reparavernnt,
2657 1683 3075 1756 omnipotentis
3104 1683 3326 1739 domini
3377 1685 3869 1744 misericordiam

2192 1775 2592 1845 implorarent.

441 1870 514 1926 ad
545 1868 812 1924 eamdem
843 1866 1132 1939 pertinere
1162 1865 1550 1934 decernimus,
1575 1867 1733 1922 salvo
1762 1865 2085 1920 vicinarum
2118 1899 2166 1965 Β
2266 1864 2382 1918 Nos
2414 1863 2611 1934 itaque
2638 1861 2784 1916 tanti
2815 1860 2921 1916 viri
2955 1859 3342 1927 devotionem,
3391 1867 3566 1935 prout
3596 1865 3869 1938 dignum

433 1959 570 2032 jure
601 1955 999 2012 ecclesiarum.
1029 1959 1145 2011 Vos
1174 1955 1371 2028 igitur,
1407 1955 1506 2010 ﬁlii
1537 1955 1597 2011 in
1628 1955 1852 2011 Christo
1875 1953 2092 2010 charis-

443 2045 600 2118 simi,
614 2049 840 2118 oportet
852 2043 1134 2118 regularis
1155 2043 1472 2118 disciplinae
1485 2044 1851 2101 institutione
1877 2040 2090 2100 sollici-

445 2136 565 2192 tius
595 2151 661 2191 ac
691 2133 954 2190 devotius
973 2133 1270 2204 insudare,
1305 2137 1368 2188 ut
1398 2138 1616 2206 quanto
1647 2135 1790 2190 estis
1809 2153 1842 2188 a
1863 2131 2094 2189 saecula-

447 2225 612 2282 ribus
638 2221 992 2279 tumultibus
1013 2221 1178 2277 liberi
1199 2227 1362 2278 tanto
1383 2223 1707 2279 studiosius
1731 2223 1954 2296 placere
1977 2223 2092 2278 Deo

447 2313 629 2369 totius
653 2310 867 2368 mentis
891 2314 948 2366 et
963 2309 1220 2383 corporis
1242 2311 1464 2368 viribus
1486 2310 1790 2382 anheletis,
1807 2310 2094 2384 praecipue

451 2401 756 2458 studentes
788 2401 1061 2456 Romanae
1080 2399 1343 2457 Ecclesia:
1365 2401 1598 2457 decreta
1617 2402 1945 2458 veneranda
1973 2417 2091 2455 ser-

449 2507 585 2546 vare
615 2491 784 2561 cujus
801 2487 1120 2560 patrocinio
1150 2490 1223 2545 ab
1255 2492 1412 2545 omni
1439 2492 1585 2562 jugo
1607 2491 1922 2546 viventium
1955 2490 2096 2546 estis

451 2581 705 2646 donante
727 2577 978 2634 Domino
999 2579 1448 2650 praemuniti.Ad
1475 2580 1755 2636 indicium
1779 2585 1972 2636 autem
1997 2580 2098 2635 hu-

445 2669 593 2741 jusa
613 2667 876 2724 Romana
899 2667 1154 2723 Ecclesia
1173 2667 1483 2732 libertatis,
1499 2687 1602 2741 per
1627 2687 1810 2726 annos
1837 2669 2099 2742 singulos

455 2758 527 2815 ad
559 2761 827 2814 nostrum
851 2761 1302 2830 nostrorumque
1327 2775 1731 2814 successorum
1765 2777 1939 2815 usum
1962 2775 2100 2832 quo-

451 2845 743 2902 tidianum
773 2845 968 2902 albam
999 2845 1215 2902 lineam
1246 2851 1306 2902 et
1349 2847 1559 2903 stolam
1602 2849 1964 2904 Lateranensi
2000 2865 2100 2920 pa-

456 2933 597 2992 latio
625 2933 991 3006 persolvetis.
1025 2935 1174 2991 Sane
1205 2935 1253 2991 si
1291 2936 1424 3008 quis
1447 2937 1505 2992 in
1537 2937 1858 2993 crastinum
1890 2937 2106 2994 archie-

463 3025 766 3098 piscopus,
797 3023 1130 3096 episcopus,
1162 3024 1498 3098 imperator,
1531 3032 1634 3081 aut
1691 3027 1959 3100 princeps
2006 3030 2108 3082 aut

462 3113 600 3180 dux,
633 3127 829 3168 comes
880 3117 979 3168 aut
1026 3113 1366 3181 vicecomes,
1399 3115 1602 3187 judex,
1651 3132 1901 3188 persona
1949 3133 2106 3188 quae-

461 3199 626 3269 libet,
659 3204 864 3273 potens
892 3202 1003 3258 aut
1033 3201 1348 3274 impotens,
1389 3203 1565 3273 hujus
1609 3205 1789 3261 nostri
1822 3205 2107 3278 privilegii

2202 1950 3157 2024 est,approbantes,monasterium
3179 1951 3414 2024 quidem
3435 1952 3554 2008 illic
3567 1960 3873 2026 perpetuo

2202 2057 2540 2114 permanere
2571 2041 2874 2113 praesentis
2899 2040 3120 2112 paginae
3153 2041 3498 2098 auctoritate
3520 2043 3871 2101 sancimus.

2201 2130 2312 2186 Sed
2331 2129 2506 2197 enim,
2532 2129 2690 2201 quia,
2716 2133 2780 2184 ut
2799 2129 3195 2200 praediximus,
3211 2129 3522 2202 episcopali
3547 2133 3870 2204 quondam

2203 2219 2580 2292 praerogativa
2609 2217 3042 2274 Cataniensium
3076 2218 3280 2274 civitas
3311 2218 3557 2275 illustris
3587 2223 3877 2295 agnosci-

2200 2307 2636 2379 tur,adjicimus
2659 2311 2716 2362 et
2746 2305 3014 2378 [rtesenti
3047 2306 3275 2362 decreto
3306 2309 3620 2365 statuimus
3653 2314 3722 2365 ut
3757 2329 3875 2367 no-

2205 2402 2326 2452 stro
2340 2399 2844 2468 quoquetempore
2866 2395 2937 2450 ad
2967 2395 3230 2451 eamdem
3259 2397 3698 2469 prmrogativam
3736 2401 3879 2456 red-

2190 2491 2318 2552 ‘eat,
2350 2491 2408 2541 et
2435 2485 2768 2558 quicunque
2808 2485 2866 2539 in
2909 2484 3180 2556 praadicta
3208 2485 3453 2542 ecclesia
3481 2504 3516 2542 a
3547 2489 3876 2546 monachis

2205 2575 2422 2631 electus
2443 2573 2616 2629 fuerit
2638 2575 2697 2629 in
2721 2573 3017 2641 abbatem,
3041 2573 3197 2630 idem
3219 2575 3432 2646 populo
3457 2571 3688 2650 quoque
3711 2597 3878 2651 pra:-

2208 2679 2336 2719 esse
2366 2663 2576 2718 debeat
2605 2661 2663 2716 in
2697 2661 3044 2717 antistitem.
3071 2661 3244 2718 Porro
3275 2671 3332 2718 et
3360 2663 3562 2720 civitas
3584 2665 3880 2724 universa

2209 2757 2266 2808 et
2295 2769 2421 2824 quae
2451 2751 2623 2815 circa,
2655 2750 2743 2806 vel
2803 2749 3084 2818 civitates,
3139 2750 3226 2806 vel
3276 2751 3443 2820 villae,
3475 2753 3560 2809 vel
3621 2755 3876 2828 oppida,

2212 2859 2338 2914 quae
2364 2840 2674 2912 praedictus
2703 2856 2900 2896 comes
2946 2839 3135 2896 eidem
3186 2842 3540 2898 monasterio
3585 2846 3644 2899 et
3692 2845 3876 2902 beato

2215 2931 2378 2986 Petro
2409 2928 2638 3000 obtulit,
2669 2928 2758 2984 vel
2780 2927 3084 2985 oblaturus
3111 2932 3218 2998 est,
3251 2933 3308 2987 et
3337 2931 3620 3005 quidquid
3650 2935 3726 2990 ad
3762 2935 3876 2991 Ca-

2213 3019 2541 3073 taniensem
2571 3017 2879 3074 ecclesiam
2921 3035 2989 3073 ex
3039 3019 3278 3090 antiquo
3321 3020 3456 3091 jure
3511 3023 3880 3094 pertinuisse

2217 3107 2428 3178 poterit
2457 3107 2788 3179 comperiri,
2822 3111 2942 3162 tam
2973 3106 3032 3162 in
3065 3107 3298 3164 dioecesi
3331 3127 3506 3181 quam
3539 3111 3596 3166 in
3632 3129 3879 3184 posses-

2219 3197 2484 3252 sionibus
2513 3197 2573 3251 in
2605 3196 2834 3252 abbatis
2861 3201 2918 3252 et
2935 3196 3195 3269 episc0pi
3209 3198 3621 3268 jurisdictione
3641 3202 3883 3258 exinte-

465 3289 740 3364 paginam
769 3290 959 3347 sciens
983 3295 1182 3348 contra
1202 3309 1330 3348 eam
1351 3297 1561 3350 temere
1582 3295 1796 3365 venire,
1821 3303 1878 3352 et
1906 3312 2107 3351 eorum
2139 3269 2182 3336 (ἶ
2221 3302 2324 3357 8P0
2355 3303 2587 3358 semper
2614 3285 2900 3354 OXiSlant;
2936 3286 3210 3358 idemque
3249 3288 3430 3344 abbas
3479 3293 3534 3344 et
3558 3290 3882 3364 episcopus

467 3395 594 3451 qua
628 3395 903 3436 concessa
933 3385 1074 3437 sunt
1101 3379 1186 3438 vel
1219 3385 1460 3449 statuta,
1510 3383 1832 3456 quidquam
1881 3385 2113 3440 irritum

467 3467 657 3524 facere
681 3469 1014 3538 tentaverit,
1057 3471 1314 3527 secunda
1342 3473 1582 3528 tertiove
1615 3474 2028 3541 commonitus,
2063 3473 2115 3528 si

469 3573 584 3613 non
617 3557 1012 3616 satisfactione
1041 3576 1296 3634 congrua
1316 3563 1731 3629 emendaverit,
1764 3579 1897 3618 eum
1939 3561 2114 3618 bono-

471 3645 552 3702 ris
581 3649 639 3703 et
667 3645 842 3704 ofﬁcii
873 3649 966 3704 sui
995 3649 1252 3722 periculo
1285 3651 1588 3723 subjacere
1637 3651 2027 3718 decernimus,
2059 3655 2116 3708 et

471 3751 506 3791 a
533 3751 772 3809 corpore
800 3736 1012 3794 Christi
1043 3743 1100 3794 et
1119 3739 1385 3795 Ecclesia;
1415 3741 1758 3796 auctoritate
1786 3740 2114 3812 apostolicae

471 3825 775 3896 potestatis
805 3843 1203 3900 segregamus.
1236 3827 1723 3884 Conservantibus
1771 3833 1966 3885 autem
2004 3845 2115 3901 pax

469 3915 529 3969 et
556 3912 956 3971 misericordia
978 3933 1012 3970 a
1035 3919 1146 3971 Deo
1166 3916 1553 3987 praesentibus
1574 3921 1630 3972 et
1651 3917 1864 3972 futuris
1887 3916 2115 3973 saeculis

468 4007 862 4059 conservetur.
896 4011 1102 4059 Amen.

535 4090 745 4148 Datum
780 4092 1056 4166 Agnania:
1080 4092 1207 4148 Kal.
1243 4093 1376 4148 Feb.
1386 4135 1404 4163 ,
1425 4111 1577 4150 anno
1599 4093 1910 4150 Dominicze
1928 4093 2114 4152 incar-

464 4179 720 4236 nationis
742 4179 1229 4250 4090,indict.xv,
1245 4181 1620 4253 pontiﬁcatus
1647 4182 1864 4238 domini
1895 4183 2113 4240 Urbani

463 4267 518 4324 ΙΙ
547 4286 728 4342 papae.

538 4357 832 4428 Scriptum
865 4373 968 4429 per
1025 4374 1268 4415 manum
1315 4359 1620 4416 Lanfranci
1668 4359 1820 4416 vices
1859 4362 2113 4433 gerentis

469 4444 800 4502 cancellarii
833 4446 984 4502 sacri
1016 4447 1238 4518 palatii,
1271 4465 1407 4506 cum
1441 4449 1608 4522 signo
1639 4450 1922 4521 ejusdem.

1225 4555 1357 4610 LIX.

2223 3379 2280 3430 et
2310 3375 2728 3430 monasterium
2763 3373 3126 3446 regulariter,
3157 3379 3216 3431 et
3243 3375 3464 3432 clerum
3497 3382 3555 3434 et
3584 3381 3881 3452 populum

2224 3463 2562 3520 universum
2579 3464 2853 3520 canonice
2876 3480 3090 3538 regere,
3117 3464 3360 3522 Domino
3383 3467 3729 3539 opitulante,
3747 3488 3882 3544 pro-

2225 3558 2406 3609 curet.

2295 3645 2374 3700 Te
2403 3643 2582 3717 igitur
2611 3644 2868 3716 primum
2889 3649 3018 3717 post
3037 3649 3200 3701 tanta
3220 3649 3485 3718 tempora
3504 3646 3878 3708 Catauiensis

2223 3733 2387 3788 urbis
2404 3733 2724 3788 antistitem
2757 3735 2992 3800 nostris,
3025 3737 3307 3806 tanquam
3327 3735 3388 3790 Β.
3413 3735 3566 3791 Petri
3593 3739 3877 3796 manibus

2223 3826 2647 3888 consecratum,
2695 3821 2996 3894 praesentis
3046 3821 3332 3895 privilegii
3378 3825 3730 3883 auctoritate
3773 3829 3876 3884 do-

2225 3913 2450 3978 nantes,
2473 3909 2590 3965 tuis
2611 3927 2765 3982 quoq
2775 3927 2845 3966 ue
2863 3911 3322 3982 successoribus,
3336 3913 3634 3970 decretum
3651 3914 3767 3972 hoc
3791 3935 3879 3972 ra-

2223 4002 2349 4052 tum
2377 4003 2652 4070 perpetuo
2682 4015 3024 4071 permanere
3054 4000 3444 4070 decernimus,
3481 4008 3547 4058 ut
3575 4019 3818 4078 semper
3847 4023 3880 4062 ο.

2225 4087 2483 4142 Romano
2516 4088 2786 4160 pontifice
2815 4095 3244 4158 consecrentur,
3277 4107 3509 4162 semper
3551 4096 3614 4147 et
3668 4111 3878 4151 mona-

2223 4175 2348 4231 chis
2379 4175 2438 4232 in
2471 4177 2742 4233 abbatem
2773 4181 2832 4233 et
2869 4177 3082 4250 populo
3132 4179 3368 4251 praesint
3417 4179 3474 4236 in
3524 4181 3878 4240 antistitem.

2223 4263 2481 4337 Denique
2513 4270 2577 4320 ut
2606 4265 2726 4321 hrec
2757 4273 3037 4339 perpetuo
3087 4268 3262 4323 ﬁrma
3305 4267 3530 4342 integra
3559 4275 3618 4326 et
3651 4270 3882 4329 illibata

2223 4353 2567 4420 consistant,
2600 4353 2946 4410 charissimo
2977 4354 3096 4410 ﬁlio
3130 4361 3328 4412 nostro
3359 4357 3602 4430 Rogerio
3647 4361 3875 4426 comiti,

2221 4442 2561 4498 Christianae
2583 4442 2718 4498 ﬁdei
2738 4445 3178 4516 propugnatori,
3196 4446 3441 4518 ejusque
3461 4448 3622 4504 uxori
3643 4455 3705 4505 et
3736 4450 3876 4507 ﬁliis

2220 4533 2275 4584 et
2306 4529 2616 4596 militibus,
2644 4547 2746 4601 pro
2775 4547 3028 4602 quorum
3053 4533 3448 4606 redemptione
3463 4535 3875 4595 Cataniensem

467 4641 638 4695 Bulla
669 4641 880 4696 Urbani
906 4641 954 4696 Il
976 4658 1142 4714 papae
1185 4660 1288 4714 pro
1332 4645 1653 4701 Cataniensi
1697 4647 1934 4702 (φησι)ίο
1978 4648 2111 4720 (14.)
2141 4638 2190 4704 D
2225 4618 2424 4718 “Pet?
2453 4635 2591 4718 .eum
2625 4623 2747 4720 δξηξλ
2767 4617 3142 4720 mace???“
3172 4627 3232 4676 Β·
3267 4627 3441 4720 θίίξῗ
3463 4625 3872 4720 θροῖδίοιονυπί

1087 4733 1274 4800 (Anno
1300 4731 1500 4804 4092.)
1565 4761 1592 4786 ο

631 4801 784 4872 [Acta
813 4805 1120 4858 sanctor-um
1150 4803 1400 4860 Bolland.
1439 4801 1602 4860 Febr.
1636 4809 1678 4859 t.
1714 4807 1756 4874 Ι,
1787 4806 1939 4880 655.]

537 4889 816 4946 URBANUS
837 4891 1166 4964 episcopus,
1200 4909 1400 4948 servus
1423 4910 1720 4950 servorum
1743 4895 1864 4964 Dei,
1900 4896 2108 4954 dilecto

399 5049 404 5060 _
465 4975 932 5034 fratriANsoEmo
958 4979 1570 5055 Cataniensicpiscopo
1588 4984 1845 5040 etabbati
1865 4988 2110 5059 ejusque

464 5066 902 5122 successoribus
932 5069 1208 5127 canonice
1242 5070 1618 5128 instituendis
1650 5073 1707 5127 in
1741 5079 2106 5149 perpetuum.

533 5153 694 5210 Sicut
720 5155 1044 5214 beatissimi
1078 5159 1264 5214 Patris
1295 5166 1351 5214 et
1389 5160 1640 5216 doctoris
1687 5163 2107 5235 elegantissuni

463 5243 721 5316 Gregorii
747 5245 768 5300 Ι
789 5247 1021 5318 scriptis
1043 5247 1312 5304 veridicis
1337 5249 1670 5317 edocentur,
1705 5257 1931 5307 constat
1953 5258 2110 5308 Cata-

466 5329 756 5401 niensem,
788 5335 888 5390 ubi
921 5335 984 5392 B.
1007 5337 1235 5410 Agatha
1260 5343 1318 5394 et
1345 5343 1472 5394 orta
1501 5343 1558 5394 et
1578 5356 1752 5412 passa
1781 5345 1890 5410 est,
1917 5341 2110 5397 civita-

463 5424 579 5476 tem
593 5421 895 5495 dignitatis
908 5425 1254 5498 episcopalis
1267 5427 1590 5500 antiquitus
1603 5427 1784 5500 gloria
1799 5429 2102 5488 claruisse.

462 5512 642 5582 Capta
669 5515 864 5568 autem
894 5530 929 5568 a
959 5514 1380 5571 Saracenorum
1405 5516 1634 5588 populis
1655 5518 1858 5574 Siciliae
1888 5519 2102 5588 insula,

535 5671 644 5742 (14)
678 5671 834 5730 Notae
867 5675 1146 5748 temporis
1177 5681 1316 5732 sunt
1344 5676 1582 5734 vitiosae.

2220 4707 2491 4780 principi,
2513 4725 2620 4764 suo
2650 4706 2848 4764 labore
2874 4709 3468 4782 restitutam,obtulit,
3506 4714 3601 4770 Dei
3631 4720 3689 4771 et
3729 4733 3874 4789 apo-

2219 4795 2501 4852 stolorum
2528 4797 2578 4867 ej
2591 4813 2658 4853 us
2689 4799 2959 4870 gratiam,
2991 4803 3048 4854 et
3079 4799 3538 4858 benedictionem
3567 4807 3625 4859 et
3665 4821 3872 4876 pecca-

2220 4890 2411 4940 torum
2427 4884 2857 4942 absolutioncm
2877 4905 2946 4942 ex
2959 4888 3290 4960 apostolicae
3304 4891 3666 4948 auctoritatis
3688 4911 3872 4966 quam

2220 4973 2458 5044 indigne
2487 4974 2749 5045 gerimus
2777 4973 2901 5032 vice
2931 4975 3514 5051 benevolentiamque
3554 4981 3872 5051 donamus,

2220 5066 2509 5131 quatenus
2543 5068 2599 5118 et
2628 5063 2685 5118 in
2719 5065 2988 5135 praesenti
3036 5082 3237 5122 eorum
3281 5068 3588 5142 triumphi,
3634 5086 3874 5129 eorum-

2219 5168 2332 5221 que
2359 5155 2486 5206 acta
2517 5153 2845 5224 magniﬁca,
2879 5155 3032 5209 dona
3061 5155 3500 5229 oblationesque
3527 5159 3779 5232 vigeant,
3814 5167 3874 5218 et

2217 5237 2274 5292 in
2311 5239 2504 5296 futuro
2540 5241 2776 5313 praemia
2807 5248 3032 5298 aderam
3064 5243 3450 5302 beatitudinis
3474 5246 3792 5305 inveniant.

2286 5327 2346 5383 Si
2376 5329 2508 5400 quis
2539 5335 2733 5386 autem
2757 5331 2936 5403 (quod
2967 5331 3140 5404 absit)
3163 5331 3258 5390 his
3284 5335 3502 5392 nostris
3521 5338 3863 5410 apostolicis

2215 5417 2731 5475 constitutionibus
2763 5421 3136 5492 pertinaciter
3155 5423 3386 5480 obviam
3417 5424 3501 5480 ire
3531 5416 3862 5496 tentaverit,

2215 5507 2471 5563 secundo
2501 5508 2739 5564 tertiove
2770 5511 3182 5579 commonitus,
3217 5511 3264 5567 si
3307 5530 3420 5568 non
3461 5515 3864 5574 satisfactione
