3950 6362
122 395 236 460 341

1308 401 1720 469 ΕΡῙΞΤΟΙΛΕ
1760 401 1862 468 ET
1904 402 2369 473 PﬁlVlLEGIA.

3422 404 3542 475 34!

122 545 387 605 congrua
414 532 832 605 emendaverit,
867 534 1090 595 noverit
1117 553 1179 595 se
1208 539 1627 613 omnipotentis
1674 539 1776 599 Dei
1804 539 1862 609 Α
1891 542 2153 617 adipisci,
2189 545 2495 603 ﬁrmamus
2523 543 2628 602 tibi
2658 542 2896 620 tuisque
2927 542 3386 613 successoribus,
3418 539 3543 603 illi-

120 628 179 678 et.
230 626 577 680 sanctorum
626 625 1024 699 apostolorum
1075 628 1474 702 indignatione
1532 631 1784 704 graviter

118 711 517 785 puniendum,
548 718 605 770 et
634 716 791 772 sedis
821 718 1148 789 apostolica:
1204 736 1378 791 quam
1410 721 1778 793 contempsit,

119 801 501 859 anathemate
544 805 1014 862 confodiendum.
1046 809 1540 865 Conservantibus
1584 815 1780 867 autem

118 890 243 946 hanc
275 907 391 963 pax
421 908 456 947 a
487 896 601 948 Deo
631 898 689 949 et
718 893 1117 953 misericordia
1140 898 1529 969 praesentibus
1552 902 1608 954 et
1629 899 1782 956 futu-

119 980 201 1035 ris
232 980 470 1036 saeculis
502 987 896 1039 conservetur.
930 987 1134 1053 Amen,
1162 1003 1353 1043 amen.

227 1069 447 1125 Datum
477 1072 753 1144 Anagnia:
780 1090 857 1129 vu
887 1074 1023 1130 Idus
1052 1075 1265 1143 Martii,
1300 1077 1504 1133 indict.
1537 1095 1655 1145 xxv,
1676 1094 1783 1150 per

123 1174 340 1214 manus
367 1158 612 1216 Joannis
665 1167 877 1217 sanctis
931 1164 1203 1220 Romana:
1252 1166 1520 1222 Ecclesiae
1551 1166 1780 1223 diaconi

121 1246 468 1315 cardinalis,
498 1266 652 1306 anno
682 1250 998 1307 Dominicaa
1033 1254 1447 1310 incarnationis
1482 1257 1785 1329 1091,pon-

122 1336 387 1393 titicatus
414 1355 548 1394 vero
578 1339 778 1394 domui
814 1340 1030 1397 Urbani
1061 1344 1119 1409 Il,
1141 1360 1302 1415 papa:
1336 1353 1565 1417 quarto.

906 1448 1015 1505 LX.

125 1534 377 1610 Urbanus
426 1534 476 1590 II
519 1539 911 1610 monasterium
963 1537 1016 1594 S.
1077 1538 1292 1610 Sophia:
1341 1542 1783 1597 Beneventanum

189 1606 461 1748 tﬁuendpm
487 1609 711 1680 suscipit
759 1612 809 1666 et
855 1611 974 1680 ejus
998 1606 1359 1682 possessiones
1380 1614 1621 1684 juraque
1648 1630 1781 1669 con-

242 1694 371 1731 rma
402 1721 413 1732 .

242 1694 393 1732 rmtu
402 1721 413 1732 .

747 1771 933 1836 (Anno
967 1771 1151 1843 1092.)

556 1857 789 1928 [Manen
825 1859 1029 1915 Concil.
1054 1861 1171 1926 XX,
1204 1860 1352 1932 699.]

192 1963 477 2020 Unsmus
504 1964 837 2037 episcopus,
872 1983 1075 2023 servus
1106 1985 1410 2025 servorum
1443 1969 1779 2035 Dei,dilecto

123 2053 180 2107 in
195 2053 433 2109 Christo
448 2053 566 2109 filio
593 2055 1103 2124 MADBLM0,abbati
1129 2058 1473 2114 venerabilis
1496 2064 1780 2115 monaste-

124 2142 193 2197 rii
215 2141 518 2214 S.Sopbia3
545 2142 698 2201 intra
731 2149 1119 2201 Beneventum
1145 2147 1529 2220 sibi,suisque
1555 2166 1781 2205 succes-

125 2230 359 2287 soribus
390 2231 736 2304 regulariter
767 2235 1197 2291 substituendis
1228 2237 1284 2291 in
1317 2242 1687 2309 perpetuum.

192 2320 545 2376 Potestatem
568 2320 789 2394 ligandi
824 2328 997 2395 atque
1027 2324 1285 2381 solvendi
1329 2326 1388 2381 in
1444 2327 1603 2382 caelis
1633 2333 1689 2382 et
1721 2327 1779 2383 in

125 2414 513 2475 terra,sancto
546 2410 714 2466 Petro
745 2412 1007 2484 apostolo
1039 2415 1279 2487 suisque
1318 2417 1777 2484 successoribus,

126 2502 364 2553 auctore
392 2498 1070 2572 Domino,principaliter
1099 2502 1373 2557 traditam
1392 2503 1783 2559 illisEcclesia

126 2586 320 2641 verbis
353 2587 636 2660 agnoscit,
671 2590 842 2658 cujus
873 2590 1083 2645 iterum
1116 2595 1206 2645 est
1234 2592 1518 2647 Dominus
1549 2592 1779 2649 locutus

129 2674 416 2747 [ﬂquibus
445 2693 580 2731 eum
612 2681 699 2731 est
729 2678 1013 2735 Dominus
1042 2679 1355 2752 allocutus]
1390 2699 1401 2736 :
1437 2684 1782 2754 Quaecunque

126 2764 385 2833 ligaveris
414 2766 475 2819 in
509 2773 676 2833 terra,
708 2771 865 2822 erant
892 2768 1064 2839 ligata
1093 2777 1142 2825 et
1170 2771 1231 2824 in
1259 2771 1428 2837 caelis;
1441 2774 1491 2827 et
1521 2787 1779 2841 quaecun-

125 2869 222 2923 que
278 2853 510 2909 solveris
556 2870 722 2925 super
778 2863 1002 2924 terram,
1029 2867 1192 2913 erunt
1238 2860 1415 2914 soluta
1442 2864 1494 2915 et
1532 2862 1591 2916 in
1632 2862 1781 2917 oculis

133 2943 344 3011 (Matth.
390 2944 528 3013 xw).
581 2943 697 3014 Ipsi
746 2961 978 3019 quoque
1027 2950 1084 3003 et
1131 2948 1361 3019 proprie
1406 2949 1676 3009 ﬁrmitas.
1726 2954 1782 3005 et

130 3030 298 3104 plene
346 3032 481 3088 fidei
531 3033 915 3101 confirmatio,
958 3036 1161 3091 eodem
1218 3037 1463 3092 Domino
1521 3045 1776 3107 auctore,

128 3124 456 3193 prastatur,
481 3137 617 3177 cum
659 3124 731 3178 ad
763 3140 898 3178 eum
936 3123 1151 3180 dicitur
1182 3142 1195 3180 :
1233 3127 1432 3197 Rogavi
1474 3144 1574 3199 pro
1622 3132 1674 3184 te
1719 3136 1781 3184 ut

125 3227 233 3267 non
255 3210 475 3281 deﬁciat
498 3210 630 3281 ﬁdes
652 3220 767 3278 tua,
798 3221 849 3268 et
877 3220 933 3268 tu
963 3214 1259 3285 aliquando
1306 3232 1593 3272 conversus
1643 3235 1774 3274 con-

1888 634 2028 690 bata
2058 639 2120 691 ut
2148 640 2549 707 permaneant.

1961 724 2330 781 Decrevimus
2357 742 2494 798 ergo
2520 732 2581 779 ut
2605 725 2750 781 nulli
2776 725 3016 782 omnino
3038 724 3346 781 hominum
3374 724 3547 783 liceat

1888 813 2044 869 idem
2075 814 2403 869 ccnnobium
2436 819 2652 870 temere
2685 817 3160 887 perturbare,aut
3189 814 3240 870 ei
3274 814 3544 873 subditas

1889 902 2290 975 possessiones
2322 905 2568 973 auferre,
2599 904 2689 959 vel
2740 904 2933 960 ablata
2981 904 3247 973 retinere,
3290 903 3379 961 vel
3430 901 3548 958 mi-

1888 1008 2089 1057 nuere,
2117 992 2207 1048 vel
2251 993 2578 1048 temerariis
2621 992 3024 1049 vexationibus
3076 992 3408 1063 molestare,
3444 994 3549 1049 aut

1889 1080 2066 1136 etiam
2121 1080 2391 1154 fatigare;
2427 1082 2527 1137 sed
2580 1082 2778 1137 omnia
2827 1082 3057 1155 integra
3100 1086 3542 1149 conserventur,

1889 1185 2090 1225 eorum
2132 1187 2381 1240 quorum
2431 1170 2762 1226 substantia
2813 1187 2879 1226 ac
2931 1171 3355 1243 gubernatione
3403 1185 3542 1225 con—

1890 1276 2057 1314 cessa
2086 1263 2245 1326 sunt,
2277 1259 2484 1315 usibus
2515 1260 2673 1315 omni
2706 1260 2879 1315 modo
2920 1260 3248 1331 profutura.
3282 1260 3547 1315 Obeunte

1890 1352 2084 1403 autem
2116 1365 2271 1403 nunc
2302 1350 2529 1415 abbate,
2562 1348 2649 1403 vel
2682 1348 2944 1420 quolibet
2975 1348 3545 1415 successorum,nul-

1890 1435 1983 1490 lus
2015 1437 2095 1491 ibi
2125 1435 2386 1508 qualibet
2435 1436 2831 1508 subreptionis
2870 1437 3088 1491 astutia
3134 1437 3223 1492 vel
3269 1436 3548 1492 violentia

1892 1525 2411 1596 preponaturmisi
2445 1541 2620 1596 quem
2655 1524 2865 1579 fratres
2898 1525 3200 1580 communi
3230 1541 3541 1593 consensu,

1888 1612 1977 1669 vel
2008 1613 2251 1669 fratrum
2286 1630 2422 1685 pars
2452 1612 2695 1669 consilio
2724 1612 2941 1669 saniori
2972 1613 3290 1685 elegerint;
3321 1612 3544 1669 electus

1891 1720 1924 1758 a
1955 1703 2213 1759 Romano
2265 1703 2537 1774 pontiﬁce
2595 1706 3002 1771 consecretur;
3036 1702 3316 1768 chrisma,
3347 1701 3544 1758 oleum

1890 1792 2655 1859 sanctum,consecrationes
2686 1789 2957 1846 altarium
2991 1791 3111 1848 sive
3140 1790 3541 1860 basilicarum,

1810 1914 1859 1980 Β
1894 1881 2321 1937 ordinationem
2352 1880 2773 1937 monachorum
2805 1879 2906 1951 qui
2936 1880 3009 1936 ad
3041 1897 3236 1936 sacros
3266 1884 3404 1935 sunt
3415 1880 3545 1952 jam

1889 1987 2045 2026 nunc
2078 1971 2309 2026 ordines
2340 1969 2736 2042 promovendi,
2773 1971 2844 2025 ab
2875 1969 3167 2042 episcopis
3193 1969 3254 2024 in
3287 1985 3542 2041 quorum

1888 2059 2239 2115 dioecesibus
2270 2059 2433 2121 estis,
2466 2057 2794 2130 accipietis;
2850 2057 3141 2130 siquidem
3190 2058 3440 2131 gratiam
3489 2061 3546 2114 et

1889 2150 2362 2204 communionem
2391 2148 2718 2220 apostolicae
2751 2148 2907 2203 sedis
2929 2148 3327 2215 habuerint,et
3348 2147 3396 2203 si
3418 2163 3546 2219 gra-

1887 2237 1966 2292 tis
1995 2254 2063 2293 ea
2095 2242 2152 2294 et
2181 2236 2307 2294 sine
2336 2237 2617 2309 pravitate
2647 2236 3057 2309 impenderint.
3083 2237 3142 2293 Si
3176 2237 3316 2309 quid
3347 2240 3543 2292 autem

1888 2325 2097 2382 horum
2129 2325 2437 2393 obstiterit,
2472 2325 2643 2381 liceat
2670 2326 2835 2381 vobis
2884 2343 2918 2381 a
2966 2343 3317 2398 quocunque
3346 2324 3543 2381 volue-

1888 2414 2016 2470 ritis
2045 2415 2329 2471 catholico
2360 2413 2658 2485 episcopo,
2690 2431 2819 2486 quae
2849 2415 3126 2486 praedicta
3156 2419 3296 2471 sunt
3342 2430 3543 2471 sacra-

1888 2508 2087 2560 menta
2144 2504 2456 2575 percipere.
2518 2502 2643 2557 Tibi
2713 2519 2869 2568 vero,
2928 2519 3103 2573 quem
3163 2502 3541 2575 propensiore

1888 2592 2169 2648 charitate
2199 2589 2700 2663 amplectimur,ex
2731 2590 3060 2663 apostolicae
3082 2592 3237 2646 sedis
3262 2589 3541 2662 peculiari

1887 2680 2245 2753 benignitate
2275 2681 2329 2735 id
2367 2682 2626 2735 muneris
2658 2678 3040 2751 personaliter
3070 2680 3542 2752 indulgemus,ut

1888 2787 1991 2842 per
2022 2786 2243 2824 annum
2275 2767 2607 2839 quinquies,
2643 2768 2702 2822 id
2733 2773 2844 2836 est,
2876 2768 2936 2823 in
2967 2768 3061 2825 die
3090 2774 3305 2824 sanctas
3332 2769 3543 2824 Resur-

1888 2857 2181 2924 rectionis,
2213 2863 2269 2913 et
2307 2858 2760 2923 Pentecostcs,et
2802 2856 3023 2913 Natalis
3070 2856 3302 2913 Domini
3355 2856 3541 2913 nostri

1887 2946 2322 3019 Salvatorisque
2347 2946 2488 3002 Jesu
2520 2946 2754 3011 Christi,
2789 2945 3294 3019 solemnitatisque
3325 2946 3541 3002 duode-

1888 3037 1998 3091 cim
2036 3041 2372 3092 sanctorum
2404 3036 2674 3102 fratrum,
2707 3051 2931 3091 necnon
2964 3040 3021 3090 et
3050 3034 3239 3091 sancti
3262 3034 3539 3107 martyris

1886 3125 2257 3192 Mercurii,ad
2282 3125 2596 3180 missarum
2620 3129 2852 3180 tantum
2880 3123 3538 3193 solemnia,chirothecis

1888 3222 2062 3286 atque
2091 3215 2268 3270 etiam
2302 3214 2602 3287 campagis
2636 3214 2836 3269 utaris.
2872 3218 3020 3270 Sane
3051 3214 3101 3269 si
3132 3214 3266 3286 quis
3294 3213 3355 3269 in
3386 3229 3540 3269 cras—

128 3302 285 3370 ﬂrma
313 3280 515 3371 fratres
546 3308 663 3356 tuos
695 3302 844 3370 (Luc.
876 3303 995 3375 χιι).
1030 3280 1268 3375 Cportet
1298 3321 1434 3378 ergo
1482 3323 1611 3373 nos,
1651 3308 1771 3379 qui,
1805 3280 1848 3349 (ἶ
1887 3280 2080 3359 ἐἰη-ωτι
2102 3280 2576 3374 archiepiscopus
2607 3301 3069 3375 autepiscopus,
3093 3280 3410 3376 imperator
3440 3305 3542 3358 aut

130 3387 258 3444 licet
284 3388 532 3462 indigni,
568 3389 719 3445 Petri
752 3391 1003 3447 residere
1034 3393 1301 3448 videmur
1331 3395 1387 3449 in
1422 3395 1565 3465 loco,
1602 3414 1776 3468 prava

131 3477 437 3550 corrigere,
469 3483 627 3534 recta
677 3480 930 3547 firmare,
976 3484 1033 3537 et
1081 3482 1139 3536 in
1186 3484 1345 3538 omni
1396 3485 1652 3540 Ecclesia
1703 3486 1774 3542 ad

132 3567 325 3624 (sterni
354 3567 662 3623 arbitrium
686 3568 907 3640 judicis
938 3570 1021 3625 sic
1052 3571 1412 3643 disponenda
1445 3574 1773 3645 disponere,

132 3664 193 3712 ut
220 3657 291 3713 de
318 3656 483 3712 vultu
518 3658 955 3728 ejusjudicium
989 3664 1253 3716 nostrum
1282 3662 1602 3733 prodeat,et
1625 3663 1775 3718 oculi

133 3744 309 3801 nostri
337 3743 573 3801 videant
604 3747 1105 3819 aequitatem.Tuis
1126 3749 1323 3822 igitur,
1359 3750 1440 3805 {ili
1470 3751 1775 3817 Madelme,

126 3834 301 3906 justis
332 3833 712 3906 petitionibus
740 3843 1101 3905 abnuentes,
1127 3842 1314 3893 Beatas
1330 3840 1557 3912 Sophim
1580 3856 1777 3896 emno-

134 3923 316 3994 bium,
347 3924 462 3992 cui,
498 3924 743 3981 Domino
774 3932 1028 3993 auctore,
1050 3927 1358 3998 prasiders
1388 3930 1777 4003 cognosceris,

137 4014 240 4068 sub
279 4014 465 4069 tutela
494 4018 552 4069 et
575 4013 987 4085 jurisdictione
1033 4017 1191 4071 sedis
1239 4018 1591 4088 apostolicae,
1628 4020 1781 4076 sicut

136 4102 411 4158 hactenus
457 4103 700 4166 mansit,
746 4108 1025 4176 perpetuo
1080 4122 1420 4177 permanere
1478 4108 1781 4180 praesentis

138 4191 355 4264 paginas
414 4192 758 4248 auctoritate
816 4195 1116 4251 sancimus
1176 4212 1189 4252 :
1242 4201 1307 4250 ut
1356 4196 1462 4251 soli
1510 4198 1781 4254 Romanis

139 4280 397 4336 Ecclesiae
449 4280 776 4348 subditum,
814 4282 886 4337 ab
936 4283 1200 4338 omnium
1246 4279 1625 4341 ecclesiarum
1678 4304 1782 4345 seu

140 4385 515 4442 personarum
540 4370 686 4441 jugo
718 4370 965 4427 liberum
1000 4372 1318 4441 habeatur;
1354 4379 1565 4429 cuncta
1604 4376 1781 4431 etiam

142 4474 264 4531 qua
292 4459 821 4530 praedecessoribus
878 4460 1017 4528 tuis,
1049 4460 1137 4517 vel
1194 4462 1321 4530 tibi,
1382 4465 1450 4519 ad
1516 4465 1780 4536 ejusdem

144 4546 473 4605 monasterii
506 4547 940 4604 immunitatem
962 4550 1047 4604 vel
1074 4552 1526 4623 possessionem,
1560 4558 1784 4609 nostro-

1884 3394 2020 3459 dux,
2056 3409 2173 3447 rex.
2207 3391 2498 3463 princeps,
2534 3394 2637 3445 aut
2667 3407 2882 3459 comes,
2917 3396 3018 3446 aut
3054 3392 3398 3458 vicecomes,
3444 3390 3534 3462 ju-

1885 3481 2013 3547 dex,
2049 3486 2148 3535 aut
2180 3496 2427 3552 persona
2459 3477 2973 3551 quaelibet,magna
3001 3484 3101 3535 aut
3132 3483 3540 3551 parva,potens

1886 3575 1987 3625 aut
2014 3569 2190 3624 etiam
2223 3569 2533 3639 impotens,
2554 3568 2711 3636 juris
2743 3568 2925 3622 nostri
2957 3567 3243 3640 privilegii
3265 3566 3538 3639 paginam

1886 3659 2100 3723 sciens,
2149 3663 2351 3713 contra
2402 3674 2532 3711 eam
2592 3656 2783 3712 venire
2841 3662 3059 3712 temere
3110 3661 3213 3712 aut
3259 3656 3541 3728 primaria

1887 3750 2080 3802 mente
2112 3745 2435 3812 tentaverit,
2471 3744 2727 3799 secundo
2759 3745 3001 3800 tertiove
3033 3744 3429 3801 commonitus
3450 3748 3537 3799 at-

1888 3852 2000 3908 que
2028 3835 2394 3901 adhortatus,
2427 3834 2473 3890 si
2507 3849 2622 3889 non
2654 3833 3051 3890 satisfactione
3075 3850 3335 3907 congrua
3349 3848 3542 3889 emen-

1888 3923 2129 3993 daverit,
2163 3924 2436 3979 eumdem
2488 3922 2729 3979 honoris
2786 3922 2879 3979 sui
2935 3926 2992 3979 et
3046 3923 3223 3979 ofﬁcii
3282 3922 3540 3996 periculo

1890 4015 2213 4085 subjaccre,
2246 4029 2471 4067 necnon
2504 4017 2560 4066 et
2610 4013 2957 4068 submovere
3003 4012 3388 4075 decrevimus,
3422 4016 3479 4067 et
3508 4027 3544 4067 a

1890 4103 2102 4158 Christi
2137 4107 2313 4174 atque
2342 4099 2610 4156 Ecclesiae
2643 4118 2880 4172 corpore
2927 4101 3268 4157 auctoritate
3311 4104 3541 4172 aposto-

1889 4192 2012 4248 licae
2044 4190 2348 4264 potestatis
2380 4206 2758 4262 segregamus
2792 4206 2805 4245 :
2840 4189 3317 4246 conservantibus
3347 4192 3541 4244 autem

1890 4299 1977 4348 ea,
2012 4298 2123 4352 pax
2154 4296 2187 4334 a
2218 4280 2464 4335 Domino
2513 4285 2569 4333 et
2619 4278 3020 4336 misericordia
3067 4277 3450 4351 praesentibus
3488 4281 3547 4334 et

1890 4370 2106 4425 futuris
2138 4367 2368 4423 szeculis
2399 4373 2793 4423 conservetur.
2828 4370 3033 4423 Amen.
3069 4368 3220 4423 Bene
3249 4366 3454 4424 valete.

1963 4463 2174 4513 Datum
2205 4458 2479 4529 Anagnia:
2514 4473 2613 4528 pcr
2645 4474 2858 4512 manus
2895 4457 3162 4524 Joannis,
3194 4458 3252 4513 S.
3289 4457 3356 4512 R.
3390 4455 3545 4513 sedis

1892 4548 2142 4613 diaconi,
2177 4546 2326 4619 prid.
2364 4546 2445 4601 Id.
2482 4546 2673 4614 Mart.,
2708 4545 2910 4601 indict.
2943 4563 3034 4614 xv,
3069 4562 3221 4601 anno
3245 4546 3550 4618 pontiﬁca-

140 4652 265 4691 rum
296 4636 788 4709 praedecessorum
822 4643 963 4693 sunt
991 4639 1309 4712 privilegiis
1340 4641 1640 4708 attributa,
1670 4659 1776 4700 nos
1805 4652 1853 4718 υ
1883 4643 1981 4695 tus
2012 4635 2233 4692 domini
2265 4635 2504 4690 maximi
2538 4635 2752 4691 Urbani
2786 4635 2834 4690 II
2864 4652 3025 4707 papa-
3049 4634 3548 4707 quinto,incarna-

144 4740 371 4797 quoque
400 4723 503 4779 tibi
532 4741 598 4779 ac
628 4726 1068 4782 successoribus
1111 4727 1230 4783 tuis
1278 4729 1619 4802 regulariter
1650 4748 1782 4803 pro-

143 4813 436 4869 movendis
468 4813 734 4885 praesenti
766 4814 1070 4888 privilegio
1113 4817 1562 4875 contribuimus.
1598 4820 1785 4877 Cellas

146 4907 435 4974 praeterea,
462 4901 551 4957 vel
579 4902 966 4969 ecclesias,vel
997 4903 1183 4974 villas,
1210 4922 1335 4977 quae
1367 4910 1467 4961 aut
1494 4906 1788 4965 industria

148 4990 413 5062 pradicto
450 4989 719 5047 videntur
748 4992 1008 5049 coenobio
1040 4995 1202 5064 juste
1253 5010 1319 5049 ac
1369 4996 1791 5053 rationabiliter

148 5079 848 5151 acquisitmpossidendas
878 5081 936 5136 in
971 5086 1318 5154 perpetuum
1345 5084 1786 5153 confirmamus,

150 5168 201 5224 id
230 5173 336 5237 est,
368 5167 698 5236 ecclesiam,
731 5174 840 5225 etc.

466 5259 787 5331 (Enumerat
813 5261 1042 5315 cwnobii
1064 5262 1466 5333 possessiones.)

214 5347 315 5403 Per
344 5350 693 5419 presentem
742 5348 922 5421 igitur
975 5349 1161 5406 nostri
1204 5350 1489 5424 privilegii
1516 5351 1792 5425 paginam

156 5433 463 5507 apostolica
473 5435 817 5492 auctoritate
827 5438 1245 5495 constituimus
1258 5443 1321 5493 ut
1333 5440 1797 5512 quascunqueho-

156 5524 241 5580 die
256 5524 408 5580 idem
427 5524 758 5581 cmnobium
778 5527 941 5598 juste
962 5528 1493 5601 possidet,quasque
1514 5528 1571 5583 in
1595 5530 1796 5585 crasti-

159 5630 288 5669 num
309 5614 686 5671 concessione
706 5616 1422 5689 pontificum,liberalitate
1440 5617 1795 5691 principum,

161 5707 250 5759 aut
273 5702 568 5761 oblatione
600 5704 1041 5778 fidelium,juste
1070 5712 1244 5780 atque
1274 5708 1547 5765 canonice
1590 5709 1799 5780 poterit

1894 4727 2073 4784 tionis
2105 4728 2298 4780 autem
2332 4723 2562 4779 Domini
2600 4724 2783 4780 nostri
2816 4723 3119 4796 Patrisque
3148 4722 3348 4778 aeterni
3404 4723 3544 4778 Jesu

1893 4815 2106 4872 Christi
2139 4830 2291 4869 anno
2324 4814 2482 4867 1092.

2653 4928 2788 4984 LXI.

1904 5020 2116 5078 Urbani
2164 5021 2213 5075 ll
2255 5032 2419 5091 papae
2460 5018 2824 5091 privilegium
2878 5036 2977 5090 pro
3025 5021 3353 5076 monasterio
3383 5020 3548 5076 Rein-

2502 5088 2943 5145 hardsbornensi.
3566 5088 3583 5105 '

2525 5207 2710 5277 (Anno
2744 5206 2927 5277 1092.)

1958 5323 2280 5396 [Thuringia
2307 5339 2484 5391 sacra,
2519 5322 2904 5393 Francofurti,
2946 5322 3099 5392 I737,
3135 5323 3257 5393 fol.,
3293 5341 3350 5396 p.
3381 5324 3495 5396 6L]

1973 5440 2252 5496 Uaaauus
2281 5438 2610 5511 episcopus,
2643 5457 2845 5496 servus
2876 5456 3177 5497 servorum
3208 5440 3332 5506 Dei,
3365 5440 3554 5497 GISIL-
3595 5506 3622 5521 ν

1905 5547 2085 5589 nsa'ro
2116 5528 2325 5585 dilecto
2353 5528 2412 5583 in
2446 5528 2676 5584 Christo
2722 5529 2907 5594 fratri,
2961 5529 3157 5585 abbati
3200 5528 3552 5586 venerabilis

1907 5618 2245 5676 monasterii
2280 5620 2501 5674 Sancta:
2532 5616 2629 5674 Dei
2661 5618 2959 5691 genitricis
2989 5622 3047 5675 et
3074 5618 3332 5691 Virginis
3359 5617 3551 5673 Mariis

1905 5709 2220 5781 Sanctique
2247 5708 2492 5765 Joannis
2522 5708 2906 5781 evangelista,
2940 5708 3096 5780 quod
3130 5708 3189 5764 in
3220 5707 3345 5764 loco
3371 5706 3551 5763 situm
