3950 6360
155 392 297 470 349.

1329 399 1734 468 EPISTOLIE
1772 397 1890 473 ET,
1917 398 2046 474 PB]
2060 399 2361 464 VlLEGlA
2378 443 2393 462 .

3445 403 3582 468 350

155 529 438 588 omnibus
470 528 883 590 festivitatibus
910 530 1169 608 Virginis
1205 532 1492 608 gloriosae,
1534 534 1606 591 ad
1638 535 1808 607 cujus
1835 532 1892 602 Α
1912 533 2049 607 jure
2075 532 2374 591 communi
2401 548 2579 608 super
2608 531 2718 591 hoc
2761 531 2915 593 edito
2944 530 3003 592 in
3054 533 3249 611 aliquo
3280 550 3396 594 non
3416 535 3562 597 obs-

152 620 510 680 vocabnlum
541 626 876 680 constructa
905 626 997 681 est
1023 622 1269 681 ecclesia
1300 628 1639 694 memorata,
1676 642 1807 698 sep-

156 717 278 769 tem
311 729 497 769 annos
527 716 585 768 et
613 713 1016 786 quadragenas
1046 714 1287 770 totidem
1330 715 1400 771 de
1445 713 1810 789 indulgentia

152 820 190 857 a
218 801 470 859 Domino
499 807 967 875 promereantur.

228 935 627 992 Coneedentes
652 939 708 991 et
734 936 921 991 edicto
953 941 1232 1009 perpetuo
1279 939 1713 1009 conﬁrmantes,
1747 943 1812 995 ut

158 1028 283 1080 tam
315 1028 381 1080 tu
414 1041 593 1097 quam
626 1041 992 1081 successores
1013 1026 1097 1080 tui
1123 1043 1224 1098 per
1248 1031 1431 1082 terras
1460 1027 1545 1082 tui
1576 1045 1810 1085 monas-

158 1113 293 1170 terii
340 1114 578 1169 habitas
628 1118 685 1169 et
732 1114 1032 1170 habendas
1085 1114 1264 1171 libere
1314 1117 1505 1188 possis
1537 1117 1812 1173 ecclesias

160 1207 526 1281 construere,
550 1220 684 1259 cum
718 1220 887 1258 cruce
919 1203 1171 1277 signare,
1205 1205 1435 1278 aliaque
1456 1207 1813 1279 pontiﬁcalia

160 1298 218 1350 et
250 1292 586 1365 spiritualia
607 1309 886 1361 exercere,
910 1310 1208 1348 sacrorum
1251 1295 1521 1350 ordinum
1555 1295 1810 1352 collatio-

161 1382 284 1447 nis,
342 1382 722 1438 basilicarum
773 1386 829 1437 et
886 1382 1160 1438 altarium
1221 1384 1694 1451 consecrationis,
1747 1403 1813 1442 ac

158 1472 505 1527 chrismatis
535 1470 933 1538 confectionis,
965 1471 1071 1527 tibi
1109 1471 1343 1544 tuisque
1374 1476 1812 1531 successoribus

158 1561 453 1616 duntaxat
509 1561 738 1616 abdicta
781 1560 1014 1631 penitus
1065 1564 1366 1633 potestate.
1428 1563 1813 1619 Decerncntes

158 1655 228 1706 ut
258 1654 384 1705 tam
408 1649 597 1721 ipsius
637 1649 880 1704 ccenobii
908 1653 1104 1721 caput,
1139 1666 1312 1721 quam
1362 1650 1616 1706 ecclesia:
1667 1670 1813 1724 quas

160 1756 326 1793 nunc
355 1738 553 1803 habet,
595 1738 711 1793 sive
743 1737 998 1809 plebanae
1048 1738 1281 1803 fuerint,
1334 1740 1419 1793 vel
1462 1740 1705 1803 rurales,
1754 1741 1810 1796 in

160 1828 402 1882 civitate
432 1831 489 1881 et
509 1827 739 1882 dimcesi
762 1827 1169 1881 tantummodo
1183 1827 1544 1883 Salernitana
1565 1828 1811 1899 situatm,

163 1918 238 1971 ab
274 1916 591 1987 omnijure
621 1914 1100 1986 etjurisdictione
1131 1916 1443 1988 episcopali
1476 1918 1594 1972 sint
1630 1914 1817 1974 exém-
1846 1911 1892 1975 Β

161 2010 301 2079 βίω,
336 2007 409 2061 de
438 2003 798 2077 plenitudine
831 2005 1135 2075 potestatis
1166 2009 1223 2059 et
1253 2005 1438 2077 gratia
1472 2007 1817 2078 speciali;ita

165 2101 230 2149 ut
267 2094 433 2149 nullo
457 2095 595 2162 jure
626 2108 726 2148 seu
754 2095 873 2147 foro
900 2093 1261 2148 contentioso
1291 2098 1349 2148 tu
1374 2093 1458 2149 vel
1482 2095 1566 2149 tui
1594 2114 1818 2152 succes-

163 2200 333 2239 sores
350 2184 562 2237 fratres
581 2181 766 2253 ipsius
789 2180 1127 2237 monasterii
1151 2198 1251 2235 seu
1275 2181 1466 2238 clerici
1491 2183 1815 2252 saeculares,

164 2273 223 2328 in
266 2271 550 2345 praedicta
588 2269 817 2325 civitate
849 2274 905 2325 et
955 2269 1187 2325 dioecesi
1238 2288 1338 2343 per
1386 2270 1815 2329 Salernitanum

163 2359 483 2434 praesulem
505 2376 572 2415 ac
593 2357 913 2431 capitulum
937 2358 1009 2413 ali
1019 2363 1306 2431 quatenus
1319 2361 1814 2435 constringantur,

166 2450 441 2524 quinimo
493 2447 750 2504 ecclesiae
797 2464 929 2502 cum
988 2448 1263 2503 omnibus
1316 2448 1439 2504 suis
1478 2450 1717 2520 juribus
1763 2457 1820 2507 et

164 2537 540 2615 pertinentiis
561 2536 732 2609 pleno
749 2537 1006 2609 jnreipsi
1024 2537 1375 2593 monasterio
1400 2539 1517 2593 sint
1546 2538 1813 2596 subditze.

166 2631 227 2687 Si
258 2645 401 2685 vero
433 2627 662 2699 aliquos
694 2626 762 2679 de
811 2625 929 2679 tuis
962 2626 1283 2693 monachis,
1313 2644 1412 2681 seu
1445 2627 1686 2684 clericos
1712 2646 1816 2684 ste-

168 2717 426 2782 culares,
456 2716 515 2771 in
547 2713 810 2771 ecclesiis
841 2714 1088 2768 civitatis
1143 2715 1427 2786 prmdictae
1478 2720 1535 2771 et
1581 2717 1815 2773 dimcesi

168 2809 607 2865 commorantes
638 2803 708 2858 ad
732 2819 930 2858 saeros
948 2802 1193 2876 elegeris
1209 2804 1444 2859 ordines
1468 2806 1815 2875 promoveri,

168 2897 345 2953 liceat
370 2894 478 2951 tibi
512 2885 751 2964 tuisque
789 2892 1227 2946 successoribus
1260 2908 1669 2966 quemcunque
1699 2912 1819 2949 ma-

168 2984 354 3043 lueris
387 2982 725 3056 episcopum
777 2997 1113 3045 eonvocare,
1146 2981 1465 3036 dummodo
1497 2982 1817 3040 catholicus

167 3074 374 3140 fuerit,
407 3073 509 3128 sed
540 3070 599 3126 in
653 3069 784 3125 aliis
833 3070 1183 3125 dimcesibus
1216 3070 1495 3142 requisito
1534 3072 1820 3129 duntaxat

168 3163 453 3238 primitus
483 3160 811 3216 dimeesano
848 3178 859 3215 :
896 3160 965 3214 de
1014 3160 1230 3231 quibus
1278 3158 1539 3215 ecclesiis
1583 3161 1714 3217 sitis
1756 3162 1815 3217 in

163 3256 293 3328 jam
326 3252 482 3307 dicta
513 3248 744 3305 civitate
773 3253 830 3301 et
858 3248 1085 3303 dioecesi
1117 3247 1263 3303 nihil
1296 3248 1659 3305 dimcesanus
1693 3251 1814 3306 exi-

172 3359 312 3417 gere
341 3341 678 3413 przrsumat,
708 3338 825 3392 imo
856 3337 1050 3409 potius
1080 3342 1200 3392 tam
1227 3337 1517 3407 monachi,
1547 3339 1596 3394 si
1627 3340 1819 3395 clerici

174 3429 489 3494 defuerint,
548 3443 724 3500 quam
782 3425 891 3498 ipsi
925 3424 1136 3494 clerici,
1197 3426 1418 3498 absque
1477 3445 1726 3499 quorum
1758 3429 1822 3484 li-

172 3523 272 3578 bet
329 3515 786 3575 contradictione
860 3520 1044 3569 totum
1113 3514 1371 3570 ofﬁcium
1439 3517 1815 3585 sacerdotale,

169 3609 327 3684 quod
390 3606 722 3662 animarum
777 3621 917 3658 cura
981 3603 1160 3676 exigit
1215 3611 1271 3659 et
1333 3605 1598 3676 requirit,
1659 3623 1815 3661 exer-

170 3702 358 3756 ceant.

234 3833 321 3890 De
344 3830 442 3887 his
471 3833 667 3884 autem
702 3844 827 3899 qua:
853 3844 886 3881 a
916 3825 1218 3882 catholicis
1250 3826 1596 3884 Christianis
1625 3828 1814 3885 eidem

167 3918 525 3979 monasterio
560 3922 680 3972 tam
715 3915 866 3971 inter
897 3915 1054 3971 vivos
1087 3933 1261 3988 quam
1297 3917 1353 3971 in
1378 3915 1586 3973 ultima
1614 3917 1813 3974 volun-

164 4017 282 4068 tate
330 4010 549 4065 donata
589 4004 804 4062 fuerint
859 4002 945 4059 vel
986 4003 1177 4076 legata
1225 4022 1259 4061 a
1307 4022 1672 4079 quocunque,
1725 4012 1811 4064 vel

164 4093 675 4171 ubicunque,nulli
689 4094 1093 4166 episcoporum
1108 4094 1567 4151 dimcesanorum
1583 4096 1810 4153 licitum

164 4192 259 4258 sit,
292 4192 566 4262 quartam
600 4183 686 4240 vel
720 4183 949 4239 tertiam
972 4188 1194 4253 partem
1223 4184 1279 4237 in
1314 4185 1458 4256 ipsis
1483 4184 1688 4257 legatis
1707 4203 1806 4241 seu

164 4277 418 4345 donatis,
449 4280 571 4331 tam
603 4274 659 4329 in
692 4270 1002 4328 stabilibus
1034 4289 1209 4344 quam
1242 4272 1300 4328 in
1334 4273 1670 4342 mobilibus,
1692 4276 1807 4329 exi-

162 4384 296 4442 gere
347 4368 627 4439 praetextu
667 4360 1109 4418 consuetudinis
1160 4363 1595 4436 cujuscumque.
1640 4364 1709 4419 Et
1757 4364 1805 4419 si

163 4472 440 4531 processu
466 4450 745 4525 temporis
774 4467 876 4523 per
905 4468 1285 4523 quoscunque
1315 4456 1515 4509 contra
1546 4457 1804 4509 tenorem

163 4542 505 4619 hujusmodi
537 4546 746 4598 nostrae
778 4540 1172 4596 concessionis
1220 4541 1394 4597 tuerit
1426 4559 1527 4613 per
1577 4542 1806 4614 aliquos

1916 627 2094 680 tante.

1990 713 2233 786 Insuper
2264 716 2626 771 memoratus
2672 713 3201 772 excellentissimus
3251 716 3387 783 dux,
3438 717 3564 776 visa

1918 800 2256 874 hujusmodi
2282 802 2666 869 dedicationis
2688 803 3566 879 solemnitate,compunctus,ut

1920 891 2237 959 credimus,
2274 892 2471 949 divino
2519 893 2763 965 Spiritu,
2800 894 2968 949 nobis
3021 898 3076 950 et
3102 899 3299 951 nostro
3330 900 3564 968 aposto-

1919 980 2063 1036 latui
2098 981 2377 1055 attentius
2414 981 2859 1055 supplicavit,ut
2890 982 3260 1040 donationem
3281 989 3337 1041 et
3352 987 3562 1042 contir-

1921 1070 2263 1137 mationem,
2294 1087 2471 1143 quam
2507 1071 2629 1143 ipse
2668 1072 2859 1127 eidem
2891 1071 3244 1129 monasterio
3276 1073 3464 1130 facere
3489 1075 3562 1131 ob

1922 1159 2301 1214 reverentiam
2335 1163 2545 1215 sancta:
2569 1163 2626 1215 et
2653 1159 2966 1216 individuis
2988 1160 3292 1218 Trinitatis
3312 1180 3333 1224 ;
3355 1167 3413 1218 et
3428 1181 3562 1219 suo-

1922 1266 2052 1306 rum
2077 1252 2447 1319 peccatorum
2470 1248 3566 1324 remedium,intendebat,dignaremur

1921 1337 2267 1393 auctoritate
2298 1336 2617 1409 apostolica
2649 1339 3015 1405 conﬁrmare,
3052 1345 3369 1411 nostroque
3399 1358 3561 1396 man-

1921 1426 2199 1481 daremus
2221 1425 2395 1481 inseri
2421 1425 2720 1499 privilegio
2743 1426 3065 1500 diligenter.
3091 1429 3205 1483 Nos
3239 1428 3417 1502 igitur
3438 1430 3563 1486 suis

1921 1515 1980 1570 in
2012 1514 2122 1570 hac
2154 1520 2316 1586 parte
2343 1515 2982 1586 precibusjustissimis
3011 1516 3370 1585 inclinati,in
3405 1518 3563 1574 favo-

1922 1620 2045 1658 rem
2078 1603 2263 1675 ipsius
2305 1603 2617 1676 loci,quem
2660 1604 2896 1675 speciali
2935 1604 3348 1686 prosequimur
3385 1606 3564 1662 dilec-

1921 1692 2078 1747 tione
2112 1692 2325 1764 pariter
2354 1697 2409 1747 et
2438 1693 2760 1762 devotione,
2793 1692 3197 1749 concessiones
3218 1699 3273 1749 et
3297 1695 3568 1760 donatio-1

1923 1797 2027 1835 nes
2062 1781 2217 1852 ipsas
2248 1782 2304 1835 in
2339 1785 2533 1837 nostro
2567 1782 2831 1853 praesenti
2877 1781 3179 1855 privilegio
3218 1783 3395 1839 inseri
3429 1784 3565 1841 feci-

1924 1887 2057 1926 mus
2088 1871 2159 1925 ad
2194 1869 2499 1925 cautelam.

2033 1960 2397 2027 Privilcgium
2428 1961 2645 2030 Rogerz'z'
2672 1960 2823 2015 ducis
2852 1963 3181 2016 monasterio
3212 1962 3457 2018 Cavensz'.

1997 2048 2295 2103 Concessit
2322 2048 2613 2120 siquidem
2647 2049 2959 2121 praadictus
2991 2049 3107 2104 dux
3153 2050 3341 2106 cidem
3375 2067 3572 2107 mona-

1926 2137 2103 2192 sterio
2158 2137 2217 2193 in
2268 2142 2634 2211 perpetuum,
2682 2141 2748 2193 ut
2805 2142 2999 2220 patres
3056 2138 3194 2194 dicti
3229 2140 3568 2197 monasterii

1927 2226 2147 2297 absque
2179 2226 2438 2297 qualibet
2468 2227 2875 2283 contrarietate
2907 2226 3205 2283 haeredum
3249 2232 3307 2284 et
3346 2245 3572 2286 succes-

1927 2332 2125 2372 sorum
2158 2332 2398 2369 suorum
2431 2314 2657 2387 possint
2678 2314 2906 2389 exigere
2927 2324 2976 2371 et
3011 2315 3262 2388 recipere
3282 2317 3567 2392 integram

1926 2403 2238 2465 decimam,
2271 2407 2495 2476 partem
2527 2403 2775 2476 piscium
2798 2405 2898 2476 qui
2922 2404 3074 2477 capti
3099 2405 3314 2461 fuerint
3339 2405 3400 2461 in
3422 2406 3568 2463 mari

1928 2510 1961 2548 a
1992 2492 2214 2549 vallone
2263 2493 2363 2565 qui
2390 2494 2461 2549 de
2508 2492 2863 2549 Gallocauda
2912 2492 3295 2567 [Gallocauta]
3331 2494 3565 2564 dicitur,

1926 2598 2115 2654 usque
2144 2582 2214 2636 ad
2250 2580 2490 2637 ﬂuvium
2542 2582 2613 2637 de
2668 2582 2851 2637 Caztra
2900 2581 3183 2654 [Caetera],
3215 2583 3314 2656 qui
3363 2587 3452 2640 est
3497 2584 3570 2641 de

1925 2670 2217 2726 territorio
2252 2671 2435 2743 ipsius
2468 2670 2803 2726 monasterii
2831 2674 2931 2742 per
2954 2671 3212 2744 quinque
3233 2672 3417 2728 millia
3443 2690 3571 2746 pas-

1926 2776 2100 2814 suum
2151 2759 2301 2814 iutra
2341 2776 2516 2815 mare.
2568 2757 2918 2815 Praedictum
2965 2776 3097 2815 vero
3146 2761 3567 2819 monasterium

1927 2847 2305 2904 mercimonia
2335 2865 2442 2905 sua
2473 2849 2695 2920 absque
2743 2847 2902 2904 omni
2952 2849 3204 2916 datione,
3256 2849 3568 2918 solutione,

1925 2954 2028 2993 seu
2058 2937 2489 3001 exituraJibcre
2515 2938 2745 3003 vendat,
2780 2938 2995 2993 nedum
3024 2938 3083 2992 in
3117 2939 3243 2994 suis
3273 2938 3569 2997 littoribus

1924 3026 2011 3082 vel
2046 3028 2351 3098 portubus,
2382 3026 2499 3082 imo
2530 3044 2632 3098 per
2664 3031 2850 3083 totum
2901 3044 3076 3083 suum
3126 3028 3405 3084 ducatum
3448 3032 3568 3085 tam

1924 3115 2119 3187 ipsum
2152 3116 2480 3171 cmnobium
2507 3132 2683 3188 quam
2715 3119 2973 3171 ementes
3024 3117 3153 3186 ejus
3192 3116 3573 3173 mercimonia

1924 3202 2140 3258 liberos
2163 3204 2469 3260 constituit
2496 3208 2774 3277 perpetuo
2797 3221 2831 3259 a
2851 3203 3109 3275 qualibet
3131 3205 3567 3278 praeparatione.

1848 3279 1891 3346 C
1927 3292 2179 3349 Indulsit
2209 3292 2382 3349 etiam
2413 3294 2566 3366 quod
2600 3310 2804 3349 omnes
2844 3292 3112 3350 homines
3160 3311 3308 3366 quos
3349 3294 3568 3363 dictum

1930 3382 2258 3437 cmnobium
2291 3382 2465 3438 habet
2493 3387 2551 3437 et
2580 3382 2818 3437 habebit
2848 3383 2904 3438 in
2939 3382 3231 3455 praedictis
3262 3381 3427 3451 locis,
3451 3384 3570 3440 Me-

1930 3470 2187 3536 tclliano,
2224 3470 2520 3539 Pasciano,
2560 3471 2763 3527 villula
2791 3462 3102 3543 adjacenti,
3147 3477 3338 3529 castro
3383 3473 3571 3530 sancti

1929 3560 2219 3631 Adjuloris
2251 3560 2309 3615 in
2341 3558 2545 3616 Cilenti
2595 3564 2812 3628 monte,
2845 3564 2902 3616 et
2945 3560 3309 3633 pertinentiis
3337 3578 3570 3617 eorum-

1925 3648 2055 3704 dem
2092 3648 2371 3718 locorum,
2404 3654 2524 3704 tam
2556 3647 2748 3704 clerici
2800 3665 2975 3720 quam
3009 3648 3140 3704 laici
3189 3665 3421 3721 semper
3450 3650 3571 3706 sint

1923 3736 2088 3793 liberi
2123 3738 2194 3793 ab
2226 3739 2383 3793 omni
2417 3738 2712 3794 exactione
2743 3736 3021 3810 pecuniae,
3055 3736 3142 3793 vel
3187 3754 3380 3793 rerum
3423 3755 3567 3811 qua-

1924 3826 2203 3883 rumlibet
2225 3827 2649 3900 aliarum,quas
2680 3844 2783 3899 pro
2814 3825 3011 3899 aliqua
3030 3826 3465 3900 opportunitate
3478 3827 3568 3884 vel

1924 3934 2097 3972 causa
2132 3917 2277 3990 ipse,
2312 3917 2401 3973 sui
2451 3916 2709 3972 han-edes
2756 3915 2841 3971 vel
2892 3915 2992 3987 [ei]
3044 3931 3414 3972 successores
3462 3915 3567 3972 ali-

1922 4007 2155 4078 quando
2186 4007 2477 4062 duxerunt
2507 4023 2541 4061 a
2569 4006 2693 4062 suis
2724 4004 3064 4064 hominibus
3095 4004 3474 4073 faciendas,et
3495 4009 3563 4061 ut

1922 4095 1993 4150 de
2026 4095 2169 4169 ipsis
2196 4095 2537 4152 hominibus
2563 4094 2807 4151 liberam
2849 4111 3050 4150 curam
3095 4093 3362 4167 [curiam]
3395 4098 3453 4150 et
3482 4095 3565 4150 fo-

1922 4185 2260 4241 risfacturas
2292 4202 2494 4241 omnes
2522 4183 2647 4240 sine
2678 4183 2794 4239 ullo
2818 4200 2924 4239 suo
2954 4183 3152 4255 bajulo
3176 4181 3260 4238 vel
3297 4182 3565 4239 ministro

1918 4272 2202 4340 habeatis,
2244 4279 2300 4329 et
2347 4274 2406 4329 in
2447 4274 2610 4330 curia
2658 4272 2845 4346 ipsius
2894 4271 3234 4329 monasterii
3285 4289 3389 4346 per
3436 4272 3566 4344 ejus

1918 4379 2280 4419 summosam
2325 4362 2560 4419 veniant
2601 4362 2672 4418 ad
2720 4361 3017 4434 justitiam
3070 4360 3392 4417 faciendam
3437 4366 3493 4417 et
3533 4379 3568 4417 a

1908 4451 2211 4523 judicibus
2242 4469 2389 4525 quos
2411 4453 2495 4508 eis
2520 4450 2839 4507 statueritis
2862 4451 3109 4506 debeant
3140 4448 3568 4507 rationabiliter

1909 4540 2340 4612 judicari,quos
2352 4547 2408 4597 et
2432 4542 2688 4597 notarios
2709 4540 2971 4613 publicos
2994 4540 3284 4594 statuendi
3319 4539 3564 4596 liberam

162 4636 534 4701 attentatum,
570 4630 710 4686 illud
741 4647 809 4686 ex
839 4646 996 4684 nunc
1044 4629 1416 4686 decernimus
1449 4630 1686 4702 juribus
1719 4650 1808 4687 va-
1836 4652 1884 4716 D
1915 4629 2081 4685 vobis
2110 4629 2315 4684 tribuit
2348 4628 2700 4696 facultatem,
2754 4635 2869 4685 tam
2922 4629 2979 4683 in
3030 4627 3222 4683 causis
3270 4628 3561 4695 civilibus,

160 4729 420 4792 enatum,
442 4718 879 4795 praescriptione
930 4718 988 4773 in
1028 4718 1134 4774 hoc
1166 4718 1322 4792 longi
1372 4720 1648 4792 temporis
1692 4739 1803 4776 non

160 4817 450 4872 currente.
476 4810 536 4868 Si
566 4809 699 4883 quis
728 4825 862 4865 vero
894 4809 962 4863 ad
995 4809 1266 4864 eumdem
1308 4808 1500 4864 locum
1546 4808 1634 4865 vel
1678 4811 1806 4881 ejus

160 4903 436 4962 ecclesias
468 4898 581 4956 sibi
613 4897 974 4971 sepulturam
1007 4896 1264 4970 elegerit,
1304 4896 1530 4953 licitum
1584 4899 1661 4954 sit
1698 4898 1800 4954 tibi

158 4994 394 5066 tuisque
414 4986 857 5047 successoribus
880 4992 937 5042 et
955 4985 1231 5042 fratribus
1252 4985 1308 5040 in
1333 4985 1594 5043 ecclesiis
1617 4987 1803 5060 ipsius

148 5080 407 5139 emnobii
439 5076 941 5135 commorantibus
986 5074 1184 5147 ipsum
1229 5075 1287 5131 in
1318 5093 1424 5132 suo
1473 5078 1802 5133 cocmeterio

156 5172 399 5247 sepelire
419 5168 645 5240 absque
662 5164 975 5237 cujuslibet
992 5165 1512 5232 contradictione,d
1526 5167 1801 5221 ummodo

156 5258 524 5319 Christianus
554 5260 612 5311 et
639 5253 964 5311 catholicus
1012 5254 1315 5310 habeatur.
1355 5255 1677 5310 Statuimus
1709 5254 1801 5309 in-

155 5367 328 5424 super
360 5348 644 5420 perpetuo
668 5343 1081 5415 valiturum,ut
1101 5344 1329 5416 quoties
1352 5343 1501 5400 inter
1520 5343 1801 5401 vassallos

151 5439 420 5513 ejusdem
440 5433 783 5492 monasterii
803 5438 931 5491 orta
960 5433 1136 5490 fuerit
1157 5432 1580 5507 quastio,quod
1602 5433 1798 5506 ipsum

152 5527 419 5603 quamvis
456 5523 760 5596 contingat
807 5523 1159 5591 emnobium,
1213 5521 1384 5578 liceat
1431 5522 1536 5577 tibi
1567 5522 1800 5595 tuisque

152 5615 589 5680 successoribus
632 5616 688 5669 et
747 5612 1010 5685 partibus
1060 5614 1219 5684 [forte
1268 5610 1555 5683 patribus]
1611 5611 1797 5683 ipsius

156 5706 421 5781 querelas
451 5702 794 5775 hujusmodi
853 5701 1144 5773 decidere,
1197 5701 1430 5773 justitia
1481 5701 1795 5772 mediante,

1919 4736 2096 4792 quam
2117 4716 2597 4773 incriminalibus
2619 4718 2893 4773 omnibus
2915 4716 3318 4790 prmtermissis
3342 4716 3558 4785 causis,

1917 4809 1987 4864 de
2018 4806 2233 4879 quibus
2282 4806 2649 4861 condemnati
2682 4805 2940 4878 legitime
2988 4805 3236 4861 debeant
3285 4803 3454 4871 mori,
3488 4805 3560 4859 de

1916 4897 2045 4952 aliis
2060 4901 2252 4952 autem
2281 4894 2686 4951 criminalibus
2704 4895 3078 4962 omnibus,de
3092 4894 3307 4966 quibus
3327 4910 3559 4966 pmnam

1915 4985 2087 5041 aliam
2122 4986 2342 5057 absque
2374 4988 2561 5039 morte
2597 4981 2795 5039 subire
2841 4983 3110 5051 debeant,
3145 4980 3432 5055 quidquid
3470 4996 3561 5037 vo-

1913 5074 2140 5130 lueritis
2174 5073 2417 5130 faciatis.
2451 5071 2735 5129 Similiter
2766 5075 2824 5127 et
2853 5072 2923 5127 de
2973 5071 3207 5139 duellis,
3234 5071 3281 5127 si
3315 5088 3383 5126 ex
3411 5068 3558 5144 ipsis

1914 5162 2108 5220 causis
2141 5163 2571 5219 intervenerint.
2607 5160 3040 5234 Appellationes
3072 5177 3207 5216 vero
3252 5160 3300 5216 si
3343 5159 3559 5216 fuerint

1912 5252 2121 5310 vestris
2149 5252 2490 5308 hominibus
2543 5254 2904 5324 opportuna},
2946 5249 3015 5305 ad
3048 5254 3299 5305 vestram
3331 5248 3555 5305 curiam

1911 5340 2525 5415 appelleturquooiam
2541 5339 2827 5413 quidquid
2843 5338 2899 5394 in
2913 5338 3204 5411 praedictis
3217 5338 3555 5394 hominibus

1909 5430 2535 5503 locorumipsornm,et
2556 5430 2615 5485 in
2637 5428 2954 5486 tenimento
2990 5428 3048 5484 in
3081 5445 3195 5501 quo
3228 5432 3550 5495 morantur,

1910 5525 2107 5595 posset
2137 5520 2260 5593 ipse
2289 5520 2410 5575 dux
2439 5524 2495 5575 et
2524 5519 2653 5590 ejus
2675 5534 3040 5575 successores
3069 5516 3311 5591 erigere,
3348 5519 3403 5571 et
3434 5519 3553 5571 sta-

1908 5617 2090 5681 tuere,
2123 5614 2179 5666 et
2209 5610 2499 5681 ordinare,
2533 5607 2826 5664 statuendi
2858 5612 2914 5663 et
2943 5605 3201 5681 crigendi
3228 5604 3390 5660 vobis
3422 5620 3548 5676 per-

1910 5705 2082 5774 petuo
2112 5699 2321 5755 tribuit
2341 5703 2707 5772 potestatem.
2750 5696 3044 5753 Concessit
3089 5695 3263 5751 etiam
3293 5692 3457 5750 vobis
3488 5691 3549 5746 in
