  <div class='ocr_page' id='page_1' title='image "/cluster/home/n/w/nwhite01/storage/ocr_20150623/151/umn.31951002477444s/231.png"; bbox 0 0 3950 6412; ppageno 0'>
   <div class='ocr_carea' id='block_1_1' title="bbox 377 413 493 488">
    <p class='ocr_par' dir='ltr' id='par_1_1' title="bbox 377 413 493 488">
     <span class='ocr_line' id='line_1_1' title="bbox 377 413 493 488; baseline -0.052 0"><span class='ocrx_word' id='word_1_1' title='bbox 377 413 493 488; x_wconf 66' lang='grc'><strong>351</strong></span> 
     </span>
    </p>
   </div>
   <div class='ocr_carea' id='block_1_2' title="bbox 1680 421 2478 491">
    <p class='ocr_par' dir='ltr' id='par_1_2' title="bbox 1680 421 2478 491">
     <span class='ocr_line' id='line_1_2' title="bbox 1680 421 2478 491; baseline 0.001 -1"><span class='ocrx_word' id='word_1_2' title='bbox 1680 421 1752 490; x_wconf 88' lang='grc' dir='ltr'><strong>Β.</strong></span> <span class='ocrx_word' id='word_1_3' title='bbox 1799 423 2091 490; x_wconf 78' lang='lat' dir='ltr'><strong>URBANI</strong></span> <span class='ocrx_word' id='word_1_4' title='bbox 2110 457 2114 460; x_wconf 85' lang='lat'><strong><em>-</em></strong></span> <span class='ocrx_word' id='word_1_5' title='bbox 2130 423 2185 490; x_wconf 86' lang='lat' dir='ltr'>II</span> <span class='ocrx_word' id='word_1_6' title='bbox 2227 426 2478 491; x_wconf 73' lang='lat' dir='ltr'><strong>PAP/E.</strong></span> 
     </span>
    </p>
   </div>
   <div class='ocr_carea' id='block_1_3' title="bbox 3657 430 3781 495">
    <p class='ocr_par' dir='ltr' id='par_1_3' title="bbox 3657 430 3781 495">
     <span class='ocr_line' id='line_1_3' title="bbox 3657 430 3781 495; baseline -0.008 -1"><span class='ocrx_word' id='word_1_7' title='bbox 3657 430 3781 495; x_wconf 67' lang='lat'><strong>359</strong></span> 
     </span>
    </p>
   </div>
   <div class='ocr_carea' id='block_1_4' title="bbox 379 557 3779 638">
    <p class='ocr_par' dir='ltr' id='par_1_4' title="bbox 379 557 3779 638">
     <span class='ocr_line' id='line_1_4' title="bbox 379 557 3779 638; baseline 0 -17"><span class='ocrx_word' id='word_1_8' title='bbox 379 565 747 638; x_wconf 87' lang='lat' dir='ltr'><strong>perpetuum,</strong></span> <span class='ocrx_word' id='word_1_9' title='bbox 770 564 836 617; x_wconf 90' lang='lat' dir='ltr'><strong>ut</strong></span> <span class='ocrx_word' id='word_1_10' title='bbox 867 557 928 616; x_wconf 89' lang='lat' dir='ltr'><strong>in</strong></span> <span class='ocrx_word' id='word_1_11' title='bbox 959 574 1308 634; x_wconf 87' lang='lat' dir='ltr'><strong>quacunque</strong></span> <span class='ocrx_word' id='word_1_12' title='bbox 1341 564 1501 636; x_wconf 84' lang='lat' dir='ltr'><strong>parte</strong></span> <span class='ocrx_word' id='word_1_13' title='bbox 1551 561 1642 619; x_wconf 90' lang='lat' dir='ltr'><strong>sui</strong></span> <span class='ocrx_word' id='word_1_14' title='bbox 1672 562 1923 622; x_wconf 83' lang='lat' dir='ltr'><strong>ducatus</strong></span> <span class='ocrx_word' id='word_1_15' title='bbox 1953 569 2014 621; x_wconf 89' lang='lat' dir='ltr'><strong>tu</strong></span> <span class='ocrx_word' id='word_1_16' title='bbox 2047 558 2104 629; x_wconf 81' lang='grc' dir='ltr'><strong>Α</strong></span> <span class='ocrx_word' id='word_1_17' title='bbox 2133 580 2307 618; x_wconf 89' lang='lat' dir='ltr'><strong>suum</strong></span> <span class='ocrx_word' id='word_1_18' title='bbox 2337 565 2768 621; x_wconf 82' lang='lat' dir='ltr'><strong>sacramentum</strong></span> <span class='ocrx_word' id='word_1_19' title='bbox 2798 567 2940 622; x_wconf 92' lang='lat' dir='ltr'><strong>tunc</strong></span> <span class='ocrx_word' id='word_1_20' title='bbox 2969 562 3140 622; x_wconf 88' lang='lat' dir='ltr'><strong>nobis</strong></span> <span class='ocrx_word' id='word_1_21' title='bbox 3185 560 3570 638; x_wconf 61' lang='lat' dir='ltr'><strong>praesentibus</strong></span> <span class='ocrx_word' id='word_1_22' title='bbox 3594 581 3779 638; x_wconf 65' lang='lat' dir='ltr'><strong>praes-</strong></span> 
     </span>
    </p>
   </div>
   <div class='ocr_carea' id='block_1_5' title="bbox 377 651 2017 724">
    <p class='ocr_par' dir='ltr' id='par_1_5' title="bbox 377 651 2017 724">
     <span class='ocr_line' id='line_1_5' title="bbox 377 651 2017 724; baseline 0.001 -15"><span class='ocrx_word' id='word_1_23' title='bbox 377 653 477 717; x_wconf 91' lang='lat' dir='ltr'><strong>vel_</strong></span> <span class='ocrx_word' id='word_1_24' title='bbox 497 668 865 709; x_wconf 82' lang='lat' dir='ltr'><strong>successores</strong></span> <span class='ocrx_word' id='word_1_25' title='bbox 897 651 1388 723; x_wconf 85' lang='lat' dir='ltr'><strong>tuipersonaliter</strong></span> <span class='ocrx_word' id='word_1_26' title='bbox 1410 652 1656 724; x_wconf 87' lang='lat' dir='ltr'><strong>fueritis,</strong></span> <span class='ocrx_word' id='word_1_27' title='bbox 1675 657 1732 709; x_wconf 90' lang='lat' dir='ltr'><strong>et</strong></span> <span class='ocrx_word' id='word_1_28' title='bbox 1758 671 1911 711; x_wconf 92' lang='lat' dir='ltr'><strong>unus</strong></span> <span class='ocrx_word' id='word_1_29' title='bbox 1929 655 2017 710; x_wconf 88' lang='lat' dir='ltr'><strong>vel</strong></span> 
     </span>
    </p>
   </div>
   <div class='ocr_carea' id='block_1_6' title="bbox 378 741 2020 817">
    <p class='ocr_par' dir='ltr' id='par_1_6' title="bbox 378 741 2020 817">
     <span class='ocr_line' id='line_1_6' title="bbox 378 741 2020 817; baseline 0 -18"><span class='ocrx_word' id='word_1_30' title='bbox 378 743 576 817; x_wconf 85' lang='lat' dir='ltr'><strong>plures</strong></span> <span class='ocrx_word' id='word_1_31' title='bbox 605 742 872 798; x_wconf 88' lang='lat' dir='ltr'><strong>homines</strong></span> <span class='ocrx_word' id='word_1_32' title='bbox 901 741 976 796; x_wconf 90' lang='lat' dir='ltr'><strong>ibi</strong></span> <span class='ocrx_word' id='word_1_33' title='bbox 1009 741 1226 796; x_wconf 75' lang='lat' dir='ltr'><strong>fuerint</strong></span> <span class='ocrx_word' id='word_1_34' title='bbox 1243 742 1310 796; x_wconf 89' lang='lat' dir='ltr'><strong>ad</strong></span> <span class='ocrx_word' id='word_1_35' title='bbox 1344 747 1613 811; x_wconf 89' lang='lat' dir='ltr'><strong>mortem,</strong></span> <span class='ocrx_word' id='word_1_36' title='bbox 1637 743 1721 799; x_wconf 90' lang='lat' dir='ltr'><strong>vel</strong></span> <span class='ocrx_word' id='word_1_37' title='bbox 1747 744 1816 799; x_wconf 86' lang='lat' dir='ltr'><strong>ad</strong></span> <span class='ocrx_word' id='word_1_38' title='bbox 1841 745 2020 816; x_wconf 89' lang='lat' dir='ltr'><strong>quod-</strong></span> 
     </span>
    </p>
   </div>
   <div class='ocr_carea' id='block_1_7' title="bbox 377 830 2016 904">
    <p class='ocr_par' dir='ltr' id='par_1_7' title="bbox 377 830 2016 904">
     <span class='ocr_line' id='line_1_7' title="bbox 377 830 2016 904; baseline 0.001 -16"><span class='ocrx_word' id='word_1_39' title='bbox 377 833 518 889; x_wconf 86' lang='lat' dir='ltr'><strong>libet</strong></span> <span class='ocrx_word' id='word_1_40' title='bbox 551 831 903 904; x_wconf 86' lang='lat' dir='ltr'><strong>supplicium</strong></span> <span class='ocrx_word' id='word_1_41' title='bbox 929 830 1439 902; x_wconf 87' lang='lat' dir='ltr'><strong>judicati,possitis</strong></span> <span class='ocrx_word' id='word_1_42' title='bbox 1475 833 1753 898; x_wconf 87' lang='lat' dir='ltr'><strong>eos,sicut</strong></span> <span class='ocrx_word' id='word_1_43' title='bbox 1773 833 2016 889; x_wconf 89' lang='lat' dir='ltr'><strong>volueri-</strong></span> 
     </span>
    </p>
   </div>
   <div class='ocr_carea' id='block_1_8' title="bbox 377 920 2014 992">
    <p class='ocr_par' dir='ltr' id='par_1_8' title="bbox 377 920 2014 992">
     <span class='ocr_line' id='line_1_8' title="bbox 377 920 2014 992; baseline 0 -14"><span class='ocrx_word' id='word_1_44' title='bbox 377 923 453 978; x_wconf 93' lang='lat' dir='ltr'><strong>tis</strong></span> <span class='ocrx_word' id='word_1_45' title='bbox 483 921 750 986; x_wconf 90' lang='lat' dir='ltr'><strong>liberare,</strong></span> <span class='ocrx_word' id='word_1_46' title='bbox 783 924 840 975; x_wconf 91' lang='lat' dir='ltr'><strong>et</strong></span> <span class='ocrx_word' id='word_1_47' title='bbox 869 920 1203 992; x_wconf 85' lang='lat' dir='ltr'><strong>ubicunque</strong></span> <span class='ocrx_word' id='word_1_48' title='bbox 1237 937 1337 991; x_wconf 91' lang='lat' dir='ltr'><strong>per</strong></span> <span class='ocrx_word' id='word_1_49' title='bbox 1366 938 1537 976; x_wconf 91' lang='lat' dir='ltr'><strong>suum</strong></span> <span class='ocrx_word' id='word_1_50' title='bbox 1559 921 1831 977; x_wconf 85' lang='lat' dir='ltr'><strong>ducatum</strong></span> <span class='ocrx_word' id='word_1_51' title='bbox 1865 928 2014 978; x_wconf 86' lang='lat' dir='ltr'><strong>tran-</strong></span> 
     </span>
    </p>
   </div>
   <div class='ocr_carea' id='block_1_9' title="bbox 376 1009 2014 1081">
    <p class='ocr_par' dir='ltr' id='par_1_9' title="bbox 376 1009 2014 1081">
     <span class='ocr_line' id='line_1_9' title="bbox 376 1009 2014 1081; baseline 0 -13"><span class='ocrx_word' id='word_1_52' title='bbox 376 1012 555 1068; x_wconf 81' lang='lat' dir='ltr'><strong>situm</strong></span> <span class='ocrx_word' id='word_1_53' title='bbox 590 1009 858 1076; x_wconf 84' lang='lat' dir='ltr'><strong>feceritis,</strong></span> <span class='ocrx_word' id='word_1_54' title='bbox 891 1009 1206 1081; x_wconf 89' lang='lat' dir='ltr'><strong>obviosque</strong></span> <span class='ocrx_word' id='word_1_55' title='bbox 1227 1009 1549 1066; x_wconf 80' lang='lat' dir='ltr'><strong>habueritis</strong></span> <span class='ocrx_word' id='word_1_56' title='bbox 1567 1011 1624 1064; x_wconf 92' lang='lat' dir='ltr'><strong>in</strong></span> <span class='ocrx_word' id='word_1_57' title='bbox 1649 1016 1836 1067; x_wconf 91' lang='lat' dir='ltr'><strong>vestro</strong></span> <span class='ocrx_word' id='word_1_58' title='bbox 1861 1017 2014 1068; x_wconf 88' lang='lat' dir='ltr'><strong>tran-</strong></span> 
     </span>
    </p>
   </div>
   <div class='ocr_carea' id='block_1_10' title="bbox 375 1099 2011 1170">
    <p class='ocr_par' dir='ltr' id='par_1_10' title="bbox 375 1099 2011 1170">
     <span class='ocr_line' id='line_1_10' title="bbox 375 1099 2011 1170; baseline -0.001 -13"><span class='ocrx_word' id='word_1_59' title='bbox 375 1102 491 1158; x_wconf 84' lang='lat' dir='ltr'><strong>situ</strong></span> <span class='ocrx_word' id='word_1_60' title='bbox 521 1101 960 1164; x_wconf 88' lang='lat' dir='ltr'><strong>condemnatos,</strong></span> <span class='ocrx_word' id='word_1_61' title='bbox 982 1099 1081 1170; x_wconf 89' lang='lat' dir='ltr'><strong>qui</strong></span> <span class='ocrx_word' id='word_1_62' title='bbox 1114 1099 1183 1154; x_wconf 89' lang='lat' dir='ltr'><strong>ad</strong></span> <span class='ocrx_word' id='word_1_63' title='bbox 1227 1099 1612 1170; x_wconf 87' lang='lat' dir='ltr'><strong>suspendium</strong></span> <span class='ocrx_word' id='word_1_64' title='bbox 1644 1101 1730 1156; x_wconf 88' lang='lat' dir='ltr'><strong>vel</strong></span> <span class='ocrx_word' id='word_1_65' title='bbox 1763 1102 2011 1157; x_wconf 74' lang='lat' dir='ltr'><strong>decolla-</strong></span> 
     </span>
    </p>
   </div>
   <div class='ocr_carea' id='block_1_11' title="bbox 372 1188 2010 1262">
    <p class='ocr_par' dir='ltr' id='par_1_11' title="bbox 372 1188 2010 1262">
     <span class='ocr_line' id='line_1_11' title="bbox 372 1188 2010 1262; baseline 0.001 -16"><span class='ocrx_word' id='word_1_66' title='bbox 372 1191 553 1246; x_wconf 89' lang='lat' dir='ltr'><strong>tionis</strong></span> <span class='ocrx_word' id='word_1_67' title='bbox 583 1188 937 1262; x_wconf 89' lang='lat' dir='ltr'><strong>supplicium</strong></span> <span class='ocrx_word' id='word_1_68' title='bbox 966 1188 1742 1259; x_wconf 75' lang='lat' dir='ltr'><strong>deportentur,valeatis&#39;eos,</strong></span> <span class='ocrx_word' id='word_1_69' title='bbox 1778 1190 1825 1246; x_wconf 88' lang='lat' dir='ltr'><strong>si</strong></span> <span class='ocrx_word' id='word_1_70' title='bbox 1848 1191 2010 1247; x_wconf 90' lang='lat' dir='ltr'><strong>vobis</strong></span> 
     </span>
    </p>
   </div>
   <div class='ocr_carea' id='block_1_12' title="bbox 372 1277 1183 1352">
    <p class='ocr_par' dir='ltr' id='par_1_12' title="bbox 372 1277 1183 1352">
     <span class='ocr_line' id='line_1_12' title="bbox 372 1277 1183 1352; baseline -0.005 -17"><span class='ocrx_word' id='word_1_71' title='bbox 372 1279 676 1352; x_wconf 82' lang='lat' dir='ltr'><strong>placuerit,</strong></span> <span class='ocrx_word' id='word_1_72' title='bbox 713 1279 900 1334; x_wconf 85' lang='lat' dir='ltr'><strong>facere</strong></span> <span class='ocrx_word' id='word_1_73' title='bbox 930 1277 1183 1333; x_wconf 85' lang='lat' dir='ltr'><strong>liberari.</strong></span> 
     </span>
    </p>
   </div>
   <div class='ocr_carea' id='block_1_13' title="bbox 444 1365 2005 1438">
    <p class='ocr_par' dir='ltr' id='par_1_13' title="bbox 444 1365 2005 1438">
     <span class='ocr_line' id='line_1_13' title="bbox 444 1365 2005 1438; baseline 0.001 -14"><span class='ocrx_word' id='word_1_74' title='bbox 444 1369 503 1424; x_wconf 92' lang='lat' dir='ltr'><strong>Si</strong></span> <span class='ocrx_word' id='word_1_75' title='bbox 530 1385 662 1424; x_wconf 90' lang='lat' dir='ltr'><strong>vero</strong></span> <span class='ocrx_word' id='word_1_76' title='bbox 692 1367 962 1423; x_wconf 87' lang='lat' dir='ltr'><strong>homines</strong></span> <span class='ocrx_word' id='word_1_77' title='bbox 992 1365 1224 1422; x_wconf 88' lang='lat' dir='ltr'><strong>vassalli</strong></span> <span class='ocrx_word' id='word_1_78' title='bbox 1268 1367 1452 1438; x_wconf 88' lang='lat' dir='ltr'><strong>ipsius</strong></span> <span class='ocrx_word' id='word_1_79' title='bbox 1493 1370 1832 1424; x_wconf 89' lang='lat' dir='ltr'><strong>monasterii</strong></span> <span class='ocrx_word' id='word_1_80' title='bbox 1871 1388 2005 1425; x_wconf 91' lang='lat' dir='ltr'><strong>ven-</strong></span> 
     </span>
    </p>
   </div>
   <div class='ocr_carea' id='block_1_14' title="bbox 370 1455 2006 1521">
    <p class='ocr_par' dir='ltr' id='par_1_14' title="bbox 370 1455 2006 1521">
     <span class='ocr_line' id='line_1_14' title="bbox 370 1455 2006 1521; baseline 0 -8"><span class='ocrx_word' id='word_1_81' title='bbox 370 1457 1118 1521; x_wconf 80' lang='lat' dir='ltr'><strong>dunt.oifcrunt,donant,et</strong></span> <span class='ocrx_word' id='word_1_82' title='bbox 1153 1455 1341 1510; x_wconf 87' lang='lat' dir='ltr'><strong>modis</strong></span> <span class='ocrx_word' id='word_1_83' title='bbox 1375 1455 1503 1512; x_wconf 87' lang='lat' dir='ltr'><strong>aliis</strong></span> <span class='ocrx_word' id='word_1_84' title='bbox 1535 1456 1792 1513; x_wconf 83' lang='lat' dir='ltr'><strong>alienant</strong></span> <span class='ocrx_word' id='word_1_85' title='bbox 1819 1463 2006 1515; x_wconf 86' lang='lat' dir='ltr'><strong>tersas</strong></span> 
     </span>
    </p>
   </div>
   <div class='ocr_carea' id='block_1_15' title="bbox 369 1546 2006 1620">
    <p class='ocr_par' dir='ltr' id='par_1_15' title="bbox 369 1546 2006 1620">
     <span class='ocr_line' id='line_1_15' title="bbox 369 1546 2006 1620; baseline 0.001 -18"><span class='ocrx_word' id='word_1_86' title='bbox 369 1564 516 1620; x_wconf 86' lang='lat' dir='ltr'><strong>quas</strong></span> <span class='ocrx_word' id='word_1_87' title='bbox 543 1546 615 1601; x_wconf 88' lang='lat' dir='ltr'><strong>ab</strong></span> <span class='ocrx_word' id='word_1_88' title='bbox 645 1546 847 1601; x_wconf 90' lang='lat' dir='ltr'><strong>eodem</strong></span> <span class='ocrx_word' id='word_1_89' title='bbox 879 1546 1233 1599; x_wconf 89' lang='lat' dir='ltr'><strong>monasterio</strong></span> <span class='ocrx_word' id='word_1_90' title='bbox 1256 1549 1477 1613; x_wconf 89' lang='lat' dir='ltr'><strong>tenant,</strong></span> <span class='ocrx_word' id='word_1_91' title='bbox 1507 1552 1886 1618; x_wconf 88' lang='lat' dir='ltr'><strong>asserantque</strong></span> <span class='ocrx_word' id='word_1_92' title='bbox 1917 1566 2006 1604; x_wconf 91' lang='lat' dir='ltr'><strong>eo-</strong></span> 
     </span>
    </p>
   </div>
   <div class='ocr_carea' id='block_1_16' title="bbox 367 1633 2006 1705">
    <p class='ocr_par' dir='ltr' id='par_1_16' title="bbox 367 1633 2006 1705">
     <span class='ocr_line' id='line_1_16' title="bbox 367 1633 2006 1705; baseline 0.001 -14"><span class='ocrx_word' id='word_1_93' title='bbox 367 1653 498 1691; x_wconf 90' lang='lat' dir='ltr'><strong>rum</strong></span> <span class='ocrx_word' id='word_1_94' title='bbox 528 1633 979 1691; x_wconf 90' lang='lat' dir='ltr'><strong>consuetudines</strong></span> <span class='ocrx_word' id='word_1_95' title='bbox 1009 1649 1137 1689; x_wconf 90' lang='lat' dir='ltr'><strong>esse</strong></span> <span class='ocrx_word' id='word_1_96' title='bbox 1167 1637 1233 1688; x_wconf 91' lang='lat' dir='ltr'><strong>ut</strong></span> <span class='ocrx_word' id='word_1_97' title='bbox 1262 1633 1320 1688; x_wconf 89' lang='lat' dir='ltr'><strong>id</strong></span> <span class='ocrx_word' id='word_1_98' title='bbox 1351 1635 1578 1705; x_wconf 88' lang='lat' dir='ltr'><strong>possint</strong></span> <span class='ocrx_word' id='word_1_99' title='bbox 1610 1635 2006 1704; x_wconf 86' lang='lat' dir='ltr'><strong>facere,sanci-</strong></span> 
     </span>
    </p>
   </div>
   <div class='ocr_carea' id='block_1_17' title="bbox 364 1721 2002 1793">
    <p class='ocr_par' dir='ltr' id='par_1_17' title="bbox 364 1721 2002 1793">
     <span class='ocr_line' id='line_1_17' title="bbox 364 1721 2002 1793; baseline 0.001 -15"><span class='ocrx_word' id='word_1_100' title='bbox 364 1724 449 1780; x_wconf 91' lang='lat' dir='ltr'><strong>vit</strong></span> <span class='ocrx_word' id='word_1_101' title='bbox 476 1728 532 1780; x_wconf 89' lang='lat' dir='ltr'><strong>et</strong></span> <span class='ocrx_word' id='word_1_102' title='bbox 578 1723 825 1778; x_wconf 85' lang='lat' dir='ltr'><strong>ﬁrmiter</strong></span> <span class='ocrx_word' id='word_1_103' title='bbox 866 1721 1124 1777; x_wconf 87' lang='lat' dir='ltr'><strong>inhibuit</strong></span> <span class='ocrx_word' id='word_1_104' title='bbox 1156 1723 1465 1793; x_wconf 64' lang='lat' dir='ltr'><strong>praedictus</strong></span> <span class='ocrx_word' id='word_1_105' title='bbox 1500 1724 1636 1788; x_wconf 86' lang='lat' dir='ltr'><strong>dux,</strong></span> <span class='ocrx_word' id='word_1_106' title='bbox 1687 1730 1752 1778; x_wconf 92' lang='lat' dir='ltr'><strong>ut</strong></span> <span class='ocrx_word' id='word_1_107' title='bbox 1799 1742 2002 1780; x_wconf 89' lang='lat' dir='ltr'><strong>omnes</strong></span> 
     </span>
    </p>
   </div>
   <div class='ocr_carea' id='block_1_18' title="bbox 365 1810 2002 1884">
    <p class='ocr_par' dir='ltr' id='par_1_18' title="bbox 365 1810 2002 1884">
     <span class='ocr_line' id='line_1_18' title="bbox 365 1810 2002 1884; baseline -0.001 -15"><span class='ocrx_word' id='word_1_108' title='bbox 365 1817 572 1876; x_wconf 86' lang='lat' dir='ltr'><strong>terras,</strong></span> <span class='ocrx_word' id='word_1_109' title='bbox 604 1829 753 1884; x_wconf 90' lang='lat' dir='ltr'><strong>quas</strong></span> <span class='ocrx_word' id='word_1_110' title='bbox 783 1810 893 1883; x_wconf 89' lang='lat' dir='ltr'><strong>ipsi</strong></span> <span class='ocrx_word' id='word_1_111' title='bbox 926 1810 1215 1866; x_wconf 81' lang='lat' dir='ltr'><strong>homines‘</strong></span> <span class='ocrx_word' id='word_1_112' title='bbox 1241 1811 1313 1866; x_wconf 91' lang='lat' dir='ltr'><strong>ab</strong></span> <span class='ocrx_word' id='word_1_113' title='bbox 1362 1812 1566 1867; x_wconf 89' lang='lat' dir='ltr'><strong>eodem</strong></span> <span class='ocrx_word' id='word_1_114' title='bbox 1616 1813 1876 1868; x_wconf 88' lang='lat' dir='ltr'><strong>coenobio</strong></span> <span class='ocrx_word' id='word_1_115' title='bbox 1924 1819 2002 1869; x_wconf 86' lang='lat' dir='ltr'><strong>te-</strong></span> 
     </span>
    </p>
   </div>
   <div class='ocr_carea' id='block_1_19' title="bbox 2129 653 3781 727">
    <p class='ocr_par' dir='ltr' id='par_1_19' title="bbox 2129 653 3781 727">
     <span class='ocr_line' id='line_1_19' title="bbox 2129 653 3781 727; baseline 0.001 -17"><span class='ocrx_word' id='word_1_116' title='bbox 2129 654 2325 724; x_wconf 91' lang='lat' dir='ltr'><strong>titum,</strong></span> <span class='ocrx_word' id='word_1_117' title='bbox 2357 659 2413 710; x_wconf 91' lang='lat' dir='ltr'><strong>et</strong></span> <span class='ocrx_word' id='word_1_118' title='bbox 2442 672 2545 727; x_wconf 91' lang='lat' dir='ltr'><strong>per</strong></span> <span class='ocrx_word' id='word_1_119' title='bbox 2571 670 2740 710; x_wconf 90' lang='lat' dir='ltr'><strong>suam</strong></span> <span class='ocrx_word' id='word_1_120' title='bbox 2771 654 2920 711; x_wconf 89' lang='lat' dir='ltr'><strong>hanc</strong></span> <span class='ocrx_word' id='word_1_121' title='bbox 2950 653 3312 711; x_wconf 77' lang='lat' dir='ltr'><strong>sanctionem</strong></span> <span class='ocrx_word' id='word_1_122' title='bbox 3348 654 3674 722; x_wconf 88' lang='lat' dir='ltr'><strong>constituit,</strong></span> <span class='ocrx_word' id='word_1_123' title='bbox 3710 659 3781 712; x_wconf 90' lang='lat' dir='ltr'><strong>ut</strong></span> 
     </span>
    </p>
   </div>
   <div class='ocr_carea' id='block_1_20' title="bbox 2127 744 3779 818">
    <p class='ocr_par' dir='ltr' id='par_1_20' title="bbox 2127 744 3779 818">
     <span class='ocr_line' id='line_1_20' title="bbox 2127 744 3779 818; baseline 0.001 -18"><span class='ocrx_word' id='word_1_124' title='bbox 2127 762 2367 818; x_wconf 86' lang='lat' dir='ltr'><strong>prorsus</strong></span> <span class='ocrx_word' id='word_1_125' title='bbox 2420 744 2587 799; x_wconf 90' lang='lat' dir='ltr'><strong>irrita</strong></span> <span class='ocrx_word' id='word_1_126' title='bbox 2626 749 2929 816; x_wconf 83' lang='lat' dir='ltr'><strong>reputatur</strong></span> <span class='ocrx_word' id='word_1_127' title='bbox 2963 762 2975 800; x_wconf 93' lang='lat'>:</span> <span class='ocrx_word' id='word_1_128' title='bbox 3009 749 3066 800; x_wconf 90' lang='lat' dir='ltr'><strong>et</strong></span> <span class='ocrx_word' id='word_1_129' title='bbox 3111 761 3464 817; x_wconf 87' lang='lat' dir='ltr'><strong>quocunque</strong></span> <span class='ocrx_word' id='word_1_130' title='bbox 3510 748 3779 818; x_wconf 86' lang='lat' dir='ltr'><strong>tempore</strong></span> 
     </span>
    </p>
   </div>
   <div class='ocr_carea' id='block_1_21' title="bbox 2123 833 3778 907">
    <p class='ocr_par' dir='ltr' id='par_1_21' title="bbox 2123 833 3778 907">
     <span class='ocr_line' id='line_1_21' title="bbox 2123 833 3778 907; baseline 0.001 -18"><span class='ocrx_word' id='word_1_131' title='bbox 2123 834 2318 907; x_wconf 88' lang='lat' dir='ltr'><strong>ipsum</strong></span> <span class='ocrx_word' id='word_1_132' title='bbox 2337 834 2622 888; x_wconf 59' lang='lat' dir='ltr'><strong>haredem</strong></span> <span class='ocrx_word' id='word_1_133' title='bbox 2646 837 2702 890; x_wconf 88' lang='lat' dir='ltr'><strong>et</strong></span> <span class='ocrx_word' id='word_1_134' title='bbox 2719 849 3088 890; x_wconf 85' lang='lat' dir='ltr'><strong>successores</strong></span> <span class='ocrx_word' id='word_1_135' title='bbox 3109 851 3247 890; x_wconf 91' lang='lat' dir='ltr'><strong>suos</strong></span> <span class='ocrx_word' id='word_1_136' title='bbox 3270 851 3449 906; x_wconf 89' lang='lat' dir='ltr'><strong>super</strong></span> <span class='ocrx_word' id='word_1_137' title='bbox 3467 833 3576 889; x_wconf 90' lang='lat' dir='ltr'><strong>hoc</strong></span> <span class='ocrx_word' id='word_1_138' title='bbox 3593 834 3778 891; x_wconf 81' lang='lat' dir='ltr'><strong>duxe-</strong></span> 
     </span>
    </p>
   </div>
   <div class='ocr_carea' id='block_1_22' title="bbox 2127 921 3773 996">
    <p class='ocr_par' dir='ltr' id='par_1_22' title="bbox 2127 921 3773 996">
     <span class='ocr_line' id='line_1_22' title="bbox 2127 921 3773 996; baseline 0.001 -18"><span class='ocrx_word' id='word_1_139' title='bbox 2127 924 2254 978; x_wconf 90' lang='lat' dir='ltr'><strong>ritis</strong></span> <span class='ocrx_word' id='word_1_140' title='bbox 2285 921 2850 996; x_wconf 85' lang='lat' dir='ltr'><strong>postulandos,dedit</strong></span> <span class='ocrx_word' id='word_1_141' title='bbox 2882 926 2938 978; x_wconf 90' lang='lat' dir='ltr'><strong>et</strong></span> <span class='ocrx_word' id='word_1_142' title='bbox 2969 922 3204 994; x_wconf 86' lang='lat' dir='ltr'><strong>reliquit</strong></span> <span class='ocrx_word' id='word_1_143' title='bbox 3229 924 3314 978; x_wconf 92' lang='lat' dir='ltr'><strong>eis</strong></span> <span class='ocrx_word' id='word_1_144' title='bbox 3348 922 3624 992; x_wconf 89' lang='lat' dir='ltr'><strong>omnibus</strong></span> <span class='ocrx_word' id='word_1_145' title='bbox 3657 925 3773 980; x_wconf 91' lang='lat' dir='ltr'><strong>sub</strong></span> 
     </span>
    </p>
   </div>
   <div class='ocr_carea' id='block_1_23' title="bbox 2122 1011 3773 1085">
    <p class='ocr_par' dir='ltr' id='par_1_23' title="bbox 2122 1011 3773 1085">
     <span class='ocr_line' id='line_1_23' title="bbox 2122 1011 3773 1085; baseline -0.001 -17"><span class='ocrx_word' id='word_1_146' title='bbox 2122 1013 2328 1068; x_wconf 74' lang='lat' dir='ltr'><strong>divinae</strong></span> <span class='ocrx_word' id='word_1_147' title='bbox 2361 1016 2688 1084; x_wconf 78' lang='lat' dir='ltr'><strong>nostraeque</strong></span> <span class='ocrx_word' id='word_1_148' title='bbox 2716 1011 3135 1068; x_wconf 86' lang='lat' dir='ltr'><strong>benedictionis</strong></span> <span class='ocrx_word' id='word_1_149' title='bbox 3167 1012 3406 1068; x_wconf 90' lang='lat' dir='ltr'><strong>obtentu</strong></span> <span class='ocrx_word' id='word_1_150' title='bbox 3440 1013 3689 1085; x_wconf 84' lang='lat' dir='ltr'><strong>ﬁrmiter</strong></span> <span class='ocrx_word' id='word_1_151' title='bbox 3711 1013 3773 1068; x_wconf 92' lang='lat' dir='ltr'><strong>in</strong></span> 
     </span>
    </p>
   </div>
   <div class='ocr_carea' id='block_1_24' title="bbox 2120 1100 3774 1174">
    <p class='ocr_par' dir='ltr' id='par_1_24' title="bbox 2120 1100 3774 1174">
     <span class='ocr_line' id='line_1_24' title="bbox 2120 1100 3774 1174; baseline -0.001 -14"><span class='ocrx_word' id='word_1_152' title='bbox 2120 1101 2433 1167; x_wconf 83' lang='lat' dir='ltr'><strong>mandatis,</strong></span> <span class='ocrx_word' id='word_1_153' title='bbox 2469 1105 2531 1156; x_wconf 90' lang='lat' dir='ltr'><strong>ut</strong></span> <span class='ocrx_word' id='word_1_154' title='bbox 2560 1100 2720 1173; x_wconf 88' lang='lat' dir='ltr'><strong>ipsas</strong></span> <span class='ocrx_word' id='word_1_155' title='bbox 2743 1118 2947 1157; x_wconf 90' lang='lat' dir='ltr'><strong>omnes</strong></span> <span class='ocrx_word' id='word_1_156' title='bbox 2967 1101 3370 1158; x_wconf 88' lang='lat' dir='ltr'><strong>concessiones</strong></span> <span class='ocrx_word' id='word_1_157' title='bbox 3403 1106 3459 1156; x_wconf 91' lang='lat' dir='ltr'><strong>et</strong></span> <span class='ocrx_word' id='word_1_158' title='bbox 3480 1103 3774 1174; x_wconf 85' lang='lat' dir='ltr'><strong>exceptio-</strong></span> 
     </span>
    </p>
   </div>
   <div class='ocr_carea' id='block_1_25' title="bbox 2119 1189 3770 1262">
    <p class='ocr_par' dir='ltr' id='par_1_25' title="bbox 2119 1189 3770 1262">
     <span class='ocr_line' id='line_1_25' title="bbox 2119 1189 3770 1262; baseline 0 -15"><span class='ocrx_word' id='word_1_159' title='bbox 2119 1208 2224 1247; x_wconf 90' lang='lat' dir='ltr'><strong>nes</strong></span> <span class='ocrx_word' id='word_1_160' title='bbox 2248 1209 2350 1262; x_wconf 90' lang='lat' dir='ltr'><strong>per</strong></span> <span class='ocrx_word' id='word_1_161' title='bbox 2369 1207 2568 1246; x_wconf 90' lang='lat' dir='ltr'><strong>eorum</strong></span> <span class='ocrx_word' id='word_1_162' title='bbox 2602 1190 2764 1246; x_wconf 88' lang='lat' dir='ltr'><strong>vobis</strong></span> <span class='ocrx_word' id='word_1_163' title='bbox 2795 1189 3099 1262; x_wconf 87' lang='lat' dir='ltr'><strong>privilegia</strong></span> <span class='ocrx_word' id='word_1_164' title='bbox 3137 1190 3388 1245; x_wconf 87' lang='lat' dir='ltr'><strong>debeant</strong></span> <span class='ocrx_word' id='word_1_165' title='bbox 3417 1191 3770 1248; x_wconf 79' lang='lat' dir='ltr'><strong>confirmare</strong></span> 
     </span>
    </p>
   </div>
   <div class='ocr_carea' id='block_1_26' title="bbox 2119 1277 3766 1352">
    <p class='ocr_par' dir='ltr' id='par_1_26' title="bbox 2119 1277 3766 1352">
     <span class='ocr_line' id='line_1_26' title="bbox 2119 1277 3766 1352; baseline -0.001 -16"><span class='ocrx_word' id='word_1_166' title='bbox 2119 1281 2244 1336; x_wconf 90' lang='lat' dir='ltr'><strong>sine</strong></span> <span class='ocrx_word' id='word_1_167' title='bbox 2274 1279 2431 1335; x_wconf 91' lang='lat' dir='ltr'><strong>omni</strong></span> <span class='ocrx_word' id='word_1_168' title='bbox 2463 1279 2646 1351; x_wconf 90' lang='lat' dir='ltr'><strong>pretio</strong></span> <span class='ocrx_word' id='word_1_169' title='bbox 2677 1279 2930 1346; x_wconf 81' lang='lat' dir='ltr'><strong>ettaedio</strong></span> <span class='ocrx_word' id='word_1_170' title='bbox 2952 1279 3244 1334; x_wconf 84' lang='lat' dir='ltr'><strong>tarditatis</strong></span> <span class='ocrx_word' id='word_1_171' title='bbox 3269 1297 3282 1347; x_wconf 91' lang='lat'><strong>;</strong></span> <span class='ocrx_word' id='word_1_172' title='bbox 3306 1283 3362 1333; x_wconf 88' lang='lat' dir='ltr'><strong>et</strong></span> <span class='ocrx_word' id='word_1_173' title='bbox 3385 1277 3584 1334; x_wconf 90' lang='lat' dir='ltr'><strong>nullus</strong></span> <span class='ocrx_word' id='word_1_174' title='bbox 3608 1281 3766 1352; x_wconf 88' lang='lat' dir='ltr'><strong>ipso-</strong></span> 
     </span>
    </p>
   </div>
   <div class='ocr_carea' id='block_1_27' title="bbox 2117 1367 3780 1442">
    <p class='ocr_par' dir='ltr' id='par_1_27' title="bbox 2117 1367 3780 1442">
     <span class='ocr_line' id='line_1_27' title="bbox 2117 1367 3780 1442; baseline 0 -17"><span class='ocrx_word' id='word_1_175' title='bbox 2117 1387 2247 1426; x_wconf 86' lang='lat' dir='ltr'><strong>rum</strong></span> <span class='ocrx_word' id='word_1_176' title='bbox 2279 1373 2594 1442; x_wconf 72' lang='lat' dir='ltr'><strong>praesumat</strong></span> <span class='ocrx_word' id='word_1_177' title='bbox 2626 1385 2725 1423; x_wconf 87' lang='lat' dir='ltr'><strong>eas</strong></span> <span class='ocrx_word' id='word_1_178' title='bbox 2756 1368 3073 1440; x_wconf 76' lang='lat' dir='ltr'><strong>infringere</strong></span> <span class='ocrx_word' id='word_1_179' title='bbox 3104 1367 3188 1422; x_wconf 88' lang='lat' dir='ltr'><strong>vel</strong></span> <span class='ocrx_word' id='word_1_180' title='bbox 3225 1368 3577 1434; x_wconf 86' lang='lat' dir='ltr'><strong>mutare,sed</strong></span> <span class='ocrx_word' id='word_1_181' title='bbox 3603 1367 3780 1440; x_wconf 66' lang='lat' dir='ltr'><strong>ipsas,</strong></span> 
     </span>
    </p>
   </div>
   <div class='ocr_carea' id='block_1_28' title="bbox 2115 1457 3768 1524">
    <p class='ocr_par' dir='ltr' id='par_1_28' title="bbox 2115 1457 3768 1524">
     <span class='ocr_line' id='line_1_28' title="bbox 2115 1457 3768 1524; baseline 0.001 -11"><span class='ocrx_word' id='word_1_182' title='bbox 2115 1458 2326 1514; x_wconf 66' lang='lat' dir='ltr'><strong>illznsas</strong></span> <span class='ocrx_word' id='word_1_183' title='bbox 2355 1475 2587 1513; x_wconf 89' lang='lat' dir='ltr'><strong>servare</strong></span> <span class='ocrx_word' id='word_1_184' title='bbox 2617 1458 2864 1513; x_wconf 85' lang='lat' dir='ltr'><strong>debeant</strong></span> <span class='ocrx_word' id='word_1_185' title='bbox 2893 1462 2949 1512; x_wconf 91' lang='lat' dir='ltr'><strong>et</strong></span> <span class='ocrx_word' id='word_1_186' title='bbox 2970 1462 3182 1524; x_wconf 91' lang='lat' dir='ltr'><strong>tenere,</strong></span> <span class='ocrx_word' id='word_1_187' title='bbox 3216 1457 3398 1511; x_wconf 87' lang='lat' dir='ltr'><strong>donec</strong></span> <span class='ocrx_word' id='word_1_188' title='bbox 3431 1474 3530 1512; x_wconf 93' lang='lat' dir='ltr'><strong>vos</strong></span> <span class='ocrx_word' id='word_1_189' title='bbox 3564 1457 3620 1511; x_wconf 89' lang='lat' dir='ltr'><strong>in</strong></span> <span class='ocrx_word' id='word_1_190' title='bbox 3655 1475 3768 1514; x_wconf 86' lang='lat' dir='ltr'><strong>sua</strong></span> 
     </span>
    </p>
   </div>
   <div class='ocr_carea' id='block_1_29' title="bbox 2114 1545 3766 1604">
    <p class='ocr_par' dir='ltr' id='par_1_29' title="bbox 2114 1545 3766 1604">
     <span class='ocr_line' id='line_1_29' title="bbox 2114 1545 3766 1604; baseline -0.001 0"><span class='ocrx_word' id='word_1_191' title='bbox 2114 1549 2410 1604; x_wconf 65' lang='lat' dir='ltr'><strong>haeredum</strong></span> <span class='ocrx_word' id='word_1_192' title='bbox 2433 1551 2489 1602; x_wconf 89' lang='lat' dir='ltr'><strong>et</strong></span> <span class='ocrx_word' id='word_1_193' title='bbox 2518 1563 2922 1602; x_wconf 87' lang='lat' dir='ltr'><strong>successorum</strong></span> <span class='ocrx_word' id='word_1_194' title='bbox 2957 1562 3200 1601; x_wconf 88' lang='lat' dir='ltr'><strong>suorum</strong></span> <span class='ocrx_word' id='word_1_195' title='bbox 3235 1547 3346 1602; x_wconf 77' lang='lat' dir='ltr'><strong>[ide</strong></span> <span class='ocrx_word' id='word_1_196' title='bbox 3377 1545 3606 1602; x_wconf 87' lang='lat' dir='ltr'><strong>sincera</strong></span> <span class='ocrx_word' id='word_1_197' title='bbox 3638 1548 3766 1603; x_wconf 89' lang='lat' dir='ltr'><strong>fue-</strong></span> 
     </span>
    </p>
   </div>
   <div class='ocr_carea' id='block_1_30' title="bbox 2114 1634 3761 1709">
    <p class='ocr_par' dir='ltr' id='par_1_30' title="bbox 2114 1634 3761 1709">
     <span class='ocr_line' id='line_1_30' title="bbox 2114 1634 3761 1709; baseline -0.001 -17"><span class='ocrx_word' id='word_1_198' title='bbox 2114 1638 2242 1692; x_wconf 87' lang='lat' dir='ltr'><strong>ritis</strong></span> <span class='ocrx_word' id='word_1_199' title='bbox 2265 1639 2691 1709; x_wconf 86' lang='lat' dir='ltr'><strong>permanentes.</strong></span> <span class='ocrx_word' id='word_1_200' title='bbox 2727 1636 2880 1700; x_wconf 82' lang='lat' dir='ltr'><strong>Quas</strong></span> <span class='ocrx_word' id='word_1_201' title='bbox 2907 1634 3334 1701; x_wconf 88' lang='lat' dir='ltr'><strong>concessiones,</strong></span> <span class='ocrx_word' id='word_1_202' title='bbox 3362 1635 3761 1691; x_wconf 78' lang='lat' dir='ltr'><strong>conﬁrmatio-</strong></span> 
     </span>
    </p>
   </div>
   <div class='ocr_carea' id='block_1_31' title="bbox 2111 1722 3762 1797">
    <p class='ocr_par' dir='ltr' id='par_1_31' title="bbox 2111 1722 3762 1797">
     <span class='ocr_line' id='line_1_31' title="bbox 2111 1722 3762 1797; baseline -0.002 -14"><span class='ocrx_word' id='word_1_203' title='bbox 2111 1743 2233 1792; x_wconf 89' lang='lat' dir='ltr'><strong>nes,</strong></span> <span class='ocrx_word' id='word_1_204' title='bbox 2283 1724 2669 1797; x_wconf 81' lang='lat' dir='ltr'><strong>exceptiones,</strong></span> <span class='ocrx_word' id='word_1_205' title='bbox 2721 1729 2776 1779; x_wconf 90' lang='lat' dir='ltr'><strong>et</strong></span> <span class='ocrx_word' id='word_1_206' title='bbox 2823 1723 3218 1796; x_wconf 85' lang='lat' dir='ltr'><strong>indulgentias</strong></span> <span class='ocrx_word' id='word_1_207' title='bbox 3271 1722 3515 1778; x_wconf 88' lang='lat' dir='ltr'><strong>collatas</strong></span> <span class='ocrx_word' id='word_1_208' title='bbox 3567 1724 3762 1780; x_wconf 88' lang='lat' dir='ltr'><strong>eidem</strong></span> 
     </span>
    </p>
   </div>
   <div class='ocr_carea' id='block_1_32' title="bbox 2111 1811 3762 1886">
    <p class='ocr_par' dir='ltr' id='par_1_32' title="bbox 2111 1811 3762 1886">
     <span class='ocr_line' id='line_1_32' title="bbox 2111 1811 3762 1886; baseline -0.001 -14"><span class='ocrx_word' id='word_1_209' title='bbox 2111 1815 2462 1872; x_wconf 89' lang='lat' dir='ltr'><strong>monasterio</strong></span> <span class='ocrx_word' id='word_1_210' title='bbox 2497 1831 2597 1886; x_wconf 88' lang='lat' dir='ltr'><strong>per</strong></span> <span class='ocrx_word' id='word_1_211' title='bbox 2627 1813 2820 1885; x_wconf 90' lang='lat' dir='ltr'><strong>ipsum</strong></span> <span class='ocrx_word' id='word_1_212' title='bbox 2843 1811 3294 1868; x_wconf 86' lang='lat' dir='ltr'><strong>dilectissimum</strong></span> <span class='ocrx_word' id='word_1_213' title='bbox 3327 1812 3514 1868; x_wconf 82' lang='lat' dir='ltr'><strong>filium</strong></span> <span class='ocrx_word' id='word_1_214' title='bbox 3546 1813 3762 1870; x_wconf 85' lang='lat' dir='ltr'><strong>ducem</strong></span> 
     </span>
    </p>
   </div>
   <div class='ocr_carea' id='block_1_33' title="bbox 366 1899 3764 1999">
    <p class='ocr_par' dir='ltr' id='par_1_33' title="bbox 366 1899 3764 1999">
     <span class='ocr_line' id='line_1_33' title="bbox 366 1899 3764 1999; baseline 0 -41"><span class='ocrx_word' id='word_1_215' title='bbox 366 1906 527 1970; x_wconf 84' lang='lat' dir='ltr'><strong>nent,</strong></span> <span class='ocrx_word' id='word_1_216' title='bbox 561 1905 617 1957; x_wconf 87' lang='lat' dir='ltr'><strong>et</strong></span> <span class='ocrx_word' id='word_1_217' title='bbox 646 1917 771 1972; x_wconf 60' lang='lat' dir='ltr'><strong>qua)</strong></span> <span class='ocrx_word' id='word_1_218' title='bbox 799 1899 1569 1972; x_wconf 84' lang='lat' dir='ltr'><strong>alienanturabsqueipsius</strong></span> <span class='ocrx_word' id='word_1_219' title='bbox 1599 1902 1998 1973; x_wconf 77' lang='lat' dir='ltr'><strong>requisitions,</strong></span> <span class='ocrx_word' id='word_1_220' title='bbox 2035 1935 2082 1999; x_wconf 80' lang='grc' dir='ltr'><strong>Β</strong></span> <span class='ocrx_word' id='word_1_221' title='bbox 2114 1904 2424 1977; x_wconf 80' lang='lat' dir='ltr'><strong>Rogerium</strong></span> <span class='ocrx_word' id='word_1_222' title='bbox 2455 1903 2837 1968; x_wconf 82' lang='lat' dir='ltr'><strong>ratiﬁcamus,</strong></span> <span class='ocrx_word' id='word_1_223' title='bbox 2898 1901 3316 1973; x_wconf 89' lang='lat' dir='ltr'><strong>approbamus,</strong></span> <span class='ocrx_word' id='word_1_224' title='bbox 3378 1905 3435 1956; x_wconf 93' lang='lat' dir='ltr'><strong>et</strong></span> <span class='ocrx_word' id='word_1_225' title='bbox 3487 1917 3555 1957; x_wconf 82' lang='lat' dir='ltr'><strong>ex</strong></span> <span class='ocrx_word' id='word_1_226' title='bbox 3597 1907 3764 1958; x_wconf 89' lang='lat' dir='ltr'><strong>certa</strong></span> 
     </span>
    </p>
   </div>
   <div class='ocr_carea' id='block_1_34' title="bbox 365 1989 2004 2061">
    <p class='ocr_par' dir='ltr' id='par_1_34' title="bbox 365 1989 2004 2061">
     <span class='ocr_line' id='line_1_34' title="bbox 365 1989 2004 2061; baseline 0 -15"><span class='ocrx_word' id='word_1_227' title='bbox 365 1991 683 2046; x_wconf 88' lang='lat' dir='ltr'><strong>dummodo</strong></span> <span class='ocrx_word' id='word_1_228' title='bbox 713 1989 1004 2044; x_wconf 88' lang='lat' dir='ltr'><strong>evidenter</strong></span> <span class='ocrx_word' id='word_1_229' title='bbox 1029 1992 1306 2060; x_wconf 88' lang='lat' dir='ltr'><strong>appareat</strong></span> <span class='ocrx_word' id='word_1_230' title='bbox 1336 1991 1492 2059; x_wconf 91' lang='lat' dir='ltr'><strong>quod</strong></span> <span class='ocrx_word' id='word_1_231' title='bbox 1547 1989 1735 2061; x_wconf 88' lang='lat' dir='ltr'><strong>ipsius</strong></span> <span class='ocrx_word' id='word_1_232' title='bbox 1766 2008 2004 2046; x_wconf 89' lang='lat' dir='ltr'><strong>monas-</strong></span> 
     </span>
    </p>
   </div>
   <div class='ocr_carea' id='block_1_35' title="bbox 364 2078 2002 2150">
    <p class='ocr_par' dir='ltr' id='par_1_35' title="bbox 364 2078 2002 2150">
     <span class='ocr_line' id='line_1_35' title="bbox 364 2078 2002 2150; baseline -0.001 -13"><span class='ocrx_word' id='word_1_233' title='bbox 364 2079 495 2138; x_wconf 87' lang='lat' dir='ltr'><strong>terii</strong></span> <span class='ocrx_word' id='word_1_234' title='bbox 527 2079 664 2146; x_wconf 90' lang='lat' dir='ltr'><strong>sint,</strong></span> <span class='ocrx_word' id='word_1_235' title='bbox 698 2078 865 2134; x_wconf 90' lang='lat' dir='ltr'><strong>liceat</strong></span> <span class='ocrx_word' id='word_1_236' title='bbox 895 2078 1058 2134; x_wconf 90' lang='lat' dir='ltr'><strong>vobis</strong></span> <span class='ocrx_word' id='word_1_237' title='bbox 1086 2095 1185 2133; x_wconf 89' lang='lat' dir='ltr'><strong>eas</strong></span> <span class='ocrx_word' id='word_1_238' title='bbox 1234 2095 1462 2150; x_wconf 84' lang='lat' dir='ltr'><strong>capere,</strong></span> <span class='ocrx_word' id='word_1_239' title='bbox 1494 2082 1551 2133; x_wconf 89' lang='lat' dir='ltr'><strong>et</strong></span> <span class='ocrx_word' id='word_1_240' title='bbox 1595 2080 1665 2134; x_wconf 90' lang='lat' dir='ltr'><strong>ad</strong></span> <span class='ocrx_word' id='word_1_241' title='bbox 1698 2080 2002 2136; x_wconf 91' lang='lat' dir='ltr'><strong>dominum</strong></span> 
     </span>
    </p>
   </div>
   <div class='ocr_carea' id='block_1_36' title="bbox 366 2167 2001 2241">
    <p class='ocr_par' dir='ltr' id='par_1_36' title="bbox 366 2167 2001 2241">
     <span class='ocr_line' id='line_1_36' title="bbox 366 2167 2001 2241; baseline 0.001 -17"><span class='ocrx_word' id='word_1_242' title='bbox 366 2169 552 2241; x_wconf 89' lang='lat' dir='ltr'><strong>ipsius</strong></span> <span class='ocrx_word' id='word_1_243' title='bbox 585 2167 827 2224; x_wconf 83' lang='lat' dir='ltr'><strong>ccenobii</strong></span> <span class='ocrx_word' id='word_1_244' title='bbox 862 2183 1153 2235; x_wconf 88' lang='lat' dir='ltr'><strong>revocare,</strong></span> <span class='ocrx_word' id='word_1_245' title='bbox 1203 2167 1624 2223; x_wconf 85' lang='lat' dir='ltr'><strong>consuetudine</strong></span> <span class='ocrx_word' id='word_1_246' title='bbox 1659 2167 1856 2240; x_wconf 90' lang='lat' dir='ltr'><strong>aliqua</strong></span> <span class='ocrx_word' id='word_1_247' title='bbox 1886 2188 2001 2226; x_wconf 89' lang='lat' dir='ltr'><strong>non</strong></span> 
     </span>
    </p>
   </div>
   <div class='ocr_carea' id='block_1_37' title="bbox 364 2255 2002 2328">
    <p class='ocr_par' dir='ltr' id='par_1_37' title="bbox 364 2255 2002 2328">
     <span class='ocr_line' id='line_1_37' title="bbox 364 2255 2002 2328; baseline 0.001 -14"><span class='ocrx_word' id='word_1_248' title='bbox 364 2259 657 2324; x_wconf 86' lang='lat' dir='ltr'><strong>obstante,</strong></span> <span class='ocrx_word' id='word_1_249' title='bbox 693 2257 805 2312; x_wconf 90' lang='lat' dir='ltr'><strong>nisi</strong></span> <span class='ocrx_word' id='word_1_250' title='bbox 851 2257 1068 2323; x_wconf 83' lang='lat' dir='ltr'><strong>forsan,</strong></span> <span class='ocrx_word' id='word_1_251' title='bbox 1105 2256 1259 2328; x_wconf 92' lang='lat' dir='ltr'><strong>quod</strong></span> <span class='ocrx_word' id='word_1_252' title='bbox 1292 2255 1658 2328; x_wconf 89' lang='lat' dir='ltr'><strong>terrasipsas</strong></span> <span class='ocrx_word' id='word_1_253' title='bbox 1690 2257 2002 2315; x_wconf 87' lang='lat' dir='ltr'><strong>habuerint</strong></span> 
     </span>
    </p>
   </div>
   <div class='ocr_carea' id='block_1_38' title="bbox 365 2343 1998 2420">
    <p class='ocr_par' dir='ltr' id='par_1_38' title="bbox 365 2343 1998 2420">
     <span class='ocr_line' id='line_1_38' title="bbox 365 2343 1998 2420; baseline 0 -17"><span class='ocrx_word' id='word_1_254' title='bbox 365 2346 903 2420; x_wconf 73' lang='lat' dir='ltr'><strong>praescriptionibus</strong></span> <span class='ocrx_word' id='word_1_255' title='bbox 935 2344 1214 2417; x_wconf 84' lang='lat' dir='ltr'><strong>legitimis</strong></span> <span class='ocrx_word' id='word_1_256' title='bbox 1245 2344 1330 2400; x_wconf 85' lang='lat' dir='ltr'><strong>vel</strong></span> <span class='ocrx_word' id='word_1_257' title='bbox 1381 2343 1511 2400; x_wconf 90' lang='lat' dir='ltr'><strong>aliis</strong></span> <span class='ocrx_word' id='word_1_258' title='bbox 1552 2346 1731 2416; x_wconf 85' lang='lat' dir='ltr'><strong>justis</strong></span> <span class='ocrx_word' id='word_1_259' title='bbox 1762 2347 1998 2403; x_wconf 83' lang='lat' dir='ltr'><strong>rationi—</strong></span> 
     </span>
    </p>
   </div>
   <div class='ocr_carea' id='block_1_39' title="bbox 358 2434 1180 2494">
    <p class='ocr_par' dir='ltr' id='par_1_39' title="bbox 358 2434 1180 2494">
     <span class='ocr_line' id='line_1_39' title="bbox 358 2434 1180 2494; baseline -0.006 -2"><span class='ocrx_word' id='word_1_260' title='bbox 358 2435 469 2493; x_wconf 91' lang='lat' dir='ltr'><strong>bus</strong></span> <span class='ocrx_word' id='word_1_261' title='bbox 501 2436 636 2494; x_wconf 87' lang='lat' dir='ltr'><strong>inde</strong></span> <span class='ocrx_word' id='word_1_262' title='bbox 664 2435 892 2491; x_wconf 90' lang='lat' dir='ltr'><strong>valeant</strong></span> <span class='ocrx_word' id='word_1_263' title='bbox 923 2451 983 2490; x_wconf 89' lang='lat' dir='ltr'><strong>se</strong></span> <span class='ocrx_word' id='word_1_264' title='bbox 1011 2434 1180 2489; x_wconf 91' lang='lat' dir='ltr'><strong>tueri.</strong></span> 
     </span>
    </p>
   </div>
   <div class='ocr_carea' id='block_1_40' title="bbox 406 2523 1997 2599">
    <p class='ocr_par' dir='ltr' id='par_1_40' title="bbox 406 2523 1997 2599">
     <span class='ocr_line' id='line_1_40' title="bbox 406 2523 1997 2599; baseline -0.001 -17"><span class='ocrx_word' id='word_1_265' title='bbox 406 2525 694 2599; x_wconf 86' lang='lat' dir='ltr'><strong>.Largitus</strong></span> <span class='ocrx_word' id='word_1_266' title='bbox 723 2529 812 2581; x_wconf 87' lang='lat' dir='ltr'><strong>est</strong></span> <span class='ocrx_word' id='word_1_267' title='bbox 840 2541 1072 2596; x_wconf 76' lang='lat' dir='ltr'><strong>quoque</strong></span> <span class='ocrx_word' id='word_1_268' title='bbox 1093 2523 1218 2593; x_wconf 88' lang='lat' dir='ltr'><strong>jam</strong></span> <span class='ocrx_word' id='word_1_269' title='bbox 1265 2523 1456 2578; x_wconf 87' lang='lat' dir='ltr'><strong>dictus</strong></span> <span class='ocrx_word' id='word_1_270' title='bbox 1502 2524 1617 2579; x_wconf 83' lang='lat' dir='ltr'><strong>dux</strong></span> <span class='ocrx_word' id='word_1_271' title='bbox 1658 2529 1721 2580; x_wconf 90' lang='lat' dir='ltr'><strong>ut</strong></span> <span class='ocrx_word' id='word_1_272' title='bbox 1763 2525 1810 2580; x_wconf 91' lang='lat' dir='ltr'><strong>si</strong></span> <span class='ocrx_word' id='word_1_273' title='bbox 1865 2527 1997 2598; x_wconf 92' lang='lat' dir='ltr'><strong>quis</strong></span> 
     </span>
    </p>
   </div>
   <div class='ocr_carea' id='block_1_41' title="bbox 357 2612 1997 2686">
    <p class='ocr_par' dir='ltr' id='par_1_41' title="bbox 357 2612 1997 2686">
     <span class='ocr_line' id='line_1_41' title="bbox 357 2612 1997 2686; baseline -0.001 -14"><span class='ocrx_word' id='word_1_274' title='bbox 357 2632 427 2672; x_wconf 84' lang='lat' dir='ltr'><strong>ex</strong></span> <span class='ocrx_word' id='word_1_275' title='bbox 471 2616 598 2672; x_wconf 91' lang='lat' dir='ltr'><strong>suis</strong></span> <span class='ocrx_word' id='word_1_276' title='bbox 650 2614 984 2679; x_wconf 88' lang='lat' dir='ltr'><strong>comitibus,</strong></span> <span class='ocrx_word' id='word_1_277' title='bbox 1027 2612 1366 2679; x_wconf 90' lang='lat' dir='ltr'><strong>baronibus,</strong></span> <span class='ocrx_word' id='word_1_278' title='bbox 1411 2613 1696 2678; x_wconf 88' lang='lat' dir='ltr'><strong>militibus</strong></span> <span class='ocrx_word' id='word_1_279' title='bbox 1749 2614 1997 2686; x_wconf 86' lang='lat' dir='ltr'><strong>aliisque</strong></span> 
     </span>
    </p>
   </div>
   <div class='ocr_carea' id='block_1_42' title="bbox 355 2701 1992 2776">
    <p class='ocr_par' dir='ltr' id='par_1_42' title="bbox 355 2701 1992 2776">
     <span class='ocr_line' id='line_1_42' title="bbox 355 2701 1992 2776; baseline -0.001 -15"><span class='ocrx_word' id='word_1_280' title='bbox 355 2703 654 2762; x_wconf 87' lang='lat' dir='ltr'><strong>catholicis</strong></span> <span class='ocrx_word' id='word_1_281' title='bbox 684 2703 1022 2760; x_wconf 87' lang='lat' dir='ltr'><strong>hominibus</strong></span> <span class='ocrx_word' id='word_1_282' title='bbox 1042 2701 1219 2757; x_wconf 88' lang='lat' dir='ltr'><strong>totius</strong></span> <span class='ocrx_word' id='word_1_283' title='bbox 1247 2702 1339 2758; x_wconf 89' lang='lat' dir='ltr'><strong>sui</strong></span> <span class='ocrx_word' id='word_1_284' title='bbox 1365 2703 1629 2769; x_wconf 88' lang='lat' dir='ltr'><strong>duratus,</strong></span> <span class='ocrx_word' id='word_1_285' title='bbox 1653 2704 1724 2759; x_wconf 90' lang='lat' dir='ltr'><strong>de</strong></span> <span class='ocrx_word' id='word_1_286' title='bbox 1754 2721 1819 2759; x_wconf 91' lang='lat' dir='ltr'><strong>eo</strong></span> <span class='ocrx_word' id='word_1_287' title='bbox 1839 2706 1992 2776; x_wconf 92' lang='lat' dir='ltr'><strong>quod</strong></span> 
     </span>
    </p>
   </div>
   <div class='ocr_carea' id='block_1_43' title="bbox 355 2791 1992 2866">
    <p class='ocr_par' dir='ltr' id='par_1_43' title="bbox 355 2791 1992 2866">
     <span class='ocr_line' id='line_1_43' title="bbox 355 2791 1992 2866; baseline -0.001 -16"><span class='ocrx_word' id='word_1_288' title='bbox 355 2795 428 2850; x_wconf 90' lang='lat' dir='ltr'><strong>ab</strong></span> <span class='ocrx_word' id='word_1_289' title='bbox 461 2795 586 2866; x_wconf 90' lang='lat' dir='ltr'><strong>ipso</strong></span> <span class='ocrx_word' id='word_1_290' title='bbox 619 2793 676 2848; x_wconf 89' lang='lat' dir='ltr'><strong>in</strong></span> <span class='ocrx_word' id='word_1_291' title='bbox 712 2792 950 2848; x_wconf 85' lang='lat' dir='ltr'><strong>feudum</strong></span> <span class='ocrx_word' id='word_1_292' title='bbox 985 2794 1202 2859; x_wconf 89' lang='lat' dir='ltr'><strong>tenent,</strong></span> <span class='ocrx_word' id='word_1_293' title='bbox 1236 2791 1526 2847; x_wconf 85' lang='lat' dir='ltr'><strong>voluerint</strong></span> <span class='ocrx_word' id='word_1_294' title='bbox 1562 2791 1619 2846; x_wconf 92' lang='lat' dir='ltr'><strong>in</strong></span> <span class='ocrx_word' id='word_1_295' title='bbox 1652 2797 1874 2864; x_wconf 89' lang='lat' dir='ltr'><strong>partem</strong></span> <span class='ocrx_word' id='word_1_296' title='bbox 1906 2794 1992 2849; x_wconf 86' lang='lat' dir='ltr'><strong>vel</strong></span> 
     </span>
    </p>
   </div>
   <div class='ocr_carea' id='block_1_44' title="bbox 354 2881 1992 2954">
    <p class='ocr_par' dir='ltr' id='par_1_44' title="bbox 354 2881 1992 2954">
     <span class='ocr_line' id='line_1_44' title="bbox 354 2881 1992 2954; baseline 0 -16"><span class='ocrx_word' id='word_1_297' title='bbox 354 2883 415 2938; x_wconf 89' lang='lat' dir='ltr'><strong>in</strong></span> <span class='ocrx_word' id='word_1_298' title='bbox 443 2887 628 2939; x_wconf 90' lang='lat' dir='ltr'><strong>totum</strong></span> <span class='ocrx_word' id='word_1_299' title='bbox 653 2881 808 2937; x_wconf 90' lang='lat' dir='ltr'><strong>dicto</strong></span> <span class='ocrx_word' id='word_1_300' title='bbox 841 2881 1192 2935; x_wconf 88' lang='lat' dir='ltr'><strong>monasterio</strong></span> <span class='ocrx_word' id='word_1_301' title='bbox 1223 2881 1427 2936; x_wconf 69' lang='lat' dir='ltr'><strong>offerre</strong></span> <span class='ocrx_word' id='word_1_302' title='bbox 1453 2885 1511 2936; x_wconf 90' lang='lat' dir='ltr'><strong>et</strong></span> <span class='ocrx_word' id='word_1_303' title='bbox 1541 2881 1992 2954; x_wconf 82' lang='lat' dir='ltr'><strong>alienare,pote-</strong></span> 
     </span>
    </p>
   </div>
   <div class='ocr_carea' id='block_1_45' title="bbox 354 2969 1987 3042">
    <p class='ocr_par' dir='ltr' id='par_1_45' title="bbox 354 2969 1987 3042">
     <span class='ocr_line' id='line_1_45' title="bbox 354 2969 1987 3042; baseline -0.001 -14"><span class='ocrx_word' id='word_1_304' title='bbox 354 2976 566 3028; x_wconf 90' lang='lat' dir='ltr'><strong>statem</strong></span> <span class='ocrx_word' id='word_1_305' title='bbox 618 2970 760 3026; x_wconf 90' lang='lat' dir='ltr'><strong>illud</strong></span> <span class='ocrx_word' id='word_1_306' title='bbox 810 2970 1065 3025; x_wconf 88' lang='lat' dir='ltr'><strong>habeant</strong></span> <span class='ocrx_word' id='word_1_307' title='bbox 1105 2969 1351 3026; x_wconf 88' lang='lat' dir='ltr'><strong>faciendi</strong></span> <span class='ocrx_word' id='word_1_308' title='bbox 1393 2970 1643 3042; x_wconf 86' lang='lat' dir='ltr'><strong>qualiter</strong></span> <span class='ocrx_word' id='word_1_309' title='bbox 1681 2971 1987 3040; x_wconf 86' lang='lat' dir='ltr'><strong>voluerint,</strong></span> 
     </span>
    </p>
   </div>
   <div class='ocr_carea' id='block_1_46' title="bbox 352 3058 1992 3132">
    <p class='ocr_par' dir='ltr' id='par_1_46' title="bbox 352 3058 1992 3132">
     <span class='ocr_line' id='line_1_46' title="bbox 352 3058 1992 3132; baseline 0.001 -16"><span class='ocrx_word' id='word_1_310' title='bbox 352 3062 695 3132; x_wconf 88' lang='lat' dir='ltr'><strong>dictumque</strong></span> <span class='ocrx_word' id='word_1_311' title='bbox 718 3059 1137 3115; x_wconf 88' lang='lat' dir='ltr'><strong>monasterium</strong></span> <span class='ocrx_word' id='word_1_312' title='bbox 1156 3058 1447 3131; x_wconf 88' lang='lat' dir='ltr'><strong>bonaipsa</strong></span> <span class='ocrx_word' id='word_1_313' title='bbox 1472 3060 1544 3114; x_wconf 91' lang='lat' dir='ltr'><strong>ad</strong></span> <span class='ocrx_word' id='word_1_314' title='bbox 1576 3060 1768 3131; x_wconf 89' lang='lat' dir='ltr'><strong>ipsum</strong></span> <span class='ocrx_word' id='word_1_315' title='bbox 1799 3060 1992 3117; x_wconf 87' lang='lat' dir='ltr'><strong>taliter</strong></span> 
     </span>
    </p>
   </div>
   <div class='ocr_carea' id='block_1_47' title="bbox 353 3148 1985 3220">
    <p class='ocr_par' dir='ltr' id='par_1_47' title="bbox 353 3148 1985 3220">
     <span class='ocr_line' id='line_1_47' title="bbox 353 3148 1985 3220; baseline -0.001 -14"><span class='ocrx_word' id='word_1_316' title='bbox 353 3148 761 3206; x_wconf 80' lang='lat' dir='ltr'><strong>develutasine</strong></span> <span class='ocrx_word' id='word_1_317' title='bbox 783 3148 941 3204; x_wconf 91' lang='lat' dir='ltr'><strong>omni</strong></span> <span class='ocrx_word' id='word_1_318' title='bbox 964 3164 1070 3203; x_wconf 89' lang='lat' dir='ltr'><strong>sua</strong></span> <span class='ocrx_word' id='word_1_319' title='bbox 1093 3148 1985 3220; x_wconf 67' lang='lat' dir='ltr'><strong>haeredumqueetsuccessorum</strong></span> 
     </span>
    </p>
   </div>
   <div class='ocr_carea' id='block_1_48' title="bbox 352 3237 1982 3310">
    <p class='ocr_par' dir='ltr' id='par_1_48' title="bbox 352 3237 1982 3310">
     <span class='ocr_line' id='line_1_48' title="bbox 352 3237 1982 3310; baseline -0.001 -15"><span class='ocrx_word' id='word_1_320' title='bbox 352 3256 592 3296; x_wconf 92' lang='lat' dir='ltr'><strong>suorum</strong></span> <span class='ocrx_word' id='word_1_321' title='bbox 624 3237 1077 3294; x_wconf 86' lang='lat' dir='ltr'><strong>contradictione</strong></span> <span class='ocrx_word' id='word_1_322' title='bbox 1124 3237 1294 3293; x_wconf 87' lang='lat' dir='ltr'><strong>liceat</strong></span> <span class='ocrx_word' id='word_1_323' title='bbox 1336 3237 1648 3310; x_wconf 88' lang='lat' dir='ltr'><strong>percipere,</strong></span> <span class='ocrx_word' id='word_1_324' title='bbox 1696 3239 1881 3295; x_wconf 88' lang='lat' dir='ltr'><strong>valeat</strong></span> <span class='ocrx_word' id='word_1_325' title='bbox 1925 3241 1982 3294; x_wconf 91' lang='lat' dir='ltr'><strong>in</strong></span> 
     </span>
    </p>
   </div>
   <div class='ocr_carea' id='block_1_49' title="bbox 2117 1990 3762 2063">
    <p class='ocr_par' dir='ltr' id='par_1_49' title="bbox 2117 1990 3762 2063">
     <span class='ocr_line' id='line_1_49' title="bbox 2117 1990 3762 2063; baseline -0.002 -13"><span class='ocrx_word' id='word_1_326' title='bbox 2117 1993 2360 2050; x_wconf 89' lang='lat' dir='ltr'><strong>scientia</strong></span> <span class='ocrx_word' id='word_1_327' title='bbox 2389 1993 2829 2058; x_wconf 84' lang='lat' dir='ltr'><strong>conﬁrmamus,</strong></span> <span class='ocrx_word' id='word_1_328' title='bbox 2861 1990 3203 2046; x_wconf 88' lang='lat' dir='ltr'><strong>auctoritale</strong></span> <span class='ocrx_word' id='word_1_329' title='bbox 3224 1990 3540 2063; x_wconf 86' lang='lat' dir='ltr'><strong>apostolica</strong></span> <span class='ocrx_word' id='word_1_330' title='bbox 3561 1995 3618 2049; x_wconf 84' lang='lat' dir='ltr'><strong>et</strong></span> <span class='ocrx_word' id='word_1_331' title='bbox 3638 1991 3762 2063; x_wconf 90' lang='lat' dir='ltr'><strong>ple-</strong></span> 
     </span>
    </p>
   </div>
   <div class='ocr_carea' id='block_1_50' title="bbox 2113 2080 2727 2153">
    <p class='ocr_par' dir='ltr' id='par_1_50' title="bbox 2113 2080 2727 2153">
     <span class='ocr_line' id='line_1_50' title="bbox 2113 2080 2727 2153; baseline -0.007 -15"><span class='ocrx_word' id='word_1_332' title='bbox 2113 2083 2379 2138; x_wconf 90' lang='lat' dir='ltr'><strong>nitudine</strong></span> <span class='ocrx_word' id='word_1_333' title='bbox 2403 2080 2727 2153; x_wconf 87' lang='lat' dir='ltr'><strong>potestatis.</strong></span> 
     </span>
    </p>
   </div>
   <div class='ocr_carea' id='block_1_51' title="bbox 2185 2168 3760 2241">
    <p class='ocr_par' dir='ltr' id='par_1_51' title="bbox 2185 2168 3760 2241">
     <span class='ocr_line' id='line_1_51' title="bbox 2185 2168 3760 2241; baseline 0 -15"><span class='ocrx_word' id='word_1_334' title='bbox 2185 2175 2566 2228; x_wconf 84' lang='lat' dir='ltr'><strong>Decernentes</strong></span> <span class='ocrx_word' id='word_1_335' title='bbox 2616 2173 2673 2224; x_wconf 89' lang='lat' dir='ltr'><strong>et</strong></span> <span class='ocrx_word' id='word_1_336' title='bbox 2702 2169 2889 2225; x_wconf 90' lang='lat' dir='ltr'><strong>edicto</strong></span> <span class='ocrx_word' id='word_1_337' title='bbox 2949 2172 3225 2241; x_wconf 86' lang='lat' dir='ltr'><strong>perpetuo</strong></span> <span class='ocrx_word' id='word_1_338' title='bbox 3276 2168 3636 2234; x_wconf 86' lang='lat' dir='ltr'><strong>roborantes,</strong></span> <span class='ocrx_word' id='word_1_339' title='bbox 3687 2175 3760 2226; x_wconf 90' lang='lat' dir='ltr'><strong>ut</strong></span> 
     </span>
    </p>
   </div>
   <div class='ocr_carea' id='block_1_52' title="bbox 2110 2257 3764 2334">
    <p class='ocr_par' dir='ltr' id='par_1_52' title="bbox 2110 2257 3764 2334">
     <span class='ocr_line' id='line_1_52' title="bbox 2110 2257 3764 2334; baseline -0.001 -18"><span class='ocrx_word' id='word_1_340' title='bbox 2110 2262 2444 2334; x_wconf 90' lang='lat' dir='ltr'><strong>quicunque</strong></span> <span class='ocrx_word' id='word_1_341' title='bbox 2474 2259 2697 2314; x_wconf 90' lang='lat' dir='ltr'><strong>dictum</strong></span> <span class='ocrx_word' id='word_1_342' title='bbox 2753 2257 3174 2314; x_wconf 87' lang='lat' dir='ltr'><strong>monasterium</strong></span> <span class='ocrx_word' id='word_1_343' title='bbox 3227 2258 3284 2312; x_wconf 91' lang='lat' dir='ltr'><strong>in</strong></span> <span class='ocrx_word' id='word_1_344' title='bbox 3327 2258 3451 2314; x_wconf 90' lang='lat' dir='ltr'><strong>suis</strong></span> <span class='ocrx_word' id='word_1_345' title='bbox 3487 2258 3764 2330; x_wconf 71' lang='lat' dir='ltr'><strong>juribus,</strong></span> 
     </span>
    </p>
   </div>
   <div class='ocr_carea' id='block_1_53' title="bbox 2107 2346 3758 2423">
    <p class='ocr_par' dir='ltr' id='par_1_53' title="bbox 2107 2346 3758 2423">
     <span class='ocr_line' id='line_1_53' title="bbox 2107 2346 3758 2423; baseline -0.002 -17"><span class='ocrx_word' id='word_1_346' title='bbox 2107 2349 2578 2423; x_wconf 86' lang='lat' dir='ltr'><strong>possessionibus</strong></span> <span class='ocrx_word' id='word_1_347' title='bbox 2626 2353 2682 2403; x_wconf 90' lang='lat' dir='ltr'><strong>et</strong></span> <span class='ocrx_word' id='word_1_348' title='bbox 2728 2346 3096 2402; x_wconf 87' lang='lat' dir='ltr'><strong>libertatibus</strong></span> <span class='ocrx_word' id='word_1_349' title='bbox 3153 2346 3386 2420; x_wconf 74' lang='lat' dir='ltr'><strong>laeserit,</strong></span> <span class='ocrx_word' id='word_1_350' title='bbox 3425 2352 3527 2403; x_wconf 91' lang='lat' dir='ltr'><strong>aut</strong></span> <span class='ocrx_word' id='word_1_351' title='bbox 3573 2347 3758 2404; x_wconf 88' lang='lat' dir='ltr'><strong>etiam</strong></span> 
     </span>
    </p>
   </div>
   <div class='ocr_carea' id='block_1_54' title="bbox 2105 2435 3760 2513">
    <p class='ocr_par' dir='ltr' id='par_1_54' title="bbox 2105 2435 3760 2513">
     <span class='ocr_line' id='line_1_54' title="bbox 2105 2435 3760 2513; baseline -0.002 -17"><span class='ocrx_word' id='word_1_352' title='bbox 2105 2438 2550 2513; x_wconf 89' lang='lat' dir='ltr'><strong>perturbaverit,</strong></span> <span class='ocrx_word' id='word_1_353' title='bbox 2588 2436 2760 2492; x_wconf 88' lang='lat' dir='ltr'><strong>liceat</strong></span> <span class='ocrx_word' id='word_1_354' title='bbox 2812 2435 2938 2505; x_wconf 92' lang='lat' dir='ltr'><strong>tibi,</strong></span> <span class='ocrx_word' id='word_1_355' title='bbox 2999 2437 3438 2492; x_wconf 88' lang='lat' dir='ltr'><strong>successoribus</strong></span> <span class='ocrx_word' id='word_1_356' title='bbox 3496 2437 3636 2505; x_wconf 91' lang='lat' dir='ltr'><strong>tuis,</strong></span> <span class='ocrx_word' id='word_1_357' title='bbox 3695 2442 3760 2493; x_wconf 86' lang='lat' dir='ltr'><strong>et</strong></span> 
     </span>
    </p>
   </div>
   <div class='ocr_carea' id='block_1_55' title="bbox 2104 2524 3759 2602">
    <p class='ocr_par' dir='ltr' id='par_1_55' title="bbox 2104 2524 3759 2602">
     <span class='ocr_line' id='line_1_55' title="bbox 2104 2524 3759 2602; baseline -0.001 -19"><span class='ocrx_word' id='word_1_358' title='bbox 2104 2529 2370 2602; x_wconf 89' lang='lat' dir='ltr'><strong>patribus</strong></span> <span class='ocrx_word' id='word_1_359' title='bbox 2401 2526 2586 2599; x_wconf 85' lang='lat' dir='ltr'><strong>ipsius</strong></span> <span class='ocrx_word' id='word_1_360' title='bbox 2634 2524 2994 2594; x_wconf 87' lang='lat' dir='ltr'><strong>monasterii,</strong></span> <span class='ocrx_word' id='word_1_361' title='bbox 3041 2526 3448 2598; x_wconf 82' lang='lat' dir='ltr'><strong>cujuscunque</strong></span> <span class='ocrx_word' id='word_1_362' title='bbox 3491 2525 3759 2598; x_wconf 70' lang='lat' dir='ltr'><strong>praaemi-</strong></span> 
     </span>
    </p>
   </div>
   <div class='ocr_carea' id='block_1_56' title="bbox 2104 2614 3759 2687">
    <p class='ocr_par' dir='ltr' id='par_1_56' title="bbox 2104 2614 3759 2687">
     <span class='ocr_line' id='line_1_56' title="bbox 2104 2614 3759 2687; baseline -0.002 -13"><span class='ocrx_word' id='word_1_363' title='bbox 2104 2618 2313 2674; x_wconf 68' lang='lat' dir='ltr'><strong>nentiae</strong></span> <span class='ocrx_word' id='word_1_364' title='bbox 2346 2616 2464 2672; x_wconf 90' lang='lat' dir='ltr'><strong>sive</strong></span> <span class='ocrx_word' id='word_1_365' title='bbox 2496 2619 2684 2671; x_wconf 90' lang='lat' dir='ltr'><strong>status</strong></span> <span class='ocrx_word' id='word_1_366' title='bbox 2732 2614 2969 2680; x_wconf 84' lang='lat' dir='ltr'><strong>fuerint,</strong></span> <span class='ocrx_word' id='word_1_367' title='bbox 3023 2614 3180 2686; x_wconf 91' lang='lat' dir='ltr'><strong>ipsos</strong></span> <span class='ocrx_word' id='word_1_368' title='bbox 3230 2615 3570 2670; x_wconf 88' lang='lat' dir='ltr'><strong>auctoritate</strong></span> <span class='ocrx_word' id='word_1_369' title='bbox 3598 2632 3759 2687; x_wconf 63' lang='lat' dir='ltr'><strong>prm-</strong></span> 
     </span>
    </p>
   </div>
   <div class='ocr_carea' id='block_1_57' title="bbox 2103 2703 3752 2778">
    <p class='ocr_par' dir='ltr' id='par_1_57' title="bbox 2103 2703 3752 2778">
     <span class='ocr_line' id='line_1_57' title="bbox 2103 2703 3752 2778; baseline -0.002 -14"><span class='ocrx_word' id='word_1_370' title='bbox 2103 2707 2284 2765; x_wconf 88' lang='lat' dir='ltr'><strong>sentis</strong></span> <span class='ocrx_word' id='word_1_371' title='bbox 2301 2705 2480 2762; x_wconf 89' lang='lat' dir='ltr'><strong>nostri</strong></span> <span class='ocrx_word' id='word_1_372' title='bbox 2497 2703 3076 2778; x_wconf 87' lang='lat' dir='ltr'><strong>privilegiicanonica</strong></span> <span class='ocrx_word' id='word_1_373' title='bbox 3099 2703 3415 2759; x_wconf 89' lang='lat' dir='ltr'><strong>monitione</strong></span> <span class='ocrx_word' id='word_1_374' title='bbox 3436 2704 3752 2775; x_wconf 80' lang='lat' dir='ltr'><strong>praemissa</strong></span> 
     </span>
    </p>
   </div>
   <div class='ocr_carea' id='block_1_58' title="bbox 2101 2793 3752 2862">
    <p class='ocr_par' dir='ltr' id='par_1_58' title="bbox 2101 2793 3752 2862">
     <span class='ocr_line' id='line_1_58' title="bbox 2101 2793 3752 2862; baseline -0.002 -9"><span class='ocrx_word' id='word_1_375' title='bbox 2101 2794 2628 2862; x_wconf 87' lang='lat' dir='ltr'><strong>excommunicare,</strong></span> <span class='ocrx_word' id='word_1_376' title='bbox 2669 2797 2726 2848; x_wconf 91' lang='lat' dir='ltr'><strong>et</strong></span> <span class='ocrx_word' id='word_1_377' title='bbox 2774 2793 3308 2848; x_wconf 83' lang='lat' dir='ltr'><strong>excommunicatos</strong></span> <span class='ocrx_word' id='word_1_378' title='bbox 3353 2793 3472 2848; x_wconf 83' lang='lat' dir='ltr'><strong>fore</strong></span> <span class='ocrx_word' id='word_1_379' title='bbox 3521 2793 3752 2849; x_wconf 90' lang='lat' dir='ltr'><strong>denun-</strong></span> 
     </span>
    </p>
   </div>
   <div class='ocr_carea' id='block_1_59' title="bbox 2100 2880 3754 2956">
    <p class='ocr_par' dir='ltr' id='par_1_59' title="bbox 2100 2880 3754 2956">
     <span class='ocr_line' id='line_1_59' title="bbox 2100 2880 3754 2956; baseline -0.001 -15"><span class='ocrx_word' id='word_1_380' title='bbox 2100 2886 2266 2955; x_wconf 87' lang='lat' dir='ltr'><strong>tiare,</strong></span> <span class='ocrx_word' id='word_1_381' title='bbox 2299 2889 2474 2956; x_wconf 86' lang='lat' dir='ltr'><strong>atque</strong></span> <span class='ocrx_word' id='word_1_382' title='bbox 2522 2883 2677 2954; x_wconf 92' lang='lat' dir='ltr'><strong>quod</strong></span> <span class='ocrx_word' id='word_1_383' title='bbox 2715 2881 2935 2938; x_wconf 89' lang='lat' dir='ltr'><strong>absolvi</strong></span> <span class='ocrx_word' id='word_1_384' title='bbox 2986 2898 3102 2937; x_wconf 92' lang='lat' dir='ltr'><strong>non</strong></span> <span class='ocrx_word' id='word_1_385' title='bbox 3128 2881 3375 2953; x_wconf 85' lang='lat' dir='ltr'><strong>possint,</strong></span> <span class='ocrx_word' id='word_1_386' title='bbox 3412 2881 3528 2937; x_wconf 92' lang='lat' dir='ltr'><strong>nisi</strong></span> <span class='ocrx_word' id='word_1_387' title='bbox 3570 2880 3754 2956; x_wconf 88' lang='lat' dir='ltr'><strong>digne</strong></span> 
     </span>
    </p>
   </div>
   <div class='ocr_carea' id='block_1_60' title="bbox 2100 2969 3747 3044">
    <p class='ocr_par' dir='ltr' id='par_1_60' title="bbox 2100 2969 3747 3044">
     <span class='ocr_line' id='line_1_60' title="bbox 2100 2969 3747 3044; baseline -0.003 -12"><span class='ocrx_word' id='word_1_388' title='bbox 2100 2974 2490 3032; x_wconf 85' lang='lat' dir='ltr'><strong>satisfecerint</strong></span> <span class='ocrx_word' id='word_1_389' title='bbox 2521 2989 2534 3040; x_wconf 85' lang='lat'><strong>;</strong></span> <span class='ocrx_word' id='word_1_390' title='bbox 2569 2971 2873 3044; x_wconf 91' lang='lat' dir='ltr'><strong>privilegio</strong></span> <span class='ocrx_word' id='word_1_391' title='bbox 2917 2971 3001 3027; x_wconf 90' lang='lat' dir='ltr'><strong>eis</strong></span> <span class='ocrx_word' id='word_1_392' title='bbox 3049 2987 3345 3039; x_wconf 90' lang='lat' dir='ltr'><strong>concesso,</strong></span> <span class='ocrx_word' id='word_1_393' title='bbox 3391 2969 3481 3027; x_wconf 90' lang='lat' dir='ltr'><strong>vel</strong></span> <span class='ocrx_word' id='word_1_394' title='bbox 3533 2987 3747 3027; x_wconf 88' lang='lat' dir='ltr'><strong>conce-</strong></span> 
     </span>
    </p>
   </div>
   <div class='ocr_carea' id='block_1_61' title="bbox 2098 3059 3746 3134">
    <p class='ocr_par' dir='ltr' id='par_1_61' title="bbox 2098 3059 3746 3134">
     <span class='ocr_line' id='line_1_61' title="bbox 2098 3059 3746 3134; baseline -0.002 -13"><span class='ocrx_word' id='word_1_395' title='bbox 2098 3064 2286 3122; x_wconf 88' lang='lat' dir='ltr'><strong>dendo</strong></span> <span class='ocrx_word' id='word_1_396' title='bbox 2317 3062 2470 3134; x_wconf 90' lang='lat' dir='ltr'><strong>quod</strong></span> <span class='ocrx_word' id='word_1_397' title='bbox 2500 3060 2990 3116; x_wconf 85' lang='lat' dir='ltr'><strong>excommunicari</strong></span> <span class='ocrx_word' id='word_1_398' title='bbox 3005 3064 3060 3115; x_wconf 90' lang='lat' dir='ltr'><strong>et</strong></span> <span class='ocrx_word' id='word_1_399' title='bbox 3091 3059 3489 3116; x_wconf 87' lang='lat' dir='ltr'><strong>interdicinon</strong></span> <span class='ocrx_word' id='word_1_400' title='bbox 3505 3059 3746 3133; x_wconf 84' lang='lat' dir='ltr'><strong>possint</strong></span> 
     </span>
    </p>
   </div>
   <div class='ocr_carea' id='block_1_62' title="bbox 2097 3148 3743 3225">
    <p class='ocr_par' dir='ltr' id='par_1_62' title="bbox 2097 3148 3743 3225">
     <span class='ocr_line' id='line_1_62' title="bbox 2097 3148 3743 3225; baseline -0.003 -16"><span class='ocrx_word' id='word_1_401' title='bbox 2097 3153 2491 3225; x_wconf 85' lang='lat' dir='ltr'><strong>aliquatenus,</strong></span> <span class='ocrx_word' id='word_1_402' title='bbox 2521 3168 2636 3205; x_wconf 92' lang='lat' dir='ltr'><strong>non</strong></span> <span class='ocrx_word' id='word_1_403' title='bbox 2669 3151 2959 3218; x_wconf 89' lang='lat' dir='ltr'><strong>obstante,</strong></span> <span class='ocrx_word' id='word_1_404' title='bbox 2995 3149 3107 3204; x_wconf 90' lang='lat' dir='ltr'><strong>nisi</strong></span> <span class='ocrx_word' id='word_1_405' title='bbox 3138 3149 3209 3204; x_wconf 92' lang='lat' dir='ltr'><strong>de</strong></span> <span class='ocrx_word' id='word_1_406' title='bbox 3257 3148 3484 3204; x_wconf 86' lang='lat' dir='ltr'><strong>indulto</strong></span> <span class='ocrx_word' id='word_1_407' title='bbox 3529 3148 3743 3221; x_wconf 85' lang='lat' dir='ltr'><strong>hujus-</strong></span> 
     </span>
    </p>
   </div>
   <div class='ocr_carea' id='block_1_63' title="bbox 2097 3234 3745 3313">
    <p class='ocr_par' dir='ltr' id='par_1_63' title="bbox 2097 3234 3745 3313">
     <span class='ocr_line' id='line_1_63' title="bbox 2097 3234 3745 3313; baseline -0.004 -13"><span class='ocrx_word' id='word_1_408' title='bbox 2097 3242 2254 3300; x_wconf 87' lang='lat' dir='ltr'><strong>modi</strong></span> <span class='ocrx_word' id='word_1_409' title='bbox 2303 3240 2536 3313; x_wconf 89' lang='lat' dir='ltr'><strong>plenam</strong></span> <span class='ocrx_word' id='word_1_410' title='bbox 2588 3245 2645 3294; x_wconf 89' lang='lat' dir='ltr'><strong>et</strong></span> <span class='ocrx_word' id='word_1_411' title='bbox 2691 3256 3029 3312; x_wconf 84' lang='lat' dir='ltr'><strong>expressam</strong></span> <span class='ocrx_word' id='word_1_412' title='bbox 3065 3234 3305 3294; x_wconf 76' lang='lat' dir='ltr'><strong>fecerint</strong></span> <span class='ocrx_word' id='word_1_413' title='bbox 3358 3237 3745 3300; x_wconf 74' lang='lat' dir='ltr'><strong>mentionem,</strong></span> 
     </span>
    </p>
   </div>
   <div class='ocr_carea' id='block_1_64' title="bbox 349 3305 3746 3404">
    <p class='ocr_par' dir='ltr' id='par_1_64' title="bbox 349 3305 3746 3404">
     <span class='ocr_line' id='line_1_64' title="bbox 349 3305 3746 3404; baseline -0.001 -20"><span class='ocrx_word' id='word_1_414' title='bbox 349 3329 456 3386; x_wconf 88' lang='lat' dir='ltr'><strong>suo</strong></span> <span class='ocrx_word' id='word_1_415' title='bbox 495 3327 754 3383; x_wconf 88' lang='lat' dir='ltr'><strong>dominio</strong></span> <span class='ocrx_word' id='word_1_416' title='bbox 806 3327 1072 3394; x_wconf 86' lang='lat' dir='ltr'><strong>retinere,</strong></span> <span class='ocrx_word' id='word_1_417' title='bbox 1122 3331 1178 3382; x_wconf 92' lang='lat' dir='ltr'><strong>et</strong></span> <span class='ocrx_word' id='word_1_418' title='bbox 1226 3344 1260 3382; x_wconf 91' lang='lat' dir='ltr'><strong>a</strong></span> <span class='ocrx_word' id='word_1_419' title='bbox 1293 3325 1551 3399; x_wconf 90' lang='lat' dir='ltr'><strong>quolibet</strong></span> <span class='ocrx_word' id='word_1_420' title='bbox 1599 3328 1852 3395; x_wconf 88' lang='lat' dir='ltr'><strong>servitio,</strong></span> <span class='ocrx_word' id='word_1_421' title='bbox 1894 3328 1981 3383; x_wconf 91' lang='lat' dir='ltr'><strong>vel</strong></span> <span class='ocrx_word' id='word_1_422' title='bbox 2015 3305 2057 3373; x_wconf 79' lang='lat' dir='ltr'>C</span> <span class='ocrx_word' id='word_1_423' title='bbox 2094 3333 2152 3388; x_wconf 89' lang='lat' dir='ltr'><strong>Si</strong></span> <span class='ocrx_word' id='word_1_424' title='bbox 2184 3331 2318 3404; x_wconf 89' lang='lat' dir='ltr'><strong>quis</strong></span> <span class='ocrx_word' id='word_1_425' title='bbox 2345 3334 2540 3386; x_wconf 88' lang='lat' dir='ltr'><strong>autem</strong></span> <span class='ocrx_word' id='word_1_426' title='bbox 2571 3333 2774 3384; x_wconf 89' lang='lat' dir='ltr'><strong>contra</strong></span> <span class='ocrx_word' id='word_1_427' title='bbox 2803 3328 2956 3383; x_wconf 88' lang='lat' dir='ltr'><strong>hanc</strong></span> <span class='ocrx_word' id='word_1_428' title='bbox 3008 3328 3193 3383; x_wconf 88' lang='lat' dir='ltr'><strong>nostri</strong></span> <span class='ocrx_word' id='word_1_429' title='bbox 3242 3327 3455 3382; x_wconf 87' lang='lat' dir='ltr'><strong>decreti</strong></span> <span class='ocrx_word' id='word_1_430' title='bbox 3490 3327 3746 3398; x_wconf 85' lang='lat' dir='ltr'><strong>auctori-</strong></span> 
     </span>
    </p>
   </div>
   <div class='ocr_carea' id='block_1_65' title="bbox 347 3413 1984 3491">
    <p class='ocr_par' dir='ltr' id='par_1_65' title="bbox 347 3413 1984 3491">
     <span class='ocr_line' id='line_1_65' title="bbox 347 3413 1984 3491; baseline -0.001 -19"><span class='ocrx_word' id='word_1_431' title='bbox 347 3417 764 3491; x_wconf 68' lang='lat' dir='ltr'><strong>praeparatione</strong></span> <span class='ocrx_word' id='word_1_432' title='bbox 796 3416 1033 3472; x_wconf 87' lang='lat' dir='ltr'><strong>feudum</strong></span> <span class='ocrx_word' id='word_1_433' title='bbox 1066 3415 1280 3487; x_wconf 90' lang='lat' dir='ltr'><strong>ipsum,</strong></span> <span class='ocrx_word' id='word_1_434' title='bbox 1312 3413 1396 3470; x_wconf 89' lang='lat' dir='ltr'><strong>vel</strong></span> <span class='ocrx_word' id='word_1_435' title='bbox 1430 3432 1562 3487; x_wconf 88' lang='lat' dir='ltr'><strong>pars</strong></span> <span class='ocrx_word' id='word_1_436' title='bbox 1593 3415 1800 3487; x_wconf 90' lang='lat' dir='ltr'><strong>ipsius,</strong></span> <span class='ocrx_word' id='word_1_437' title='bbox 1826 3417 1984 3472; x_wconf 91' lang='lat' dir='ltr'><strong>dein-</strong></span> 
     </span>
    </p>
   </div>
   <div class='ocr_carea' id='block_1_66' title="bbox 345 3503 1980 3580">
    <p class='ocr_par' dir='ltr' id='par_1_66' title="bbox 345 3503 1980 3580">
     <span class='ocr_line' id='line_1_66' title="bbox 345 3503 1980 3580; baseline -0.001 -17"><span class='ocrx_word' id='word_1_438' title='bbox 345 3524 480 3580; x_wconf 91' lang='lat' dir='ltr'><strong>ceps</strong></span> <span class='ocrx_word' id='word_1_439' title='bbox 511 3508 588 3563; x_wconf 88' lang='lat' dir='ltr'><strong>sit</strong></span> <span class='ocrx_word' id='word_1_440' title='bbox 614 3505 895 3562; x_wconf 89' lang='lat' dir='ltr'><strong>immune.</strong></span> <span class='ocrx_word' id='word_1_441' title='bbox 937 3503 995 3559; x_wconf 89' lang='lat' dir='ltr'><strong>Si</strong></span> <span class='ocrx_word' id='word_1_442' title='bbox 1041 3521 1174 3560; x_wconf 91' lang='lat' dir='ltr'><strong>vero</strong></span> <span class='ocrx_word' id='word_1_443' title='bbox 1204 3503 1417 3576; x_wconf 89' lang='lat' dir='ltr'><strong>aliquis</strong></span> <span class='ocrx_word' id='word_1_444' title='bbox 1455 3509 1574 3559; x_wconf 91' lang='lat' dir='ltr'><strong>tam</strong></span> <span class='ocrx_word' id='word_1_445' title='bbox 1607 3505 1678 3559; x_wconf 92' lang='lat' dir='ltr'><strong>de</strong></span> <span class='ocrx_word' id='word_1_446' title='bbox 1711 3505 1980 3562; x_wconf 87' lang='lat' dir='ltr'><strong>vassallis</strong></span> 
     </span>
    </p>
   </div>
   <div class='ocr_carea' id='block_1_67' title="bbox 345 3593 1980 3669">
    <p class='ocr_par' dir='ltr' id='par_1_67' title="bbox 345 3593 1980 3669">
     <span class='ocr_line' id='line_1_67' title="bbox 345 3593 1980 3669; baseline -0.001 -17"><span class='ocrx_word' id='word_1_447' title='bbox 345 3597 530 3669; x_wconf 88' lang='lat' dir='ltr'><strong>ipsius</strong></span> <span class='ocrx_word' id='word_1_448' title='bbox 562 3595 918 3661; x_wconf 87' lang='lat' dir='ltr'><strong>monasterii,</strong></span> <span class='ocrx_word' id='word_1_449' title='bbox 952 3611 1130 3666; x_wconf 88' lang='lat' dir='ltr'><strong>quam</strong></span> <span class='ocrx_word' id='word_1_450' title='bbox 1175 3594 1246 3648; x_wconf 90' lang='lat' dir='ltr'><strong>de</strong></span> <span class='ocrx_word' id='word_1_451' title='bbox 1277 3593 1428 3661; x_wconf 89' lang='lat' dir='ltr'><strong>aliis,</strong></span> <span class='ocrx_word' id='word_1_452' title='bbox 1463 3598 1665 3648; x_wconf 90' lang='lat' dir='ltr'><strong>tenens</strong></span> <span class='ocrx_word' id='word_1_453' title='bbox 1710 3594 1780 3649; x_wconf 91' lang='lat' dir='ltr'><strong>de</strong></span> <span class='ocrx_word' id='word_1_454' title='bbox 1811 3596 1980 3652; x_wconf 91' lang='lat' dir='ltr'><strong>bonis</strong></span> 
     </span>
    </p>
   </div>
   <div class='ocr_carea' id='block_1_68' title="bbox 341 3681 1978 3756">
    <p class='ocr_par' dir='ltr' id='par_1_68' title="bbox 341 3681 1978 3756">
     <span class='ocr_line' id='line_1_68' title="bbox 341 3681 1978 3756; baseline -0.001 -14"><span class='ocrx_word' id='word_1_455' title='bbox 341 3686 462 3742; x_wconf 87' lang='lat' dir='ltr'><strong>suis</strong></span> <span class='ocrx_word' id='word_1_456' title='bbox 495 3684 802 3742; x_wconf 86' lang='lat' dir='ltr'><strong>stabilibus</strong></span> <span class='ocrx_word' id='word_1_457' title='bbox 834 3683 921 3738; x_wconf 90' lang='lat' dir='ltr'><strong>vel</strong></span> <span class='ocrx_word' id='word_1_458' title='bbox 949 3682 1417 3750; x_wconf 88' lang='lat' dir='ltr'><strong>mobilibus,sine</strong></span> <span class='ocrx_word' id='word_1_459' title='bbox 1446 3681 1671 3739; x_wconf 75' lang='lat' dir='ltr'><strong>haerede</strong></span> <span class='ocrx_word' id='word_1_460' title='bbox 1720 3682 1978 3756; x_wconf 88' lang='lat' dir='ltr'><strong>legitimo</strong></span> 
     </span>
    </p>
   </div>
   <div class='ocr_carea' id='block_1_69' title="bbox 339 3771 1983 3845">
    <p class='ocr_par' dir='ltr' id='par_1_69' title="bbox 339 3771 1983 3845">
     <span class='ocr_line' id='line_1_69' title="bbox 339 3771 1983 3845; baseline -0.001 -14"><span class='ocrx_word' id='word_1_461' title='bbox 339 3775 424 3832; x_wconf 88' lang='lat' dir='ltr'><strong>vel</strong></span> <span class='ocrx_word' id='word_1_462' title='bbox 457 3774 706 3830; x_wconf 89' lang='lat' dir='ltr'><strong>naturali</strong></span> <span class='ocrx_word' id='word_1_463' title='bbox 736 3771 1073 3838; x_wconf 89' lang='lat' dir='ltr'><strong>decesserit,</strong></span> <span class='ocrx_word' id='word_1_464' title='bbox 1098 3771 1185 3828; x_wconf 91' lang='lat' dir='ltr'><strong>vel</strong></span> <span class='ocrx_word' id='word_1_465' title='bbox 1217 3771 1579 3827; x_wconf 86' lang='lat' dir='ltr'><strong>forisfactum</strong></span> <span class='ocrx_word' id='word_1_466' title='bbox 1630 3772 1846 3840; x_wconf 84' lang='lat' dir='ltr'><strong>fecerit,</strong></span> <span class='ocrx_word' id='word_1_467' title='bbox 1880 3791 1983 3845; x_wconf 89' lang='lat' dir='ltr'><strong>per</strong></span> 
     </span>
    </p>
   </div>
   <div class='ocr_carea' id='block_1_70' title="bbox 338 3859 1981 3936">
    <p class='ocr_par' dir='ltr' id='par_1_70' title="bbox 338 3859 1981 3936">
     <span class='ocr_line' id='line_1_70' title="bbox 338 3859 1981 3936; baseline -0.001 -17"><span class='ocrx_word' id='word_1_468' title='bbox 338 3865 492 3936; x_wconf 89' lang='lat' dir='ltr'><strong>quod</strong></span> <span class='ocrx_word' id='word_1_469' title='bbox 526 3864 655 3936; x_wconf 89' lang='lat' dir='ltr'><strong>ipsa</strong></span> <span class='ocrx_word' id='word_1_470' title='bbox 702 3863 770 3918; x_wconf 88' lang='lat' dir='ltr'><strong>ad</strong></span> <span class='ocrx_word' id='word_1_471' title='bbox 826 3879 1038 3918; x_wconf 87' lang='lat' dir='ltr'><strong>manus</strong></span> <span class='ocrx_word' id='word_1_472' title='bbox 1089 3859 1418 3933; x_wconf 75' lang='lat' dir='ltr'><strong>reipublicae</strong></span> <span class='ocrx_word' id='word_1_473' title='bbox 1462 3859 1531 3914; x_wconf 88' lang='lat' dir='ltr'><strong>de</strong></span> <span class='ocrx_word' id='word_1_474' title='bbox 1559 3860 1695 3930; x_wconf 87' lang='lat' dir='ltr'><strong>jure</strong></span> <span class='ocrx_word' id='word_1_475' title='bbox 1742 3869 1981 3933; x_wconf 89' lang='lat' dir='ltr'><strong>possent</strong></span> 
     </span>
    </p>
   </div>
   <div class='ocr_carea' id='block_1_71' title="bbox 338 3949 1978 4025">
    <p class='ocr_par' dir='ltr' id='par_1_71' title="bbox 338 3949 1978 4025">
     <span class='ocr_line' id='line_1_71' title="bbox 338 3949 1978 4025; baseline 0 -17"><span class='ocrx_word' id='word_1_476' title='bbox 338 3951 634 4025; x_wconf 89' lang='lat' dir='ltr'><strong>applicari,</strong></span> <span class='ocrx_word' id='word_1_477' title='bbox 661 3951 886 4007; x_wconf 91' lang='lat' dir='ltr'><strong>licitum</strong></span> <span class='ocrx_word' id='word_1_478' title='bbox 918 3952 993 4005; x_wconf 89' lang='lat' dir='ltr'><strong>sit</strong></span> <span class='ocrx_word' id='word_1_479' title='bbox 1016 3950 1177 4009; x_wconf 90' lang='lat' dir='ltr'><strong>vobis</strong></span> <span class='ocrx_word' id='word_1_480' title='bbox 1209 3967 1311 4020; x_wconf 89' lang='lat' dir='ltr'><strong>per</strong></span> <span class='ocrx_word' id='word_1_481' title='bbox 1342 3965 1442 4004; x_wconf 90' lang='lat' dir='ltr'><strong>vos</strong></span> <span class='ocrx_word' id='word_1_482' title='bbox 1485 3949 1688 4004; x_wconf 89' lang='lat' dir='ltr'><strong>eadem</strong></span> <span class='ocrx_word' id='word_1_483' title='bbox 1724 3950 1876 4006; x_wconf 92' lang='lat' dir='ltr'><strong>bona</strong></span> <span class='ocrx_word' id='word_1_484' title='bbox 1907 3952 1978 4008; x_wconf 88' lang='lat' dir='ltr'><strong>ad</strong></span> 
     </span>
    </p>
   </div>
   <div class='ocr_carea' id='block_1_72' title="bbox 334 4036 1977 4111">
    <p class='ocr_par' dir='ltr' id='par_1_72' title="bbox 334 4036 1977 4111">
     <span class='ocr_line' id='line_1_72' title="bbox 334 4036 1977 4111; baseline -0.001 -15"><span class='ocrx_word' id='word_1_485' title='bbox 334 4046 596 4097; x_wconf 87' lang='lat' dir='ltr'><strong>vestrum</strong></span> <span class='ocrx_word' id='word_1_486' title='bbox 629 4039 958 4096; x_wconf 90' lang='lat' dir='ltr'><strong>dominium</strong></span> <span class='ocrx_word' id='word_1_487' title='bbox 1001 4055 1288 4103; x_wconf 90' lang='lat' dir='ltr'><strong>revocare,</strong></span> <span class='ocrx_word' id='word_1_488' title='bbox 1318 4036 1475 4092; x_wconf 90' lang='lat' dir='ltr'><strong>omni</strong></span> <span class='ocrx_word' id='word_1_489' title='bbox 1519 4055 1628 4093; x_wconf 89' lang='lat' dir='ltr'><strong>sua</strong></span> <span class='ocrx_word' id='word_1_490' title='bbox 1659 4039 1977 4111; x_wconf 73' lang='lat' dir='ltr'><strong>haeredum,</strong></span> 
     </span>
    </p>
   </div>
   <div class='ocr_carea' id='block_1_73' title="bbox 335 4126 1978 4196">
    <p class='ocr_par' dir='ltr' id='par_1_73' title="bbox 335 4126 1978 4196">
     <span class='ocr_line' id='line_1_73' title="bbox 335 4126 1978 4196; baseline -0.001 -9"><span class='ocrx_word' id='word_1_491' title='bbox 335 4145 744 4187; x_wconf 88' lang='lat' dir='ltr'><strong>successorum</strong></span> <span class='ocrx_word' id='word_1_492' title='bbox 763 4145 1025 4196; x_wconf 88' lang='lat' dir='ltr'><strong>suorum,</strong></span> <span class='ocrx_word' id='word_1_493' title='bbox 1043 4126 1383 4183; x_wconf 80' lang='lat' dir='ltr'><strong>ofﬁcialium</strong></span> <span class='ocrx_word' id='word_1_494' title='bbox 1412 4128 1868 4185; x_wconf 88' lang='lat' dir='ltr'><strong>contradictione</strong></span> <span class='ocrx_word' id='word_1_495' title='bbox 1890 4148 1978 4186; x_wconf 90' lang='lat' dir='ltr'><strong>re-</strong></span> 
     </span>
    </p>
   </div>
   <div class='ocr_carea' id='block_1_74' title="bbox 337 4215 1979 4290">
    <p class='ocr_par' dir='ltr' id='par_1_74' title="bbox 337 4215 1979 4290">
     <span class='ocr_line' id='line_1_74' title="bbox 337 4215 1979 4290; baseline -0.001 -15"><span class='ocrx_word' id='word_1_496' title='bbox 337 4223 516 4285; x_wconf 87' lang='lat' dir='ltr'><strong>mota,</strong></span> <span class='ocrx_word' id='word_1_497' title='bbox 570 4217 732 4274; x_wconf 87' lang='lat' dir='ltr'><strong>nulla</strong></span> <span class='ocrx_word' id='word_1_498' title='bbox 771 4235 947 4290; x_wconf 88' lang='lat' dir='ltr'><strong>super</strong></span> <span class='ocrx_word' id='word_1_499' title='bbox 991 4217 1160 4273; x_wconf 89' lang='lat' dir='ltr'><strong>bonis</strong></span> <span class='ocrx_word' id='word_1_500' title='bbox 1207 4215 1353 4288; x_wconf 89' lang='lat' dir='ltr'><strong>ipsis</strong></span> <span class='ocrx_word' id='word_1_501' title='bbox 1403 4219 1687 4286; x_wconf 89' lang='lat' dir='ltr'><strong>potestate</strong></span> <span class='ocrx_word' id='word_1_502' title='bbox 1731 4217 1843 4273; x_wconf 82' lang='lat' dir='ltr'><strong>sibi</strong></span> <span class='ocrx_word' id='word_1_503' title='bbox 1893 4219 1979 4275; x_wconf 90' lang='lat' dir='ltr'><strong>vel</strong></span> 
     </span>
    </p>
   </div>
   <div class='ocr_carea' id='block_1_75' title="bbox 335 4303 1981 4381">
    <p class='ocr_par' dir='ltr' id='par_1_75' title="bbox 335 4303 1981 4381">
     <span class='ocr_line' id='line_1_75' title="bbox 335 4303 1981 4381; baseline 0 -17"><span class='ocrx_word' id='word_1_504' title='bbox 335 4308 667 4381; x_wconf 72' lang='lat' dir='ltr'><strong>reipublicae</strong></span> <span class='ocrx_word' id='word_1_505' title='bbox 718 4310 1026 4363; x_wconf 88' lang='lat' dir='ltr'><strong>reservata.</strong></span> <span class='ocrx_word' id='word_1_506' title='bbox 1071 4307 1359 4361; x_wconf 89' lang='lat' dir='ltr'><strong>Tenentes</strong></span> <span class='ocrx_word' id='word_1_507' title='bbox 1398 4303 1781 4363; x_wconf 84' lang='lat' dir='ltr'><strong>nihilominus</strong></span> <span class='ocrx_word' id='word_1_508' title='bbox 1829 4309 1981 4364; x_wconf 89' lang='lat' dir='ltr'><strong>bona</strong></span> 
     </span>
    </p>
   </div>
   <div class='ocr_carea' id='block_1_76' title="bbox 334 4393 1979 4469">
    <p class='ocr_par' dir='ltr' id='par_1_76' title="bbox 334 4393 1979 4469">
     <span class='ocr_line' id='line_1_76' title="bbox 334 4393 1979 4469; baseline 0.001 -17"><span class='ocrx_word' id='word_1_509' title='bbox 334 4397 522 4469; x_wconf 86' lang='lat' dir='ltr'><strong>ipsius</strong></span> <span class='ocrx_word' id='word_1_510' title='bbox 555 4397 892 4453; x_wconf 89' lang='lat' dir='ltr'><strong>monasterii</strong></span> <span class='ocrx_word' id='word_1_511' title='bbox 943 4393 1232 4451; x_wconf 88' lang='lat' dir='ltr'><strong>concessit</strong></span> <span class='ocrx_word' id='word_1_512' title='bbox 1278 4409 1376 4448; x_wconf 90' lang='lat' dir='ltr'><strong>vos</strong></span> <span class='ocrx_word' id='word_1_513' title='bbox 1426 4410 1596 4463; x_wconf 87' lang='lat' dir='ltr'><strong>posse</strong></span> <span class='ocrx_word' id='word_1_514' title='bbox 1625 4396 1697 4449; x_wconf 90' lang='lat' dir='ltr'><strong>ad</strong></span> <span class='ocrx_word' id='word_1_515' title='bbox 1729 4402 1979 4454; x_wconf 88' lang='lat' dir='ltr'><strong>vestram</strong></span> 
     </span>
    </p>
   </div>
   <div class='ocr_carea' id='block_1_77' title="bbox 335 4481 1981 4558">
    <p class='ocr_par' dir='ltr' id='par_1_77' title="bbox 335 4481 1981 4558">
     <span class='ocr_line' id='line_1_77' title="bbox 335 4481 1981 4558; baseline 0.001 -17"><span class='ocrx_word' id='word_1_516' title='bbox 335 4486 558 4541; x_wconf 90' lang='lat' dir='ltr'><strong>curiam</strong></span> <span class='ocrx_word' id='word_1_517' title='bbox 591 4504 815 4551; x_wconf 90' lang='lat' dir='ltr'><strong>vocare,</strong></span> <span class='ocrx_word' id='word_1_518' title='bbox 866 4486 936 4540; x_wconf 91' lang='lat' dir='ltr'><strong>ad</strong></span> <span class='ocrx_word' id='word_1_519' title='bbox 988 4483 1314 4540; x_wconf 87' lang='lat' dir='ltr'><strong>docendum</strong></span> <span class='ocrx_word' id='word_1_520' title='bbox 1356 4481 1608 4553; x_wconf 85' lang='lat' dir='ltr'><strong>qualiter</strong></span> <span class='ocrx_word' id='word_1_521' title='bbox 1653 4484 1806 4541; x_wconf 89' lang='lat' dir='ltr'><strong>bona</strong></span> <span class='ocrx_word' id='word_1_522' title='bbox 1853 4487 1981 4558; x_wconf 87' lang='lat' dir='ltr'><strong>ipsa</strong></span> 
     </span>
    </p>
   </div>
   <div class='ocr_carea' id='block_1_78' title="bbox 335 4571 2017 4633">
    <p class='ocr_par' dir='ltr' id='par_1_78' title="bbox 335 4571 2017 4633">
     <span class='ocr_line' id='line_1_78' title="bbox 335 4571 2017 4633; baseline 0.001 -2"><span class='ocrx_word' id='word_1_523' title='bbox 335 4579 606 4632; x_wconf 89' lang='lat' dir='ltr'><strong>teneant:</strong></span> <span class='ocrx_word' id='word_1_524' title='bbox 631 4581 689 4631; x_wconf 91' lang='lat' dir='ltr'><strong>et</strong></span> <span class='ocrx_word' id='word_1_525' title='bbox 709 4575 822 4630; x_wconf 88' lang='lat' dir='ltr'><strong>nisi</strong></span> <span class='ocrx_word' id='word_1_526' title='bbox 848 4572 1271 4629; x_wconf 89' lang='lat' dir='ltr'><strong>rationabiliter</strong></span> <span class='ocrx_word' id='word_1_527' title='bbox 1287 4571 1590 4628; x_wconf 86' lang='lat' dir='ltr'><strong>docuerint</strong></span> <span class='ocrx_word' id='word_1_528' title='bbox 1613 4573 1762 4630; x_wconf 90' lang='lat' dir='ltr'><strong>bona</strong></span> <span class='ocrx_word' id='word_1_529' title='bbox 1775 4577 1978 4633; x_wconf 87' lang='lat' dir='ltr'><strong>eadem</strong></span> <span class='ocrx_word' id='word_1_530' title='bbox 2013 4607 2017 4610; x_wconf 82' lang='lat'><strong><em>~</em></strong></span> 
     </span>
    </p>
   </div>
   <div class='ocr_carea' id='block_1_79' title="bbox 2088 3415 3750 3490">
    <p class='ocr_par' dir='ltr' id='par_1_79' title="bbox 2088 3415 3750 3490">
     <span class='ocr_line' id='line_1_79' title="bbox 2088 3415 3750 3490; baseline -0.004 -11"><span class='ocrx_word' id='word_1_531' title='bbox 2088 3427 2267 3479; x_wconf 89' lang='lat' dir='ltr'><strong>tatem</strong></span> <span class='ocrx_word' id='word_1_532' title='bbox 2296 3419 2492 3476; x_wconf 89' lang='lat' dir='ltr'><strong>venire</strong></span> <span class='ocrx_word' id='word_1_533' title='bbox 2539 3418 2868 3485; x_wconf 87' lang='lat' dir='ltr'><strong>tentaverit,</strong></span> <span class='ocrx_word' id='word_1_534' title='bbox 2920 3417 3080 3472; x_wconf 89' lang='lat' dir='ltr'><strong>salva</strong></span> <span class='ocrx_word' id='word_1_535' title='bbox 3111 3417 3266 3473; x_wconf 89' lang='lat' dir='ltr'><strong>sedis</strong></span> <span class='ocrx_word' id='word_1_536' title='bbox 3299 3415 3651 3490; x_wconf 76' lang='lat' dir='ltr'><strong>apostolicae,</strong></span> <span class='ocrx_word' id='word_1_537' title='bbox 3685 3422 3750 3473; x_wconf 88' lang='lat' dir='ltr'><strong>et</strong></span> 
     </span>
    </p>
   </div>
   <div class='ocr_carea' id='block_1_80' title="bbox 2087 3505 3749 3584">
    <p class='ocr_par' dir='ltr' id='par_1_80' title="bbox 2087 3505 3749 3584">
     <span class='ocr_line' id='line_1_80' title="bbox 2087 3505 3749 3584; baseline -0.003 -17"><span class='ocrx_word' id='word_1_538' title='bbox 2087 3511 2406 3584; x_wconf 75' lang='lat' dir='ltr'><strong>legatorum</strong></span> <span class='ocrx_word' id='word_1_539' title='bbox 2441 3509 2565 3578; x_wconf 84' lang='lat' dir='ltr'><strong>ejus</strong></span> <span class='ocrx_word' id='word_1_540' title='bbox 2617 3507 2940 3571; x_wconf 87' lang='lat' dir='ltr'><strong>reverentia</strong></span> <span class='ocrx_word' id='word_1_541' title='bbox 2968 3511 3026 3562; x_wconf 91' lang='lat' dir='ltr'><strong>et</strong></span> <span class='ocrx_word' id='word_1_542' title='bbox 3062 3505 3367 3578; x_wconf 85' lang='lat' dir='ltr'><strong>dignitate,</strong></span> <span class='ocrx_word' id='word_1_543' title='bbox 3402 3506 3550 3561; x_wconf 91' lang='lat' dir='ltr'><strong>sciat</strong></span> <span class='ocrx_word' id='word_1_544' title='bbox 3587 3523 3650 3562; x_wconf 90' lang='lat' dir='ltr'><strong>se</strong></span> <span class='ocrx_word' id='word_1_545' title='bbox 3679 3506 3749 3570; x_wconf 80' lang='lat' dir='ltr'><strong>B.</strong></span> 
     </span>
    </p>
   </div>
   <div class='ocr_carea' id='block_1_81' title="bbox 2090 3593 3753 3672">
    <p class='ocr_par' dir='ltr' id='par_1_81' title="bbox 2090 3593 3753 3672">
     <span class='ocr_line' id='line_1_81' title="bbox 2090 3593 3753 3672; baseline -0.004 -15"><span class='ocrx_word' id='word_1_546' title='bbox 2090 3601 2240 3658; x_wconf 90' lang='lat' dir='ltr'><strong>Petri</strong></span> <span class='ocrx_word' id='word_1_547' title='bbox 2274 3598 2520 3672; x_wconf 88' lang='lat' dir='ltr'><strong>apostoli</strong></span> <span class='ocrx_word' id='word_1_548' title='bbox 2553 3597 2802 3670; x_wconf 84' lang='lat' dir='ltr'><strong>gratiam</strong></span> <span class='ocrx_word' id='word_1_549' title='bbox 2833 3595 3214 3664; x_wconf 90' lang='lat' dir='ltr'><strong>amissurum,</strong></span> <span class='ocrx_word' id='word_1_550' title='bbox 3243 3600 3300 3651; x_wconf 91' lang='lat' dir='ltr'><strong>et</strong></span> <span class='ocrx_word' id='word_1_551' title='bbox 3345 3593 3753 3668; x_wconf 87' lang='lat' dir='ltr'><strong>indignatione</strong></span> 
     </span>
    </p>
   </div>
   <div class='ocr_carea' id='block_1_82' title="bbox 2089 3684 3750 3762">
    <p class='ocr_par' dir='ltr' id='par_1_82' title="bbox 2089 3684 3750 3762">
     <span class='ocr_line' id='line_1_82' title="bbox 2089 3684 3750 3762; baseline -0.004 -15"><span class='ocrx_word' id='word_1_552' title='bbox 2089 3688 2406 3762; x_wconf 85' lang='lat' dir='ltr'><strong>apostolica</strong></span> <span class='ocrx_word' id='word_1_553' title='bbox 2458 3686 2809 3741; x_wconf 85' lang='lat' dir='ltr'><strong>feriendum.</strong></span> <span class='ocrx_word' id='word_1_554' title='bbox 2845 3684 3200 3741; x_wconf 87' lang='lat' dir='ltr'><strong>Obedientes</strong></span> <span class='ocrx_word' id='word_1_555' title='bbox 3255 3701 3389 3739; x_wconf 90' lang='lat' dir='ltr'><strong>vero</strong></span> <span class='ocrx_word' id='word_1_556' title='bbox 3449 3688 3506 3739; x_wconf 89' lang='lat' dir='ltr'><strong>et</strong></span> <span class='ocrx_word' id='word_1_557' title='bbox 3535 3684 3750 3757; x_wconf 80' lang='lat' dir='ltr'><strong>hujus-</strong></span> 
     </span>
    </p>
   </div>
   <div class='ocr_carea' id='block_1_83' title="bbox 2092 3773 3743 3848">
    <p class='ocr_par' dir='ltr' id='par_1_83' title="bbox 2092 3773 3743 3848">
     <span class='ocr_line' id='line_1_83' title="bbox 2092 3773 3743 3848; baseline -0.002 -14"><span class='ocrx_word' id='word_1_558' title='bbox 2092 3779 2269 3834; x_wconf 89' lang='lat' dir='ltr'><strong>modii</strong></span> <span class='ocrx_word' id='word_1_559' title='bbox 2316 3775 2603 3848; x_wconf 88' lang='lat' dir='ltr'><strong>privilegii</strong></span> <span class='ocrx_word' id='word_1_560' title='bbox 2655 3773 2872 3845; x_wconf 88' lang='lat' dir='ltr'><strong>scripta</strong></span> <span class='ocrx_word' id='word_1_561' title='bbox 2931 3777 3230 3830; x_wconf 85' lang='lat' dir='ltr'><strong>servantes</strong></span> <span class='ocrx_word' id='word_1_562' title='bbox 3275 3773 3514 3845; x_wconf 85' lang='lat' dir='ltr'><strong>dignam</strong></span> <span class='ocrx_word' id='word_1_563' title='bbox 3564 3777 3743 3830; x_wconf 78' lang='lat' dir='ltr'><strong>abeo</strong></span> 
     </span>
    </p>
   </div>
   <div class='ocr_carea' id='block_1_84' title="bbox 2093 3862 3750 3935">
    <p class='ocr_par' dir='ltr' id='par_1_84' title="bbox 2093 3862 3750 3935">
     <span class='ocr_line' id='line_1_84' title="bbox 2093 3862 3750 3935; baseline -0.002 -13"><span class='ocrx_word' id='word_1_564' title='bbox 2093 3865 2535 3922; x_wconf 86' lang='lat' dir='ltr'><strong>retributionem</strong></span> <span class='ocrx_word' id='word_1_565' title='bbox 2564 3862 2865 3935; x_wconf 88' lang='lat' dir='ltr'><strong>recipiant,</strong></span> <span class='ocrx_word' id='word_1_566' title='bbox 2899 3866 2955 3918; x_wconf 89' lang='lat' dir='ltr'><strong>et</strong></span> <span class='ocrx_word' id='word_1_567' title='bbox 2986 3862 3448 3918; x_wconf 87' lang='lat' dir='ltr'><strong>benedictionem</strong></span> <span class='ocrx_word' id='word_1_568' title='bbox 3499 3868 3750 3935; x_wconf 86' lang='lat' dir='ltr'><strong>aposto-</strong></span> 
     </span>
    </p>
   </div>
   <div class='ocr_carea' id='block_1_85' title="bbox 2095 3956 2762 4024">
    <p class='ocr_par' dir='ltr' id='par_1_85' title="bbox 2095 3956 2762 4024">
     <span class='ocr_line' id='line_1_85' title="bbox 2095 3956 2762 4024; baseline -0.01 -11"><span class='ocrx_word' id='word_1_569' title='bbox 2095 3956 2272 4014; x_wconf 90' lang='lat' dir='ltr'><strong>licam</strong></span> <span class='ocrx_word' id='word_1_570' title='bbox 2306 3956 2762 4024; x_wconf 89' lang='lat' dir='ltr'><strong>consequantur.</strong></span> 
     </span>
    </p>
   </div>
   <div class='ocr_carea' id='block_1_86' title="bbox 2655 4058 3147 4097">
    <p class='ocr_par' dir='ltr' id='par_1_86' title="bbox 2655 4058 3147 4097">
     <span class='ocr_line' id='line_1_86' title="bbox 2655 4058 3147 4097; baseline -0.004 0"><span class='ocrx_word' id='word_1_571' title='bbox 2655 4058 3147 4097; x_wconf 81' lang='lat' dir='ltr'><strong>SUBSCRIPTIONES.</strong></span> 
     </span>
    </p>
   </div>
   <div class='ocr_carea' id='block_1_87' title="bbox 2161 4128 3750 4204">
    <p class='ocr_par' dir='ltr' id='par_1_87' title="bbox 2161 4128 3750 4204">
     <span class='ocr_line' id='line_1_87' title="bbox 2161 4128 3750 4204; baseline -0.003 -14"><span class='ocrx_word' id='word_1_572' title='bbox 2161 4134 2278 4204; x_wconf 87' lang='lat' dir='ltr'><strong>Ego</strong></span> <span class='ocrx_word' id='word_1_573' title='bbox 2311 4132 2579 4187; x_wconf 88' lang='lat' dir='ltr'><strong>Urbanus</strong></span> <span class='ocrx_word' id='word_1_574' title='bbox 2611 4130 2908 4187; x_wconf 75' lang='lat' dir='ltr'><strong>catholicae</strong></span> <span class='ocrx_word' id='word_1_575' title='bbox 2949 4129 3220 4187; x_wconf 88' lang='lat' dir='ltr'><strong>Ecclesiae</strong></span> <span class='ocrx_word' id='word_1_576' title='bbox 3249 4129 3560 4204; x_wconf 88' lang='lat' dir='ltr'><strong>episcopus</strong></span> <span class='ocrx_word' id='word_1_577' title='bbox 3605 4128 3750 4188; x_wconf 87' lang='lat' dir='ltr'><strong>sub-</strong></span> 
     </span>
    </p>
   </div>
   <div class='ocr_carea' id='block_1_88' title="bbox 2089 4221 2322 4294">
    <p class='ocr_par' dir='ltr' id='par_1_88' title="bbox 2089 4221 2322 4294">
     <span class='ocr_line' id='line_1_88' title="bbox 2089 4221 2322 4294; baseline -0.026 -14"><span class='ocrx_word' id='word_1_578' title='bbox 2089 4221 2322 4294; x_wconf 86' lang='lat' dir='ltr'><strong>scripsi.</strong></span> 
     </span>
    </p>
   </div>
   <div class='ocr_carea' id='block_1_89' title="bbox 2160 4307 3666 4384">
    <p class='ocr_par' dir='ltr' id='par_1_89' title="bbox 2160 4307 3666 4384">
     <span class='ocr_line' id='line_1_89' title="bbox 2160 4307 3666 4384; baseline -0.003 -17"><span class='ocrx_word' id='word_1_579' title='bbox 2160 4313 2278 4384; x_wconf 86' lang='lat' dir='ltr'><strong>Ego</strong></span> <span class='ocrx_word' id='word_1_580' title='bbox 2316 4309 2574 4365; x_wconf 87' lang='lat' dir='ltr'><strong>Ubaldus</strong></span> <span class='ocrx_word' id='word_1_581' title='bbox 2605 4308 2952 4364; x_wconf 91' lang='lat' dir='ltr'><strong>Sadinensis</strong></span> <span class='ocrx_word' id='word_1_582' title='bbox 2984 4308 3294 4381; x_wconf 87' lang='lat' dir='ltr'><strong>episcOpus</strong></span> <span class='ocrx_word' id='word_1_583' title='bbox 3317 4307 3666 4379; x_wconf 86' lang='lat' dir='ltr'><strong>subscripsi.</strong></span> 
     </span>
    </p>
   </div>
   <div class='ocr_carea' id='block_1_90' title="bbox 2162 4396 3747 4474">
    <p class='ocr_par' dir='ltr' id='par_1_90' title="bbox 2162 4396 3747 4474">
     <span class='ocr_line' id='line_1_90' title="bbox 2162 4396 3747 4474; baseline -0.004 -17"><span class='ocrx_word' id='word_1_584' title='bbox 2162 4403 2278 4474; x_wconf 86' lang='lat' dir='ltr'><strong>Ego</strong></span> <span class='ocrx_word' id='word_1_585' title='bbox 2312 4399 2602 4455; x_wconf 87' lang='lat' dir='ltr'><strong>Berardus</strong></span> <span class='ocrx_word' id='word_1_586' title='bbox 2627 4397 3019 4453; x_wconf 78' lang='lat' dir='ltr'><strong>Praenestinus</strong></span> <span class='ocrx_word' id='word_1_587' title='bbox 3049 4398 3361 4470; x_wconf 88' lang='lat' dir='ltr'><strong>episcopus</strong></span> <span class='ocrx_word' id='word_1_588' title='bbox 3393 4396 3747 4469; x_wconf 83' lang='lat' dir='ltr'><strong>subscripsi.</strong></span> 
     </span>
    </p>
   </div>
   <div class='ocr_carea' id='block_1_91' title="bbox 2162 4483 3564 4562">
    <p class='ocr_par' dir='ltr' id='par_1_91' title="bbox 2162 4483 3564 4562">
     <span class='ocr_line' id='line_1_91' title="bbox 2162 4483 3564 4562; baseline -0.004 -16"><span class='ocrx_word' id='word_1_589' title='bbox 2162 4491 2279 4562; x_wconf 85' lang='lat' dir='ltr'><strong>Ego</strong></span> <span class='ocrx_word' id='word_1_590' title='bbox 2311 4488 2473 4543; x_wconf 91' lang='lat' dir='ltr'><strong>Oddo</strong></span> <span class='ocrx_word' id='word_1_591' title='bbox 2504 4486 2858 4542; x_wconf 90' lang='lat' dir='ltr'><strong>Albanensis</strong></span> <span class='ocrx_word' id='word_1_592' title='bbox 2881 4487 3193 4558; x_wconf 86' lang='lat' dir='ltr'><strong>episcopus</strong></span> <span class='ocrx_word' id='word_1_593' title='bbox 3215 4483 3564 4558; x_wconf 84' lang='lat' dir='ltr'><strong>subscripsi.</strong></span> 
     </span>
    </p>
   </div>
   <div class='ocr_carea' id='block_1_92' title="bbox 2162 4573 3637 4651">
    <p class='ocr_par' dir='ltr' id='par_1_92' title="bbox 2162 4573 3637 4651">
     <span class='ocr_line' id='line_1_92' title="bbox 2162 4573 3637 4651; baseline -0.003 -17"><span class='ocrx_word' id='word_1_594' title='bbox 2162 4580 2275 4651; x_wconf 87' lang='lat' dir='ltr'><strong>Ego</strong></span> <span class='ocrx_word' id='word_1_595' title='bbox 2305 4578 2566 4633; x_wconf 90' lang='lat' dir='ltr'><strong>Joannes</strong></span> <span class='ocrx_word' id='word_1_596' title='bbox 2595 4573 2923 4629; x_wconf 85' lang='lat' dir='ltr'><strong>Asculanus</strong></span> <span class='ocrx_word' id='word_1_597' title='bbox 2953 4573 3264 4646; x_wconf 87' lang='lat' dir='ltr'><strong>episcopus</strong></span> <span class='ocrx_word' id='word_1_598' title='bbox 3290 4573 3637 4645; x_wconf 86' lang='lat' dir='ltr'><strong>subscripsi.</strong></span> 
     </span>
    </p>
   </div>
   <div class='ocr_carea' id='block_1_93' title="bbox 334 4661 3534 4742">
    <p class='ocr_par' dir='ltr' id='par_1_93' title="bbox 334 4661 3534 4742">
     <span class='ocr_line' id='line_1_93' title="bbox 334 4661 3534 4742; baseline -0.002 -20"><span class='ocrx_word' id='word_1_599' title='bbox 334 4666 408 4722; x_wconf 88' lang='lat' dir='ltr'><strong>ad</strong></span> <span class='ocrx_word' id='word_1_600' title='bbox 456 4682 517 4722; x_wconf 90' lang='lat' dir='ltr'><strong>se</strong></span> <span class='ocrx_word' id='word_1_601' title='bbox 549 4669 829 4738; x_wconf 88' lang='lat' dir='ltr'><strong>spectare,</strong></span> <span class='ocrx_word' id='word_1_602' title='bbox 862 4661 951 4717; x_wconf 89' lang='lat' dir='ltr'><strong>vel</strong></span> <span class='ocrx_word' id='word_1_603' title='bbox 997 4677 1058 4716; x_wconf 90' lang='lat' dir='ltr'><strong>se</strong></span> <span class='ocrx_word' id='word_1_604' title='bbox 1108 4661 1544 4732; x_wconf 64' lang='lat' dir='ltr'><strong>praescriptione</strong></span> <span class='ocrx_word' id='word_1_605' title='bbox 1591 4661 1870 4734; x_wconf 88' lang='lat' dir='ltr'><strong>legitima,</strong></span> <span class='ocrx_word' id='word_1_606' title='bbox 1903 4666 1980 4721; x_wconf 85' lang='lat' dir='ltr'><strong>vi-</strong></span> <span class='ocrx_word' id='word_1_607' title='bbox 2008 4679 2054 4742; x_wconf 74' lang='grc' dir='ltr'><strong>ι)</strong></span> <span class='ocrx_word' id='word_1_608' title='bbox 2115 4735 2118 4738; x_wconf 95' lang='lat'><em>_</em></span> <span class='ocrx_word' id='word_1_609' title='bbox 2158 4668 2274 4740; x_wconf 88' lang='lat' dir='ltr'><strong>Ego</strong></span> <span class='ocrx_word' id='word_1_610' title='bbox 2308 4666 2513 4720; x_wconf 79' lang='lat' dir='ltr'><strong>Brimo</strong></span> <span class='ocrx_word' id='word_1_611' title='bbox 2547 4663 2828 4734; x_wconf 82' lang='lat' dir='ltr'><strong>Signinus</strong></span> <span class='ocrx_word' id='word_1_612' title='bbox 2858 4663 3169 4735; x_wconf 89' lang='lat' dir='ltr'><strong>episcopus</strong></span> <span class='ocrx_word' id='word_1_613' title='bbox 3189 4661 3534 4734; x_wconf 88' lang='lat' dir='ltr'><strong>subscripsi.</strong></span> 
     </span>
    </p>
   </div>
   <div class='ocr_carea' id='block_1_94' title="bbox 335 4748 1984 4821">
    <p class='ocr_par' dir='ltr' id='par_1_94' title="bbox 335 4748 1984 4821">
     <span class='ocr_line' id='line_1_94' title="bbox 335 4748 1984 4821; baseline 0 -9"><span class='ocrx_word' id='word_1_614' title='bbox 335 4753 548 4812; x_wconf 90' lang='lat' dir='ltr'><strong>delicet</strong></span> <span class='ocrx_word' id='word_1_615' title='bbox 592 4751 949 4818; x_wconf 84' lang='lat' dir='ltr'><strong>centenaria,</strong></span> <span class='ocrx_word' id='word_1_616' title='bbox 997 4748 1360 4806; x_wconf 88' lang='lat' dir='ltr'><strong>ostenderint</strong></span> <span class='ocrx_word' id='word_1_617' title='bbox 1404 4767 1466 4805; x_wconf 90' lang='lat' dir='ltr'><strong>se</strong></span> <span class='ocrx_word' id='word_1_618' title='bbox 1507 4752 1786 4821; x_wconf 88' lang='lat' dir='ltr'><strong>munitos,</strong></span> <span class='ocrx_word' id='word_1_619' title='bbox 1834 4755 1984 4814; x_wconf 89' lang='lat' dir='ltr'><strong>bona</strong></span> 
     </span>
    </p>
   </div>
   <div class='ocr_carea' id='block_1_95' title="bbox 335 4839 1976 4918">
    <p class='ocr_par' dir='ltr' id='par_1_95' title="bbox 335 4839 1976 4918">
     <span class='ocr_line' id='line_1_95' title="bbox 335 4839 1976 4918; baseline 0.001 -18"><span class='ocrx_word' id='word_1_620' title='bbox 335 4844 464 4918; x_wconf 87' lang='lat' dir='ltr'><strong>ipsa</strong></span> <span class='ocrx_word' id='word_1_621' title='bbox 491 4843 739 4899; x_wconf 87' lang='lat' dir='ltr'><strong>valeatis</strong></span> <span class='ocrx_word' id='word_1_622' title='bbox 761 4841 956 4897; x_wconf 88' lang='lat' dir='ltr'><strong>taliter</strong></span> <span class='ocrx_word' id='word_1_623' title='bbox 977 4844 1256 4911; x_wconf 85' lang='lat' dir='ltr'><strong>occupata</strong></span> <span class='ocrx_word' id='word_1_624' title='bbox 1271 4840 1342 4894; x_wconf 90' lang='lat' dir='ltr'><strong>ad</strong></span> <span class='ocrx_word' id='word_1_625' title='bbox 1364 4839 1689 4896; x_wconf 88' lang='lat' dir='ltr'><strong>dominium</strong></span> <span class='ocrx_word' id='word_1_626' title='bbox 1713 4845 1976 4915; x_wconf 84' lang='lat' dir='ltr'><strong>ejusdem</strong></span> 
     </span>
    </p>
   </div>
   <div class='ocr_carea' id='block_1_96' title="bbox 336 4928 1972 5004">
    <p class='ocr_par' dir='ltr' id='par_1_96' title="bbox 336 4928 1972 5004">
     <span class='ocr_line' id='line_1_96' title="bbox 336 4928 1972 5004; baseline 0.001 -14"><span class='ocrx_word' id='word_1_627' title='bbox 336 4933 678 4990; x_wconf 89' lang='lat' dir='ltr'><strong>monasterii</strong></span> <span class='ocrx_word' id='word_1_628' title='bbox 713 4930 1057 4987; x_wconf 82' lang='lat' dir='ltr'><strong>auctoritate</strong></span> <span class='ocrx_word' id='word_1_629' title='bbox 1089 4928 1267 5000; x_wconf 88' lang='lat' dir='ltr'><strong>hujus</strong></span> <span class='ocrx_word' id='word_1_630' title='bbox 1300 4928 1672 5001; x_wconf 67' lang='lat' dir='ltr'><strong>indulgentiae</strong></span> <span class='ocrx_word' id='word_1_631' title='bbox 1688 4949 1972 5004; x_wconf 89' lang='lat' dir='ltr'><strong>revocare,</strong></span> 
     </span>
    </p>
   </div>
   <div class='ocr_carea' id='block_1_97' title="bbox 328 5017 1976 5096">
    <p class='ocr_par' dir='ltr' id='par_1_97' title="bbox 328 5017 1976 5096">
     <span class='ocr_line' id='line_1_97' title="bbox 328 5017 1976 5096; baseline -0.001 -16"><span class='ocrx_word' id='word_1_632' title='bbox 328 5024 464 5096; x_wconf 89' lang='lat' dir='ltr'><strong>jure</strong></span> <span class='ocrx_word' id='word_1_633' title='bbox 493 5019 791 5079; x_wconf 90' lang='lat' dir='ltr'><strong>communi</strong></span> <span class='ocrx_word' id='word_1_634' title='bbox 842 5035 1018 5092; x_wconf 89' lang='lat' dir='ltr'><strong>super</strong></span> <span class='ocrx_word' id='word_1_635' title='bbox 1065 5017 1221 5073; x_wconf 90' lang='lat' dir='ltr'><strong>hunc</strong></span> <span class='ocrx_word' id='word_1_636' title='bbox 1269 5017 1581 5074; x_wconf 88' lang='lat' dir='ltr'><strong>articulum</strong></span> <span class='ocrx_word' id='word_1_637' title='bbox 1627 5022 1858 5092; x_wconf 89' lang='lat' dir='ltr'><strong>penitus</strong></span> <span class='ocrx_word' id='word_1_638' title='bbox 1889 5041 1976 5080; x_wconf 90' lang='lat' dir='ltr'><strong>rc-</strong></span> 
     </span>
    </p>
   </div>
   <div class='ocr_carea' id='block_1_98' title="bbox 333 5117 557 5171">
    <p class='ocr_par' dir='ltr' id='par_1_98' title="bbox 333 5117 557 5171">
     <span class='ocr_line' id='line_1_98' title="bbox 333 5117 557 5171; baseline -0.018 0"><span class='ocrx_word' id='word_1_639' title='bbox 333 5117 557 5171; x_wconf 91' lang='lat' dir='ltr'><strong>vocato.</strong></span> 
     </span>
    </p>
   </div>
   <div class='ocr_carea' id='block_1_99' title="bbox 405 5195 1975 5270">
    <p class='ocr_par' dir='ltr' id='par_1_99' title="bbox 405 5195 1975 5270">
     <span class='ocr_line' id='line_1_99' title="bbox 405 5195 1975 5270; baseline 0 -12"><span class='ocrx_word' id='word_1_640' title='bbox 405 5201 704 5259; x_wconf 88' lang='lat' dir='ltr'><strong>Concessit</strong></span> <span class='ocrx_word' id='word_1_641' title='bbox 735 5199 976 5270; x_wconf 90' lang='lat' dir='ltr'><strong>insuper</strong></span> <span class='ocrx_word' id='word_1_642' title='bbox 1005 5197 1168 5252; x_wconf 91' lang='lat' dir='ltr'><strong>vobis</strong></span> <span class='ocrx_word' id='word_1_643' title='bbox 1200 5195 1258 5252; x_wconf 92' lang='lat' dir='ltr'><strong>in</strong></span> <span class='ocrx_word' id='word_1_644' title='bbox 1291 5201 1657 5270; x_wconf 90' lang='lat' dir='ltr'><strong>perpetuum,</strong></span> <span class='ocrx_word' id='word_1_645' title='bbox 1680 5204 1743 5255; x_wconf 90' lang='lat' dir='ltr'><strong>ut</strong></span> <span class='ocrx_word' id='word_1_646' title='bbox 1773 5201 1820 5256; x_wconf 90' lang='lat' dir='ltr'><strong>si</strong></span> <span class='ocrx_word' id='word_1_647' title='bbox 1855 5206 1975 5265; x_wconf 83' lang='lat' dir='ltr'><strong>tua,</strong></span> 
     </span>
    </p>
   </div>
   <div class='ocr_carea' id='block_1_100' title="bbox 335 5285 1980 5359">
    <p class='ocr_par' dir='ltr' id='par_1_100' title="bbox 335 5285 1980 5359">
     <span class='ocr_line' id='line_1_100' title="bbox 335 5285 1980 5359; baseline -0.001 -12"><span class='ocrx_word' id='word_1_648' title='bbox 335 5305 745 5348; x_wconf 85' lang='lat' dir='ltr'><strong>successorum</strong></span> <span class='ocrx_word' id='word_1_649' title='bbox 768 5293 825 5343; x_wconf 93' lang='lat' dir='ltr'><strong>et</strong></span> <span class='ocrx_word' id='word_1_650' title='bbox 844 5292 1072 5359; x_wconf 87' lang='lat' dir='ltr'><strong>patrum</strong></span> <span class='ocrx_word' id='word_1_651' title='bbox 1098 5285 1282 5358; x_wconf 86' lang='lat' dir='ltr'><strong>ipsius</strong></span> <span class='ocrx_word' id='word_1_652' title='bbox 1309 5288 1645 5342; x_wconf 88' lang='lat' dir='ltr'><strong>monasterii</strong></span> <span class='ocrx_word' id='word_1_653' title='bbox 1669 5290 1980 5346; x_wconf 84' lang='lat' dir='ltr'><strong>manifesta</strong></span> 
     </span>
    </p>
   </div>
   <div class='ocr_carea' id='block_1_101' title="bbox 335 5375 1976 5451">
    <p class='ocr_par' dir='ltr' id='par_1_101' title="bbox 335 5375 1976 5451">
     <span class='ocr_line' id='line_1_101' title="bbox 335 5375 1976 5451; baseline -0.001 -15"><span class='ocrx_word' id='word_1_654' title='bbox 335 5379 509 5451; x_wconf 89' lang='lat' dir='ltr'><strong>culpa</strong></span> <span class='ocrx_word' id='word_1_655' title='bbox 539 5395 653 5434; x_wconf 90' lang='lat' dir='ltr'><strong>non</strong></span> <span class='ocrx_word' id='word_1_656' title='bbox 686 5375 1058 5432; x_wconf 88' lang='lat' dir='ltr'><strong>intervenerit</strong></span> <span class='ocrx_word' id='word_1_657' title='bbox 1083 5381 1284 5431; x_wconf 87' lang='lat' dir='ltr'><strong>contra</strong></span> <span class='ocrx_word' id='word_1_658' title='bbox 1314 5377 1584 5431; x_wconf 90' lang='lat' dir='ltr'><strong>eumdem</strong></span> <span class='ocrx_word' id='word_1_659' title='bbox 1600 5378 1829 5448; x_wconf 91' lang='lat' dir='ltr'><strong>ducem,</strong></span> <span class='ocrx_word' id='word_1_660' title='bbox 1863 5379 1976 5434; x_wconf 77' lang='lat' dir='ltr'><strong>hae-</strong></span> 
     </span>
    </p>
   </div>
   <div class='ocr_carea' id='block_1_102' title="bbox 338 5464 1979 5540">
    <p class='ocr_par' dir='ltr' id='par_1_102' title="bbox 338 5464 1979 5540">
     <span class='ocr_line' id='line_1_102' title="bbox 338 5464 1979 5540; baseline -0.002 -14"><span class='ocrx_word' id='word_1_661' title='bbox 338 5469 504 5526; x_wconf 87' lang='lat' dir='ltr'><strong>redes</strong></span> <span class='ocrx_word' id='word_1_662' title='bbox 535 5471 592 5522; x_wconf 91' lang='lat' dir='ltr'><strong>et</strong></span> <span class='ocrx_word' id='word_1_663' title='bbox 616 5481 980 5523; x_wconf 89' lang='lat' dir='ltr'><strong>successores</strong></span> <span class='ocrx_word' id='word_1_664' title='bbox 1012 5482 1172 5532; x_wconf 90' lang='lat' dir='ltr'><strong>suos,</strong></span> <span class='ocrx_word' id='word_1_665' title='bbox 1196 5469 1252 5520; x_wconf 87' lang='lat' dir='ltr'><strong>et</strong></span> <span class='ocrx_word' id='word_1_666' title='bbox 1281 5464 1569 5537; x_wconf 67' lang='lat' dir='ltr'><strong>praedictae</strong></span> <span class='ocrx_word' id='word_1_667' title='bbox 1603 5483 1719 5522; x_wconf 74' lang='lat' dir='ltr'><strong>suae</strong></span> <span class='ocrx_word' id='word_1_668' title='bbox 1737 5484 1979 5540; x_wconf 86' lang='lat' dir='ltr'><strong>congre-</strong></span> 
     </span>
    </p>
   </div>
   <div class='ocr_carea' id='block_1_103' title="bbox 333 5555 1977 5631">
    <p class='ocr_par' dir='ltr' id='par_1_103' title="bbox 333 5555 1977 5631">
     <span class='ocr_line' id='line_1_103' title="bbox 333 5555 1977 5631; baseline -0.001 -18"><span class='ocrx_word' id='word_1_669' title='bbox 333 5555 586 5631; x_wconf 88' lang='lat' dir='ltr'><strong>gationis</strong></span> <span class='ocrx_word' id='word_1_670' title='bbox 623 5555 835 5610; x_wconf 82' lang='lat' dir='ltr'><strong>futuris</strong></span> <span class='ocrx_word' id='word_1_671' title='bbox 861 5555 1222 5628; x_wconf 90' lang='lat' dir='ltr'><strong>temporibus</strong></span> <span class='ocrx_word' id='word_1_672' title='bbox 1245 5558 1478 5629; x_wconf 89' lang='lat' dir='ltr'><strong>propter</strong></span> <span class='ocrx_word' id='word_1_673' title='bbox 1499 5556 1822 5627; x_wconf 89' lang='lat' dir='ltr'><strong>quamlibet</strong></span> <span class='ocrx_word' id='word_1_674' title='bbox 1844 5574 1977 5612; x_wconf 88' lang='lat' dir='ltr'><strong>cau-</strong></span> 
     </span>
    </p>
   </div>
   <div class='ocr_carea' id='block_1_104' title="bbox 338 5643 1983 5716">
    <p class='ocr_par' dir='ltr' id='par_1_104' title="bbox 338 5643 1983 5716">
     <span class='ocr_line' id='line_1_104' title="bbox 338 5643 1983 5716; baseline -0.002 -12"><span class='ocrx_word' id='word_1_675' title='bbox 338 5663 462 5704; x_wconf 82' lang='lat' dir='ltr'><strong>sam</strong></span> <span class='ocrx_word' id='word_1_676' title='bbox 497 5643 668 5700; x_wconf 85' lang='lat' dir='ltr'><strong>aliam</strong></span> <span class='ocrx_word' id='word_1_677' title='bbox 704 5644 938 5707; x_wconf 86' lang='lat' dir='ltr'><strong>fuerint,</strong></span> <span class='ocrx_word' id='word_1_678' title='bbox 970 5644 1057 5700; x_wconf 89' lang='lat' dir='ltr'><strong>vel</strong></span> <span class='ocrx_word' id='word_1_679' title='bbox 1082 5646 1138 5699; x_wconf 89' lang='lat' dir='ltr'><strong>in</strong></span> <span class='ocrx_word' id='word_1_680' title='bbox 1174 5643 1475 5711; x_wconf 90' lang='lat' dir='ltr'><strong>totum,vel</strong></span> <span class='ocrx_word' id='word_1_681' title='bbox 1511 5643 1567 5698; x_wconf 91' lang='lat' dir='ltr'><strong>in</strong></span> <span class='ocrx_word' id='word_1_682' title='bbox 1603 5649 1825 5716; x_wconf 82' lang='lat' dir='ltr'><strong>partem</strong></span> <span class='ocrx_word' id='word_1_683' title='bbox 1842 5645 1983 5701; x_wconf 90' lang='lat' dir='ltr'><strong>obli-</strong></span> 
     </span>
    </p>
   </div>
   <div class='ocr_carea' id='block_1_105' title="bbox 335 5734 1971 5811">
    <p class='ocr_par' dir='ltr' id='par_1_105' title="bbox 335 5734 1971 5811">
     <span class='ocr_line' id='line_1_105' title="bbox 335 5734 1971 5811; baseline 0 -18"><span class='ocrx_word' id='word_1_684' title='bbox 335 5737 452 5798; x_wconf 89' lang='lat' dir='ltr'><strong>ioni</strong></span> <span class='ocrx_word' id='word_1_685' title='bbox 481 5735 704 5791; x_wconf 62' lang='lat' dir='ltr'><strong>traditae</strong></span> <span class='ocrx_word' id='word_1_686' title='bbox 736 5734 820 5791; x_wconf 90' lang='lat' dir='ltr'><strong>vel</strong></span> <span class='ocrx_word' id='word_1_687' title='bbox 847 5735 1101 5803; x_wconf 63' lang='lat' dir='ltr'><strong>omissae,</strong></span> <span class='ocrx_word' id='word_1_688' title='bbox 1151 5741 1206 5791; x_wconf 90' lang='lat' dir='ltr'><strong>et</strong></span> <span class='ocrx_word' id='word_1_689' title='bbox 1254 5734 1618 5811; x_wconf 73' lang='lat' dir='ltr'><strong>prrescriptio</strong></span> <span class='ocrx_word' id='word_1_690' title='bbox 1671 5735 1801 5808; x_wconf 89' lang='lat' dir='ltr'><strong>ipsa</strong></span> <span class='ocrx_word' id='word_1_691' title='bbox 1864 5753 1971 5810; x_wconf 90' lang='lat' dir='ltr'><strong>per</strong></span> 
     </span>
    </p>
   </div>
   <div class='ocr_carea' id='block_1_106' title="bbox 2118 4749 3752 4828">
    <p class='ocr_par' dir='ltr' id='par_1_106' title="bbox 2118 4749 3752 4828">
     <span class='ocr_line' id='line_1_106' title="bbox 2118 4749 3752 4828; baseline -0.004 -16"><span class='ocrx_word' id='word_1_692' title='bbox 2118 4796 2119 4799; x_wconf 60' lang='grc' dir='ltr'><strong>η</strong></span> <span class='ocrx_word' id='word_1_693' title='bbox 2162 4757 2280 4828; x_wconf 87' lang='lat' dir='ltr'><strong>Ego</strong></span> <span class='ocrx_word' id='word_1_694' title='bbox 2311 4754 2565 4810; x_wconf 85' lang='lat' dir='ltr'><strong>Joannes</strong></span> <span class='ocrx_word' id='word_1_695' title='bbox 2599 4750 3001 4823; x_wconf 83' lang='lat' dir='ltr'><strong>Rioppolanus</strong></span> <span class='ocrx_word' id='word_1_696' title='bbox 3046 4750 3358 4824; x_wconf 87' lang='lat' dir='ltr'><strong>episcopus</strong></span> <span class='ocrx_word' id='word_1_697' title='bbox 3397 4749 3752 4821; x_wconf 85' lang='lat' dir='ltr'><strong>subscripsi.</strong></span> 
     </span>
    </p>
   </div>
   <div class='ocr_carea' id='block_1_107' title="bbox 2158 4837 3754 4916">
    <p class='ocr_par' dir='ltr' id='par_1_107' title="bbox 2158 4837 3754 4916">
     <span class='ocr_line' id='line_1_107' title="bbox 2158 4837 3754 4916; baseline -0.005 -16"><span class='ocrx_word' id='word_1_698' title='bbox 2158 4845 2272 4916; x_wconf 87' lang='lat' dir='ltr'><strong>Ego</strong></span> <span class='ocrx_word' id='word_1_699' title='bbox 2300 4839 2986 4913; x_wconf 79' lang='lat' dir='ltr'><strong>Raugerius-Regitanus</strong></span> <span class='ocrx_word' id='word_1_700' title='bbox 3030 4840 3356 4912; x_wconf 86' lang='lat' dir='ltr'><strong>episcopus</strong></span> <span class='ocrx_word' id='word_1_701' title='bbox 3401 4837 3754 4911; x_wconf 84' lang='lat' dir='ltr'><strong>subscripsi.</strong></span> 
     </span>
    </p>
   </div>
   <div class='ocr_carea' id='block_1_108' title="bbox 2153 4927 3636 5005">
    <p class='ocr_par' dir='ltr' id='par_1_108' title="bbox 2153 4927 3636 5005">
     <span class='ocr_line' id='line_1_108' title="bbox 2153 4927 3636 5005; baseline -0.005 -15"><span class='ocrx_word' id='word_1_702' title='bbox 2153 4935 2272 5005; x_wconf 85' lang='lat' dir='ltr'><strong>Ego</strong></span> <span class='ocrx_word' id='word_1_703' title='bbox 2299 4931 2592 4988; x_wconf 85' lang='lat' dir='ltr'><strong>Gerardus</strong></span> <span class='ocrx_word' id='word_1_704' title='bbox 2621 4931 2909 4999; x_wconf 87' lang='lat' dir='ltr'><strong>Trojanus</strong></span> <span class='ocrx_word' id='word_1_705' title='bbox 2937 4928 3248 5001; x_wconf 88' lang='lat' dir='ltr'><strong>episcopus</strong></span> <span class='ocrx_word' id='word_1_706' title='bbox 3278 4927 3636 5000; x_wconf 87' lang='lat' dir='ltr'><strong>subscripsi.</strong></span> 
     </span>
    </p>
   </div>
   <div class='ocr_carea' id='block_1_109' title="bbox 2154 5016 3756 5095">
    <p class='ocr_par' dir='ltr' id='par_1_109' title="bbox 2154 5016 3756 5095">
     <span class='ocr_line' id='line_1_109' title="bbox 2154 5016 3756 5095; baseline -0.004 -17"><span class='ocrx_word' id='word_1_707' title='bbox 2154 5024 2273 5095; x_wconf 88' lang='lat' dir='ltr'><strong>Ego</strong></span> <span class='ocrx_word' id='word_1_708' title='bbox 2307 5022 2672 5075; x_wconf 88' lang='lat' dir='ltr'><strong>Hermannus</strong></span> <span class='ocrx_word' id='word_1_709' title='bbox 2704 5019 3007 5090; x_wconf 79' lang='lat' dir='ltr'><strong>presbyter</strong></span> <span class='ocrx_word' id='word_1_710' title='bbox 3036 5017 3356 5074; x_wconf 87' lang='lat' dir='ltr'><strong>cardinalis</strong></span> <span class='ocrx_word' id='word_1_711' title='bbox 3397 5016 3756 5089; x_wconf 88' lang='lat' dir='ltr'><strong>subscripsi.</strong></span> 
     </span>
    </p>
   </div>
   <div class='ocr_carea' id='block_1_110' title="bbox 2156 5104 3674 5184">
    <p class='ocr_par' dir='ltr' id='par_1_110' title="bbox 2156 5104 3674 5184">
     <span class='ocr_line' id='line_1_110' title="bbox 2156 5104 3674 5184; baseline -0.005 -17"><span class='ocrx_word' id='word_1_712' title='bbox 2156 5113 2272 5184; x_wconf 85' lang='lat' dir='ltr'><strong>Ego</strong></span> <span class='ocrx_word' id='word_1_713' title='bbox 2302 5108 2616 5182; x_wconf 88' lang='lat' dir='ltr'><strong>Gregorius</strong></span> <span class='ocrx_word' id='word_1_714' title='bbox 2645 5108 2946 5179; x_wconf 75' lang='lat' dir='ltr'><strong>presbyter</strong></span> <span class='ocrx_word' id='word_1_715' title='bbox 2975 5106 3294 5163; x_wconf 87' lang='lat' dir='ltr'><strong>cardinalis</strong></span> <span class='ocrx_word' id='word_1_716' title='bbox 3326 5104 3674 5178; x_wconf 72' lang='lat' dir='ltr'><strong>subscripsi.</strong></span> 
     </span>
    </p>
   </div>
   <div class='ocr_carea' id='block_1_111' title="bbox 2158 5195 3753 5271">
    <p class='ocr_par' dir='ltr' id='par_1_111' title="bbox 2158 5195 3753 5271">
     <span class='ocr_line' id='line_1_111' title="bbox 2158 5195 3753 5271; baseline -0.002 -17"><span class='ocrx_word' id='word_1_717' title='bbox 2158 5201 2275 5271; x_wconf 82' lang='lat' dir='ltr'><strong>Ego</strong></span> <span class='ocrx_word' id='word_1_718' title='bbox 2312 5198 2658 5254; x_wconf 90' lang='lat' dir='ltr'><strong>Benedictus</strong></span> <span class='ocrx_word' id='word_1_719' title='bbox 2698 5198 2998 5269; x_wconf 76' lang='lat' dir='ltr'><strong>presbyter</strong></span> <span class='ocrx_word' id='word_1_720' title='bbox 3029 5195 3343 5252; x_wconf 86' lang='lat' dir='ltr'><strong>cardinalis</strong></span> <span class='ocrx_word' id='word_1_721' title='bbox 3381 5195 3753 5266; x_wconf 88' lang='lat' dir='ltr'><strong>subscripsi.</strong></span> 
     </span>
    </p>
   </div>
   <div class='ocr_carea' id='block_1_112' title="bbox 2159 5285 3755 5356">
    <p class='ocr_par' dir='ltr' id='par_1_112' title="bbox 2159 5285 3755 5356">
     <span class='ocr_line' id='line_1_112' title="bbox 2159 5285 3755 5356; baseline -0.004 -12"><span class='ocrx_word' id='word_1_722' title='bbox 2159 5289 2373 5344; x_wconf 86' lang='lat' dir='ltr'><strong>Datum</strong></span> <span class='ocrx_word' id='word_1_723' title='bbox 2389 5286 2613 5342; x_wconf 85' lang='lat' dir='ltr'><strong>Salerni</strong></span> <span class='ocrx_word' id='word_1_724' title='bbox 2638 5303 2740 5356; x_wconf 91' lang='lat' dir='ltr'><strong>per</strong></span> <span class='ocrx_word' id='word_1_725' title='bbox 2763 5303 2973 5341; x_wconf 89' lang='lat' dir='ltr'><strong>manus</strong></span> <span class='ocrx_word' id='word_1_726' title='bbox 2988 5289 3096 5340; x_wconf 90' lang='lat' dir='ltr'><strong>Joa</strong></span> <span class='ocrx_word' id='word_1_727' title='bbox 3110 5286 3246 5341; x_wconf 89' lang='lat' dir='ltr'><strong>nnis</strong></span> <span class='ocrx_word' id='word_1_728' title='bbox 3273 5301 3449 5342; x_wconf 68' lang='lat' dir='ltr'><strong>sacrae</strong></span> <span class='ocrx_word' id='word_1_729' title='bbox 3469 5285 3755 5346; x_wconf 71' lang='lat' dir='ltr'><strong>Romanas</strong></span> 
     </span>
    </p>
   </div>
   <div class='ocr_carea' id='block_1_113' title="bbox 2086 5371 3763 5435">
    <p class='ocr_par' dir='ltr' id='par_1_113' title="bbox 2086 5371 3763 5435">
     <span class='ocr_line' id='line_1_113' title="bbox 2086 5371 3763 5435; baseline -0.004 0"><span class='ocrx_word' id='word_1_730' title='bbox 2086 5376 2351 5435; x_wconf 70' lang='lat' dir='ltr'><strong>Ecclesize</strong></span> <span class='ocrx_word' id='word_1_731' title='bbox 2381 5375 2613 5431; x_wconf 87' lang='lat' dir='ltr'><strong>diaconi</strong></span> <span class='ocrx_word' id='word_1_732' title='bbox 2646 5373 2970 5431; x_wconf 86' lang='lat' dir='ltr'><strong>cardinalis</strong></span> <span class='ocrx_word' id='word_1_733' title='bbox 2993 5378 3197 5430; x_wconf 89' lang='lat' dir='ltr'><strong>octavo</strong></span> <span class='ocrx_word' id='word_1_734' title='bbox 3219 5373 3447 5430; x_wconf 86' lang='lat' dir='ltr'><strong>decimo</strong></span> <span class='ocrx_word' id='word_1_735' title='bbox 3462 5371 3763 5430; x_wconf 78' lang='lat' dir='ltr'><strong>Kalendas</strong></span> 
     </span>
    </p>
   </div>
   <div class='ocr_carea' id='block_1_114' title="bbox 2088 5462 3768 5537">
    <p class='ocr_par' dir='ltr' id='par_1_114' title="bbox 2088 5462 3768 5537">
     <span class='ocr_line' id='line_1_114' title="bbox 2088 5462 3768 5537; baseline -0.004 -13"><span class='ocrx_word' id='word_1_736' title='bbox 2088 5466 2374 5532; x_wconf 86' lang='lat' dir='ltr'><strong>Octobris,</strong></span> <span class='ocrx_word' id='word_1_737' title='bbox 2424 5464 2632 5537; x_wconf 81' lang='lat' dir='ltr'><strong>quinta</strong></span> <span class='ocrx_word' id='word_1_738' title='bbox 2699 5463 2927 5519; x_wconf 88' lang='lat' dir='ltr'><strong>decima</strong></span> <span class='ocrx_word' id='word_1_739' title='bbox 2984 5462 3322 5531; x_wconf 82' lang='lat' dir='ltr'><strong>indictione,</strong></span> <span class='ocrx_word' id='word_1_740' title='bbox 3373 5479 3528 5519; x_wconf 90' lang='lat' dir='ltr'><strong>anno</strong></span> <span class='ocrx_word' id='word_1_741' title='bbox 3571 5462 3768 5518; x_wconf 89' lang='lat' dir='ltr'><strong>Domi-</strong></span> 
     </span>
    </p>
   </div>
   <div class='ocr_carea' id='block_1_115' title="bbox 2087 5551 3760 5626">
    <p class='ocr_par' dir='ltr' id='par_1_115' title="bbox 2087 5551 3760 5626">
     <span class='ocr_line' id='line_1_115' title="bbox 2087 5551 3760 5626; baseline -0.004 -14"><span class='ocrx_word' id='word_1_742' title='bbox 2087 5557 2227 5612; x_wconf 65' lang='lat' dir='ltr'><strong>nicas</strong></span> <span class='ocrx_word' id='word_1_743' title='bbox 2250 5553 2677 5610; x_wconf 86' lang='lat' dir='ltr'><strong>incarnationis</strong></span> <span class='ocrx_word' id='word_1_744' title='bbox 2709 5552 3021 5609; x_wconf 90' lang='lat' dir='ltr'><strong>millesimo</strong></span> <span class='ocrx_word' id='word_1_745' title='bbox 3039 5570 3077 5609; x_wconf 88' lang='lat' dir='ltr'><strong>n</strong></span> <span class='ocrx_word' id='word_1_746' title='bbox 3100 5551 3442 5626; x_wconf 87' lang='lat' dir='ltr'><strong>onagesimo</strong></span> <span class='ocrx_word' id='word_1_747' title='bbox 3475 5552 3760 5618; x_wconf 89' lang='lat' dir='ltr'><strong>secundo,</strong></span> 
     </span>
    </p>
   </div>
   <div class='ocr_carea' id='block_1_116' title="bbox 2089 5640 3766 5725">
    <p class='ocr_par' dir='ltr' id='par_1_116' title="bbox 2089 5640 3766 5725">
     <span class='ocr_line' id='line_1_116' title="bbox 2089 5640 3766 5725; baseline -0.004 -23"><span class='ocrx_word' id='word_1_748' title='bbox 2089 5644 2460 5718; x_wconf 84' lang='lat' dir='ltr'><strong>pontiﬁcatus</strong></span> <span class='ocrx_word' id='word_1_749' title='bbox 2506 5642 2729 5698; x_wconf 84' lang='lat' dir='ltr'><strong>domini</strong></span> <span class='ocrx_word' id='word_1_750' title='bbox 2789 5641 3012 5725; x_wconf 83' lang='lat' dir='ltr'><strong>Urbani</strong></span> <span class='ocrx_word' id='word_1_751' title='bbox 3077 5659 3239 5714; x_wconf 65' lang='lat' dir='ltr'><strong>papae</strong></span> <span class='ocrx_word' id='word_1_752' title='bbox 3300 5640 3547 5698; x_wconf 87' lang='lat' dir='ltr'><strong>secundi</strong></span> <span class='ocrx_word' id='word_1_753' title='bbox 3610 5658 3766 5696; x_wconf 90' lang='lat' dir='ltr'><strong>anno</strong></span> 
     </span>
    </p>
   </div>
   <div class='ocr_carea' id='block_1_117' title="bbox 2090 5735 2316 5808">
    <p class='ocr_par' dir='ltr' id='par_1_117' title="bbox 2090 5735 2316 5808">
     <span class='ocr_line' id='line_1_117' title="bbox 2090 5735 2316 5808; baseline -0.013 -17"><span class='ocrx_word' id='word_1_754' title='bbox 2090 5735 2316 5808; x_wconf 87' lang='lat' dir='ltr'><strong>quinto.</strong></span> 
     </span>
    </p>
   </div>
  </div>
