3950 6360
169 410 286 476 353

891 551 1103 609 LXVII.

173 640 425 716 Urbanus
451 641 505 716 Π
541 641 596 697 S.
654 643 924 709 Brwwni,
973 643 1466 701 Carthmianorum
1509 645 1815 716 fundatori.

236 719 288 767 et
314 714 536 770 Lanino
581 716 777 770 asserit
814 716 993 771 locum
1024 732 1060 770 α
1095 717 1320 786 Rogerio
1366 714 1558 772 comite
1601 732 1819 772 conces-

234 800 357 860 sum
386 793 440 842 et
489 802 525 841 α
570 786 855 855 Theodoro,
906 788 1151 860 episcopo
1190 786 1498 858 Scyllacino
1526 787 1829 860 conﬁrma;

232 857 373 911 tum.

793 928 980 1001 (Anno
1012 930 1193 1003 1092).

168 1015 319 1091 [Acta
347 1020 668 1075 sanctorum
712 1019 963 1075 Bolland.
1011 1019 1279 1166 gzgcabris
1336 1023 1479 1077 tom.
1514 1019 1608 1087 III,
1641 1019 1734 1075 die
1761 1019 1816 1090 6,

838 1107 972 1165 pag.
1123 1133 1137 1147 .

238 1177 519 1234 Unemus
548 1178 1090 1252 episcopus,serms
1115 1197 1415 1238 servorum
1446 1179 1567 1248 Dei,
1592 1179 1820 1236 dilectis

168 1266 226 1322 in
256 1266 497 1324 Christo
529 1266 668 1323 ﬁliis
698 1267 958 1325 Bnuxom
980 1273 1038 1325 et
1068 1270 1287 1326 LANINO
1317 1268 1569 1326 salutem
1601 1273 1658 1325 et
1688 1286 1822 1341 apo-

168 1350 436 1412 stolicam
454 1355 953 1413 benedictionem.

237 1444 349 1500 Piai
379 1444 706 1501 voluntatis
726 1445 967 1502 allectus
998 1448 1193 1503 studio
1223 1448 1394 1503 debet
1436 1451 1821 1520 prosequente

166 1533 624 1607 compleri.0uia
647 1534 827 1607 igitur
846 1536 1028 1591 nostri
1049 1536 1222 1592 ofﬁcii
1252 1536 1818 1604 interest,servorum

167 1623 263 1679 Dei
289 1624 500 1697 quieti,
525 1629 699 1696 prout
727 1623 1012 1681 Dominus
1034 1642 1205 1698 posse
1225 1625 1470 1693 dederit,
1498 1626 1821 1698 providere,

166 1713 554 1786 petitionibus
572 1713 801 1783 vestris,
825 1712 925 1768 ﬁlii
950 1715 1006 1770 in
1039 1715 1269 1770 Christo
1291 1714 1621 1770 charissimi
1653 1720 1707 1770 et
1739 1732 1825 1770 re-

167 1802 600 1871 verendissimi,
625 1803 940 1859 clementer
968 1805 1307 1859 annuimus.
1344 1804 1451 1859 Per
1478 1804 1656 1876 hujus
1683 1820 1820 1877 ergo

1340 415 1744 484 EPlS'I‘OLzE
1788 424 1888 484 ΕΤ
1929 415 2403 484 PRIVILEGIA.

1847 563 1899 624 A

3451 425 3571 490 354

2632 554 2866 612 LXVIII.

1933 654 2137 730 Urtumi
2190 655 2243 710 1!
2290 654 2544 730 epistota_
2573 653 2645 709 ad
2720 653 3069 730 Reynoldum
3105 659 3572 730 archiepiscopum

2003 726 2311 802 Remensem
2338 732 2390 781 et
2427 726 2813 797 suffraganeos
2847 726 2981 802 ejus.
3018 758 3084 802 _—-
3113 729 3242 802 Ηιοξ
3278 726 3571 802 reprehen-

1997 796 2079 852 dit
2106 798 2245 880 quod
2265 813 2309 923 ἐι
2328 813 2453 865 rege
2482 796 2536 852 et
2560 796 2789 853 «acorem
2831 799 3039 853 dimitti
3085 803 3140 856 et
3184 796 3423 858 alteram
3446 804 3574 859 duci

1992 884 2144 940 passi
2173 885 2261 924 sm
2291 909 2305 923 .

2544 958 2733 1029 (Anno
2765 960 2949 1029 1092.)

2354 1065 2581 1137 [MANSI,
2618 1064 2823 1120 Concil.
2849 1065 2963 1137 XX,
2994 1066 3146 1141 686.]

2000 1178 2278 1235 URBANUS
2307 1178 2636 1253 episcopus,
2667 1197 2868 1237 servus
2894 1197 3193 1239 servorum
3218 1183 3576 1251 Dei,venera-

1927 1266 2148 1323 bilibus
2178 1269 2568 1324 confratribus
2625 1273 2684 1325 et
2736 1270 3094 1343 coepiscopis
3138 1275 3432 1330 Humano
3462 1275 3576 1331 Re.-

1929 1356 2137 1425 mensi,
2169 1360 2227 1413 et
2255 1356 2642 1430 sutfraganeis
2665 1357 3078 1430 ejus,salutem
3105 1365 3163 1417 et
3195 1362 3574 1434 apostolicam
3615 1414 3619 1418 .

1928 1445 2390 1512 benedictionem
2403 1489 2415 1501 .

1999 1534 2055 1587 Si
2089 1502 2446 1591 sacerdotale
2477 1535 2631 1607 quod
2688 1535 2888 1608 geritis
2934 1537 3191 1594 ofﬁcium
3242 1502 3574 1598 considera-

1928 1623 2085 1678 tione
2116 1623 2311 1679 debita
2341 1624 2691 1697 pensaretis,
2713 1626 2861 1681 tanti
2910 1626 3183 1684 facinoris
3228 1628 3473 1685 infamia
3503 1632 3575 1687 ad

1931 1729 2100 1769 aures
2132 1718 2362 1769 nostras
2411 1712 2619 1769 saltem
2677 1714 2969 1787 impunita
3028 1733 3143 1772 non
3191 1720 3573 1790 pervenisset;

1930 1801 2075 1857 Cum
2103 1802 2259 1858 enim
2293 1802 2491 1858 domui
2543 1803 2718 1860 Israel
2774 1804 3173 1877 speculatores
3199 1823 3247 1862 a.
3288 1812 3400 1864 Deo
3431 1809 3575 1876 dati,
3680 1816 3683 1821 “

169 1890 476 1965 apostolici
508 1891 791 1965 privilegii
824 1893 1098 1965 paginam
1131 1893 1450 1966 apostolica
1479 1894 1821 1949 auctoritate
1852 1925 1898 1990 Β
1932 1890 2128 1990 impiis
2152 1891 2481 1964 impietates
2511 1909 2651 1949 suas
2694 1894 3045 1949 annuntiare
3068 1899 3126 1950 et
3153 1912 3258 1968 pro
3289 1895 3461 1954 domo
3494 1902 3576 1954 Is»

170 1982 498 2038 statuimus
528 1986 592 2037 ut
621 1980 787 2038 locus
815 1980 1114 2054 ille,quem
1147 1981 1564 2038 inhabitationi
1591 1987 1818 2052 vestrae,

169 2070 522 2144 disponente
554 2070 822 2140 Domino,
856 2069 1176 2143 elegistis,a
1200 2072 1366 2144 jugo,
1392 2074 1694 2143 potestate,
1728 2071 1822 2126 in-

163 2158 624 2230 juria,molestia
644 2160 910 2215 omnium
934 2158 1241 2214 hominum
1262 2159 1501 2214 omnino
1520 2159 1667 2215 liber
1687 2177 1822 2215 cum

168 2252 293 2304 tota
322 2246 473 2303 silva
500 2252 563 2304 et
579 2252 795 2316 monte,
829 2253 986 2304 terra
1023 2251 1081 2302 et
1099 2265 1254 2320 aqua
1275 2248 1331 2303 in
1355 2249 1611 2320 spatium
1647 2250 1823 2305 unius

170 2336 354 2411 leuga;
386 2338 513 2409 [al.,
543 2336 821 2408 leucae]in
847 2336 1004 2393 omni
1029 2340 1191 2410 parte
1227 2336 1514 2409 adjacenti
1545 2337 1603 2392 in
1635 2342 1825 2395 vestra

168 2424 532 2482 omnimodis
563 2429 621 2482 et
649 2441 1059 2482 successorum
1076 2429 1406 2483 vestrorum
1437 2427 1824 2499 dispositione

172 2518 535 2588 permaneat,
560 2514 715 2570 sicut
739 2514 904 2571 vobis
926 2531 960 2571 a
983 2514 1191 2571 dilecto
1215 2519 1415 2572 nostro
1436 2515 1555 2572 ﬁlio
1578 2516 1825 2588 Rogerio

173 2604 389 2660 comite
413 2604 780 2660 condonatus
797 2608 908 2670 est,
941 2608 999 2660 et
1034 2621 1067 2659 a
1106 2605 1394 2660 confratre
1419 2612 1617 2661 nostro
1640 2605 1822 2661 Theo-

173 2693 341 2764 doro,
379 2692 743 2765 Squillacino
765 2693 1701 2766 episcopo,confirmatus.Nemini
1730 2693 1825 2749 in-

174 2786 268 2838 tra
297 2780 643 2855 praedictum
677 2781 933 2854 spatium
973 2782 1147 2838 liceat
1173 2799 1422 2855 pascuae,
1456 2783 1825 2856 agriculturae

178 2888 283 2928 seu
308 2869 646 2945 piscationis
675 2875 776 2926 aut
803 2870 1099 2944 lignorum
1132 2871 1434 2928 occasione
1455 2876 1555 2928 aut
1571 2890 1827 2945 quacun-

180 2977 297 3034 que
328 2977 400 3017 ex
430 2976 613 3017 causa
642 2959 804 3016 vobis
837 2965 937 3016 aut
962 2961 1173 3017 vestris
1205 2961 1640 3018 successoribus
1671 2962 1827 3034 inju-

179 3051 331 3106 riam
358 3053 465 3106 aut
486 3048 815 3106 molestiam
848 3050 1122 3122 irrogare,
1149 3051 1247 3105 sed
1281 3054 1469 3106 totum
1501 3053 1827 3108 secundum

176 3139 541 3196 voluntatem
563 3144 813 3196 vestram
846 3139 1217 3212 possidentis,
1247 3140 1828 3213 disponatis,ordine-

1931 1979 2051 2036 rael
2078 1997 2313 2037 murum
2355 1997 2644 2054 opponere
2700 1982 3012 2052 deberetis,
3046 1983 3313 2057 qualibet
3352 1986 3577 2044 ratione

1902 2062 1906 2069 ’
1931 2086 2032 2125 vos
2051 2070 2166 2142 pati
2189 2069 2453 2143 potuisse
2474 2070 2780 2139 miramur,
2806 2076 2870 2125 ut
2890 2077 3009 2127 tam
3037 2072 3237 2145 inclyti
3261 2074 3427 2148 regni
3456 2093 3575 2142 rex,

1932 2158 2175 2214 humani
2207 2158 2450 2231 pudoris
2481 2159 2717 2227 oblitus,
2750 2160 2929 2215 divini
2974 2161 3204 2218 timoris
3244 2164 3574 2235 immemor,

1933 2254 2136 2304 contra
2159 2250 2279 2321 jus,
2309 2253 2511 2305 contra
2543 2251 2648 2317 fas,
2681 2254 2885 2306 contra
2942 2251 3138 2325 legum
3182 2256 3245 2308 et
3281 2269 3574 2310 canonum

1933 2338 2492 2404 sanctiones,contra
2520 2339 2699 2394 totius
2729 2339 3025 2395 catholica;
3047 2339 3315 2398 Ecclesia
3336 2358 3578 2400 consue-

1933 2426 2185 2492 tudines,
2217 2431 2273 2483 et
2303 2443 2471 2482 suam
2505 2444 2742 2484 uxorem
2773 2428 3103 2486 inordinate
3135 2429 3577 2503 relinqueretﬁt

1934 2515 2243 2589 propinqui
2277 2516 2367 2571 sui
2400 2517 2709 2588 conjugem
2757 2533 2954 2573 amore
3001 2517 3114 2573 sibi
3145 2518 3365 2574 nefario
3397 2536 3574 2593 copo»
3616 2556 3619 2561 ι

1932 2604 2095 2660 laret.
2131 2605 2292 2670 Quod
2325 2606 2542 2660 factum
2584 2607 2785 2677 utique
2803 2610 2862 2661 ut
2879 2606 3042 2679 regni
3074 2607 3258 2663 totius
3287 2607 3576 2666 ωηευείοδ

1935 2711 2090 2761 nem,
2114 2698 2171 2749 et
2200 2693 2587 2749 Ecclesiarum
2607 2699 2931 2750 vestrarum
2968 2694 3414 2769 dissipatienem
3446 2712 3575 2770 por.

1934 2781 2140 2850 tendit,
2173 2786 2230 2837 et
2260 2782 2331 2838 ad
2382 2780 2639 2837 animam
2689 2786 2939 2838 vestram
2991 2784 3282 2840 redundat
3308 2783 3571 2843 infamia.

1935 2871 2199 2928 Peccanti
2228 2871 2406 2939 enim,
2440 2887 2572 2926 cum
2603 2871 2814 2943 possis,
2849 2887 2967 2926 non
2997 2872 3413 2943 contradicere,
3442 2891 3577 2932 con-

1936 2961 2149 3017 sentire
2181 2964 2288 3016 est.
2332 2961 2412 3016 Te
2443 2963 2658 3027 autem,
2712 2959 3057 3016 charissima
3102 2961 3396 3019 confrater
3425 2964 3573 3038 Raye

1936 3049 2127 3118 nalde,
2159 3066 2310 3106 noxa
2337 3049 2459 3104 haec
2493 3048 2745 3105 maxime
2775 3049 3026 3122 impetit,
3053 3067 3161 3123 pro
3188 3067 3263 3107 eo.
3287 3054 3448 3125 quod:
3471 3053 3576 3109 Silo

1933 3139 2302 3196 vanectensis
2349 3139 2651 3210 subjectus
2697 3138 2802 3193 tibi
2853 3138 3187 3212 episcopus,
3216 3139 3328 3196 hoc
3354 3142 3574 3214 publici

181 3230 258 3285 tis
287 3233 346 3285 et
377 3228 652 3302 erogetis.
687 3229 745 3285 Si
778 3229 916 3302 quid
953 3232 1229 3301 praeterea
1271 3229 1618 3302 episcopalis
1649 3231 1824 3287 ofﬁcii
1867 3297 1898 3302 _
1936 3227 2207 3284 adulterii
2240 3227 2480 3295 crimen,
2515 3243 2642 3297 suo,
2676 3231 2741 3282 ut
2789 3227 3146 3296 audivimus,
3196 3229 3451 3287 firmavit
3479 3249 3572 3288 ass

178 3297 575 3392 indigneritis,
600 3318 671 3373 ad
704 3297 877 3390 quem
908 3297 1282 3391 potissimum
1302 3297 1627 3374 vicinorum
1650 3319 1826 3375 antis-
1856 3297 1899 3365 α
1936 3334 2133 3385 sensu,
2166 3332 2301 3372 cum
2324 3315 2567 3372 moechis
2587 3314 2706 3371 illis
2734 3315 3155 3373 benedictionis
3196 3319 3575 3380 sacerdotalis

182 3406 351 3464 titum
374 3407 676 3463 volueritis
697 3407 1030 3463 recurrendi
1045 3407 1316 3479 praesenti
1340 3407 1565 3464 decreto
1580 3406 1824 3465 liberam
1935 3423 2175 3462 manum
2210 3405 2678 3478 imposuit.Quod
2699 3405 2809 3461 etsi
2832 3404 2986 3461 licite
3009 3407 3574 3482 nuberent,bigamis

182 3495 478 3553 licentiam
510 3494 1280 3568 indulgemus.Decimarum
1315 3513 1544 3569 quoque
1561 3513 1734 3553 usum
1757 3514 1827 3553 ex

179 3584 506 3654 vestris,vel
537 3601 849 3658 puerorum
873 3590 1197 3641 vestrorum
1222 3584 1523 3641 laboribus
1543 3586 1714 3642 vestri
1733 3588 1829 3658 juo

181 3674 259 3730 ris
288 3689 421 3731 esse
452 3689 783 3730 censemus.
817 3672 979 3737 Quod
1007 3675 1056 3729 si
1089 3691 1216 3746 quae
1268 3690 1583 3746 puerorum
1614 3679 1828 3732 vestro-

179 3780 305 3819 rum
341 3763 567 3820 otl'ensa
595 3763 989 3835 contigerit,in
1022 3768 1215 3819 vestra
1246 3767 1475 3819 tantum
1505 3781 1681 3820 manu
1706 3782 1828 3821 om-

182 3853 271 3909 nis
300 3868 504 3909 eorum
538 3851 814 3908 correctio
859 3857 1109 3908 maneat.
1145 3852 1260 3908 Nec
1313 3852 1472 3908 ullus
1521 3870 1583 3909 se
1631 3853 1702 3909 de
1733 3853 1825 3909 his

180 3958 305 4014 qua:
329 3942 409 3997 ad
421 3958 523 3997 vos
544 3942 987 4014 pertinent,sine
1004 3945 1194 3997 vestra
1212 3940 1511 3997 voluntate
1522 3943 1825 3999 occasione

182 4031 378 4104 aliqua
398 4031 771 4101 intromittat,
793 4035 1081 4104 quatenus
1118 4030 1539 4103 omnipotentis
1562 4031 1661 4087 Dei
1694 4049 1827 4105 spe-

181 4120 459 4177 culationi
481 4120 680 4177 liberis
702 4119 997 4176 mentibus
1017 4119 1326 4188 insistatis,
1348 4124 1404 4176 et
1419 4121 1491 4175 ad
1515 4122 1642 4193 ejus
1661 4122 1824 4177 faciei

179 4210 572 4275 dulcedinem,
629 4210 755 4283 ipso
813 4213 1147 4282 praestante,
1203 4208 1503 4282 pervenire
1562 4209 1821 4267 valeatis.

178 4300 325 4357 Sane
357 4299 406 4356 si
439 4299 575 4372 quis
604 4298 662 4353 in
711 4299 1031 4355 crastinum
1078 4298 1552 4370 archiepiscopus
1581 4303 1682 4354 aut
1710 4299 1826 4371 epi-

178 4388 739 4463 scopus,imperator
769 4393 872 4444 aut
901 4405 1017 4453 rex,
1043 4387 1314 4461 princeps
1346 4391 1448 4443 aut
1467 4388 1603 4455 dux,
1629 4405 1824 4446 comes

177 4482 275 4534 aut
304 4477 651 4547 vicecomes,
672 4477 855 4550 judex
887 4483 989 4533 aut
1019 4493 1269 4550 persona
1316 4476 1589 4549 quaelibet
1620 4481 1825 4549 potens

176 4573 277 4624 aut
293 4556 794 4640 impotens,hujus
816 4565 999 4623 nostri
1020 4564 1302 4638 privilegii
1318 4565 1592 4639 paginam
1606 4567 1819 4637 sciens,

1933 3498 2128 3550 tamen
2153 3494 2411 3567 impendi
2431 3494 2754 3549 secundum
2780 3510 3033 3551 canones
3054 3512 3168 3551 non
3194 3496 3574 3555 liceretznunc

1933 3584 2115 3656 igitur
2132 3583 2293 3639 vobis
2313 3581 2627 3654 apostolica
2645 3583 2990 3639 auctoritate
3007 3584 3376 3657 prmeipimus
3398 3590 3465 3642 ut
3480 3586 3573 3643 his

1934 3673 2074 3728 visis
2103 3672 2387 3744 apicibus,
2423 3672 2578 3744 quod
2633 3671 2808 3727 etiam
2857 3689 2975 3727 non
3015 3672 3364 3743 jubentibus
3402 3675 3574 3731 nobis

1926 3762 2280 3833 jamdudum
2316 3761 2519 3817 fecisse
2548 3765 2799 3817 vestram
2847 3761 3218 3834 prudentiam
3257 3762 3572 3829 decuisset,

1935 3854 2161 3906 mature
2191 3848 2495 3906 convenire
2544 3849 2764 3905 curetis
2795 3865 3010 3923 regem,
3044 3854 3102 3906 et
3141 3866 3209 3906 ex
3250 3851 3345 3907 Dei
3373 3857 3577 3909 nostra

1934 3940 2153 4012 pariter
2182 3945 2239 3995 et
2266 3942 2457 3995 vestra
2482 3943 2646 4012 parte
2676 3939 2965 3995 instanter
3006 3941 3449 4012 commoneatis,
3480 3959 3573 3998 ar-

1898 4022 2147 4103 'guatis,
2181 4026 2517 4094 obsecretis,
2569 4027 2904 4100 increpetis,
2937 4032 2993 4085 et
3047 4032 3287 4107 extante
3335 4033 3576 4102 tamque

1932 4119 2222 4174 horrendo
2271 4116 2521 4173 facinore
2568 4117 2849 4173 desistere
2904 4117 3287 4190 compellatis.
3321 4120 3489 4183 Quod
3523 4121 3575 4177 si

1934 4206 2366 4279 contempserit,
2399 4211 2459 4262 et
2480 4206 2647 4263 nobis
2677 4210 2734 4261 et
2761 4205 2928 4262 vobis
2958 4207 3276 4264 necessitas
3306 4207 3574 4266 imminea

1933 4297 2038 4363 bit,
2071 4300 2135 4351 ut
2163 4296 2232 4351 ad
2266 4295 2634 4351 ulciscendas
2660 4295 2869 4351 divinae
2895 4295 3040 4369 legis
3064 4296 3311 4368 injurias
3342 4314 3446 4370 pro
3475 4315 3574 4355 no-

1933 4385 2035 4440 stri
2070 4384 2245 4441 ofﬁcii
2294 4383 2487 4440 debito
2545 4383 2943 4457 accingamur,
2976 4389 3033 4440 et
3090 4384 3335 4442 Phineas
3379 4386 3573 4460 gladio

1932 4472 2278 4529 Madianitas
2309 4472 2602 4529 adulteros
2634 4474 3016 4545 perferemus.

2003 4562 2279 4618 Eamdcm
2312 4579 2545 4634 quoque
2575 4561 2915 4619 instantiam
2956 4580 3060 4635 pro
3102 4565 3398 4636 ereptione
3428 4582 3571 4622 con-

177 4661 379 4712 contra
410 4671 540 4712 eam
561 4658 778 4711 temere
819 4654 1018 4710 venire
1066 4653 1392 4722 tentaverit,
1418 4655 1675 4711 secundo
1706 4660 1820 4711 ter-
1855 4672 1899 4736 ι)
1930 4653 2127 4708 fratris
2158 4651 2339 4707 nostri
2369 4651 2741 4707 Carnotensis
2771 4650 3027 4724 episcOpi
3077 4651 3367 4709 adhibete.
3402 4655 3568 4718 Quod

175 4745 324 4801 tiove
373 4744 793 4813 commonitus,
843 4744 892 4800 si
943 4760 1057 4800 non
1126 4742 1522 4800 satisfactione
1563 4760 1820 4818 congrua

174 4834 731 4902 emendaverit,cum
754 4833 994 4890 honoris
1012 4834 1100 4888 sui
1122 4838 1180 4889 et
1206 4832 1380 4887 ofﬁcii
1408 4832 1663 4905 periculo
1685 4836 1822 4890 sub-

170 4925 364 4997 jacere
385 4924 778 4999 decernimus,
800 4929 858 4980 et
886 4940 919 4979 a
947 4922 1162 4978 Christi
1203 4926 1377 4993 atque
1411 4921 1675 4978 Ecclesiae
1704 4940 1825 4979 cor-

175 5031 312 5086 pore
342 5013 689 5070 auctoritate
720 5013 1026 5087 potestatis
1056 5011 1386 5085 apostolicze
1416 5028 1819 5085 segregamus.

174 5101 671 5159 Conservantibus
701 5107 897 5159 autem
930 5119 1040 5175 pax
1071 5119 1104 5156 a
1147 5101 1262 5156 Deo
1318 5104 1374 5155 et
1423 5099 1824 5158 misericordia

176 5192 564 5264 praesentibus
590 5209 656 5249 ac
688 5193 902 5248 futuris
931 5190 1159 5249 saeculis
1192 5193 1583 5245 conservetur.
1617 5190 1819 5260 Amen,

177 5296 369 5351 amen,
403 5278 599 5338 amen.

244 5370 457 5427 Datum
491 5388 595 5444 per
624 5387 863 5428 manum
892 5369 1138 5428 Joannis
1161 5370 1220 5425 S.
1266 5369 1334 5424 Β.
1356 5369 1420 5424 Ε.
1454 5368 1682 5424 diaconi
1704 5386 1824 5426 οων

166 5458 612 5534 “ᾶὶηειῐίε,ρι·ἱάἰθ
636 5458 772 5518 Idus
793 5457 1402 5528 0ctobris,indictione
1429 5457 1638 5531 prima,
1668 5474 1821 5516 anno

176 5547 490 5606 Dominicaa
521 5549 941 5608 incarnationis
966 5547 1278 5606 millesimo
1320 5546 1697 5622 nonagesimo
1731 5565 1820 5606 se-

177 5639 388 5707 cundo,
416 5638 795 5715 pontiﬁcatus
836 5642 1030 5701 autem
1062 5637 1281 5698 domini
1343 5636 1560 5697 Urbani
1589 5637 1637 5699 ΙΙ
1666 5654 1820 5702 anno

180 5726 402 5811 quinto.
1798 5744 1801 5749 '

1930 4742 1979 4798 si
1997 4740 2234 4797 monitis
2256 4739 2487 4806 vestris,
2516 4738 2623 4811 qni.
2636 4755 2773 4795 eum
2804 4740 2976 4812 cepit,
3008 4741 3408 4814 obtemperare
3432 4759 3571 4800 σου-ς

1935 4829 2367 4902 tempserit,vos
2386 4829 3250 4901 etipsumexcommunicationi
3274 4831 3573 4903 subjicita,

1933 4926 1989 4977 et
2000 4918 2255 4975 castellis
2280 4919 2339 4973 in
2367 4918 2820 4990 quibuscunque
2840 4935 2974 4975 eum
2996 4918 3387 4991 retinuerit,et
3403 4926 3573 4978 terra:

1932 5009 2060 5079 ejus
2090 5007 2351 5063 divinum
2384 5007 2639 5063 ofﬁcium
2685 5008 3041 5077 interdicite,
3056 5024 3129 5065 ne
3160 5008 3381 5067 similia
3408 5010 3575 5068 (ἰείη-η

1934 5114 2067 5169 ceps
2098 5096 2156 5152 in
2182 5097 2323 5153 viris
2358 5096 2537 5168 hujus
2584 5096 2806 5153 ordinis
2837 5103 3288 5170 prmsumantur.
3321 5098 3395 5157 Ut
3421 5100 3574 5156 ordia

1932 5202 2065 5242 nem
2096 5190 2354 5241 vestrum
2386 5185 2649 5258 diligitis,
2681 5184 2764 5242 ita
2791 5186 2901 5244 hoc
2949 5186 3268 5245 accelerare
3296 5189 3574 5247 omnibus

1934 5275 2126 5331 modis
2154 5275 2453 5347 satagetis.
2485 5273 2704 5332 Valete.
3502 5332 3505 5335 ,

2007 5365 2149 5420 Data
2177 5368 2338 5420 sexto
2380 5363 2673 5422 Kalendas
2719 5364 3081 5436 Novembris,
3114 5383 3268 5425 anno
3306 5365 3575 5427 videlicet

1932 5453 2032 5512 Dei
2061 5453 2275 5512 Christi
2308 5453 2466 5513 1092.
