3950 6426
154 440 263 507 357

1308 432 1715 502 emerem;
1759 421 1873 495 ar
1894 403 2375 495 'PRIVILEGIA.

3424 426 3545 493 338

154 595 310 635 suam
334 576 628 633 dioecesim
648 579 704 633 et
720 579 923 634 caetera
944 572 1300 648 pontiﬁcalia
1316 575 1453 644 jura
1486 570 1672 626 ﬁrmis
1693 587 1790 625 an-
1818 569 1872 634 Α
1901 566 2484 636 communicavimus,
2499 581 2604 622 nec
2634 564 2882 621 mortuis
2911 566 3344 622 communicare
3373 568 3545 623 debe-

152 666 410 738 tiquitate
441 665 736 721 rationum
766 663 1178 721 instrumentis
1206 661 1478 718 obtinuit.
1504 658 1790 714 Volumus

1902 655 2074 725 mus].
2109 658 2346 710 Constat
2393 671 2530 726 ergo
2577 654 2858 725 quoniam
2910 655 3127 726 quibus
3177 655 3320 711 vivis
3350 657 3440 727 (ut
3481 675 3549 713 ex

149 756 336 828 itaque
366 758 422 810 et
451 753 770 825 apostolica
799 755 1142 809 auctoritate
1171 750 1541 824 praecipimus
1564 747 1792 819 ut,jngo
1899 742 2164 814 opposito
2197 743 2532 815 loquamur)
2547 743 3384 811 communicavimus,mortuis
3404 762 3553 816 quo-

150 842 575 900 Cameracensis
606 840 985 914 subjectionis
1003 841 1074 897 ab
1098 839 1353 895 Ecclesia
1374 842 1565 893 vestra
1594 851 1794 891 excus-

151 949 230 1000 so,
257 935 312 987 et
342 936 578 1003 recepta
601 929 885 1003 dignitate
915 929 1125 1003 primis
1154 926 1520 1001 temporibus
1549 923 1796 980 rationa-

150 1020 245 1077 bili
276 1020 553 1077 ﬁrmitate
583 1017 1241 1099 possessa,cardinalem
1268 1017 1607 1089 episcopum
1630 1011 1796 1068 vobis

152 1116 201 1166 et
228 1108 499 1166 Ecclesiae
550 1113 753 1165 vestras
802 1106 1006 1163 utilem
1056 1105 1292 1179 eligere,
1321 1108 1378 1160 et
1406 1102 1655 1160 electum
1697 1118 1798 1174 per

155 1213 388 1254 manum
421 1195 852 1268 metropolitani
880 1194 1057 1251 vestri
1106 1209 1461 1259 consecrare,
1494 1197 1552 1248 et
1597 1189 1797 1247 Eccle-

156 1287 245 1343 siae
274 1290 483 1342 vestrae
512 1285 881 1341 incardinare
906 1283 1212 1340 studentis.
1245 1282 1311 1338 Ei
1338 1298 1472 1337 vero
1501 1280 1601 1352 qui
1632 1295 1800 1335 cano-

156 1376 277 1432 nico
306 1392 602 1433 consensu
637 1373 780 1430 cleri
811 1378 868 1429 et
900 1372 1095 1445 pepuli
1126 1371 1345 1428 electus
1375 1369 1803 1442 fuerit,aposto-

153 1464 256 1521 lica
283 1463 634 1520 auctoritate
663 1461 1070 1519 interdicimus
1102 1478 1172 1517 ne
1193 1459 1526 1532 impositam
1549 1456 1660 1513 sibi
1685 1456 1799 1513 ele-

153 1552 403 1610 ctionem
416 1551 890 1609 dissimulatione
915 1550 1111 1621 aliqua
1125 1550 1299 1620 hujus
1318 1565 1474 1604 novae
1491 1545 1804 1603 ordinatio-

154 1642 240 1698 nis
268 1639 843 1714 subterfugiat.Solet
874 1640 1029 1696 enim
1062 1638 1185 1694 fieri
1218 1644 1282 1693 ut
1310 1636 1576 1693 Ecclesia
1608 1651 1803 1707 perse-

154 1731 406 1787 cutionis
436 1736 699 1802 tempore
729 1730 854 1784 suis
886 1727 1212 1793 ordinibus,
1246 1727 1372 1782 suis
1404 1725 1802 1798 populis.sub-

155 1819 312 1876 sidiis
332 1820 515 1876 etiam
546 1816 970 1890 temporalibus
999 1815 1450 1882 destitutaa,aliis
1478 1813 1804 1885 temporali-

153 1913 237 1964 ter
254 1908 706 1964 committantur
734 1904 1032 1973 Ecclesiis;
1066 1910 1377 1978 postquam
1401 1921 1530 1960 vero
1554 1903 1647 1957 his
1675 1903 1803 1975 qui-

155 1998 261 2053 bus
291 1996 614 2052 imminuta
640 1996 890 2062 fuerant,
924 1994 1040 2050 Deo
1070 1994 1342 2061 donante,
1377 1993 1677 2048 abundare
1703 2009 1811 2047 coa-

156 2087 367 2160 perint,
404 2085 712 2158 pristinam
748 2083 1029 2156 recipiant
1059 2082 1426 2155 dignitatem.

164 2192 169 2195 '
223 2173 583 2241 Castraneti,
614 2191 667 2229 ιν
698 2173 892 2229 Nonas
920 2171 1273 2228 Decembris.

890 2261 1101 2316 LXXII.

164 2356 367 2413 Urbani
399 2353 449 2409 II
475 2353 704 2424 epistola
732 2350 801 2424 ad
832 2350 1160 2406 Rainoldum
1191 2344 1502 2424 Remensem
1539 2350 1813 2420 archiepi-

224 2421 577 2507 scopum.3-—_
618 2421 838 2505 Mandat
894 2426 975 2488 ut,
1029 2437 1196 2505 _quem
1248 2422 1427 2477 clerus
1483 2424 1816 2493 papulasque

224 2498 604 2553 Atrebatenszs
633 2495 916 2564 elegerint,
949 2509 1257 2564 epzsalpum
1285 2496 1572 2549 consecret.

904 2537 916 2559 ,
949 2509 1257 2565 epzsaIpum
1285 2509 1502 2549 εοηδεσν

790 2583 976 2655 (Anno
1009 2582 1192 2653 1092.)

593 2673 824 2744 [Mus],
862 2671 1067 2728 Concit.
1099 2670 1218 2740 xx,
1241 2671 1391 2742 670.]

232 2765 518 2821 Unsarws
549 2762 883 2835 episcopus,
912 2776 1116 2816 servus
1154 2777 1454 2816 servorum
1490 2759 1819 2826 Dci,dilecto

163 2851 448 2911 confratri
482 2834 1133 2921 Rarxonoo,Remorum
1174 2849 1629 2923 archiepiscopo,
1663 2849 1819 2906 salu-

162 2947 277 2999 tem
314 2946 378 2998 et
410 2938 789 3014 apostolicam
822 2938 1304 2994 benedictionem.

229 3030 480 3088 Noverit
509 3036 605 3085 tua
638 3027 969 3083 fraternitas
1000 3027 1153 3098 quod
1196 3027 1594 3084 Atrebatensis
1626 3028 1823 3084 Eccle-

164 3122 251 3178 sia
278 3136 412 3176 una
438 3135 509 3175 ex
537 3117 833 3173 nobilibus
861 3114 1133 3171 Ecclesiis
1181 3115 1484 3172 Remensis
1535 3122 1824 3190 metropo-

1901 847 2014 903 que
2043 832 2479 887 communicare
2528 848 2864 904 possumus.
2898 833 3013 888 Nos
3048 833 3216 903 plane
3247 832 3398 888 inter
3435 834 3551 889 duo

1904 919 2303 993 Oppugnantia
2336 921 2528 993 positi,
2564 921 2714 976 inter
2741 920 2952 992 impios
2984 922 3250 978 videlicet
3277 926 3335 978 et
3364 923 3552 979 schis-

1905 1008 2573 1076 maticos,schismaticis
2618 1009 2733 1064 ullo
2773 1010 2944 1065 modo
2974 1011 3407 1067 communicare
3437 1029 3553 1067 non

1904 1114 2243 1170 possumus,
2279 1103 2380 1153 aut
2409 1097 2545 1153 licet
2575 1114 2588 1151 :
2624 1088 3027 1171 peccatoribus
3066 1104 3284 1165 vero,et
3331 1102 3554 1173 praedo-

1906 1186 2081 1241 nibus
2099 1186 2493 1258 dispensative
2510 1192 2813 1257 propterea
2828 1188 3250 1244 communicavi
3259 1189 3559 1262 mus,quia

1907 1279 1963 1331 et
1980 1273 2293 1329 Ecclesiam
2316 1274 2600 1331 hactenus
2619 1280 3093 1330 sustentaverunt
3109 1280 3167 1331 et
3196 1293 3258 1332 se
3278 1277 3480 1333 ﬁdeles
3498 1278 3556 1334 in

1908 1367 2206 1434 posterum
2240 1361 2884 1434 pollicentur.Alioquin
2912 1369 3139 1435 oportet
3160 1381 3267 1420 nos
3287 1365 3358 1420 de
3377 1365 3558 1441 hujus

1910 1450 2115 1506 mundi
2147 1450 2409 1522 partibus
2439 1450 2740 1507 exire.Sub
2766 1468 2881 1522 qua
2911 1452 3089 1507 etiam
3119 1453 3433 1524 sponsione
3453 1471 3559 1510 nos

1909 1538 1962 1594 ei
1997 1555 2182 1611 nuper
2213 1538 2270 1592 in
2302 1538 2455 1594 beati
2486 1537 2636 1593 Petri
2688 1538 2969 1594 natalitiis
3010 1540 3435 1597 absolutionem
3468 1543 3558 1597 in-

1912 1626 2379 1692 dulsimus.Quia
2400 1643 2536 1699 ergo
2558 1627 2870 1699 praedictus
2890 1628 3184 1699 virusque
3206 1629 3570 1686 nominative

1913 1715 2673 1788 excommunicatus,neque
2694 1716 3136 1771 communicans
3165 1735 3300 1774 cum
3330 1734 3560 1775 excom-

1916 1805 2231 1860 municatis
2290 1820 2359 1859 ex
2420 1806 2657 1860 nomine
2709 1804 2870 1870 exiit,
2914 1806 3014 1861 sed
3073 1805 3132 1860 in
3192 1806 3425 1862 Domini
3470 1809 3563 1864 sui

1916 1893 2028 1948 fide
2058 1898 2234 1965 atque
2264 1893 2496 1948 servitio
2529 1894 2870 1965 permansit,
2899 1894 3033 1949 licet
3063 1895 3231 1951 nobis
3260 1896 3564 1969 dispensa-

1923 1982 2055 2049 tive,
2088 1982 2146 2036 id
2177 1987 2285 2048 est,
2318 1982 2581 2054 quandiu
2612 1999 2711 2037 eos
2742 1982 3153 2054 patimur,ejus
3183 1983 3568 2056 eleemosynis

1917 2070 2351 2126 communicare
2381 2075 2438 2126 et
2455 2070 2715 2126 defuncti
2747 2071 3007 2126 animam
3056 2072 3399 2131 Christiana
3443 2074 3570 2131 reli-

1919 2160 2110 2234 gionis
2139 2161 2331 2216 modis
2361 2160 2636 2215 omnibus
2659 2160 2957 2231 adjuvare.

2386 2296 2391 2309 .
2634 2249 2864 2303 LXXIV.

2023 2340 2230 2395 Urbani
2257 2338 2312 2393 Il
2337 2339 2565 2408 epistola
2593 2337 2662 2392 ad
2693 2338 3005 2394 Anselmum
3031 2340 3484 2399 Mediolanensem

2029 2411 2581 2482 archiepiscopmn.—
2606 2410 2673 2464 De
2698 2410 3136 2468 reconciliatione
3165 2413 3461 2485 lapsorum.

2470 2496 2658 2568 (Anno
2692 2498 3038 2568 1088-1093.)

2345 2586 2578 2656 [MANSI,
2613 2585 2817 2641 Concil.
2854 2586 2971 2654 XX,
3004 2587 3154 2659 6&5.)

1998 2675 2343 2731 Discretioni
2384 2679 2592 2730 nostrae
2641 2674 2883 2744 videtur,
2926 2681 3217 2748 quatenus
3247 2681 3572 2740 secundum

1926 2764 2194 2838 praecepti
2217 2763 2397 2819 nostri
2422 2764 2942 2835 tenorem,quando
2970 2767 3296 2824 secundum
3316 2769 3573 2828 ecclesias

1925 2859 2130 2911 vestrae
2156 2871 2374 2909 morem
2405 2869 2602 2908 sacros
2621 2853 2861 2908 daturos
2885 2853 3246 2926 quibuslibet
3270 2856 3404 2915 aliis
3423 2860 3576 2915 ordi-

1930 2962 2033 3002 nes
2065 2942 2403 2999 benedicere
2434 2941 2697 3014 coeperis,
2729 2958 2848 3008 eos,
2884 2960 3031 3014 quos
3075 2948 3178 2999 tua
3224 2946 3455 3003 duxerit
3481 2966 3574 3005 so-

1930 3032 2098 3089 lertia
2129 3028 2767 3098 reconciliandos,inter
2790 3029 3255 3089 benedicendum
3286 3038 3344 3090 et
3365 3052 3575 3092 manus

1930 3120 2351 3194 imponendum
2383 3119 2560 3174 facias
2597 3118 2897 3187 interesse;
2921 3119 3134 3191 quibus
3156 3126 3362 3180 cetera
3381 3125 3578 3183 omnia

162 3211 235 3267 lis
266 3210 469 3275 fnit,et
498 3206 801 3280 pontiﬁces
820 3204 973 3261 viros
1004 3204 1476 3278 religiosissimos
1527 3212 1583 3263 et
1622 3213 1827 3265 caetera
1933 3207 2382 3266 consecrationis
2412 3207 2804 3262 instrumenta
2837 3214 3042 3279 praeter
3072 3211 3363 3267 unctionis
3385 3212 3576 3287 exple-

162 3295 529 3374 pontiﬁcalia
549 3297 688 3369 jura
719 3295 905 3351 ﬁrmis
937 3294 1226 3350 rationum
1260 3295 1637 3352 monimentis
1666 3297 1815 3352 obti-
1849 3299 1891 3365 C
1929 3300 2042 3366 bis,
2074 3303 2131 3354 et
2159 3297 2243 3353 sic
2273 3313 2339 3352 ac
2364 3300 2566 3352 sancta
2591 3295 2914 3351 ministeria
2940 3298 3362 3356 reconciliabis.

165 3386 680 3444 nuit.Mandamus
707 3383 904 3455 itaque
934 3382 1039 3438 tibi
1073 3387 1247 3455 atque
1279 3384 1651 3457 praecipimus
1673 3385 1819 3440 util-

164 3478 310 3546 lum,
345 3491 526 3549 quem
559 3471 815 3529 Ecclesia
845 3470 942 3526 illa
973 3471 1252 3527 canonico
1282 3489 1571 3530 consensu
1600 3475 1735 3530 cleri
1767 3480 1824 3532 et

162 3566 364 3640 pepuli
392 3563 506 3620 sibi
540 3562 600 3617 in
623 3561 961 3633 episcopum
992 3559 1246 3634 elegerit,
1282 3578 1620 3619 consecrare
1649 3568 1705 3620 et
1742 3565 1822 3621 ei-

165 3656 298 3711 dem
330 3651 606 3710 Ecclesiae
638 3650 1003 3706 incerdinare
1032 3666 1144 3705 non
1179 3649 1434 3707 dilferas.
1483 3652 1638 3709 Solet
1667 3654 1822 3710 enim

168 3744 292 3801 ﬁeri
344 3747 416 3798 ut
462 3740 731 3797 Ecclesiae
766 3739 1183 3812 persecutionis
1226 3744 1487 3813 tempore
1514 3742 1636 3797 suis
1668 3743 1824 3798 ordi-

169 3834 370 3900 nibus,
409 3830 531 3887 suis
564 3828 816 3903 populis,
849 3828 1129 3884 subsidiis
1177 3829 1352 3885 etiam
1402 3831 1825 3902 temporalibus

172 3922 469 3979 destitutae
492 3918 622 3974 aliis
650 3917 1048 3990 temporaliter
1063 3919 1509 3974 committantur
1532 3920 1822 3991 Ecclesiis;

172 4016 495 4085 postquam
524 4025 656 4064 vero
686 4007 779 4062 his
806 4007 1021 4079 quibus
1052 4006 1377 4063 imminutae
1428 4009 1675 4075 fuerant,
1709 4010 1825 4067 Deo

173 4097 851 4173 disponente,abundare
880 4095 1177 4169 coeperint,
1209 4097 1518 4168 pristinam
1546 4099 1826 4171 recipiant

171 4185 744 4263 dignitatem.Solius
773 4184 986 4241 etenim
1019 4184 1321 4257 apostolici
1345 4192 1434 4242 est
1456 4187 1824 4260 episcopatus

167 4281 553 4351 conjungere,
578 4277 920 4347 conjunctos
950 4273 1414 4348 disjungere,aut
1442 4276 1619 4332 etiam
1644 4296 1824 4335 novos

168 4372 535 4426 construere.
569 4366 774 4421 Fretus
798 4363 996 4436 itaque
1039 4367 1240 4419 nostra
1287 4365 1629 4422 auctoritate
1659 4366 1716 4423 id
1752 4385 1823 4424 ne

166 4460 381 4515 timeas
414 4451 1094 4527 adimplere.Voluntatis
1124 4453 1336 4509 etenim
1370 4458 1583 4510 nostrae
1607 4460 1695 4510 est
1714 4457 1821 4517 Re-

166 4541 768 4618 mensis[f.,Remensi
799 4544 855 4597 et
884 4542 1825 4617 mos,episcopatuum.Hann.]Ec-

165 4636 357 4696 clesiie
390 4634 533 4691 olim
566 4648 654 4732 xu.
675 4631 1075 4704 episcopatum
1102 4631 1587 4704 dignitatem,t)eo
1618 4652 1820 4709 coopc-
1852 4671 1898 4736 Β

163 4730 353 4794 tante,
389 4724 451 4779 in
492 4721 806 4796 pristinum
838 4721 1087 4792 gradum
1120 4736 1404 4777 revocare.

878 4808 1125 4865 LXXIII.

171 4903 381 4960 Urbani
411 4902 463 4958 ΙΙ
488 4900 713 4972 epistola
736 4898 1206 4972 adGuimundu-m
1231 4902 1561 4972 episcopum
1595 4904 1816 4960 Aversa-

240 4992 395 5031 num.
428 4969 587 5047 έιιι
615 4971 755 5043 quod
784 4970 849 5026 de
879 4969 1163 5039 Richardo,
1208 4969 1323 5027 ﬁlio
1369 4969 1629 5042 Burrelli,
1678 4978 1818 5047 fece-

240 5049 337 5115 rit,
358 5044 577 5118 probat.

718 5114 905 5185 (Anno
936 5113 1289 5186 1088-1093.)

269 5189 572 5261 [Gnarum
602 5189 832 5254 Decret.,
866 5203 1046 5241 causa
1074 5202 1228 5253 xxxv,
1258 5202 1357 5257 qu.
1390 5189 1444 5251 2,
1477 5204 1602 5261 cap.
1636 5190 1712 5258 3.]

186 5304 193 5309 -
240 5277 391 5334 Sane
421 5277 578 5349 quod
608 5292 786 5348 super
817 5274 1107 5331 Richardo
1131 5274 1247 5330 filio
1271 5274 1479 5332 Borclli
1501 5284 1693 5334 vestra
1716 5278 1823 5335 fra-

166 5368 416 5423 ternitas
445 5366 635 5439 egisse
665 5364 921 5420 innotuit
950 5379 1053 5436 pro
1082 5358 1213 5419 zelo"
1233 5363 1356 5430 Dei,
1388 5367 1445 5421 et
1490 5366 1820 5423 animarum

168 5455 477 5523 oharitate,
511 5454 845 5511 laudamus.
877 5454 985 5509 Sed
1016 5469 1132 5509 non
1164 5452 1306 5509 adeo
1338 5452 1821 5525 timendum,non

169 5545 315 5602 adeo
344 5550 435 5600 est
461 5543 628 5600 vobis
657 5543 729 5600 ab
773 5540 921 5614 ejus"
951 5541 1337 5614 eleemosynis
1384 5542 1820 5600 abstinendum.

169 5633 328 5692 Inter
357 5638 596 5691 caeteros
626 5632 842 5707 quippe
873 5636 1072 5689 nostra
1101 5630 1236 5688 ﬁdei
1257 5634 1452 5705 patres
1473 5632 1678 5689 beatus
1712 5634 1822 5690 Leo

172 5739 329 5807 papa
366 5720 571 5785 doctor
627 5720 894 5801 egregius
942 5721 1179 5800 [quibus
1226 5720 1390 5792 vivis,
1450 5720 1662 5801 inquit,
1707 5740 1822 5784 non

2647 3384 2855 3440 LXXV.

1931 3478 2224 3555 Guemerio
2271 3474 2697 3555 Merseburgensi
2743 3474 3055 3555 conceditur
3101 3480 3164 3531 ut
3189 3478 3440 3555 clericus
3482 3481 3580 3551 qui

2003 3548 2182 3621 lapide
2193 3548 2339 3621 jacto
2351 3561 2583 3621 puerum
2600 3548 2970 3621 interemerat,
2991 3551 3237 3619 suscepta
3247 3548 3578 3621 sempiterna

1998 3614 2431 3692 paenitentiajin
2457 3631 2555 3671 suo
2582 3614 2773 3670 ordine
2795 3626 3134 3687 permaneat.

2189 3707 2645 3778 (Fragmentum.
2676 3734 2745 3744 —
2776 3706 2940 3760 Anno
2972 3706 3326 3779 1088-1093.)

2026 3798 2342 3864 [Gaurana
2381 3796 2614 3862 Decret.,
2642 3809 2819 3848 causa
2851 3793 2891 3860 Ι,
2925 3794 3063 3848 dist.
3097 3796 3187 3862 50,
3218 3812 3343 3870 cap.
3376 3798 3492 3869 37.]

2003 3882 2499 3954 Clericojaciente
2527 3881 2779 3954 lapidem
2811 3898 2954 3955 puer
3004 3884 3218 3940 dicitur
3265 3883 3555 3961 interemp

1932 3979 2049 4031 tus.
2076 3975 2193 4030 Nos
2220 3989 2323 4046 pro
2355 3988 2550 4027 amore
2576 3976 2677 4026 tuo
2707 3971 2765 4026 in
2799 3989 2906 4027 suo
2936 3974 3139 4030 ordine
3177 3990 3311 4030 eum
3354 3993 3579 4048 perma-

1934 4081 2069 4120 nere
2101 4062 2493 4137 permittimus
2529 4077 2540 4115 :
2576 4064 2642 4115 ut
2672 4067 2867 4116 tamen
2900 4078 3131 4135 semper
3156 4062 3215 4119 in
3241 4064 3579 4137 pcenitentia

1932 4160 1989 4211 et
2017 4154 2228 4208 timore
2249 4154 2603 4223 permaneat.

2634 4238 2873 4293 LXXVI.

1936 4334 2143 4391 Urbani
2166 4333 2216 4387 Π
2242 4331 2472 4401 epistola
2500 4328 2569 4384 ad
2600 4328 2874 4383 Alberlum
2920 4331 3226 4402 episcopum
3271 4332 3577 4401 Metensem,

2002 4435 2068 4446 —
2105 4405 2168 4460 Ut
2212 4403 2273 4456 in
2320 4402 2648 4457 sacerdotem
2697 4402 3006 4472 quemdam,
3039 4402 3366 4473 dignitatem
3399 4406 3580 4461 Simo-

2002 4477 2160 4530 niace
2188 4472 2443 4544 adeptum
2470 4472 2887 4528 mansuetudine
2920 4472 3125 4529 utatur.

2471 4565 2659 4631 (Anno
2690 4560 3036 4633 1091-1093.)

2186 4651 2504 4724 [GRATIANI,
2532 4651 2740 4705 Decret.
2774 4649 2832 4704 C.
2866 4650 2908 4718 I,
2942 4666 3041 4721 qu.
3067 4652 3122 4717 5,
3156 4667 3207 4707 c.
3242 4655 3318 4724 3.]
3368 4684 3376 4691 -

2000 4741 2376 4798 Praesentium
2411 4740 2774 4812 portitorem,
2807 4755 2983 4810 quem
3014 4745 3323 4810 parentum
3348 4742 3579 4801 incuria

1928 4849 2032 4905 per
2060 4830 2367 4904 pecuniam
2400 4845 2514 4887 non
2546 4827 2817 4900 episcopo
2848 4827 2949 4882 sed
2981 4828 3214 4883 cuidam
3238 4829 3576 4904 principum

1926 4923 2054 4994 ejus
2074 4922 2295 4988 datum,
2306 4918 2550 4974 invitum
2566 4914 2873 4972 sacerdotii
2892 4916 3237 4990 dignitatem
3251 4919 3578 4980 obtinuisse

1927 5008 2293 5083 signiﬁcasti,
2327 5006 2461 5062 licet
2485 5004 2673 5061 sancti
2700 5021 2950 5061 canones
2988 5005 3400 5078 deponendum
3447 5026 3577 5068 esse

1928 5103 2237 5157 testentur.
2291 5104 2507 5162 tamen,
2567 5093 2707 5166 quia
2755 5093 2986 5166 culpam
3017 5094 3193 5151 istam
3222 5098 3491 5157 nesciens
3519 5108 3578 5158 et

1929 5192 2165 5243 coactus
2198 5185 2591 5241 commisit:et
2612 5183 2749 5255 quia
2771 5183 2840 5238 ab
2864 5182 3068 5238 eodem
3093 5185 3296 5243 ordine
3317 5191 3384 5243 ut
3407 5188 3578 5262 depo-

1930 5280 2180 5344 neretur,
2211 5273 2560 5347 supplicavit
2613 5271 2940 5339 ultroneus,
2994 5288 3063 5328 ex
3118 5275 3579 5336 consideratione

1931 5363 2298 5420 discretionis
2354 5363 2503 5435 (qua:
2561 5367 2747 5418 mater
2815 5365 2905 5417 est
2954 5363 3219 5420 omnium
3275 5366 3577 5441 virtutum)

1931 5454 2120 5527 magis
2169 5469 2346 5524 quam
2377 5469 2445 5507 ex
2476 5451 2665 5524 rigore
2711 5467 3025 5520 canonum,
3059 5453 3471 5511 misericordiae
3502 5458 3579 5512 vi-

1930 5559 2094 5599 scera
2118 5541 2449 5599 adhibendo
2480 5541 2677 5613 ipsum
2710 5541 2769 5596 in
2800 5542 3002 5598 eodem
3034 5542 3236 5599 ordine
3280 5561 3428 5611 esse,
3461 5546 3575 5603 fra-

1930 5630 2190 5688 ternitati
2222 5636 2332 5685 tuae
2364 5630 2859 5688 consulimuszita
2886 5635 3178 5700 tamen,ut
3206 5631 3253 5689 si
3277 5639 3304 5702 ῒ
3324 5634 3578 5693 Ecclesia

1933 5722 2055 5794 illa,
2089 5721 2181 5782 cui
2211 5719 2879 5790 deseruit’rsacerdotum
2910 5721 3214 5804 penuriam
3263 5738 3378 5782 non
3427 5724 3578 5807 pati.
