3950 6412
506 403 625 464 863

1801 407 1868 466 B.
1917 407 2152 469 URBA?

2351 406 2602 465 ΡΑΡίἘ.
3785 399 3864 462 36

509 537 639 607 ejus
667 538 908 594 monitis
938 538 1368 612 obsequamini,
1403 542 1466 595 ut
1495 541 1686 595 errata
1714 537 2002 611 praeterita
2026 553 2155 593 cor-
2181 538 2238 604 Α
2263 535 2596 608 petentibus
2653 535 2933 592 fratribus
2991 535 3192 592 eadem
3239 535 3604 590 sacramenta
3633 531 3823 606 gratis
3851 528 3913 590 cf

511 626 790 697 rigentes,
823 628 896 683 ad
925 629 1363 685 Dominicorum
1394 633 1810 701 praeceptorum
1843 627 2154 682 observan-

510 714 654 770 tiam
686 717 1122 772 convertamini.
1153 717 1404 774 Clericos
1427 733 1572 788 quos
1590 721 1789 771 contra
1818 719 2154 771 sanctorum

513 819 804 860 canonum
871 804 1213 876 diciplinam
1282 805 1628 860 mulieribus
1684 803 1964 876 copulari,
2027 820 2158 858 con-

511 893 735 964 tempto
761 892 1057 950 catholicae
1091 893 1357 950 Ecclesia
1383 911 1516 961 usu,
1549 893 1902 966 accepimus,
1925 898 2154 964 aposto-

512 978 626 1034 lica
653 981 999 1038 auctoritate
1029 984 1402 1055 praecipimus
1435 986 1502 1038 ut
1525 982 1598 1038 ab
1623 981 1959 1053 hujusmodi
1998 980 2155 1036 aliis-

513 1085 628 1140 que
656 1069 872 1140 quibus
902 1069 1276 1127 involvuntur
1301 1071 1540 1143 ﬂagitiis
1569 1070 1808 1126 omnino
1853 1069 2157 1139 desistant,

512 1161 570 1212 et
600 1159 922 1214 secundum
957 1159 1188 1216 antistis
1210 1160 1302 1215 sui
1326 1160 1620 1232 judicium
1653 1159 1857 1214 divinae
1888 1175 1955 1230 se_
1994 1174 2158 1212 man-

511 1245 708 1318 cipent
735 1249 1018 1304 servituti.
1052 1248 1111 1306 Si
1154 1266 1310 1314 vero,
1355 1250 1510 1320 quod
1570 1249 1744 1315 absit,
1775 1253 1976 1303 nostra
2019 1263 2157 1318 prae-

513 1334 775 1406 ceptione
803 1342 1154 1410 contempta,
1185 1342 1376 1392 vestro
1419 1337 1667 1392 antistiti
1721 1337 1791 1392 ad
1823 1335 2032 1391 salutis
2061 1351 2156 1390 ve-

512 1423 941 1494 straejacturam
957 1425 1325 1496 pertinaciter
1338 1422 1608 1480 resistere
1623 1425 1866 1480 ulterius
1881 1439 2158 1496 praesum-

509 1512 766 1582 pseritis,
797 1529 1208 1584 quamcunque
1258 1513 1318 1568 in
1367 1529 1467 1568 vos
1521 1514 1874 1568 sententiam
1923 1510 2159 1584 justitia

510 1600 765 1656 dictante
795 1601 1116 1672 protulerit,
1145 1619 1252 1658 nos
1277 1601 1640 1657 auctoritatis
1673 1607 1882 1657 nostrae
1905 1601 2158 1673 pondere

509 1688 946 1746 conﬁrmamus.

581 1782 722 1833 Data
753 1795 824 1832 xv
855 1779 977 1834 Kal.
1008 1779 1278 1852 Augusti.

1190 1885 1478 1940 LXXXIII.

511 1972 771 2046 Epistula,
813 1973 1018 2046 Urbani
1061 1988 1222 2046 papae
1264 1975 1315 2028 ΙΙ
1356 1973 1438 2046 ad
1483 1989 1665 2027 omnes
1722 1973 1923 2042 ﬁdeles.
1978 2003 2042 2046 έ
2081 1973 2158 2028 De

582 2043 807 2100 ecclesia
833 2043 1284 2100 Sanccz‘Marize
1337 2045 1646 2100 Casineizsis
1692 2045 2010 2099 monasterii
2039 2061 2073 2098 a
2099 2059 2155 2100 se

580 2119 910 2182 consecrata,
939 2119 992 2172 et
1015 2117 1310 2188 privilegio
1334 2119 1570 2171 munita.

1132 2204 1317 2275 (Anno
1351 2204 1532 2274 1093.)

926 2291 1158 2364 [MANSI,
1193 2293 1398 2348 Concil.
1439 2293 1550 2360 XX,
1583 2293 1688 2348 643
1716 2291 1733 2364 ]

577 2397 846 2454 URBANUS
865 2399 1193 2470 episcopus,
1226 2416 1427 2456 servus
1448 2415 1745 2456 servorum
1776 2399 1896 2465 Dei,
1930 2398 2154 2453 univer-

502 2487 659 2543 sitati
690 2487 903 2542 Christi
936 2487 1195 2543 ﬁdelium
1221 2493 1424 2543 notum
1459 2489 1520 2542 in
1555 2493 1921 2559 perpetuum.

570 2575 788 2630 Divinas
821 2575 1216 2632 miserationis
1249 2577 1489 2643 intuitu,
1525 2578 1693 2646 cujus
1726 2592 1985 2641 munere,
2019 2573 2154 2631 licet

500 2663 803 2730 immeriti,
834 2662 1132 2718 catholicae
1175 2663 1441 2719 Ecclesiae
1483 2663 1886 2734 priesidemus,
1921 2668 1976 2718 et
2025 2662 2152 2717 uni-

498 2768 678 2808 versae
732 2751 998 2806 fidelium
1056 2755 1374 2823 potestates
1450 2751 1804 2818 consistunt,
1877 2751 2152 2807 condecet

501 2839 832 2910 apostolicae
863 2840 1020 2896 sedis
1053 2840 1210 2912 piam
1245 2839 1702 2895 sollicitudinem
1733 2844 1791 2894 et
1833 2839 2148 2912 benignam

503 2927 836 3000 principum
869 2927 1366 3000 magnificentiam
1384 2926 1761 2983 ecclesiarum
1777 2929 2032 2983 debitam
2055 2945 2152 2984 cu-

507 3034 632 3072 ram
691 3033 910 3088 gerere,
969 3021 1028 3071 et
1083 3033 1186 3087 pro
1232 3033 1432 3072 earum
1487 3033 1626 3088 pace
1681 3023 1738 3071 et
1794 3017 1988 3088 quiete
2012 3033 2146 3072 cum

505 3105 663 3160 omni
695 3105 1000 3178 diligentia
1028 3105 1479 3160 misericorditer
1507 3105 1784 3162 insudare
1811 3123 1824 3160 :
1859 3110 2148 3178 quatenus

503 3193 562 3248 id
609 3193 804 3249 divina
860 3198 1134 3265 operante
1185 3193 1518 3261 clementia,
1579 3193 1794 3265 quique
1841 3194 1980 3265 jura
2037 3211 2146 3249 sua

2185 1907 2234 1973 B

2263 624 2390 680 sine
2419 623 2616 696 aliqua
2646 625 2923 697 pravitate
2952 624 3282 680 exhibeant.
3317 623 3564 694 Insuper
3610 625 3808 677 autem
3842 623 3898 677 B.

2263 711 2417 768 Petri
2450 711 2844 784 apostolorum
2873 713 3152 786 principis
3165 711 3509 769 auctoritate
3525 711 3828 767 sancimus
3847 715 3908 767 ut

2263 818 2466 858 omnes
2491 803 2892 875 cujuscunque
2922 802 3272 859 conditionis
3287 799 3555 857 homines
3585 799 3832 856 clericos
3856 803 3910 856 et

2263 889 2463 960 laicos,
2497 891 2597 962 qui
2632 891 2688 946 in
2723 895 2906 946 morte
2936 891 3024 946 vel
3055 890 3173 946 vita
3201 891 3272 946 ad
3327 889 3734 962 prmscriptum
3779 905 3908 945 mo-

2265 979 2610 1044 nasterium,
2643 978 2914 1034 ecclesias
2943 979 3092 1050 ejus,
3127 981 3183 1033 et
3209 976 3336 1034 loca
3383 994 3517 1034 cum
3576 977 3754 1033 rebus
3786 976 3910 1033 suis

2263 1067 2532 1130 transire,
2552 1067 2723 1122 autin
2755 1067 2880 1122 suis
2904 1067 3176 1122 domibus
3189 1067 3618 1138 corpmorantes
3635 1065 3910 1138 quaelibet

2265 1155 2418 1211 bona
2448 1155 2791 1227 temporalia
2807 1173 2912 1212 sua
2930 1144 3432 1228 eleemosynarum
3451 1153 3759 1226 largitione
3771 1170 3911 1210 con-

2265 1243 2413 1302 ferre
2470 1243 2776 1314 voluerint,
2811 1243 3034 1301 nullius
3090 1243 3468 1301 contradictio
3520 1241 3810 1312 inhibeat,
3857 1246 3912 1299 et

2239 1331 2470 1396 _iisdem
2503 1349 2864 1406 quaecunque
2892 1332 3264 1400 contulerint,
3314 1331 3636 1405 patrocinio
3679 1335 3910 1405 aposto-

2265 1421 2384 1475 licze
2417 1421 2573 1478 sedis
2603 1421 2781 1478 iidem
2814 1423 3019 1479 fratres
3050 1421 3244 1494 quiete
3267 1425 3324 1478 et
3353 1420 3701 1494 generaliter
3729 1419 3915 1478 libera

2266 1517 2543 1581 perpetuo
2571 1511 2970 1582 possidebunt.

2335 1599 2712 1654 Deccruimus
2727 1600 2902 1654 etiam
2919 1599 3142 1654 utnulli
3174 1599 3414 1656 omnino
3445 1599 3936 1672 hominumprsz-i

2267 1688 2450 1742 fatum
2501 1688 2920 1744 monasterium
2967 1693 3183 1744 temere
3233 1687 3595 1760 perturbare,
3649 1692 3756 1744 aut
3783 1689 3914 1760 ejus

2265 1778 2666 1848 possessiones
2683 1777 2930 1845 auferre,
2956 1777 3238 1844 minuere,
3271 1774 3361 1832 vel
3393 1775 3618 1832 ablatas
3633 1771 3936 1844 retinerent

2267 1881 2366 1920 seu
2398 1865 2758 1936 quibuslibet
2813 1865 3216 1922 vexationibus
3273 1865 3513 1938 fatigare
3569 1865 3736 1937 [deest
3772 1867 3936 1938 fortel

2263 1953 2559 2025 audeant].
2592 1954 2751 2010 omni
2784 1953 2955 2010 titulo
2989 1969 3165 2027 super
3194 1971 3260 2010 ea
3292 1971 3350 2010 re
3377 1953 3781 2026 quarumlibet
3811 1971 3918 2026 op-

2262 2043 2615 2114 pnsitionnm
2649 2058 2881 2116 semper
2907 2041 3158 2098 excluso.
3195 2041 3576 2114 Indulgemus
3597 2045 3800 2099 autem
3833 2043 3916 2100 eis

2261 2129 2381 2185 hac
2413 2131 2610 2186 omnia
2658 2131 2984 2203 apostolicae
3033 2131 3192 2188 sedis
3250 2134 3494 2204 paterna
3547 2130 3789 2204 pietate,
3833 2132 3918 2188 in-

2231 2248 2236 2256 -
2261 2219 2418 2274 ducti
2449 2225 2507 2275 et
2537 2221 2896 2276 contratrum
2927 2225 3260 2276 nostrorum
3291 2220 3540 2277 discreto
3567 2219 3842 2292 consilio,
3864 2225 3935 2277 et

2260 2309 2667 2380 praedictorum
2700 2309 2956 2365 virorum
2980 2309 3266 2365 nobilium
3298 2308 3936 2379 strenuointerventup

2259 2401 2316 2452 et
2347 2397 2486 2470 quia
2516 2398 2936 2454 monasterium
2968 2398 3163 2470 ipsum
3195 2402 3330 2470 post
3360 2399 3664 2454 introitum
3695 2398 3935 2456 Northw

2261 2503 2611 2542 mannorum
2653 2505 2785 2542 cum
2845 2486 3159 2543 intrinseca
3215 2487 3306 2543 sui
3365 2487 3809 2560 exspoliatione,
3861 2492 3918 2544 et

2259 2575 2517 2632 locorum
2547 2593 2784 2632 suorum
2821 2575 3137 2633 miserabili
3170 2576 3618 2649 depopulatione
3647 2593 3790 2632 cum
3823 2594 3914 2633 sa-

2257 2663 2510 2738 crilegiis
2545 2663 3026 2737 usurpationibus
3057 2665 3465 2737 episcoporum
3484 2665 3802 2722 innumera
3823 2665 3914 2722 lu-

2229 2753 2447 2824 genda
2475 2753 2823 2808 detrimenta
2855 2756 2911 2808 et
2931 2752 3174 2826 indigna
3194 2753 3496 2820 sustinuit,
3530 2770 3657 2826 qua:
3686 2753 3916 2811 brevia-

2255 2841 2361 2896 tim
2394 2841 2453 2896 in
2495 2840 2792 2914 privilegio
2840 2839 3070 2896 comitis
3095 2841 3278 2896 Amici
3324 2845 3618 2898 notantur.
3665 2841 3916 2899 Talibus

2255 2945 2390 3002 ergo
2422 2929 2746 2986 rationibus
2800 2929 3017 3004 apertis
3075 2933 3367 2987 commota
3394 2929 3615 2987 viscera
3672 2930 3916 3002 pietatis

2256 3017 2585 3089 apostolicae
2617 3019 2796 3086 sedis,
2857 3018 3278 3074 monasterium
3336 3019 3492 3076 idem
3547 3035 3682 3075 cum
3739 3021 3919 3077 rebus

2255 3107 2529 3162 omnibus
2559 3107 2684 3163 suis
2713 3107 2929 3164 habitis
2960 3111 3017 3164 et
3045 3106 3355 3173 habendis,
3411 3112 3693 3180 tanquam
3756 3108 3935 3166 beati.

2253 3195 2402 3250 Petri
2435 3196 2887 3267 possessionem,
2941 3197 3114 3267 cujus
3144 3200 3237 3252 est
3265 3200 3324 3252 et
3351 3197 3455 3268 jus
3485 3201 3542 3252 et
3570 3198 3910 3269 proprietas

503 3299 668 3354 sequo
699 3282 1096 3338 moderamine
1145 3282 1530 3354 possidentes,
1591 3282 1808 3354 praelati
1866 3282 2042 3336 simul
2089 3287 2146 3338 et
2175 3271 2217 3338 C
2255 3300 2288 3337 a
2308 3283 2546 3354 juribus
2577 3283 2883 3353 universis,
2909 3288 3086 3357 atque
3115 3285 3366 3341 servitiis
3386 3282 3705 3356 cujuslibet
3727 3285 3926 3360 digni-

501 3371 742 3438 subditi,
776 3371 996 3443 pariter
1027 3372 1311 3443 attingere
1341 3370 1572 3426 valeant
1605 3372 1675 3426 ad
1708 3370 2000 3442 promissa
2015 3371 2148 3426 tide-

497 3458 654 3514 libus
712 3459 930 3530 gaudia
991 3459 1370 3531 sempiterna.
1431 3460 1547 3515 Nos
1605 3459 1802 3530 itaque
1852 3458 1911 3514 in
1941 3459 2150 3516 Casino

499 3551 698 3604 monte
730 3547 984 3604 filiorum
1037 3553 1372 3604 nostrorum
1424 3547 1655 3620 Rogerii
1712 3549 1880 3604 ducis
1925 3553 1982 3604 et
2011 3549 2150 3605 Boa-

497 3637 703 3692 mundi
764 3637 960 3692 fratris
1023 3638 1174 3709 ejus,
1211 3647 1265 3693 et
1315 3637 1556 3692 Ursonis
1607 3637 1856 3702 abbatis,
1911 3654 2148 3708 precum

497 3725 783 3782 instantia
815 3725 1062 3799 fatigati,
1099 3742 1231 3780 cum
1264 3725 1643 3780 multitudine
1665 3725 2021 3781 confratrum
2054 3742 2152 3782 no-

503 3821 758 3870 strorum
790 3815 1198 3886 episcoporum
1228 3815 1300 3869 ad
1329 3813 1789 3869 consecrandum
1835 3814 2146 3870 Bantinum

499 3903 921 3959 monasterium
953 3903 1014 3956 in
1046 3903 1264 3958 honore
1291 3903 1388 3957 Dei
1407 3902 1724 3958 Genetricis
1746 3909 2145 3959 constructum

497 3991 701 4047 eadem
732 3989 1046 4046 auxiliante
1065 3991 1736 4062 pervenimus;cumque
1766 3991 2148 4061 opitulatione

498 4079 729 4136 Domini
757 4078 1294 4134 consecrationibus
1325 4080 1457 4148 ejus
1489 4079 1707 4133 nostris
1754 4078 1975 4134 devotis
2021 4095 2143 4135 ma-

499 4168 674 4224 nibus
705 4167 813 4224 rite
843 4167 1112 4238 peractis,
1147 4167 1487 4222 eorumdem
1513 4169 1770 4220 virorum
1822 4166 2142 4223 illustrium

494 4266 554 4314 et
582 4274 823 4314 suorum
856 4256 1136 4312 comitum
1186 4259 1244 4310 et
1290 4257 1576 4311 baronum
1622 4257 2142 4313 interventionibus

495 4347 627 4418 piis,
661 4347 733 4401 ad
765 4361 1060 4400 summam
1097 4345 1360 4415 ejusdem
1389 4343 1740 4411 libertatem,
1770 4347 2139 4402 securitatem

495 4440 552 4490 et
585 4451 812 4506 pacem,
846 4451 880 4490 a
911 4433 1264 4488 monasterio
1315 4433 1461 4504 ipso,
1511 4443 1566 4488 et
1594 4433 1855 4490 ecclesiis
1901 4435 2054 4506 ejus,
2083 4439 2140 4490 et

492 4524 668 4580 rebus
699 4539 765 4578 ac
823 4522 966 4579 locis
1010 4521 1286 4577 omnibus
1327 4521 1450 4578 suis
1482 4521 1699 4578 habitis
1745 4528 1802 4578 et
1829 4523 2136 4589 habendis,

2259 3371 2396 3428 tatis
2421 3371 2509 3427 vel
2553 3372 2774 3428 ordinis
2827 3373 3093 3428 omnium
3143 3372 3471 3440 hominum,
3517 3371 3920 3430 anathematis

2258 3460 2452 3534 gladio
2483 3461 2655 3534 digne
2675 3461 3103 3518 subtrahuntet
3131 3462 3471 3518 defendunt.
3505 3461 3589 3516 Ad
3619 3460 3918 3517 indicium

2257 3555 2453 3606 autem
2487 3554 2764 3622 percepta;
2797 3549 2974 3620 hujus
2999 3568 3033 3606 a
3054 3553 3317 3606 Romana
3335 3549 3593 3606 Ecclesia
3613 3547 3914 3606 libertatis

2256 3655 2360 3710 per
2389 3655 2616 3694 annnos
2645 3637 2912 3711 singulos
2941 3639 3070 3694 auri
3103 3641 3334 3694 unciam
3367 3637 3536 3694 nobis
3566 3638 3920 3711 nostrisque

2256 3726 2695 3782 successoribus
2763 3727 3026 3798 ejusdem
3087 3727 3423 3784 monasterii
3479 3726 3723 3784 abbates
3784 3745 3919 3801 per-

2257 3815 2498 3871 solvent.

2325 3905 2380 3958 Si
2415 3921 2530 3976 qua
2559 3903 2820 3978 igiturin
2839 3905 3098 3960 futurum
3117 3905 3510 3961 ecclesiastica
3538 3903 3921 3964 saecularisve

2254 4009 2506 4064 persona
2533 3993 2685 4049 hanc
2705 3998 2916 4050 nostra
2945 3993 3382 4050 constitutionis
3401 3993 3676 4068 paginam
3689 3995 3935 4064 sciens,

2255 4090 2456 4136 contra
2509 4099 2637 4138 eam
2697 4088 2912 4138 temere
2965 4083 3162 4138 venire
3235 4083 3564 4149 tentaverit,
3640 4085 3916 4140 secundo

2251 4170 2488 4226 tertiove
2519 4173 2894 4238 commonita,
2920 4171 3036 4228 nisi
3067 4175 3296 4228 reatum
3326 4188 3501 4227 suum
3533 4171 3714 4244 digna
3733 4173 3935 4230 satis-:

2251 4259 2499 4316 factione
2523 4261 2857 4326 correxerit,
2891 4260 3198 4332 potestatis
3229 4259 3585 4332 honorisque
3601 4259 3914 4334 suidigni-

2249 4354 2368 4404 tate
2399 4353 2612 4416 careat,
2650 4366 2928 4420 reamque
2959 4365 3022 4404 se
3053 4349 3248 4405 divino
3273 4349 3498 4420 judicio
3547 4347 3806 4406 existere
3839 4350 3914 4406 de

2247 4443 2578 4511 perpetrata
2609 4437 2913 4510 iniquitate
2960 4441 3294 4510 cognoscat,
3345 4441 3404 4492 et
3433 4453 3467 4493 a
3497 4435 3914 4495 sacratissimo

2247 4544 2486 4600 corpore
2543 4544 2610 4583 ac
2658 4527 2942 4600 sanguine
2999 4526 3100 4582 Dei
3133 4531 3192 4582 et
3221 4525 3454 4582 Domini
3511 4525 3915 4599 redemptoris

489 4610 1213 4702 omniarepiscopaliajura
1239 4615 1294 4666 et
1317 4610 2136 4702 publicasomnesexactiones
2165 4637 2212 4702 Β
2247 4617 2432 4672 nostri
2483 4617 2623 4672 Jesu
2682 4615 2896 4672 Christi
2931 4614 3122 4672 aliena
3152 4615 3256 4671 fiat
3284 4633 3296 4684 ;
3332 4619 3504 4688 atque
3535 4615 3594 4670 in
3637 4621 3915 4673 extremo

487 4701 806 4775 apostolica
855 4700 1196 4756 auctoritate
1245 4700 1498 4772 generali
1531 4707 1812 4774 perpetua
1859 4703 2136 4758 constitu-

485 4791 641 4848 tione
689 4790 1063 4847 exclusimus.
1123 4792 1390 4846 Attamcn
1445 4808 1477 4847 a
1508 4789 1632 4846 sola
1689 4794 1917 4846 tantum
1949 4792 2128 4848 Ache-

487 4881 720 4936 rontina
763 4878 1008 4935 ecclesia
1057 4879 1278 4934 Sancta?
1339 4880 1656 4935 Anastasis:
1718 4881 1872 4935 intra
1929 4897 2130 4937 mutos

487 4967 737 5023 civitatis
771 4972 1110 5023 constructa
1137 4968 1523 5024 Acherontino
1558 4968 1993 5040 archiepiscopo
2034 4987 2130 5025 an-

487 5059 580 5113 nis
609 5055 862 5130 singulis
893 5074 1069 5112 unam
1101 5057 1224 5113 auri
1259 5060 1489 5114 unciam
1523 5059 1819 5130 suscipere
1868 5060 2128 5131 indulge-

487 5163 640 5202 mus.
697 5146 824 5202 Haec
883 5147 1099 5202 interea
1150 5147 1625 5221 iri-cfragabiliter
1678 5153 2022 5214 statuentes,
2065 5153 2130 5204 ut

485 5233 763 5300 chrisma,
796 5234 984 5290 oleum
1022 5241 1310 5306 sanctum,
1352 5235 1815 5291 consecrationes
1857 5235 2129 5294 altarium

485 5340 586 5380 seu
621 5324 1020 5392 basilicarum,
1078 5325 1472 5380 ordinationes
1519 5324 1825 5378 cleriorum
1865 5342 2126 5394 suorum,

481 5419 540 5468 et
599 5418 802 5469 caetera
861 5412 1189 5486 spiritualia
1262 5418 1644 5481 sacramenta,
1707 5413 1778 5468 ab
1839 5414 2128 5488 episcopis

480 5500 845 5570 dimcesanis,
903 5502 992 5556 vel
1050 5503 1502 5574 quibuscunque
1549 5502 1850 5560 catholicis
1896 5503 2126 5563 Bantini

480 5591 819 5646 monasterii
851 5589 1056 5647 fratres
1088 5589 1394 5662 accipiant,
1436 5592 1533 5662 qui
1567 5593 1842 5649 mandato
1891 5599 2122 5667 aposto-

474 5679 602 5748 licae
632 5679 790 5743 sedis
819 5684 878 5743 et
909 5679 1258 5742 auctoritate
1286 5677 1510 5742 suﬁ‘ulti
1539 5681 1788 5760 faveant,
1819 5686 1875 5744 et
1893 5683 2114 5750 eisdem

2245 4706 2510 4760 examine
2540 4705 2746 4758 divinae
2789 4703 2994 4760 ultioni
3046 4705 3364 4774 subjaceat.
3398 4703 3640 4760 Cunctis
3697 4711 3914 4762 autem

2241 4794 2433 4850 eidem
2467 4811 2577 4848 sua
2597 4793 2737 4863 jura
2765 4792 3134 4848 servantibus
3155 4792 3232 4848 sit
3259 4809 3372 4866 pax
3429 4793 3662 4848 Domini
3710 4795 3935 4851 nostri

2239 4883 2378 4938 Josu
2411 4883 2644 4949 Christi,
2677 4887 2967 4954 quatenus
2997 4887 3052 4937 et
3081 4882 3175 4938 hic
3193 4883 3448 4938 fructum
3463 4883 3624 4938 bona;
3647 4884 3912 4940 actionis

2241 4971 2578 5044 percipiant,
2612 4977 2668 5027 et
2727 4972 2880 5044 apud
2940 4971 3271 5026 districtum
3321 4972 3584 5042 judicem
3645 4974 3907 5044 praemia

2238 5069 2462 5116 aeterna.-
2497 5063 2652 5134 pacis
2687 5061 3006 5116 inveniant.
3029 5064 3236 5130 Amen,
3269 5077 3460 5116 amen.

2311 5205 2678 5276 Sequebantur
2751 5204 2880 5276 ista,
2938 5204 3357 5275 subsm'iptiones
3437 5207 3600 5274 atque
3675 5205 3906 5276 sigilla.

2238 5275 2407 5332 Porro
2433 5277 2775 5348 pontiﬁcium
2831 5275 3070 5344 signum,
3103 5277 3175 5348 in_
3217 5291 3318 5348 quo
3369 5275 3739 5348 apostolorum
3793 5285 3908 5332 γιο-

2235 5351 2412 5414 mina,
2433 5346 2492 5402 rt
2523 5365 2554 5401 a
2600 5355 2742 5417 tergo
2800 5348 3066 5417 imagines
3116 5346 3340 5418 plumbo
3393 5348 3540 5417 fuam
3593 5347 3907 5419 habentur,

2235 5437 2352 5476 cum
2383 5418 2650 5486 eiusmodi
2679 5421 2738 5472 in
2757 5419 2960 5473 extimo
2991 5419 3194 5490 circulo
3220 5419 3596 5490 iinscriplioue
3642 5418 3866 5490 legitur
3883 5418 3910 5476 .-
3934 5457 3935 5460 η

2236 5492 2593 5548 Benemcrus
2655 5495 2811 5548 Deus
2865 5506 2933 5546 er
2969 5489 3158 5548 Parca
3217 5489 3434 5548 Domni
3499 5505 3702 5550 NOSTRI
3737 5489 3904 5554 Jssu

2233 5568 2482 5622 CHRISTI.
