3950 6370
0 452 69 567 is
1126 498 1535 567 EPISTOLE
1576 502 1676 564 ar
1719 496 2196 565 PRIVILEGIA.

1628 636 1685 702 Α

632 637 921 694 LXXXIV.

3238 494 3356 563 366

2378 634 2632 691 LXXXV.

0 696 214 785 rbanus
254 730 318 785 11
351 729 542 784 statuit
571 731 632 782 ut
660 728 757 798 qui
784 727 972 783 diebus
1000 729 1161 783 certis
1207 728 1601 783 monasterium
1628 696 1685 702 ﬂ
1714 724 1921 780 Urbani
1950 726 2001 780 II
2026 723 2366 798 epistolaad
2395 722 2739 798 Raynotdum
2790 724 3105 798 demersam
3144 720 3360 798 archic-

15 801 73 856 S.
105 802 301 858 Mariae
323 800 585 871 adierint,
630 808 975 872 peccatorum
1020 799 1359 856 absolutione
1402 800 1599 870 fruan-

17 882 127 930 tur.

582 961 767 1033 (Anno
798 959 982 1031 4093.)

262 1049 559 1122 munem,
606 1049 776 1106 Italia
808 1065 987 1120 sacra,
1018 1048 1140 1116 VII,
1173 1049 1287 1112 27.]

20 1176 305 1233 URBANUS
324 1173 865 1247 episcopus,servus
897 1187 1197 1229 servorum
1227 1170 1346 1239 Dei,
1367 1170 1439 1226 ad
1472 1185 1598 1242 per-

0 1270 184 1321 atuam
204 1264 288 1319 rei
315 1263 684 1331 memoriam,
708 1262 779 1317 ad
803 1262 1086 1318 honorem
1113 1277 1358 1317 summae
1380 1264 1437 1315 et
1453 1257 1601 1314 indi-

7 1356 134 1411 dnae
160 1351 671 1424 sanctissimmque
701 1350 1029 1408 Trinitatis.

21 1442 326 1517 Perpetuis
350 1441 711 1513 temporibus
738 1441 1027 1496 duratura:
1059 1440 1198 1512 ipsa:
1236 1439 1515 1495 stationes
1547 1438 1604 1493 et

0 1531 330 1607 Idulgentia:
343 1546 446 1603 per
458 1529 756 1586 Urbanum
772 1544 980 1602 papam
994 1545 1126 1585 secu
1135 1529 1211 1584 nd
1222 1544 1318 1584 um
1335 1526 1602 1599 religioso

0 1664 6 1677 .
26 1619 343 1679 venerabili
359 1619 713 1677 monasterio
738 1619 960 1675 Sancta
973 1618 1166 1674 Mariae
1187 1618 1258 1673 de
1272 1614 1605 1685 Pauso,vul-

0 1712 164 1769 iriter
209 1713 552 1781 nuncupato
621 1707 1005 1775 Deventuum,
1071 1711 1243 1776 cujus
1298 1704 1603 1760 ecclesiam

12 1816 101 1856 em
115 1814 402 1855 summus
412 1796 668 1868 pontifex
681 1796 955 1852 manibus
965 1795 1217 1869 propriis
1227 1793 1603 1861 consecravit,

0 1906 40 1945 ,θ
90 1903 253 1944 nono
282 1884 580 1942 Kalendas
618 1885 1001 1958 Septembris,
1034 1901 1320 1940 concessae
1352 1886 1608 1938 contem-

1775 791 2077 867 piscopum'.
2110 827 2180 868 _—-
2206 797 2373 852 Ittum
2389 791 2661 866 vituperat
2679 792 2830 868 quod
2864 793 3091 851 electum
3125 791 3359 851 Atreba-

1778 866 2235 924 tememnondum
2261 868 2677 924 consecraverit.

2333 980 2518 1055 (Anno
2560 979 2742 1053 1093.)

2138 1088 2371 1160 [MANSI,
2398 1087 2601 1145 Concil.
2635 1084 2747 1155 XX,
2778 1086 2931 1161 671.]

1780 1204 2058 1259 URBANUS
2106 1204 2439 1277 episcopus,
2474 1221 2675 1261 servus
2707 1219 3007 1259 servorum
3045 1201 3167 1271 Dei,
3200 1217 3357 1258 reve-

1706 1292 2060 1347 rendissimo
2100 1292 2345 1348 confrati
2402 1297 2459 1349 et
2500 1292 2839 1365 coepiscopo
2890 1292 3197 1349 RAYNALDO
3247 1291 3357 1347 Re-

1709 1381 1919 1449 mensi,
1954 1379 2204 1438 salutem
2235 1385 2291 1437 et
2318 1382 2699 1455 apostolicam
2717 1380 3204 1438 benedictionem.

1780 1470 1943 1536 Quod
1976 1470 2045 1525 de
2065 1470 2428 1527 Atrebatensi
2459 1469 2717 1527 Ecclesia
2746 1470 3191 1539 constituimus,
3224 1484 3357 1525 cum

1712 1576 1814 1631 pro
1845 1557 2177 1614 animarum
2232 1558 2423 1615 salute
2470 1558 2803 1631 multiplici,
2855 1562 2984 1615 tum
3023 1574 3127 1631 pro
3154 1561 3359 1615 vestrae

1713 1646 2053 1719 metropolis
2083 1640 2592 1720 redintegratione,
2622 1652 2751 1704 tum
2783 1651 2959 1703 etiam
2990 1664 3094 1720 pro
3115 1645 3360 1719 justitiaa

1714 1735 2066 1793 exhibitione
2086 1736 2456 1808 perfecimus.
2490 1736 2610 1793 Etsi
2632 1736 2789 1793 enim
2810 1736 2870 1792 in
2904 1740 3167 1809 tempore
3186 1736 3365 1793 frater

1714 1824 1900 1895 fratri,
1932 1842 2098 1881 soror
2143 1826 2327 1882 sorori
2358 1825 2446 1882 vel
2475 1826 2648 1882 annis
2674 1826 2884 1894 minor,
2914 1824 3004 1882 vel
3024 1825 3366 1881 inﬁrmitate

1714 1914 1993 1970 defectior
2038 1914 2460 1986 committatur,
2512 1932 2629 1971 non
2658 1918 2857 1971 tamen
2883 1913 3096 1971 idcirco
3126 1930 3262 1970 cum
3292 1913 3365 1970 ad

0 1978 207 2034 latione
229 1975 548 2076 cujus“!!!
567 1974 957 2076 939%“?
969 1972 1295 2076 Spirituaiif’
1325 1971 1601 2071 Sinam“-
1631 2004 1680 2069 B
1710 2000 2235 2073 emancipationem
2258 1971 2501 2071 venerit,
2533 2001 2727 2059 tutelae
2750 2003 2880 2074 ejus
2902 2001 2992 2060 vel
3023 2019 3176 2060 curae
3206 2002 3367 2076 lega-

0 2086 47 2134 s,
78 2081 266 2139 quam
296 2069 572 2137 expertus
594 2063 704 2120 fuit
724 2063 781 2119 in
818 2063 1021 2119 eodem
1049 2061 1329 2127 ccenobio,
1363 2061 1480 2116 imo
1505 2076 1601 2131 po-

1710 2090 1865 2146 libus
1896 2084 2300 2146 sanctionibus
2319 2091 2451 2162 subj
2462 2092 3002 2148 acebit.Gravamur
3018 2091 3199 2165 igitur
3212 2091 3366 2164 quod

3 2175 67 2213 us
92 2159 341 2228 propter
361 2153 673 2226 perfectam
699 2150 995 2226 religionis
1017 2150 1445 2207 observantiam
1459 2149 1597 2205 dum

1778 2179 1847 2233 lie
1878 2182 2087 2234 nostris
2112 2149 2598 2248 constitutioni,et
2621 2185 2732 2236 tuae
2757 2149 3100 2253 metropolis
3132 2149 3367 2238 restitu-

0 2244 186 2339 ’9°'5_in
214 2244 454 2339 θοδθίῖλ,
483 2241 743 2339 ίξξθίΨδίο
791 2241 852 2339 i_“
912 2240 1240 2339 ωίηοξίψξθ
1297 2239 1600 2339 οΓάίηίδξλδ
1708 2267 1852 2323 tioni
1900 2266 2106 2323 tandiu
2153 2272 2276 2324 tam
2305 2268 2681 2326 obstinaciter
2718 2239 3005 2339 restitisti,
3037 2273 3096 2326 et
3115 2268 3366 2327 electum

2 2335 331 2399 institutus,
364 2330 632 2387 videlicet
665 2331 820 2403 quod
850 2346 1054 2386 omnes
1076 2328 1275 2384 ﬁdeles
1300 2345 1480 2384 causa
1509 2327 1603 2382 de-

0 2531 39 2569 ue
60 2513 262 2569 Nonas
286 2509 579 2566 Kalendas
602 2508 979 2580 Septembris,
1014 2512 1071 2562 et
1099 2524 1202 2579 per
1228 2511 1416 2562 totum
1448 2506 1601 2561 diem

0 2606 318 2675 aquentem,
350 2614 577 2655 necnon
596 2598 656 2653 in
674 2596 933 2653 dieJovis
956 2597 1165 2663 sancti,
1204 2602 1262 2652 et
1285 2612 1387 2669 per
1418 2599 1604 2650 totum

0 2692 187 2748 'eneris
210 2688 428 2756 sancti,
465 2691 523 2743 et
536 2703 638 2759 per
651 2690 933 2754 octavam,
967 2690 1024 2742 et
1047 2685 1191 2742 festa
1206 2684 1571 2741 Resurrectio
1584 2713 1605 2725 ο

1 2781 45 2837 is
78 2778 426 2852 sequentia,
460 2780 519 2832 et
544 2775 605 2831 in
656 2774 931 2832 omnibus
964 2774 1379 2830 festivitatibus
1426 2773 1607 2829 beata:

0 2869 211 2943 irginis
228 2867 430 2923 Mariae
453 2866 525 2921 de
555 2865 832 2921 omnibus
864 2863 1115 2936 peccatis
1146 2865 1216 2918 de
1240 2861 1456 2935 quibus
1477 2878 1609 2918 con-

0 2958 87 3013 εεΞὶ
121 2952 463 3022 fuerint,vel
496 2954 702 3010 saltem
736 2953 1130 3020 contriti,cum
1164 2952 1462 3024 proposito
1480 2967 1609 3006 con-

0 3040 7 3091 i
38 3047 181 3113 mdi,
214 3043 551 3118 plenariam
591 3053 1027 3114 consequamur
1069 3040 1519 3114 indulgentiam,
1553 3043 1611 3095 et

28 3137 255 3191 .udeant
286 3132 563 3189 omnibus
594 3130 974 3204 indulgentiis
996 3131 1271 3203 plenariis
1291 3129 1608 3202 perpetuis,

48 3221 477 3297 temporalibus
512 3221 718 3295 gratiis
762 3225 819 3277 et
874 3220 1342 3287 remissionibus,
1395 3218 1613 3290 quibus

16 3316 223 3370 ludent
243 3310 848 3386 personalitercivitas
864 3314 916 3366 et
935 3309 1178 3366 ecclesia
1197 3307 1390 3365 Sancti
1411 3307 1611 3364 Jacobi

8 3420 31 3439 ο
55 3372 461 3476 Compbstella
485 3418 500 3470 ;
533 3399 772 3472 reliquis
801 3417 935 3456 vero
947 3399 1312 3472 temporibus
1329 3402 1386 3454 et
1406 3396 1612 3452 diebus
1643 3372 1687 3439 α

8 3492 206 3557 .stivis,
241 3506 426 3546 causa
454 3488 776 3546 devotionis
808 3488 944 3544 illuc
974 3488 1334 3553 accedentes,
1368 3492 1620 3560 quatuor

9 3597 149 3665 pnes
179 3585 243 3637 et
270 3578 516 3635 totidem
544 3579 948 3652 quadragenas
992 3579 1062 3635 de
1092 3594 1227 3633 vera
1254 3576 1620 3665 indulgentia

11 3663 432 3742 insequantur,
489 3668 560 3724 de
591 3668 747 3724 sedis
779 3666 1107 3740 apostolicae
1140 3666 1326 3739 gratia
1355 3663 1615 3738 speciali.

50 3759 220 3815 ivero
238 3755 574 3830 cappellam
598 3754 1397 3829 majoremipsiusmonaterii
1417 3755 1617 3810 eadem

50 3775 220 3815 ivero
238 3774 574 3830 cappeuam
598 3774 1397 3829 majoremlpsiusmonatern
1417 3774 1617 3810 eadem

13 3774 476 3904 Econsecratam
499 3862 602 3918 per
616 3845 1005 3903 venerabilem
1028 3845 1264 3901 fratrem
1287 3845 1621 3900 Brunonem

17 3937 314 4009 piscopum
333 3934 678 4007 Signanum,
712 3935 771 3990 in
794 3934 999 3991 diebus
1022 3934 1241 3991 festivis
1271 3937 1328 3990 et
1348 3933 1623 3991 omnibus

20 4026 173 4082 iebus
222 4022 548 4081 Dominicis
583 4024 758 4080 totius
789 4024 926 4080 anni
979 4023 1359 4091 visitaverint,
1402 4026 1624 4096 septem

22 4133 153 4172 unos
182 4119 247 4171 et
266 4114 515 4170 totidem
564 4114 969 4186 quadragenas
990 4114 1066 4169 de
1099 4130 1232 4168 vera
1263 4111 1628 4184 indulgentia

23 4208 433 4277 psequantur.
467 4202 781 4259 Visitnntes
812 4202 989 4258 etiam
1018 4201 1323 4258 ecclesiam
1354 4207 1627 4257 constru-

30 4311 117 4349 ιω
149 4294 215 4349 in
247 4291 434 4348 casali
479 4290 666 4364 ipsius
706 4291 1064 4356 monasterii,
1096 4295 1493 4348 consecratam
1526 4306 1628 4363 per

28 4381 369 4438 merabilem
400 4380 637 4436 fratrem
670 4379 979 4453 Rogerium
1014 4380 1468 4452 episcopum.....
1500 4379 1626 4452 ipso

37 4487 133 4527 eux
157 4469 287 4527 Kal.
313 4469 762 4541 Septembris,et
783 4469 1058 4525 omnibus
1086 4469 1293 4526 diebus
1312 4468 1628 4525 Dominicis

48 4560 364 4627 festivis,et
394 4558 568 4614 etiam
603 4559 658 4613 in
691 4558 898 4615 diebus
933 4558 1153 4614 {estivis
1174 4558 1351 4614 beatae
1372 4558 1628 4631 Virginis

36 4651 187 4716 ariae,
214 4649 288 4704 ad
308 4648 482 4720 cujus
503 4648 775 4705 honorem
804 4652 1139 4703 constructa
1160 4652 1247 4703 est
1263 4652 1321 4703 ct
1351 4663 1457 4703 suo
1469 4664 1630 4703 voca-

145 2356 632 2434 ξυίιξῗζνωωωδδ
665 2356 1054 2434 Ἷ“,⁰“,⁰¹¹¹¹¹’⁵ἷ⁵
1076 2356 1275 2434 ξξυωῗδ
1300 2356 1603 2434 υαυδίξῇξῗέ
1709 2357 2109 2412 Atrebatensis
2138 2356 2404 2414 Ecclesiae
2442 2374 2781 2415 consecrare
2796 2358 3369 2430 usquehodiedistu-

0 2424 193 2480 ationis
245 2422 475 2478 dictum
526 2418 946 2476 monasterium
994 2417 1299 2475 visitantes
1329 2416 1606 2490 praedicta
1712 2445 1854 2500 “stt

1890 2447 2026 2501 'l'uaa
2057 2445 2240 2518 igitur
2271 2447 2604 2502 reverentia:
2634 2447 3012 2519 praesentium
3042 2446 3369 2504 litterarum

1715 2534 2057 2590 auctoritate
2082 2532 2458 2605 praecipimus
2489 2540 2555 2591 ut
2583 2536 2854 2591 eumdem
2905 2533 3179 2599 electum,
3212 2538 3373 2607 post-

1715 2639 1891 2694 quam
1910 2622 2019 2678 has
2038 2622 2263 2678 litteras
2280 2622 2515 2690 videris,
2543 2623 2695 2678 infra
2711 2623 2954 2696 triginta
2975 2623 3208 2679 dierum
3239 2639 3374 2696 spa-

1715 2712 1862 2767 tium
1886 2727 2225 2766 consecrare
2245 2727 2539 2783 procures,
2561 2712 2723 2769 omni
2753 2711 3108 2769 tortitudine
3129 2716 3375 2781 semota,

1716 2800 1875 2856 omni
1926 2799 2396 2857 dissimulatione
2427 2801 2774 2874 postposita.
2824 2801 2992 2866 Quod
3029 2800 3081 2857 si
3110 2800 3381 2858 fortassis

1717 2888 2015 2944 occultiori
2036 2888 2231 2960 aliquo
2248 2888 2493 2946 consilio
2515 2889 2836 2963 adimplere
2861 2889 3287 2959 nolueris,eum
3308 2889 3382 2946 ad

1720 2995 1825 3033 nos
1843 2994 1978 3033 cum
2001 2977 2327 3033 litterarum
2350 2983 2587 3035 tuarum
2612 2978 3043 3053 astipulatione
3072 2978 3384 3036 transmit-

1723 3072 1793 3123 te.
1818 3067 1878 3122 Si
1899 3083 2032 3122 vero
2058 3071 2117 3122 et
2142 3066 2249 3123 hoc
2274 3068 2717 3140 contempseris,
2743 3086 2851 3125 nos
2873 3085 3010 3125 eum
3048 3069 3121 3125 ad
3152 3084 3260 3124 nos
3288 3082 3381 3124 ve-

1721 3158 1846 3213 nire
1880 3155 2252 3229 praecipimus
2309 3158 2768 3215 consecrationis
2816 3158 3069 3232 gratiam
3115 3161 3382 3229 receptu-

1722 3263 1873 3301 rum.

2413 3335 2691 3392 LXXXVI.

1729 3443 1933 3501 Urbani
1972 3443 2021 3497 II
2047 3442 2276 3515 epistola
2305 3441 2374 3497 ad
2421 3443 2769 3498 Lambertum
2813 3442 3217 3515 Atrebatensem
3253 3443 3370 3515 epi-_

1796 3530 2045 3588 scopum.
2075 3545 2143 3553 ——
2183 3514 2283 3588 _I_lli
2327 3515 2646 3588 gratulatur
2691 3531 2756 3569 ac
2796 3514 2860 3570 de
2904 3513 3372 3588 superioribus'ad

1798 3584 2141 3656 Ragnaldum
2175 3585 2371 3640 litteris
2399 3586 2695 3657 signiﬁcat.

2350 3701 2538 3771 (Anno
2571 3700 2755 3773 1093.)

2087 3807 2296 3880 [ΜΑΝει
2335 3807 2434 3863 ubi
2469 3823 2659 3881 supra,
2701 3806 2810 3865 col.
2869 3807 3022 3880 672.]

1804 3924 2081 3981 Uneauus
2103 3922 2432 3998 episcopus,
2469 3940 2668 3981 servus
2696 3941 2992 3981 servorum
3014 3923 3137 3995 Dei,
3170 3922 3382 3981 dilecto

1734 4014 2011 4071 confratri
2060 4018 2117 4068 et
2134 4013 2533 4069 consacerdoti
2564 4014 2893 4082 LAMBERTO,
2924 4012 3192 4071 Ecclesia;
3220 4015 3383 4070 Atre-

1734 4102 1994 4158 batensis
2016 4101 2217 4170 electo,
2252 4102 2504 4159 salutem
2535 4106 2593 4159 et
2619 4101 3000 4176 apostolicam
3030 4102 3383 4160 benedictio-

1735 4208 1891 4247 nem.

1806 4280 2093 4335 Laetamur
2116 4285 2350 4353 propter
2369 4283 2424 4335 te
2446 4279 2505 4335 in
2528 4280 2795 4349 Domino,
2822 4281 3001 4338 frater
3014 4279 3383 4348 charissima,

1736 4369 1874 4442 quia
1899 4368 2024 4440 ipso
2066 4370 2409 4442 disponente
2435 4370 2493 4425 in
2533 4370 2904 4427 Atrebatensi
2935 4369 3213 4440 Ecclesia,
3247 4385 3380 4442 quis

1736 4458 1936 4514 tandiu
1962 4458 2175 4531 proprii
2212 4459 2461 4530 pastoris
2483 4459 2688 4516 solatio
2719 4460 2926 4529 caruit,
2959 4477 3115 4517 nunc
3143 4459 3383 4516 tandem

1736 4548 2058 4604 secundum
2078 4552 2343 4603 nostrum
2366 4553 2718 4621 praeceptum
2741 4567 2923 4607 novus
2945 4553 3146 4623 pastor
3166 4547 3383 4606 electus

1738 4655 1818 4693 es.
1846 4642 2159 4710 Speremus
2176 4638 2387 4693 etenim
2414 4654 2516 4710 per
2537 4639 2818 4695 divinitus
2842 4638 2948 4695 tibi
2969 4640 3169 4695 datam
3196 4637 3383 4696 scien-

36 4739 488 4810 1lonuucupata,
526 4737 859 4810 praedictam
894 4737 1316 4809 indulgentiam
1340 4754 1628 4793 annorum
1660 4743 1707 4809 ι)
1736 4727 1877 4782 tiam
1897 4726 2307 4799 etreligioncm
2336 4728 2726 4799 quorumdam
2744 4726 3084 4784 vestratium
3106 4725 3383 4784 relatione

37 4830 200 4901 ptem
235 4832 296 4885 et
328 4827 568 4883 totidem
617 4827 1126 4900 quadragenarum
1176 4831 1626 4902 consequantur.

186 4966 474 5037 Apparent
499 4962 610 5019 haec
637 4964 824 5018 omnia
860 4979 932 5018 ex
962 4963 1109 5018 bulla
1137 4962 1411 5034 plumbea.

50 5100 261 5153 Datum
293 5095 521 5153 Salerni
554 5112 656 5167 per
704 5112 915 5153 manus
960 5094 1225 5163 Joannis,
1265 5100 1477 5151 sancta:
1519 5096 1630 5153 llo-

48 5201 161 5242 Inze
192 5184 466 5243 Ecclesia:
515 5185 744 5242 diaconi
794 5185 1130 5252 cardinalis,
1176 5184 1398 5241 decimo
1430 5191 1630 5243 octavo

55 5275 267 5332 lendas
299 5275 589 5343 Octobris,
624 5274 939 5332 indictione
970 5276 1183 5349 prima,
1215 5292 1366 5331 anno
1398 5275 1629 5331 Domini

101 5367 293 5423 esimo
326 5363 710 5438 nonagesimo
762 5364 954 5434 tertio,
1007 5363 1383 5438 pontificatus
1416 5364 1630 5422 Urbani

164 5453 417 5513 secundi
449 5469 602 5511 anno
631 5456 808 5511 sexto.

1738 4817 1905 4872 nobis
1926 4816 2307 4885 insinuatum,
2342 4817 2665 4873 maximum
2679 4816 2868 4872 eidem
2895 4815 3159 4872 Ecclesiae
3176 4820 3233 4873 et
3252 4832 3385 4872 cor-

1737 4904 2027 4978 poralium
2045 4909 2100 4961 et
2125 4905 2515 4977 spiritualium
2540 4923 2735 4962 rerum
2760 4905 3133 4961 commodum
3159 4905 3388 4961 adfutu-

1739 5011 1890 5049 rum.
1911 4994 2069 5050 Scire
2100 4999 2295 5050 autem
2328 4999 2382 5049 te
2414 4994 2685 5052 volumus
2714 4996 2785 5052 de
2818 4992 3254 5051 consecratione
3279 4998 3388 5049 tua

1740 5084 2177 5155 archiepiscopo
2206 5084 2533 5156 scripsisse.
2567 5086 2650 5141 Tu
2687 5084 2867 5158 igitur
2890 5085 3017 5155 ejus
3049 5083 3389 5155 conspectui

1738 5178 1793 5228 te
1826 5177 2175 5246 praesentare
2206 5189 2469 5245 procura.
2501 5174 2664 5240 Quod
2698 5173 2747 5230 si
2796 5172 2894 5229 ille
2943 5172 3097 5228 infra
3146 5171 3389 5244 triginta

1741 5263 1864 5318 dies
1890 5266 2203 5335 postquam
2245 5267 2474 5317 nostras
2498 5261 2723 5318 litteras
2756 5261 3061 5335 acceperit,
3094 5263 3149 5316 te
3179 5276 3390 5317 conse-

1740 5367 1903 5407 crare
1934 5351 2204 5420 noluerit,
2237 5368 2340 5407 nos
2370 5354 2426 5407 te
2459 5352 2812 5424 quantocius
2865 5350 3125 5425 potueris
3178 5350 3249 5405 ad
3282 5365 3390 5406 nos

1738 5439 1933 5496 venire
1949 5439 2344 5512 praecipimus.
2380 5439 2619 5496 Interim
2645 5442 2977 5499 commissa;
2997 5439 3101 5498 tibi
3122 5437 3390 5499 Ecclesiae

1740 5530 1895 5587 bona
1925 5529 2176 5586 interius
2208 5529 2578 5603 exteriusque
2609 5531 2860 5595 custodi.

1814 5617 1959 5678 Data
1985 5634 2021 5678 v
2051 5617 2188 5678 Idus
2218 5616 2502 5682 Octobris.
