  <div class='ocr_page' id='page_1' title='image "/cluster/home/n/w/nwhite01/storage/ocr_20150623/151/umn.31951002477444s/239.png"; bbox 0 0 3950 6444; ppageno 0'>
   <div class='ocr_carea' id='block_1_1' title="bbox 554 469 679 554">
    <p class='ocr_par' dir='ltr' id='par_1_1' title="bbox 554 469 679 554">
     <span class='ocr_line' id='line_1_1' title="bbox 554 469 679 554; baseline -0.016 -24"><span class='ocrx_word' id='word_1_1' title='bbox 554 469 679 554; x_wconf 34' lang='grc'><em>,367</em></span> 
     </span>
    </p>
   </div>
   <div class='ocr_carea' id='block_1_2' title="bbox 1231 601 1544 666">
    <p class='ocr_par' dir='ltr' id='par_1_2' title="bbox 1231 601 1544 666">
     <span class='ocr_line' id='line_1_2' title="bbox 1231 601 1544 666; baseline 0 -9"><span class='ocrx_word' id='word_1_2' title='bbox 1231 601 1544 666; x_wconf 65' lang='lat' dir='ltr'><strong>LXXXVII.</strong></span> 
     </span>
    </p>
   </div>
   <div class='ocr_carea' id='block_1_3' title="bbox 567 689 2208 763">
    <p class='ocr_par' dir='ltr' id='par_1_3' title="bbox 567 689 2208 763">
     <span class='ocr_line' id='line_1_3' title="bbox 567 689 2208 763; baseline -0.003 -15"><span class='ocrx_word' id='word_1_3' title='bbox 567 691 773 748; x_wconf 77' lang='lat' dir='ltr'><em>Urbani</em></span> <span class='ocrx_word' id='word_1_4' title='bbox 809 691 862 746; x_wconf 85' lang='grc' dir='ltr'><em>ΙΙ</em></span> <span class='ocrx_word' id='word_1_5' title='bbox 902 706 1064 763; x_wconf 58' lang='lat' dir='ltr'><em>pane</em></span> <span class='ocrx_word' id='word_1_6' title='bbox 1111 693 1338 763; x_wconf 81' lang='lat' dir='ltr'><em>epistola</em></span> <span class='ocrx_word' id='word_1_7' title='bbox 1387 691 1456 747; x_wconf 86' lang='lat' dir='ltr'><em>ad</em></span> <span class='ocrx_word' id='word_1_8' title='bbox 1509 691 1797 763; x_wconf 78' lang='lat' dir='ltr'><em>Geratrlum</em></span> <span class='ocrx_word' id='word_1_9' title='bbox 1826 689 2078 746; x_wconf 81' lang='lat' dir='ltr'><em>abbatem</em></span> <span class='ocrx_word' id='word_1_10' title='bbox 2108 689 2208 763; x_wconf 85' lang='lat' dir='ltr'><em>Mo-</em></span> 
     </span>
    </p>
   </div>
   <div class='ocr_carea' id='block_1_4' title="bbox 633 761 2208 819">
    <p class='ocr_par' dir='ltr' id='par_1_4' title="bbox 633 761 2208 819">
     <span class='ocr_line' id='line_1_4' title="bbox 633 761 2208 819; baseline -0.001 -3"><span class='ocrx_word' id='word_1_11' title='bbox 633 764 866 817; x_wconf 80' lang='lat' dir='ltr'><em>nasterii</em></span> <span class='ocrx_word' id='word_1_12' title='bbox 900 761 1036 818; x_wconf 81' lang='lat' dir='ltr'><em>Novi</em></span> <span class='ocrx_word' id='word_1_13' title='bbox 1071 761 1448 819; x_wconf 80' lang='lat' dir='ltr'><em>Pietaviensis.</em></span> <span class='ocrx_word' id='word_1_14' title='bbox 1481 794 1551 804; x_wconf 88' lang='lat'><strong><em>——</em></strong></span> <span class='ocrx_word' id='word_1_15' title='bbox 1578 762 1957 819; x_wconf 77' lang='lat' dir='ltr'><em>Adiudicatam</em></span> <span class='ocrx_word' id='word_1_16' title='bbox 1979 761 2208 815; x_wconf 83' lang='lat' dir='ltr'><em>canoni-</em></span> 
     </span>
    </p>
   </div>
   <div class='ocr_carea' id='block_1_5' title="bbox 634 833 2212 890">
    <p class='ocr_par' dir='ltr' id='par_1_5' title="bbox 634 833 2212 890">
     <span class='ocr_line' id='line_1_5' title="bbox 634 833 2212 890; baseline -0.002 -1"><span class='ocrx_word' id='word_1_17' title='bbox 634 835 714 889; x_wconf 84' lang='lat' dir='ltr'><em>cis</em></span> <span class='ocrx_word' id='word_1_18' title='bbox 760 835 821 888; x_wconf 85' lang='lat' dir='ltr'><em>in</em></span> <span class='ocrx_word' id='word_1_19' title='bbox 865 835 1096 890; x_wconf 81' lang='lat' dir='ltr'><em>concilio</em></span> <span class='ocrx_word' id='word_1_20' title='bbox 1164 835 1490 890; x_wconf 82' lang='lat' dir='ltr'><em>Santonensi</em></span> <span class='ocrx_word' id='word_1_21' title='bbox 1553 833 1833 890; x_wconf 79' lang='lat' dir='ltr'><em>ecclesiam</em></span> <span class='ocrx_word' id='word_1_22' title='bbox 1881 833 1932 887; x_wconf 90' lang='lat' dir='ltr'><em>S.</em></span> <span class='ocrx_word' id='word_1_23' title='bbox 1995 833 2212 887; x_wconf 71' lang='lat' dir='ltr'><em>Nicolai</em></span> 
     </span>
    </p>
   </div>
   <div class='ocr_carea' id='block_1_6' title="bbox 634 903 2208 975">
    <p class='ocr_par' dir='ltr' id='par_1_6' title="bbox 634 903 2208 975">
     <span class='ocr_line' id='line_1_6' title="bbox 634 903 2208 975; baseline -0.003 -15"><span class='ocrx_word' id='word_1_24' title='bbox 634 921 788 961; x_wconf 79' lang='lat' dir='ltr'><em>secus</em></span> <span class='ocrx_word' id='word_1_25' title='bbox 833 921 1018 961; x_wconf 86' lang='lat' dir='ltr'><em>muros</em></span> <span class='ocrx_word' id='word_1_26' title='bbox 1069 907 1224 962; x_wconf 81' lang='lat' dir='ltr'><em>urbis</em></span> <span class='ocrx_word' id='word_1_27' title='bbox 1269 907 1632 961; x_wconf 82' lang='lat' dir='ltr'><em>Pictaviensis</em></span> <span class='ocrx_word' id='word_1_28' title='bbox 1677 906 1963 975; x_wconf 81' lang='lat' dir='ltr'><em>conﬁrmat</em></span> <span class='ocrx_word' id='word_1_29' title='bbox 2024 903 2208 958; x_wconf 74' lang='lat' dir='ltr'><em>Mona-</em></span> 
     </span>
    </p>
   </div>
   <div class='ocr_carea' id='block_1_7' title="bbox 633 977 1428 1049">
    <p class='ocr_par' dir='ltr' id='par_1_7' title="bbox 633 977 1428 1049">
     <span class='ocr_line' id='line_1_7' title="bbox 633 977 1428 1049; baseline 0.003 -17"><span class='ocrx_word' id='word_1_30' title='bbox 633 977 796 1033; x_wconf 81' lang='lat' dir='ltr'><em>sterio</em></span> <span class='ocrx_word' id='word_1_31' title='bbox 823 977 967 1034; x_wconf 82' lang='lat' dir='ltr'><em>Nouo</em></span> <span class='ocrx_word' id='word_1_32' title='bbox 995 977 1234 1049; x_wconf 84' lang='lat' dir='ltr'><em>ejusdem</em></span> <span class='ocrx_word' id='word_1_33' title='bbox 1255 979 1428 1034; x_wconf 85' lang='lat' dir='ltr'><em>urbis.</em></span> 
     </span>
    </p>
   </div>
   <div class='ocr_carea' id='block_1_8' title="bbox 1183 1065 1593 1138">
    <p class='ocr_par' dir='ltr' id='par_1_8' title="bbox 1183 1065 1593 1138">
     <span class='ocr_line' id='line_1_8' title="bbox 1183 1065 1593 1138; baseline 0 -16"><span class='ocrx_word' id='word_1_34' title='bbox 1183 1068 1370 1138; x_wconf 91' lang='lat' dir='ltr'><em>(Anno</em></span> <span class='ocrx_word' id='word_1_35' title='bbox 1411 1065 1593 1138; x_wconf 78' lang='lat'><em>1093.)</em></span> 
     </span>
    </p>
   </div>
   <div class='ocr_carea' id='block_1_9' title="bbox 743 1151 2029 1225">
    <p class='ocr_par' dir='ltr' id='par_1_9' title="bbox 743 1151 2029 1225">
     <span class='ocr_line' id='line_1_9' title="bbox 743 1151 2029 1225; baseline -0.003 -16"><span class='ocrx_word' id='word_1_36' title='bbox 743 1153 910 1225; x_wconf 90' lang='lat' dir='ltr'><em>[Dom</em></span> <span class='ocrx_word' id='word_1_37' title='bbox 936 1154 1229 1222; x_wconf 73' lang='lat' dir='ltr'><em>Bououm,</em></span> <span class='ocrx_word' id='word_1_38' title='bbox 1262 1155 1493 1220; x_wconf 83' lang='lat' dir='ltr'><em>Recueil,</em></span> <span class='ocrx_word' id='word_1_39' title='bbox 1537 1159 1580 1209; x_wconf 87' lang='lat' dir='ltr'><em>t.</em></span> <span class='ocrx_word' id='word_1_40' title='bbox 1613 1153 1756 1220; x_wconf 85' lang='lat' dir='ltr'><em>XIV,</em></span> <span class='ocrx_word' id='word_1_41' title='bbox 1789 1170 1845 1224; x_wconf 91' lang='lat' dir='ltr'><em>p.</em></span> <span class='ocrx_word' id='word_1_42' title='bbox 1879 1151 2029 1222; x_wconf 90' lang='lat'><em>706.]</em></span> 
     </span>
    </p>
   </div>
   <div class='ocr_carea' id='block_1_10' title="bbox 637 1256 2204 1334">
    <p class='ocr_par' dir='ltr' id='par_1_10' title="bbox 637 1256 2204 1334">
     <span class='ocr_line' id='line_1_10' title="bbox 637 1256 2204 1334; baseline -0.004 -17"><span class='ocrx_word' id='word_1_43' title='bbox 637 1261 912 1318; x_wconf 78' lang='lat' dir='ltr'><em>URBANUS</em></span> <span class='ocrx_word' id='word_1_44' title='bbox 962 1260 1293 1334; x_wconf 89' lang='lat' dir='ltr'><em>episcopus,</em></span> <span class='ocrx_word' id='word_1_45' title='bbox 1346 1277 1548 1316; x_wconf 89' lang='lat' dir='ltr'><em>servus</em></span> <span class='ocrx_word' id='word_1_46' title='bbox 1606 1275 1906 1315; x_wconf 89' lang='lat' dir='ltr'><em>servorum</em></span> <span class='ocrx_word' id='word_1_47' title='bbox 1972 1257 2096 1322; x_wconf 87' lang='lat' dir='ltr'><em>Dei,</em></span> <span class='ocrx_word' id='word_1_48' title='bbox 2148 1256 2204 1310; x_wconf 91' lang='lat' dir='ltr'><em>in</em></span> 
     </span>
    </p>
   </div>
   <div class='ocr_carea' id='block_1_11' title="bbox 564 1346 2206 1419">
    <p class='ocr_par' dir='ltr' id='par_1_11' title="bbox 564 1346 2206 1419">
     <span class='ocr_line' id='line_1_11' title="bbox 564 1346 2206 1419; baseline -0.003 -13"><span class='ocrx_word' id='word_1_49' title='bbox 564 1349 790 1406; x_wconf 80' lang='lat' dir='ltr'><em>Christo</em></span> <span class='ocrx_word' id='word_1_50' title='bbox 819 1346 940 1406; x_wconf 89' lang='lat' dir='ltr'><em>ﬁlio</em></span> <span class='ocrx_word' id='word_1_51' title='bbox 984 1349 1252 1406; x_wconf 61' lang='lat' dir='ltr'><em>Gnaacno</em></span> <span class='ocrx_word' id='word_1_52' title='bbox 1281 1350 1476 1406; x_wconf 84' lang='lat' dir='ltr'><em>abbati</em></span> <span class='ocrx_word' id='word_1_53' title='bbox 1511 1347 1845 1405; x_wconf 88' lang='lat' dir='ltr'><em>Monasterii</em></span> <span class='ocrx_word' id='word_1_54' title='bbox 1877 1346 2019 1404; x_wconf 85' lang='lat' dir='ltr'><em>Novi</em></span> <span class='ocrx_word' id='word_1_55' title='bbox 2051 1347 2206 1419; x_wconf 92' lang='lat' dir='ltr'><em>quod</em></span> 
     </span>
    </p>
   </div>
   <div class='ocr_carea' id='block_1_12' title="bbox 562 1439 2208 1510">
    <p class='ocr_par' dir='ltr' id='par_1_12' title="bbox 562 1439 2208 1510">
     <span class='ocr_line' id='line_1_12' title="bbox 562 1439 2208 1510; baseline -0.001 -16"><span class='ocrx_word' id='word_1_56' title='bbox 562 1439 623 1494; x_wconf 90' lang='lat' dir='ltr'><em>in</em></span> <span class='ocrx_word' id='word_1_57' title='bbox 659 1439 995 1496; x_wconf 89' lang='lat' dir='ltr'><em>Pictaviensi</em></span> <span class='ocrx_word' id='word_1_58' title='bbox 1017 1439 1302 1495; x_wconf 88' lang='lat' dir='ltr'><em>suburhio</em></span> <span class='ocrx_word' id='word_1_59' title='bbox 1323 1439 1501 1495; x_wconf 90' lang='lat' dir='ltr'><em>situm</em></span> <span class='ocrx_word' id='word_1_60' title='bbox 1525 1445 1632 1507; x_wconf 87' lang='lat' dir='ltr'><em>est,</em></span> <span class='ocrx_word' id='word_1_61' title='bbox 1649 1439 1955 1510; x_wconf 79' lang='lat' dir='ltr'><em>ipsiusque</em></span> <span class='ocrx_word' id='word_1_62' title='bbox 1977 1453 2208 1493; x_wconf 89' lang='lat' dir='ltr'><em>succes-</em></span> 
     </span>
    </p>
   </div>
   <div class='ocr_carea' id='block_1_13' title="bbox 563 1525 2098 1600">
    <p class='ocr_par' dir='ltr' id='par_1_13' title="bbox 563 1525 2098 1600">
     <span class='ocr_line' id='line_1_13' title="bbox 563 1525 2098 1600; baseline -0.003 -16"><span class='ocrx_word' id='word_1_63' title='bbox 563 1525 794 1584; x_wconf 84' lang='lat' dir='ltr'><em>soribus</em></span> <span class='ocrx_word' id='word_1_64' title='bbox 815 1525 1159 1600; x_wconf 81' lang='lat' dir='ltr'><em>regulariter</em></span> <span class='ocrx_word' id='word_1_65' title='bbox 1179 1527 1609 1584; x_wconf 88' lang='lat' dir='ltr'><em>substituendis</em></span> <span class='ocrx_word' id='word_1_66' title='bbox 1639 1526 1698 1582; x_wconf 91' lang='lat' dir='ltr'><em>in</em></span> <span class='ocrx_word' id='word_1_67' title='bbox 1731 1531 2098 1599; x_wconf 88' lang='lat' dir='ltr'><em>perpetuum.</em></span> 
     </span>
    </p>
   </div>
   <div class='ocr_carea' id='block_1_14' title="bbox 633 1613 2208 1689">
    <p class='ocr_par' dir='ltr' id='par_1_14' title="bbox 633 1613 2208 1689">
     <span class='ocr_line' id='line_1_14' title="bbox 633 1613 2208 1689; baseline 0 -19"><span class='ocrx_word' id='word_1_68' title='bbox 633 1615 716 1670; x_wconf 85' lang='lat' dir='ltr'><em>Ad</em></span> <span class='ocrx_word' id='word_1_69' title='bbox 742 1613 849 1672; x_wconf 91' lang='lat' dir='ltr'><em>hoc</em></span> <span class='ocrx_word' id='word_1_70' title='bbox 867 1615 988 1672; x_wconf 84' lang='lat' dir='ltr'><em>sedi</em></span> <span class='ocrx_word' id='word_1_71' title='bbox 1009 1615 1356 1689; x_wconf 71' lang='lat' dir='ltr'><em>apostolicze,</em></span> <span class='ocrx_word' id='word_1_72' title='bbox 1381 1617 1777 1688; x_wconf 80' lang='lat' dir='ltr'><em>omnipotente</em></span> <span class='ocrx_word' id='word_1_73' title='bbox 1799 1616 1922 1681; x_wconf 77' lang='lat' dir='ltr'><em>Deo</em></span> <span class='ocrx_word' id='word_1_74' title='bbox 1953 1620 2010 1671; x_wconf 89' lang='lat' dir='ltr'><em>et</em></span> <span class='ocrx_word' id='word_1_75' title='bbox 2040 1615 2208 1670; x_wconf 87' lang='lat' dir='ltr'><em>beato</em></span> 
     </span>
    </p>
   </div>
   <div class='ocr_carea' id='block_1_15' title="bbox 561 1703 2211 1780">
    <p class='ocr_par' dir='ltr' id='par_1_15' title="bbox 561 1703 2211 1780">
     <span class='ocr_line' id='line_1_15' title="bbox 561 1703 2211 1780; baseline -0.001 -20"><span class='ocrx_word' id='word_1_76' title='bbox 561 1703 728 1760; x_wconf 88' lang='lat' dir='ltr'><em>Petro</em></span> <span class='ocrx_word' id='word_1_77' title='bbox 752 1711 1115 1777; x_wconf 77' lang='lat' dir='ltr'><em>cooperante,</em></span> <span class='ocrx_word' id='word_1_78' title='bbox 1141 1705 1390 1778; x_wconf 82' lang='lat' dir='ltr'><em>promoti</em></span> <span class='ocrx_word' id='word_1_79' title='bbox 1413 1707 1744 1780; x_wconf 85' lang='lat' dir='ltr'><em>cognoscim</em></span> <span class='ocrx_word' id='word_1_80' title='bbox 1757 1722 1846 1770; x_wconf 90' lang='lat' dir='ltr'><em>ur,</em></span> <span class='ocrx_word' id='word_1_81' title='bbox 1861 1710 2040 1776; x_wconf 89' lang='lat' dir='ltr'><em>utpro</em></span> <span class='ocrx_word' id='word_1_82' title='bbox 2073 1705 2211 1760; x_wconf 87' lang='lat' dir='ltr'><em>data</em></span> 
     </span>
    </p>
   </div>
   <div class='ocr_carea' id='block_1_16' title="bbox 563 1792 2206 1868">
    <p class='ocr_par' dir='ltr' id='par_1_16' title="bbox 563 1792 2206 1868">
     <span class='ocr_line' id='line_1_16' title="bbox 563 1792 2206 1868; baseline -0.001 -19"><span class='ocrx_word' id='word_1_83' title='bbox 563 1793 846 1849; x_wconf 89' lang='lat' dir='ltr'><em>divinitus</em></span> <span class='ocrx_word' id='word_1_84' title='bbox 877 1794 1172 1850; x_wconf 78' lang='lat' dir='ltr'><em>falcultate</em></span> <span class='ocrx_word' id='word_1_85' title='bbox 1195 1795 1546 1868; x_wconf 87' lang='lat' dir='ltr'><em>injustitiam</em></span> <span class='ocrx_word' id='word_1_86' title='bbox 1562 1792 2206 1867; x_wconf 75' lang='lat' dir='ltr'><em>Opprimere,justitiam</em></span> 
     </span>
    </p>
   </div>
   <div class='ocr_carea' id='block_1_17' title="bbox 564 1882 2209 1956">
    <p class='ocr_par' dir='ltr' id='par_1_17' title="bbox 564 1882 2209 1956">
     <span class='ocr_line' id='line_1_17' title="bbox 564 1882 2209 1956; baseline -0.001 -18"><span class='ocrx_word' id='word_1_87' title='bbox 564 1883 786 1955; x_wconf 84' lang='lat' dir='ltr'><em>erigere</em></span> <span class='ocrx_word' id='word_1_88' title='bbox 801 1887 856 1936; x_wconf 89' lang='lat' dir='ltr'><em>et</em></span> <span class='ocrx_word' id='word_1_89' title='bbox 876 1882 1218 1953; x_wconf 82' lang='lat' dir='ltr'><em>religionem</em></span> <span class='ocrx_word' id='word_1_90' title='bbox 1243 1899 1452 1956; x_wconf 89' lang='lat' dir='ltr'><em>augere</em></span> <span class='ocrx_word' id='word_1_91' title='bbox 1479 1899 1751 1938; x_wconf 86' lang='lat' dir='ltr'><em>curemus</em></span> <span class='ocrx_word' id='word_1_92' title='bbox 1787 1900 1800 1946; x_wconf 87' lang='lat'><strong>;</strong></span> <span class='ocrx_word' id='word_1_93' title='bbox 1843 1883 1995 1936; x_wconf 91' lang='lat' dir='ltr'><em>unde</em></span> <span class='ocrx_word' id='word_1_94' title='bbox 2022 1898 2209 1938; x_wconf 80' lang='lat' dir='ltr'><em>servo-</em></span> 
     </span>
    </p>
   </div>
   <div class='ocr_carea' id='block_1_18' title="bbox 566 1969 2288 2044">
    <p class='ocr_par' dir='ltr' id='par_1_18' title="bbox 566 1969 2288 2044">
     <span class='ocr_line' id='line_1_18' title="bbox 566 1969 2288 2044; baseline -0.001 -18"><span class='ocrx_word' id='word_1_95' title='bbox 566 1987 697 2026; x_wconf 88' lang='lat' dir='ltr'><em>rum</em></span> <span class='ocrx_word' id='word_1_96' title='bbox 715 1969 819 2026; x_wconf 89' lang='lat' dir='ltr'><em>Dei</em></span> <span class='ocrx_word' id='word_1_97' title='bbox 842 1971 1020 2042; x_wconf 81' lang='lat' dir='ltr'><em>quieti</em></span> <span class='ocrx_word' id='word_1_98' title='bbox 1046 1972 1348 2044; x_wconf 80' lang='lat' dir='ltr'><em>providere</em></span> <span class='ocrx_word' id='word_1_99' title='bbox 1378 1989 1728 2044; x_wconf 81' lang='lat' dir='ltr'><em>magnOpere</em></span> <span class='ocrx_word' id='word_1_100' title='bbox 1756 1971 2100 2044; x_wconf 81' lang='lat' dir='ltr'><em>satagimus,</em></span> <span class='ocrx_word' id='word_1_101' title='bbox 2126 1975 2210 2032; x_wconf 89' lang='lat' dir='ltr'><em>ut.</em></span> <span class='ocrx_word' id='word_1_102' title='bbox 2240 1971 2288 2038; x_wconf 89' lang='lat' dir='ltr'><strong>B</strong></span> 
     </span>
    </p>
   </div>
   <div class='ocr_carea' id='block_1_19' title="bbox 567 2059 2210 2136">
    <p class='ocr_par' dir='ltr' id='par_1_19' title="bbox 567 2059 2210 2136">
     <span class='ocr_line' id='line_1_19' title="bbox 567 2059 2210 2136; baseline -0.001 -20"><span class='ocrx_word' id='word_1_103' title='bbox 567 2076 601 2115; x_wconf 85' lang='lat' dir='ltr'><em>a</em></span> <span class='ocrx_word' id='word_1_104' title='bbox 629 2059 1010 2116; x_wconf 70' lang='lat' dir='ltr'><em>saecularibus</em></span> <span class='ocrx_word' id='word_1_105' title='bbox 1042 2061 1394 2118; x_wconf 83' lang='lat' dir='ltr'><em>tumultibus</em></span> <span class='ocrx_word' id='word_1_106' title='bbox 1423 2061 1823 2126; x_wconf 74' lang='lat' dir='ltr'><em>liberi,divin:e</em></span> <span class='ocrx_word' id='word_1_107' title='bbox 1859 2060 2210 2136; x_wconf 85' lang='lat' dir='ltr'><em>contempla-</em></span> 
     </span>
    </p>
   </div>
   <div class='ocr_carea' id='block_1_20' title="bbox 565 2148 2207 2222">
    <p class='ocr_par' dir='ltr' id='par_1_20' title="bbox 565 2148 2207 2222">
     <span class='ocr_line' id='line_1_20' title="bbox 565 2148 2207 2222; baseline 0 -18"><span class='ocrx_word' id='word_1_108' title='bbox 565 2148 711 2205; x_wconf 89' lang='lat' dir='ltr'><em>tioni</em></span> <span class='ocrx_word' id='word_1_109' title='bbox 743 2149 1040 2206; x_wconf 83' lang='lat' dir='ltr'><em>ardentius</em></span> <span class='ocrx_word' id='word_1_110' title='bbox 1099 2150 1374 2206; x_wconf 68' lang='lat' dir='ltr'><em>inhaerere</em></span> <span class='ocrx_word' id='word_1_111' title='bbox 1423 2150 1788 2222; x_wconf 69' lang='lat' dir='ltr'><em>praevaleant.</em></span> <span class='ocrx_word' id='word_1_112' title='bbox 1825 2150 1968 2206; x_wconf 87' lang='lat' dir='ltr'><em>Tuis</em></span> <span class='ocrx_word' id='word_1_113' title='bbox 2006 2149 2207 2222; x_wconf 86' lang='lat' dir='ltr'><em>igitur,</em></span> 
     </span>
    </p>
   </div>
   <div class='ocr_carea' id='block_1_21' title="bbox 566 2235 2209 2309">
    <p class='ocr_par' dir='ltr' id='par_1_21' title="bbox 566 2235 2209 2309">
     <span class='ocr_line' id='line_1_21' title="bbox 566 2235 2209 2309; baseline -0.001 -17"><span class='ocrx_word' id='word_1_114' title='bbox 566 2235 1263 2294; x_wconf 88' lang='lat' dir='ltr'><em>charissimeﬁliGeralde</em></span> <span class='ocrx_word' id='word_1_115' title='bbox 1289 2239 1490 2303; x_wconf 87' lang='lat' dir='ltr'><em>abbas,</em></span> <span class='ocrx_word' id='word_1_116' title='bbox 1519 2237 1631 2309; x_wconf 88' lang='lat' dir='ltr'><em>piis</em></span> <span class='ocrx_word' id='word_1_117' title='bbox 1657 2235 1824 2305; x_wconf 89' lang='lat' dir='ltr'><em>votis,</em></span> <span class='ocrx_word' id='word_1_118' title='bbox 1857 2241 1916 2292; x_wconf 87' lang='lat' dir='ltr'><em>et</em></span> <span class='ocrx_word' id='word_1_119' title='bbox 1947 2253 2209 2292; x_wconf 89' lang='lat' dir='ltr'><em>reveren-</em></span> 
     </span>
    </p>
   </div>
   <div class='ocr_carea' id='block_1_22' title="bbox 565 2325 2208 2399">
    <p class='ocr_par' dir='ltr' id='par_1_22' title="bbox 565 2325 2208 2399">
     <span class='ocr_line' id='line_1_22' title="bbox 565 2325 2208 2399; baseline -0.001 -18"><span class='ocrx_word' id='word_1_120' title='bbox 565 2325 796 2382; x_wconf 88' lang='lat' dir='ltr'><em>dissimi</em></span> <span class='ocrx_word' id='word_1_121' title='bbox 818 2327 1095 2382; x_wconf 77' lang='lat' dir='ltr'><em>confratis</em></span> <span class='ocrx_word' id='word_1_122' title='bbox 1118 2327 1626 2399; x_wconf 87' lang='lat' dir='ltr'><em>nostri,quondam</em></span> <span class='ocrx_word' id='word_1_123' title='bbox 1646 2330 1841 2381; x_wconf 89' lang='lat' dir='ltr'><em>autem</em></span> <span class='ocrx_word' id='word_1_124' title='bbox 1861 2325 2048 2380; x_wconf 83' lang='lat' dir='ltr'><em>Patris</em></span> <span class='ocrx_word' id='word_1_125' title='bbox 2073 2325 2208 2391; x_wconf 90' lang='lat' dir='ltr'><em>mei,</em></span> 
     </span>
    </p>
   </div>
   <div class='ocr_carea' id='block_1_23' title="bbox 569 2413 2211 2487">
    <p class='ocr_par' dir='ltr' id='par_1_23' title="bbox 569 2413 2211 2487">
     <span class='ocr_line' id='line_1_23' title="bbox 569 2413 2211 2487; baseline -0.001 -16"><span class='ocrx_word' id='word_1_126' title='bbox 569 2414 834 2487; x_wconf 90' lang='lat' dir='ltr'><em>Hugonis</em></span> <span class='ocrx_word' id='word_1_127' title='bbox 889 2415 1292 2471; x_wconf 87' lang='lat' dir='ltr'><em>Cluniacensis</em></span> <span class='ocrx_word' id='word_1_128' title='bbox 1349 2413 1781 2485; x_wconf 86' lang='lat' dir='ltr'><em>abbatisjustis</em></span> <span class='ocrx_word' id='word_1_129' title='bbox 1830 2413 2211 2486; x_wconf 87' lang='lat' dir='ltr'><em>petitionibus</em></span> 
     </span>
    </p>
   </div>
   <div class='ocr_carea' id='block_1_24' title="bbox 565 2501 2210 2570">
    <p class='ocr_par' dir='ltr' id='par_1_24' title="bbox 565 2501 2210 2570">
     <span class='ocr_line' id='line_1_24' title="bbox 565 2501 2210 2570; baseline 0 -12"><span class='ocrx_word' id='word_1_130' title='bbox 565 2506 911 2570; x_wconf 88' lang='lat' dir='ltr'><em>annuentes,</em></span> <span class='ocrx_word' id='word_1_131' title='bbox 962 2519 1196 2559; x_wconf 88' lang='lat' dir='ltr'><em>omnem</em></span> <span class='ocrx_word' id='word_1_132' title='bbox 1229 2503 1552 2559; x_wconf 87' lang='lat' dir='ltr'><em>libertatem</em></span> <span class='ocrx_word' id='word_1_133' title='bbox 1609 2502 1728 2559; x_wconf 81' lang='lat' dir='ltr'><em>sive</em></span> <span class='ocrx_word' id='word_1_134' title='bbox 1777 2501 2210 2558; x_wconf 88' lang='lat' dir='ltr'><em>immunitatem</em></span> 
     </span>
    </p>
   </div>
   <div class='ocr_carea' id='block_1_25' title="bbox 563 2589 2211 2664">
    <p class='ocr_par' dir='ltr' id='par_1_25' title="bbox 563 2589 2211 2664">
     <span class='ocr_line' id='line_1_25' title="bbox 563 2589 2211 2664; baseline -0.001 -18"><span class='ocrx_word' id='word_1_135' title='bbox 563 2595 758 2647; x_wconf 85' lang='lat' dir='ltr'><em>vestro</em></span> <span class='ocrx_word' id='word_1_136' title='bbox 780 2591 1339 2657; x_wconf 87' lang='lat' dir='ltr'><em>Novo-Monasterio,</em></span> <span class='ocrx_word' id='word_1_137' title='bbox 1374 2595 1506 2663; x_wconf 88' lang='lat' dir='ltr'><em>post</em></span> <span class='ocrx_word' id='word_1_138' title='bbox 1552 2591 1885 2664; x_wconf 81' lang='lat' dir='ltr'><em>apostolicae</em></span> <span class='ocrx_word' id='word_1_139' title='bbox 1918 2589 2211 2646; x_wconf 69' lang='lat' dir='ltr'><em>memoriae</em></span> 
     </span>
    </p>
   </div>
   <div class='ocr_carea' id='block_1_26' title="bbox 565 2679 2214 2754">
    <p class='ocr_par' dir='ltr' id='par_1_26' title="bbox 565 2679 2214 2754">
     <span class='ocr_line' id='line_1_26' title="bbox 565 2679 2214 2754; baseline -0.002 -16"><span class='ocrx_word' id='word_1_140' title='bbox 565 2679 826 2754; x_wconf 85' lang='lat' dir='ltr'><em>Gregorii</em></span> <span class='ocrx_word' id='word_1_141' title='bbox 851 2681 950 2737; x_wconf 85' lang='lat' dir='ltr'>VII</span> <span class='ocrx_word' id='word_1_142' title='bbox 972 2682 1413 2754; x_wconf 65' lang='lat' dir='ltr'><em>praedecessoris</em></span> <span class='ocrx_word' id='word_1_143' title='bbox 1445 2681 1624 2736; x_wconf 85' lang='lat' dir='ltr'><em>nostri</em></span> <span class='ocrx_word' id='word_1_144' title='bbox 1659 2679 2022 2753; x_wconf 86' lang='lat' dir='ltr'><em>privilegium</em></span> <span class='ocrx_word' id='word_1_145' title='bbox 2059 2681 2214 2735; x_wconf 86' lang='lat' dir='ltr'><em>attri-</em></span> 
     </span>
    </p>
   </div>
   <div class='ocr_carea' id='block_1_27' title="bbox 564 2769 2214 2842">
    <p class='ocr_par' dir='ltr' id='par_1_27' title="bbox 564 2769 2214 2842">
     <span class='ocr_line' id='line_1_27' title="bbox 564 2769 2214 2842; baseline 0.001 -17"><span class='ocrx_word' id='word_1_146' title='bbox 564 2771 800 2837; x_wconf 87' lang='lat' dir='ltr'><em>butum,</em></span> <span class='ocrx_word' id='word_1_147' title='bbox 836 2786 943 2826; x_wconf 90' lang='lat' dir='ltr'><em>nos</em></span> <span class='ocrx_word' id='word_1_148' title='bbox 991 2787 1226 2842; x_wconf 90' lang='lat' dir='ltr'><em>quoque</em></span> <span class='ocrx_word' id='word_1_149' title='bbox 1267 2770 1571 2842; x_wconf 62' lang='lat' dir='ltr'><em>praesentis</em></span> <span class='ocrx_word' id='word_1_150' title='bbox 1616 2771 1829 2825; x_wconf 87' lang='lat' dir='ltr'><em>decreti</em></span> <span class='ocrx_word' id='word_1_151' title='bbox 1871 2769 2214 2826; x_wconf 81' lang='lat' dir='ltr'><em>auctoritate</em></span> 
     </span>
    </p>
   </div>
   <div class='ocr_carea' id='block_1_28' title="bbox 569 2858 2215 2927">
    <p class='ocr_par' dir='ltr' id='par_1_28' title="bbox 569 2858 2215 2927">
     <span class='ocr_line' id='line_1_28' title="bbox 569 2858 2215 2927; baseline 0 -13"><span class='ocrx_word' id='word_1_152' title='bbox 569 2859 949 2914; x_wconf 87' lang='lat' dir='ltr'><em>conferimus.</em></span> <span class='ocrx_word' id='word_1_153' title='bbox 983 2863 1265 2915; x_wconf 74' lang='lat' dir='ltr'><em>Praeterea</em></span> <span class='ocrx_word' id='word_1_154' title='bbox 1294 2860 1358 2914; x_wconf 91' lang='lat' dir='ltr'><em>B.</em></span> <span class='ocrx_word' id='word_1_155' title='bbox 1405 2859 1620 2914; x_wconf 87' lang='lat' dir='ltr'><em>Nicolai</em></span> <span class='ocrx_word' id='word_1_156' title='bbox 1666 2858 1993 2927; x_wconf 85' lang='lat' dir='ltr'><em>ecclesiam,</em></span> <span class='ocrx_word' id='word_1_157' title='bbox 2044 2875 2215 2914; x_wconf 88' lang='lat' dir='ltr'><em>secus</em></span> 
     </span>
    </p>
   </div>
   <div class='ocr_carea' id='block_1_29' title="bbox 569 2947 2215 3021">
    <p class='ocr_par' dir='ltr' id='par_1_29' title="bbox 569 2947 2215 3021">
     <span class='ocr_line' id='line_1_29' title="bbox 569 2947 2215 3021; baseline 0 -19"><span class='ocrx_word' id='word_1_158' title='bbox 569 2964 772 3003; x_wconf 88' lang='lat' dir='ltr'><em>muros</em></span> <span class='ocrx_word' id='word_1_159' title='bbox 797 2947 1042 3004; x_wconf 90' lang='lat' dir='ltr'><em>Pictavis</em></span> <span class='ocrx_word' id='word_1_160' title='bbox 1063 2948 1135 3004; x_wconf 89' lang='lat' dir='ltr'><em>ab</em></span> <span class='ocrx_word' id='word_1_161' title='bbox 1153 2949 1374 3021; x_wconf 85' lang='lat' dir='ltr'><em>Agnete</em></span> <span class='ocrx_word' id='word_1_162' title='bbox 1394 2948 1696 3004; x_wconf 85' lang='lat' dir='ltr'><em>comitissa</em></span> <span class='ocrx_word' id='word_1_163' title='bbox 1721 2948 2086 3016; x_wconf 65' lang='lat' dir='ltr'><em>aediﬁcatam,</em></span> <span class='ocrx_word' id='word_1_164' title='bbox 2109 2947 2215 3002; x_wconf 90' lang='lat' dir='ltr'><em>tibi</em></span> 
     </span>
    </p>
   </div>
   <div class='ocr_carea' id='block_1_30' title="bbox 569 3035 2220 3110">
    <p class='ocr_par' dir='ltr' id='par_1_30' title="bbox 569 3035 2220 3110">
     <span class='ocr_line' id='line_1_30' title="bbox 569 3035 2220 3110; baseline 0.001 -18"><span class='ocrx_word' id='word_1_165' title='bbox 569 3036 809 3108; x_wconf 87' lang='lat' dir='ltr'><em>tuisque</em></span> <span class='ocrx_word' id='word_1_166' title='bbox 823 3035 1263 3092; x_wconf 84' lang='lat' dir='ltr'><em>successoribus</em></span> <span class='ocrx_word' id='word_1_167' title='bbox 1287 3041 1565 3110; x_wconf 89' lang='lat' dir='ltr'><em>perpetuo</em></span> <span class='ocrx_word' id='word_1_168' title='bbox 1587 3035 2000 3108; x_wconf 89' lang='lat' dir='ltr'><em>possidendam</em></span> <span class='ocrx_word' id='word_1_169' title='bbox 2020 3052 2220 3092; x_wconf 85' lang='lat' dir='ltr'><em>conce-</em></span> 
     </span>
    </p>
   </div>
   <div class='ocr_carea' id='block_1_31' title="bbox 568 3124 2216 3197">
    <p class='ocr_par' dir='ltr' id='par_1_31' title="bbox 568 3124 2216 3197">
     <span class='ocr_line' id='line_1_31' title="bbox 568 3124 2216 3197; baseline 0 -17"><span class='ocrx_word' id='word_1_170' title='bbox 568 3124 788 3190; x_wconf 90' lang='lat' dir='ltr'><em>dimus,</em></span> <span class='ocrx_word' id='word_1_171' title='bbox 821 3124 973 3180; x_wconf 85' lang='lat' dir='ltr'><em>sicut</em></span> <span class='ocrx_word' id='word_1_172' title='bbox 1017 3142 1051 3180; x_wconf 88' lang='lat' dir='ltr'><em>a</em></span> <span class='ocrx_word' id='word_1_173' title='bbox 1079 3124 1268 3197; x_wconf 89' lang='lat' dir='ltr'><em>legato</em></span> <span class='ocrx_word' id='word_1_174' title='bbox 1308 3125 1505 3181; x_wconf 84' lang='lat' dir='ltr'><em>nostro</em></span> <span class='ocrx_word' id='word_1_175' title='bbox 1553 3127 1760 3180; x_wconf 89' lang='lat' dir='ltr'><em>Amato</em></span> <span class='ocrx_word' id='word_1_176' title='bbox 1801 3125 2216 3197; x_wconf 88' lang='lat' dir='ltr'><em>Burdegalensi</em></span> 
     </span>
    </p>
   </div>
   <div class='ocr_carea' id='block_1_32' title="bbox 563 3213 2216 3287">
    <p class='ocr_par' dir='ltr' id='par_1_32' title="bbox 563 3213 2216 3287">
     <span class='ocr_line' id='line_1_32' title="bbox 563 3213 2216 3287; baseline 0 -17"><span class='ocrx_word' id='word_1_177' title='bbox 563 3213 861 3287; x_wconf 82' lang='lat' dir='ltr'><em>episcopo,</em></span> <span class='ocrx_word' id='word_1_178' title='bbox 881 3219 938 3270; x_wconf 88' lang='lat' dir='ltr'><em>et</em></span> <span class='ocrx_word' id='word_1_179' title='bbox 957 3231 990 3269; x_wconf 88' lang='lat' dir='ltr'><em>a</em></span> <span class='ocrx_word' id='word_1_180' title='bbox 1007 3214 1494 3271; x_wconf 88' lang='lat' dir='ltr'><em>reverendissimo</em></span> <span class='ocrx_word' id='word_1_181' title='bbox 1519 3215 1806 3270; x_wconf 84' lang='lat' dir='ltr'><em>confratre</em></span> <span class='ocrx_word' id='word_1_182' title='bbox 1829 3217 2026 3270; x_wconf 86' lang='lat' dir='ltr'><em>nostro</em></span> <span class='ocrx_word' id='word_1_183' title='bbox 2050 3214 2216 3270; x_wconf 89' lang='lat' dir='ltr'><em>Petro</em></span> 
     </span>
    </p>
   </div>
   <div class='ocr_carea' id='block_1_33' title="bbox 568 3302 2214 3376">
    <p class='ocr_par' dir='ltr' id='par_1_33' title="bbox 568 3302 2214 3376">
     <span class='ocr_line' id='line_1_33' title="bbox 568 3302 2214 3376; baseline 0 -16"><span class='ocrx_word' id='word_1_184' title='bbox 568 3302 909 3360; x_wconf 86' lang='lat' dir='ltr'><em>Pictaviensi</em></span> <span class='ocrx_word' id='word_1_185' title='bbox 931 3302 1616 3376; x_wconf 75' lang='lat' dir='ltr'><em>episcopo,przesentibus</em></span> <span class='ocrx_word' id='word_1_186' title='bbox 1639 3302 1928 3374; x_wconf 88' lang='lat' dir='ltr'><em>episcopis</em></span> <span class='ocrx_word' id='word_1_187' title='bbox 1955 3307 2012 3358; x_wconf 87' lang='lat' dir='ltr'><em>et</em></span> <span class='ocrx_word' id='word_1_188' title='bbox 2041 3304 2214 3360; x_wconf 86' lang='lat' dir='ltr'><em>abba-</em></span> 
     </span>
    </p>
   </div>
   <div class='ocr_carea' id='block_1_34' title="bbox 569 3391 2212 3460">
    <p class='ocr_par' dir='ltr' id='par_1_34' title="bbox 569 3391 2212 3460">
     <span class='ocr_line' id='line_1_34' title="bbox 569 3391 2212 3460; baseline 0.001 -12"><span class='ocrx_word' id='word_1_189' title='bbox 569 3393 748 3460; x_wconf 85' lang='lat' dir='ltr'><em>tibus,</em></span> <span class='ocrx_word' id='word_1_190' title='bbox 783 3408 915 3448; x_wconf 89' lang='lat' dir='ltr'><em>cum</em></span> <span class='ocrx_word' id='word_1_191' title='bbox 947 3391 1050 3446; x_wconf 83' lang='lat' dir='ltr'><em>ﬁlii</em></span> <span class='ocrx_word' id='word_1_192' title='bbox 1083 3393 1266 3447; x_wconf 88' lang='lat' dir='ltr'><em>nostri</em></span> <span class='ocrx_word' id='word_1_193' title='bbox 1297 3391 1592 3448; x_wconf 90' lang='lat' dir='ltr'><em>Guillelmi</em></span> <span class='ocrx_word' id='word_1_194' title='bbox 1624 3391 1854 3448; x_wconf 87' lang='lat' dir='ltr'><em>comitis</em></span> <span class='ocrx_word' id='word_1_195' title='bbox 1909 3392 2101 3448; x_wconf 82' lang='lat' dir='ltr'><em>favore</em></span> <span class='ocrx_word' id='word_1_196' title='bbox 2153 3393 2212 3449; x_wconf 93' lang='lat' dir='ltr'><em>in</em></span> 
     </span>
    </p>
   </div>
   <div class='ocr_carea' id='block_1_35' title="bbox 573 3479 2216 3553">
    <p class='ocr_par' dir='ltr' id='par_1_35' title="bbox 573 3479 2216 3553">
     <span class='ocr_line' id='line_1_35' title="bbox 573 3479 2216 3553; baseline 0 -15"><span class='ocrx_word' id='word_1_197' title='bbox 573 3481 816 3538; x_wconf 90' lang='lat' dir='ltr'><em>concilio</em></span> <span class='ocrx_word' id='word_1_198' title='bbox 871 3479 985 3553; x_wconf 88' lang='grc'><em>(15)</em></span> <span class='ocrx_word' id='word_1_199' title='bbox 1033 3480 1338 3536; x_wconf 89' lang='lat' dir='ltr'><em>deﬁnitum</em></span> <span class='ocrx_word' id='word_1_200' title='bbox 1405 3497 1534 3536; x_wconf 90' lang='lat' dir='ltr'><em>esse</em></span> <span class='ocrx_word' id='word_1_201' title='bbox 1588 3481 1986 3553; x_wconf 87' lang='lat' dir='ltr'><em>cognovimus,</em></span> <span class='ocrx_word' id='word_1_202' title='bbox 2063 3483 2216 3538; x_wconf 87' lang='lat' dir='ltr'><em>sicut</em></span> 
     </span>
    </p>
   </div>
   <div class='ocr_carea' id='block_1_36' title="bbox 575 3567 2213 3636">
    <p class='ocr_par' dir='ltr' id='par_1_36' title="bbox 575 3567 2213 3636">
     <span class='ocr_line' id='line_1_36' title="bbox 575 3567 2213 3636; baseline -0.001 -8"><span class='ocrx_word' id='word_1_203' title='bbox 575 3575 632 3628; x_wconf 90' lang='lat' dir='ltr'><em>et</em></span> <span class='ocrx_word' id='word_1_204' title='bbox 659 3569 1010 3626; x_wconf 82' lang='lat' dir='ltr'><em>venerabilis</em></span> <span class='ocrx_word' id='word_1_205' title='bbox 1059 3569 1215 3625; x_wconf 89' lang='lat' dir='ltr'><em>ﬁlius</em></span> <span class='ocrx_word' id='word_1_206' title='bbox 1264 3573 1462 3625; x_wconf 89' lang='lat' dir='ltr'><em>noster</em></span> <span class='ocrx_word' id='word_1_207' title='bbox 1499 3567 1838 3636; x_wconf 75' lang='lat' dir='ltr'><em>Itainaldus,</em></span> <span class='ocrx_word' id='word_1_208' title='bbox 1873 3570 2213 3626; x_wconf 85' lang='lat' dir='ltr'><em>monasterii</em></span> 
     </span>
    </p>
   </div>
   <div class='ocr_carea' id='block_1_37' title="bbox 562 3657 2214 3734">
    <p class='ocr_par' dir='ltr' id='par_1_37' title="bbox 562 3657 2214 3734">
     <span class='ocr_line' id='line_1_37' title="bbox 562 3657 2214 3734; baseline -0.001 -17"><span class='ocrx_word' id='word_1_209' title='bbox 562 3661 627 3717; x_wconf 92' lang='lat' dir='ltr'><em>B.</em></span> <span class='ocrx_word' id='word_1_210' title='bbox 678 3657 948 3734; x_wconf 84' lang='lat' dir='ltr'><em>Cypriani</em></span> <span class='ocrx_word' id='word_1_211' title='bbox 997 3659 1270 3724; x_wconf 88' lang='lat' dir='ltr'><em>abbas,se</em></span> <span class='ocrx_word' id='word_1_212' title='bbox 1292 3657 1525 3730; x_wconf 89' lang='lat' dir='ltr'><em>publice</em></span> <span class='ocrx_word' id='word_1_213' title='bbox 1546 3658 1931 3714; x_wconf 87' lang='lat' dir='ltr'><em>constitutum</em></span> <span class='ocrx_word' id='word_1_214' title='bbox 1961 3659 2214 3716; x_wconf 82' lang='lat' dir='ltr'><em>veridice.</em></span> 
     </span>
    </p>
   </div>
   <div class='ocr_carea' id='block_1_38' title="bbox 561 3747 2211 3820">
    <p class='ocr_par' dir='ltr' id='par_1_38' title="bbox 561 3747 2211 3820">
     <span class='ocr_line' id='line_1_38' title="bbox 561 3747 2211 3820; baseline -0.001 -14"><span class='ocrx_word' id='word_1_215' title='bbox 561 3766 757 3820; x_wconf 86' lang='lat' dir='ltr'><em>coram</em></span> <span class='ocrx_word' id='word_1_216' title='bbox 789 3747 958 3804; x_wconf 91' lang='lat' dir='ltr'><em>nobis</em></span> <span class='ocrx_word' id='word_1_217' title='bbox 981 3747 1300 3803; x_wconf 85' lang='lat' dir='ltr'><em>assertione</em></span> <span class='ocrx_word' id='word_1_218' title='bbox 1318 3750 1569 3802; x_wconf 88' lang='lat' dir='ltr'><em>testatus</em></span> <span class='ocrx_word' id='word_1_219' title='bbox 1588 3752 1692 3802; x_wconf 76' lang='lat' dir='ltr'><em>est.</em></span> <span class='ocrx_word' id='word_1_220' title='bbox 1729 3747 1877 3812; x_wconf 85' lang='lat' dir='ltr'><em>Quia</em></span> <span class='ocrx_word' id='word_1_221' title='bbox 1905 3747 2062 3804; x_wconf 91' lang='lat' dir='ltr'><em>enim</em></span> <span class='ocrx_word' id='word_1_222' title='bbox 2094 3753 2211 3805; x_wconf 90' lang='lat' dir='ltr'><em>sta-</em></span> 
     </span>
    </p>
   </div>
   <div class='ocr_carea' id='block_1_39' title="bbox 558 3836 2214 3908">
    <p class='ocr_par' dir='ltr' id='par_1_39' title="bbox 558 3836 2214 3908">
     <span class='ocr_line' id='line_1_39' title="bbox 558 3836 2214 3908; baseline -0.001 -14"><span class='ocrx_word' id='word_1_223' title='bbox 558 3838 672 3894; x_wconf 90' lang='lat' dir='ltr'><em>tuti</em></span> <span class='ocrx_word' id='word_1_224' title='bbox 693 3836 960 3893; x_wconf 84' lang='lat' dir='ltr'><em>canonici</em></span> <span class='ocrx_word' id='word_1_225' title='bbox 979 3837 1303 3892; x_wconf 89' lang='lat' dir='ltr'><em>secundum</em></span> <span class='ocrx_word' id='word_1_226' title='bbox 1349 3836 1564 3908; x_wconf 84' lang='lat' dir='ltr'><em>accepti</em></span> <span class='ocrx_word' id='word_1_227' title='bbox 1598 3853 1633 3891; x_wconf 88' lang='lat' dir='ltr'><em>a</em></span> <span class='ocrx_word' id='word_1_228' title='bbox 1663 3837 1928 3892; x_wconf 80' lang='lat' dir='ltr'><em>Romana</em></span> <span class='ocrx_word' id='word_1_229' title='bbox 1957 3838 2214 3894; x_wconf 84' lang='lat' dir='ltr'><em>Ecclesia</em></span> 
     </span>
    </p>
   </div>
   <div class='ocr_carea' id='block_1_40' title="bbox 561 3923 2212 4000">
    <p class='ocr_par' dir='ltr' id='par_1_40' title="bbox 561 3923 2212 4000">
     <span class='ocr_line' id='line_1_40' title="bbox 561 3923 2212 4000; baseline 0.001 -19"><span class='ocrx_word' id='word_1_230' title='bbox 561 3925 1118 4000; x_wconf 88' lang='lat' dir='ltr'><em>privilegiitenorem</em></span> <span class='ocrx_word' id='word_1_231' title='bbox 1131 3923 1320 3980; x_wconf 87' lang='lat' dir='ltr'><em>vivere</em></span> <span class='ocrx_word' id='word_1_232' title='bbox 1341 3927 2006 3997; x_wconf 86' lang='lat' dir='ltr'><em>comtempserunt,etab</em></span> <span class='ocrx_word' id='word_1_233' title='bbox 2023 3927 2212 3998; x_wconf 88' lang='lat' dir='ltr'><em>ipsius</em></span> 
     </span>
    </p>
   </div>
   <div class='ocr_carea' id='block_1_41' title="bbox 562 4013 2211 4086">
    <p class='ocr_par' dir='ltr' id='par_1_41' title="bbox 562 4013 2211 4086">
     <span class='ocr_line' id='line_1_41' title="bbox 562 4013 2211 4086; baseline 0.001 -16"><span class='ocrx_word' id='word_1_234' title='bbox 562 4013 814 4070; x_wconf 86' lang='lat' dir='ltr'><em>civitatis</em></span> <span class='ocrx_word' id='word_1_235' title='bbox 842 4013 1112 4086; x_wconf 89' lang='lat' dir='ltr'><em>episcopo</em></span> <span class='ocrx_word' id='word_1_236' title='bbox 1131 4013 1251 4068; x_wconf 88' lang='lat' dir='ltr'><em>sive</em></span> <span class='ocrx_word' id='word_1_237' title='bbox 1272 4031 1306 4068; x_wconf 89' lang='lat' dir='ltr'><em>a</em></span> <span class='ocrx_word' id='word_1_238' title='bbox 1323 4013 1531 4085; x_wconf 84' lang='lat' dir='ltr'><em>legatis</em></span> <span class='ocrx_word' id='word_1_239' title='bbox 1553 4013 1768 4069; x_wconf 87' lang='lat' dir='ltr'><em>nostris</em></span> <span class='ocrx_word' id='word_1_240' title='bbox 1799 4015 2102 4082; x_wconf 84' lang='lat' dir='ltr'><em>admoniti,</em></span> <span class='ocrx_word' id='word_1_241' title='bbox 2139 4017 2211 4072; x_wconf 89' lang='lat' dir='ltr'><em>ad</em></span> 
     </span>
    </p>
   </div>
   <div class='ocr_carea' id='block_1_42' title="bbox 567 4102 2210 4174">
    <p class='ocr_par' dir='ltr' id='par_1_42' title="bbox 567 4102 2210 4174">
     <span class='ocr_line' id='line_1_42' title="bbox 567 4102 2210 4174; baseline 0 -14"><span class='ocrx_word' id='word_1_242' title='bbox 567 4121 686 4160; x_wconf 70' lang='lat' dir='ltr'><em>suae</em></span> <span class='ocrx_word' id='word_1_243' title='bbox 727 4103 939 4174; x_wconf 74' lang='lat' dir='ltr'><em>regulas</em></span> <span class='ocrx_word' id='word_1_244' title='bbox 961 4103 1322 4174; x_wconf 89' lang='lat' dir='ltr'><em>propositum</em></span> <span class='ocrx_word' id='word_1_245' title='bbox 1357 4102 1576 4158; x_wconf 89' lang='lat' dir='ltr'><em>conniti</em></span> <span class='ocrx_word' id='word_1_246' title='bbox 1609 4103 1980 4174; x_wconf 84' lang='lat' dir='ltr'><em>pertinaciter</em></span> <span class='ocrx_word' id='word_1_247' title='bbox 2007 4122 2210 4160; x_wconf 91' lang='lat' dir='ltr'><em>renue-</em></span> 
     </span>
    </p>
   </div>
   <div class='ocr_carea' id='block_1_43' title="bbox 565 4191 2210 4264">
    <p class='ocr_par' dir='ltr' id='par_1_43' title="bbox 565 4191 2210 4264">
     <span class='ocr_line' id='line_1_43' title="bbox 565 4191 2210 4264; baseline 0 -15"><span class='ocrx_word' id='word_1_248' title='bbox 565 4197 846 4257; x_wconf 86' lang='lat' dir='ltr'><em>runt,non</em></span> <span class='ocrx_word' id='word_1_249' title='bbox 879 4191 1192 4258; x_wconf 86' lang='lat' dir='ltr'><em>immerito,</em></span> <span class='ocrx_word' id='word_1_250' title='bbox 1219 4193 1390 4262; x_wconf 81' lang='lat' dir='ltr'><em>juxta</em></span> <span class='ocrx_word' id='word_1_251' title='bbox 1447 4191 1842 4263; x_wconf 88' lang='lat' dir='ltr'><em>evangelicum</em></span> <span class='ocrx_word' id='word_1_252' title='bbox 1895 4193 2210 4264; x_wconf 87' lang='lat' dir='ltr'><em>judicium,</em></span> 
     </span>
    </p>
   </div>
   <div class='ocr_carea' id='block_1_44' title="bbox 564 4274 2212 4354">
    <p class='ocr_par' dir='ltr' id='par_1_44' title="bbox 564 4274 2212 4354">
     <span class='ocr_line' id='line_1_44' title="bbox 564 4274 2212 4354; baseline 0.001 -17"><span class='ocrx_word' id='word_1_253' title='bbox 564 4297 812 4354; x_wconf 88' lang='lat' dir='ltr'><em>regnum</em></span> <span class='ocrx_word' id='word_1_254' title='bbox 835 4279 936 4336; x_wconf 90' lang='lat' dir='ltr'><em>Dei</em></span> <span class='ocrx_word' id='word_1_255' title='bbox 957 4280 1030 4335; x_wconf 87' lang='lat' dir='ltr'><em>ab</em></span> <span class='ocrx_word' id='word_1_256' title='bbox 1049 4279 1132 4334; x_wconf 88' lang='lat' dir='ltr'><em>eis</em></span> <span class='ocrx_word' id='word_1_257' title='bbox 1155 4279 1439 4347; x_wconf 91' lang='lat' dir='ltr'><em>ablatum,</em></span> <span class='ocrx_word' id='word_1_258' title='bbox 1467 4285 1524 4335; x_wconf 88' lang='lat' dir='ltr'><em>et</em></span> <span class='ocrx_word' id='word_1_259' title='bbox 1547 4280 1772 4335; x_wconf 89' lang='lat' dir='ltr'><em>fructus</em></span> <span class='ocrx_word' id='word_1_260' title='bbox 1793 4282 1923 4351; x_wconf 87' lang='lat' dir='ltr'><em>ejus</em></span> <span class='ocrx_word' id='word_1_261' title='bbox 1946 4274 2212 4338; x_wconf 75' lang='lat' dir='ltr'><em>facienti-</em></span> 
     </span>
    </p>
   </div>
   <div class='ocr_carea' id='block_1_45' title="bbox 563 4368 2210 4442">
    <p class='ocr_par' dir='ltr' id='par_1_45' title="bbox 563 4368 2210 4442">
     <span class='ocr_line' id='line_1_45' title="bbox 563 4368 2210 4442; baseline 0.001 -16"><span class='ocrx_word' id='word_1_262' title='bbox 563 4371 676 4426; x_wconf 90' lang='lat' dir='ltr'><em>bus</em></span> <span class='ocrx_word' id='word_1_263' title='bbox 707 4370 908 4426; x_wconf 85' lang='lat' dir='ltr'><em>datum</em></span> <span class='ocrx_word' id='word_1_264' title='bbox 933 4373 1040 4425; x_wconf 89' lang='lat' dir='ltr'><em>est.</em></span> <span class='ocrx_word' id='word_1_265' title='bbox 1074 4368 1278 4424; x_wconf 85' lang='lat' dir='ltr'><em>Vestra</em></span> <span class='ocrx_word' id='word_1_266' title='bbox 1300 4368 1500 4442; x_wconf 89' lang='lat' dir='ltr'><em>itaque</em></span> <span class='ocrx_word' id='word_1_267' title='bbox 1530 4369 1794 4436; x_wconf 87' lang='lat' dir='ltr'><em>interest,</em></span> <span class='ocrx_word' id='word_1_268' title='bbox 1829 4370 1932 4424; x_wconf 90' lang='lat' dir='ltr'><em>ﬁlii</em></span> <span class='ocrx_word' id='word_1_269' title='bbox 1959 4371 2013 4426; x_wconf 94' lang='lat' dir='ltr'><em>in</em></span> <span class='ocrx_word' id='word_1_270' title='bbox 2047 4372 2210 4428; x_wconf 90' lang='lat' dir='ltr'><em>Chri-</em></span> 
     </span>
    </p>
   </div>
   <div class='ocr_carea' id='block_1_46' title="bbox 562 4457 2208 4532">
    <p class='ocr_par' dir='ltr' id='par_1_46' title="bbox 562 4457 2208 4532">
     <span class='ocr_line' id='line_1_46' title="bbox 562 4457 2208 4532; baseline 0.001 -18"><span class='ocrx_word' id='word_1_271' title='bbox 562 4465 652 4515; x_wconf 89' lang='lat' dir='ltr'><em>sto</em></span> <span class='ocrx_word' id='word_1_272' title='bbox 673 4457 1025 4524; x_wconf 89' lang='lat' dir='ltr'><em>charissimi,</em></span> <span class='ocrx_word' id='word_1_273' title='bbox 1055 4457 1386 4530; x_wconf 69' lang='lat' dir='ltr'><em>apostolica:</em></span> <span class='ocrx_word' id='word_1_274' title='bbox 1420 4457 1577 4513; x_wconf 88' lang='lat' dir='ltr'><em>sedis</em></span> <span class='ocrx_word' id='word_1_275' title='bbox 1608 4457 1945 4514; x_wconf 82' lang='lat' dir='ltr'><em>liberalitati</em></span> <span class='ocrx_word' id='word_1_276' title='bbox 1977 4461 2107 4532; x_wconf 69' lang='lat' dir='ltr'><em>[ell.,</em></span> <span class='ocrx_word' id='word_1_277' title='bbox 2141 4460 2208 4515; x_wconf 81' lang='lat' dir='ltr'><em>li-</em></span> 
     </span>
    </p>
   </div>
   <div class='ocr_carea' id='block_1_47' title="bbox 561 4546 2215 4622">
    <p class='ocr_par' dir='ltr' id='par_1_47' title="bbox 561 4546 2215 4622">
     <span class='ocr_line' id='line_1_47' title="bbox 561 4546 2215 4622; baseline -0.001 -16"><span class='ocrx_word' id='word_1_278' title='bbox 561 4548 790 4617; x_wconf 86' lang='lat' dir='ltr'><em>bertati]</em></span> <span class='ocrx_word' id='word_1_279' title='bbox 809 4551 868 4604; x_wconf 91' lang='lat' dir='ltr'><em>et</em></span> <span class='ocrx_word' id='word_1_280' title='bbox 887 4548 1084 4621; x_wconf 69' lang='lat' dir='ltr'><em>gratia:</em></span> <span class='ocrx_word' id='word_1_281' title='bbox 1101 4546 1295 4620; x_wconf 86' lang='lat' dir='ltr'><em>dignis</em></span> <span class='ocrx_word' id='word_1_282' title='bbox 1316 4546 1646 4602; x_wconf 88' lang='lat' dir='ltr'><em>actionibus</em></span> <span class='ocrx_word' id='word_1_283' title='bbox 1668 4549 2033 4620; x_wconf 80' lang='lat' dir='ltr'><em>respondere,</em></span> <span class='ocrx_word' id='word_1_284' title='bbox 2051 4565 2215 4622; x_wconf 89' lang='lat' dir='ltr'><em>regu-</em></span> 
     </span>
    </p>
   </div>
   <div class='ocr_carea' id='block_1_48' title="bbox 635 4689 2286 4817">
    <p class='ocr_par' dir='ltr' id='par_1_48' title="bbox 635 4689 2286 4817">
     <span class='ocr_line' id='line_1_48' title="bbox 635 4689 2286 4817; baseline 0.001 -70"><span class='ocrx_word' id='word_1_285' title='bbox 635 4692 749 4764; x_wconf 85' lang='grc'>(15)</span> <span class='ocrx_word' id='word_1_286' title='bbox 781 4691 947 4746; x_wconf 83' lang='lat' dir='ltr'><em>Forte</em></span> <span class='ocrx_word' id='word_1_287' title='bbox 994 4692 1052 4746; x_wconf 90' lang='lat' dir='ltr'><em>in</em></span> <span class='ocrx_word' id='word_1_288' title='bbox 1083 4689 1720 4776; x_wconf 55' lang='lat' dir='ltr'><em>concilianntonensi,</em></span> <span class='ocrx_word' id='word_1_289' title='bbox 1755 4691 1906 4817; x_wconf 57' lang='lat' dir='ltr'><em>quod</em></span> <span class='ocrx_word' id='word_1_290' title='bbox 1942 4709 2034 4746; x_wconf 90' lang='lat' dir='ltr'><em>an.</em></span> <span class='ocrx_word' id='word_1_291' title='bbox 2073 4694 2204 4749; x_wconf 88' lang='grc'>1081</span> <span class='ocrx_word' id='word_1_292' title='bbox 2242 4711 2286 4776; x_wconf 82' lang='lat' dir='ltr'><strong>D</strong></span> 
     </span>
     <span class='ocr_line' id='line_1_49' title="bbox 649 4760 2208 4817; baseline 0 0"><span class='ocrx_word' id='word_1_293' title='bbox 649 4767 852 4817; x_wconf 84' lang='lat' dir='ltr'><em>Amato</em></span> <span class='ocrx_word' id='word_1_294' title='bbox 869 4763 1224 4817; x_wconf 87' lang='lat' dir='ltr'><em>celebratum</em></span> <span class='ocrx_word' id='word_1_295' title='bbox 1271 4763 1397 4817; x_wconf 80' lang='lat' dir='ltr'><em>luit.</em></span> <span class='ocrx_word' id='word_1_296' title='bbox 1433 4760 1514 4816; x_wconf 90' lang='lat' dir='ltr'><em>vel</em></span> <span class='ocrx_word' id='word_1_297' title='bbox 1547 4779 1613 4816; x_wconf 91' lang='lat' dir='ltr'><em>eo</em></span> <span class='ocrx_word' id='word_1_298' title='bbox 1636 4778 1750 4817; x_wconf 79' lang='lat' dir='ltr'><em>nuo</em></span> <span class='ocrx_word' id='word_1_299' title='bbox 1813 4763 2027 4817; x_wconf 78' lang='lat' dir='ltr'><em>ibidem</em></span> <span class='ocrx_word' id='word_1_300' title='bbox 2056 4781 2208 4817; x_wconf 89' lang='lat' dir='ltr'><em>anno</em></span> 
     </span>
    </p>
   </div>
   <div class='ocr_carea' id='block_1_49' title="bbox 564 4760 2208 4832">
    <p class='ocr_par' dir='ltr' id='par_1_49' title="bbox 564 4760 2208 4832">
     <span class='ocr_line' id='line_1_50' title="bbox 564 4760 2208 4832; baseline 0 -12"><span class='ocrx_word' id='word_1_301' title='bbox 564 4760 852 4820; x_wconf 47' lang='lat' dir='ltr'><em>ab&#39;Amato</em></span> <span class='ocrx_word' id='word_1_302' title='bbox 869 4763 1224 4819; x_wconf 87' lang='lat' dir='ltr'><em>celebratum</em></span> <span class='ocrx_word' id='word_1_303' title='bbox 1271 4761 1397 4825; x_wconf 86' lang='lat' dir='ltr'><em>t&#39;uit,</em></span> <span class='ocrx_word' id='word_1_304' title='bbox 1433 4760 1514 4816; x_wconf 90' lang='lat' dir='ltr'><em>vel</em></span> <span class='ocrx_word' id='word_1_305' title='bbox 1547 4779 1613 4816; x_wconf 91' lang='lat' dir='ltr'><em>eo</em></span> <span class='ocrx_word' id='word_1_306' title='bbox 1636 4760 1787 4832; x_wconf 87' lang='lat' dir='ltr'><em>quod</em></span> <span class='ocrx_word' id='word_1_307' title='bbox 1813 4763 2027 4818; x_wconf 86' lang='lat' dir='ltr'><em>ibidem</em></span> <span class='ocrx_word' id='word_1_308' title='bbox 2056 4781 2208 4820; x_wconf 87' lang='lat' dir='ltr'><em>anno</em></span> 
     </span>
    </p>
   </div>
   <div class='ocr_carea' id='block_1_50' title="bbox 565 4833 2204 4905">
    <p class='ocr_par' dir='ltr' id='par_1_50' title="bbox 565 4833 2204 4905">
     <span class='ocr_line' id='line_1_51' title="bbox 565 4833 2204 4905; baseline 0.001 -14"><span class='ocrx_word' id='word_1_309' title='bbox 565 4837 703 4891; x_wconf 85' lang='grc'>1089</span> <span class='ocrx_word' id='word_1_310' title='bbox 724 4835 1080 4890; x_wconf 87' lang='lat' dir='ltr'><em>celebratum</em></span> <span class='ocrx_word' id='word_1_311' title='bbox 1095 4833 1765 4905; x_wconf 77' lang='lat' dir='ltr'><em>traditchronographus</em></span> <span class='ocrx_word' id='word_1_312' title='bbox 1784 4833 2204 4892; x_wconf 86' lang='lat' dir='ltr'><em>Malleaceusis.</em></span> 
     </span>
    </p>
   </div>
   <div class='ocr_carea' id='block_1_51' title="bbox 631 4905 2208 4979">
    <p class='ocr_par' dir='ltr' id='par_1_51' title="bbox 631 4905 2208 4979">
     <span class='ocr_line' id='line_1_52' title="bbox 631 4905 2208 4979; baseline 0.003 -21"><span class='ocrx_word' id='word_1_313' title='bbox 631 4908 766 4979; x_wconf 75' lang='lat'><em>(15&#39;)</em></span> <span class='ocrx_word' id='word_1_314' title='bbox 799 4907 1012 4962; x_wconf 85' lang='lat' dir='ltr'><em>Eadem</em></span> <span class='ocrx_word' id='word_1_315' title='bbox 1050 4905 1297 4979; x_wconf 83' lang='lat' dir='ltr'><em>ecclesia</em></span> <span class='ocrx_word' id='word_1_316' title='bbox 1327 4905 1552 4958; x_wconf 84' lang='lat' dir='ltr'><em>clericis</em></span> <span class='ocrx_word' id='word_1_317' title='bbox 1574 4921 1809 4979; x_wconf 80' lang='lat' dir='ltr'><em>quoque</em></span> <span class='ocrx_word' id='word_1_318' title='bbox 1840 4905 2208 4979; x_wconf 83' lang='lat' dir='ltr'><em>regularibus</em></span> 
     </span>
    </p>
   </div>
   <div class='ocr_carea' id='block_1_52' title="bbox 561 4975 2216 5050">
    <p class='ocr_par' dir='ltr' id='par_1_52' title="bbox 561 4975 2216 5050">
     <span class='ocr_line' id='line_1_53' title="bbox 561 4975 2216 5050; baseline 0.001 -17"><span class='ocrx_word' id='word_1_319' title='bbox 561 4975 698 5033; x_wconf 87' lang='lat' dir='ltr'><em>data</em></span> <span class='ocrx_word' id='word_1_320' title='bbox 730 4975 953 5044; x_wconf 77' lang='lat' dir='ltr'><em>fuerat;</em></span> <span class='ocrx_word' id='word_1_321' title='bbox 989 4978 1088 5050; x_wconf 81' lang='lat' dir='ltr'><em>sed</em></span> <span class='ocrx_word' id='word_1_322' title='bbox 1122 4975 1518 5050; x_wconf 81' lang='lat' dir='ltr'><em>vilitterarum</em></span> <span class='ocrx_word' id='word_1_323' title='bbox 1573 4975 1816 5050; x_wconf 64' lang='lat' dir='ltr'><em>istarum</em></span> <span class='ocrx_word' id='word_1_324' title='bbox 1849 4975 2015 5050; x_wconf 80' lang='lat' dir='ltr'><em>ejeoti</em></span> <span class='ocrx_word' id='word_1_325' title='bbox 2049 4985 2216 5050; x_wconf 58' lang='lat' dir='ltr'><em>post--</em></span> 
     </span>
    </p>
   </div>
   <div class='ocr_carea' id='block_1_53' title="bbox 561 5047 2206 5120">
    <p class='ocr_par' dir='ltr' id='par_1_53' title="bbox 561 5047 2206 5120">
     <span class='ocr_line' id='line_1_54' title="bbox 561 5047 2206 5120; baseline 0 -15"><span class='ocrx_word' id='word_1_326' title='bbox 561 5051 799 5105; x_wconf 90' lang='lat' dir='ltr'><em>modum</em></span> <span class='ocrx_word' id='word_1_327' title='bbox 829 5051 988 5104; x_wconf 86' lang='lat' dir='ltr'><em>fuere</em></span> <span class='ocrx_word' id='word_1_328' title='bbox 1007 5047 1598 5120; x_wconf 75' lang='lat' dir='ltr'><em>clerici,institutique</em></span> <span class='ocrx_word' id='word_1_329' title='bbox 1621 5049 1678 5102; x_wconf 90' lang='lat' dir='ltr'><em>S.</em></span> <span class='ocrx_word' id='word_1_330' title='bbox 1713 5047 1980 5120; x_wconf 82' lang='lat' dir='ltr'><em>Cypriani</em></span> <span class='ocrx_word' id='word_1_331' title='bbox 2004 5047 2206 5104; x_wconf 79' lang='lat' dir='ltr'><em>mona-</em></span> 
     </span>
    </p>
   </div>
   <div class='ocr_carea' id='block_1_54' title="bbox 561 5119 2208 5192">
    <p class='ocr_par' dir='ltr' id='par_1_54' title="bbox 561 5119 2208 5192">
     <span class='ocr_line' id='line_1_55' title="bbox 561 5119 2208 5192; baseline -0.001 -17"><span class='ocrx_word' id='word_1_332' title='bbox 561 5121 677 5176; x_wconf 88' lang='lat' dir='ltr'><em>chi.</em></span> <span class='ocrx_word' id='word_1_333' title='bbox 711 5123 835 5186; x_wconf 88' lang='lat' dir='ltr'><em>Qua</em></span> <span class='ocrx_word' id='word_1_334' title='bbox 864 5122 933 5192; x_wconf 85' lang='lat' dir='ltr'><em>de</em></span> <span class='ocrx_word' id='word_1_335' title='bbox 966 5135 1024 5174; x_wconf 91' lang='lat' dir='ltr'><em>re</em></span> <span class='ocrx_word' id='word_1_336' title='bbox 1055 5136 1287 5192; x_wconf 86' lang='lat' dir='ltr'><em>gravem</em></span> <span class='ocrx_word' id='word_1_337' title='bbox 1307 5119 1400 5192; x_wconf 78' lang='lat' dir='ltr'><em>[vo</em></span> <span class='ocrx_word' id='word_1_338' title='bbox 1421 5119 1810 5192; x_wconf 29' lang='lat' dir='ltr'><em>Cal-notensis’</em></span> <span class='ocrx_word' id='word_1_339' title='bbox 1833 5120 2040 5174; x_wconf 84' lang='lat' dir='ltr'><em>detulit</em></span> <span class='ocrx_word' id='word_1_340' title='bbox 2073 5139 2208 5192; x_wconf 89' lang='lat' dir='ltr'><em>que-</em></span> 
     </span>
    </p>
   </div>
   <div class='ocr_carea' id='block_1_55' title="bbox 561 5191 2202 5262">
    <p class='ocr_par' dir='ltr' id='par_1_55' title="bbox 561 5191 2202 5262">
     <span class='ocr_line' id='line_1_56' title="bbox 561 5191 2202 5262; baseline 0.001 -16"><span class='ocrx_word' id='word_1_341' title='bbox 561 5193 742 5262; x_wconf 87' lang='lat' dir='ltr'><em>relam</em></span> <span class='ocrx_word' id='word_1_342' title='bbox 767 5193 836 5246; x_wconf 86' lang='lat' dir='ltr'><em>ad</em></span> <span class='ocrx_word' id='word_1_343' title='bbox 871 5191 1103 5262; x_wconf 86' lang='lat' dir='ltr'><em>Petrum</em></span> <span class='ocrx_word' id='word_1_344' title='bbox 1131 5191 1545 5262; x_wconf 84' lang='lat' dir='ltr'><em>Pictaviensem</em></span> <span class='ocrx_word' id='word_1_345' title='bbox 1573 5191 1784 5262; x_wconf 83' lang='lat' dir='ltr'><em>episc.,</em></span> <span class='ocrx_word' id='word_1_346' title='bbox 1819 5192 1906 5262; x_wconf 86' lang='lat' dir='ltr'><em>epi</em></span> <span class='ocrx_word' id='word_1_347' title='bbox 1949 5197 1988 5246; x_wconf 90' lang='lat' dir='ltr'><em>t.</em></span> <span class='ocrx_word' id='word_1_348' title='bbox 2021 5191 2108 5256; x_wconf 72' lang='lat'><em>36,</em></span> <span class='ocrx_word' id='word_1_349' title='bbox 2147 5194 2202 5248; x_wconf 91' lang='lat' dir='ltr'><em>in</em></span> 
     </span>
    </p>
   </div>
   <div class='ocr_carea' id='block_1_56' title="bbox 561 5261 2201 5336">
    <p class='ocr_par' dir='ltr' id='par_1_56' title="bbox 561 5261 2201 5336">
     <span class='ocr_line' id='line_1_57' title="bbox 561 5261 2201 5336; baseline 0 -17"><span class='ocrx_word' id='word_1_350' title='bbox 561 5281 680 5336; x_wconf 87' lang='lat' dir='ltr'><em>qua</em></span> <span class='ocrx_word' id='word_1_351' title='bbox 704 5261 956 5317; x_wconf 86' lang='lat' dir='ltr'><em>laudatis</em></span> <span class='ocrx_word' id='word_1_352' title='bbox 987 5261 1202 5336; x_wconf 77' lang='lat' dir='ltr'><em>Urbani</em></span> <span class='ocrx_word' id='word_1_353' title='bbox 1227 5279 1388 5336; x_wconf 54' lang='lat' dir='ltr'><em>papaf</em></span> <span class='ocrx_word' id='word_1_354' title='bbox 1410 5261 1635 5328; x_wconf 86' lang='lat' dir='ltr'><em>litteris,</em></span> <span class='ocrx_word' id='word_1_355' title='bbox 1667 5261 2201 5336; x_wconf 67' lang='lat' dir='ltr'><em>caemcnaehorum</em></span> 
     </span>
    </p>
   </div>
   <div class='ocr_carea' id='block_1_57' title="bbox 559 5333 2198 5404">
    <p class='ocr_par' dir='ltr' id='par_1_57' title="bbox 559 5333 2198 5404">
     <span class='ocr_line' id='line_1_58' title="bbox 559 5333 2198 5404; baseline 0.001 -15"><span class='ocrx_word' id='word_1_356' title='bbox 559 5333 748 5389; x_wconf 65' lang='lat' dir='ltr'><em>causa;</em></span> <span class='ocrx_word' id='word_1_357' title='bbox 782 5333 1130 5404; x_wconf 87' lang='lat' dir='ltr'><em>patrocinari</em></span> <span class='ocrx_word' id='word_1_358' title='bbox 1156 5351 1269 5388; x_wconf 86' lang='lat' dir='ltr'><em>non</em></span> <span class='ocrx_word' id='word_1_359' title='bbox 1303 5333 1512 5388; x_wconf 85' lang='lat' dir='ltr'><em>debere</em></span> <span class='ocrx_word' id='word_1_360' title='bbox 1544 5333 1860 5388; x_wconf 89' lang='lat' dir='ltr'><em>contendit.</em></span> <span class='ocrx_word' id='word_1_361' title='bbox 1894 5335 1989 5389; x_wconf 81' lang='lat' dir='ltr'><em>Ait</em></span> <span class='ocrx_word' id='word_1_362' title='bbox 2005 5333 2198 5390; x_wconf 88' lang='lat' dir='ltr'><em>enim:</em></span> 
     </span>
    </p>
   </div>
   <div class='ocr_carea' id='block_1_58' title="bbox 557 5405 2202 5477">
    <p class='ocr_par' dir='ltr' id='par_1_58' title="bbox 557 5405 2202 5477">
     <span class='ocr_line' id='line_1_59' title="bbox 557 5405 2202 5477; baseline 0.004 -22"><span class='ocrx_word' id='word_1_363' title='bbox 557 5429 586 5456; x_wconf 88' lang='grc'><em>‹‹</em></span> <span class='ocrx_word' id='word_1_364' title='bbox 621 5405 914 5477; x_wconf 77' lang='lat' dir='ltr'><em>Necsatis</em></span> <span class='ocrx_word' id='word_1_365' title='bbox 970 5411 1208 5477; x_wconf 71' lang='lat' dir='ltr'><em>tuentur</em></span> <span class='ocrx_word' id='word_1_366' title='bbox 1254 5409 1504 5477; x_wconf 85' lang='lat' dir='ltr'><em>vestram</em></span> <span class='ocrx_word' id='word_1_367' title='bbox 1539 5405 1956 5477; x_wconf 73' lang='lat' dir='ltr'><em>fraternitatem</em></span> <span class='ocrx_word' id='word_1_368' title='bbox 2001 5405 2202 5461; x_wconf 67' lang='lat' dir='ltr'><em>litterae</em></span> 
     </span>
    </p>
   </div>
   <div class='ocr_carea' id='block_1_59' title="bbox 558 5475 2204 5548">
    <p class='ocr_par' dir='ltr' id='par_1_59' title="bbox 558 5475 2204 5548">
     <span class='ocr_line' id='line_1_60' title="bbox 558 5475 2204 5548; baseline 0 -16"><span class='ocrx_word' id='word_1_369' title='bbox 558 5475 760 5548; x_wconf 87' lang='lat' dir='ltr'><em>domui</em></span> <span class='ocrx_word' id='word_1_370' title='bbox 796 5494 954 5548; x_wconf 64' lang='lat' dir='ltr'><em>papae</em></span> <span class='ocrx_word' id='word_1_371' title='bbox 987 5475 1202 5548; x_wconf 87' lang='lat' dir='ltr'><em>quibus</em></span> <span class='ocrx_word' id='word_1_372' title='bbox 1246 5475 1537 5531; x_wconf 87' lang='lat' dir='ltr'><em>dictandis</em></span> <span class='ocrx_word' id='word_1_373' title='bbox 1569 5492 1602 5529; x_wconf 88' lang='lat' dir='ltr'><em>a</em></span> <span class='ocrx_word' id='word_1_374' title='bbox 1662 5475 1867 5548; x_wconf 15' lang='lat' dir='ltr'><em>latere,</em></span> <span class='ocrx_word' id='word_1_375' title='bbox 1901 5477 2204 5548; x_wconf 80' lang='lat' dir='ltr'><em>[legendum</em></span> 
     </span>
    </p>
   </div>
   <div class='ocr_carea' id='block_1_60' title="bbox 557 5547 2202 5622">
    <p class='ocr_par' dir='ltr' id='par_1_60' title="bbox 557 5547 2202 5622">
     <span class='ocr_line' id='line_1_61' title="bbox 557 5547 2202 5622; baseline 0 -18"><span class='ocrx_word' id='word_1_376' title='bbox 557 5547 762 5622; x_wconf 75' lang='lat' dir='ltr'><em>Alatri]</em></span> <span class='ocrx_word' id='word_1_377' title='bbox 787 5547 1180 5622; x_wconf 63' lang='lat' dir='ltr'><em>interfuimus,</em></span> <span class='ocrx_word' id='word_1_378' title='bbox 1226 5565 1362 5622; x_wconf 70' lang='lat' dir='ltr'><em>quze</em></span> <span class='ocrx_word' id='word_1_379' title='bbox 1401 5548 1750 5622; x_wconf 72' lang='lat' dir='ltr'><em>confirmant</em></span> <span class='ocrx_word' id='word_1_380' title='bbox 1780 5547 1978 5622; x_wconf 83' lang='lat' dir='ltr'><em>abbati</em></span> <span class='ocrx_word' id='word_1_381' title='bbox 1994 5549 2202 5622; x_wconf 19' lang='lat' dir='ltr'><em>_S.7Cy-</em></span> 
     </span>
    </p>
   </div>
   <div class='ocr_carea' id='block_1_61' title="bbox 603 5618 2204 5692">
    <p class='ocr_par' dir='ltr' id='par_1_61' title="bbox 603 5618 2204 5692">
     <span class='ocr_line' id='line_1_62' title="bbox 603 5618 2204 5692; baseline 0.004 -20"><span class='ocrx_word' id='word_1_382' title='bbox 603 5618 747 5692; x_wconf 83' lang='lat' dir='ltr'><em>riani</em></span> <span class='ocrx_word' id='word_1_383' title='bbox 773 5619 1051 5692; x_wconf 80' lang='lat' dir='ltr'><em>jusillud</em></span> <span class='ocrx_word' id='word_1_384' title='bbox 1092 5620 1376 5692; x_wconf 63' lang='lat' dir='ltr'><em>praedictae</em></span> <span class='ocrx_word' id='word_1_385' title='bbox 1407 5618 1686 5692; x_wconf 72' lang='lat' dir='ltr'><em>ecclesiae,</em></span> <span class='ocrx_word' id='word_1_386' title='bbox 1719 5620 1870 5692; x_wconf 80' lang='lat' dir='ltr'><em>quod</em></span> <span class='ocrx_word' id='word_1_387' title='bbox 1906 5635 1968 5675; x_wconf 89' lang='lat' dir='ltr'><em>se</em></span> <span class='ocrx_word' id='word_1_388' title='bbox 1993 5618 2204 5678; x_wconf 75' lang='lat' dir='ltr'><em>habere</em></span> 
     </span>
    </p>
   </div>
   <div class='ocr_carea' id='block_1_62' title="bbox 557 5637 2204 5774">
    <p class='ocr_par' dir='ltr' id='par_1_62' title="bbox 557 5637 2204 5774">
     <span class='ocr_line' id='line_1_63' title="bbox 603 5637 2204 5692; baseline 0.002 -18"><span class='ocrx_word' id='word_1_389' title='bbox 603 5637 747 5674; x_wconf 80' lang='lat' dir='ltr'><em>nam</em></span> <span class='ocrx_word' id='word_1_390' title='bbox 773 5637 876 5690; x_wconf 76' lang='lat' dir='ltr'><em>JUS</em></span> <span class='ocrx_word' id='word_1_391' title='bbox 906 5637 1051 5674; x_wconf 81' lang='grc' dir='ltr'><em>ιιιυα</em></span> <span class='ocrx_word' id='word_1_392' title='bbox 1092 5637 1376 5692; x_wconf 68' lang='grc' dir='ltr'><em>ριιωαιθιω</em></span> <span class='ocrx_word' id='word_1_393' title='bbox 1407 5637 1686 5688; x_wconf 69' lang='grc'>6001881113,</span> <span class='ocrx_word' id='word_1_394' title='bbox 1719 5637 1870 5689; x_wconf 84' lang='lat' dir='ltr'><em>quoa</em></span> <span class='ocrx_word' id='word_1_395' title='bbox 1906 5637 1968 5675; x_wconf 77' lang='lat' dir='ltr'><em>SB</em></span> <span class='ocrx_word' id='word_1_396' title='bbox 1994 5637 2204 5678; x_wconf 78' lang='lat' dir='ltr'><em>nabere</em></span> 
     </span>
     <span class='ocr_line' id='line_1_64' title="bbox 557 5637 2204 5774; baseline 0.001 -26"><span class='ocrx_word' id='word_1_397' title='bbox 557 5637 788 5774; x_wconf 52' lang='lat' dir='ltr'><em>dicebat</em></span> <span class='ocrx_word' id='word_1_398' title='bbox 809 5690 1153 5774; x_wconf 43' lang='lat' dir='ltr'><em>exlegiltima</em></span> <span class='ocrx_word' id='word_1_399' title='bbox 1181 5691 1551 5774; x_wconf 67' lang='lat' dir='ltr'><em>concessione</em></span> <span class='ocrx_word' id='word_1_400' title='bbox 1571 5689 1970 5774; x_wconf 73' lang='lat' dir='ltr'><em>quorumdam</em></span> <span class='ocrx_word' id='word_1_401' title='bbox 2001 5709 2204 5774; x_wconf 78' lang='lat' dir='ltr'><em>mona-</em></span> 
     </span>
    </p>
   </div>
   <div class='ocr_carea' id='block_1_63' title="bbox 561 5761 2204 5848">
    <p class='ocr_par' dir='ltr' id='par_1_63' title="bbox 561 5761 2204 5848">
     <span class='ocr_line' id='line_1_65' title="bbox 561 5761 2204 5848; baseline 0.001 -22"><span class='ocrx_word' id='word_1_402' title='bbox 561 5761 827 5836; x_wconf 85' lang='lat' dir='ltr'><em>chorum,</em></span> <span class='ocrx_word' id='word_1_403' title='bbox 861 5761 975 5842; x_wconf 35' lang='lat' dir='ltr'><em>qui’</em></span> <span class='ocrx_word' id='word_1_404' title='bbox 995 5763 1082 5848; x_wconf 81' lang='lat' dir='ltr'><em>(ut</em></span> <span class='ocrx_word' id='word_1_405' title='bbox 1109 5763 1461 5842; x_wconf 81' lang='lat' dir='ltr'><em>audivimus)</em></span> <span class='ocrx_word' id='word_1_406' title='bbox 1485 5761 1743 5837; x_wconf 80' lang='lat' dir='ltr'><em>quietam</em></span> <span class='ocrx_word' id='word_1_407' title='bbox 1774 5763 2204 5843; x_wconf 81' lang='lat' dir='ltr'><em>possessionem</em></span> 
     </span>
    </p>
   </div>
   <div class='ocr_carea' id='block_1_64' title="bbox 1853 460 2652 530">
    <p class='ocr_par' dir='ltr' id='par_1_64' title="bbox 1853 460 2652 530">
     <span class='ocr_line' id='line_1_66' title="bbox 1853 460 2652 530; baseline -0.009 0"><span class='ocrx_word' id='word_1_408' title='bbox 1853 465 1922 530; x_wconf 85' lang='grc' dir='ltr'><strong>Β.</strong></span> <span class='ocrx_word' id='word_1_409' title='bbox 1964 463 2258 530; x_wconf 67' lang='grc' dir='ltr'><em>ΠΒΒΑΝΙ</em></span> <span class='ocrx_word' id='word_1_410' title='bbox 2302 463 2352 527; x_wconf 90' lang='lat' dir='ltr'><em>ll</em></span> <span class='ocrx_word' id='word_1_411' title='bbox 2377 467 2494 528; x_wconf 78' lang='grc' dir='ltr'><em>,ΡΑ</em></span> <span class='ocrx_word' id='word_1_412' title='bbox 2507 460 2652 527; x_wconf 67' lang='lat' dir='ltr'><em>PE:</em></span> 
     </span>
    </p>
   </div>
   <div class='ocr_carea' id='block_1_65' title="bbox 2241 589 3930 668">
    <p class='ocr_par' dir='ltr' id='par_1_65' title="bbox 2241 589 3930 668">
     <span class='ocr_line' id='line_1_67' title="bbox 2241 589 3930 668; baseline -0.003 -17"><span class='ocrx_word' id='word_1_413' title='bbox 2241 603 2293 665; x_wconf 78' lang='grc' dir='ltr'><strong>Α</strong></span> <span class='ocrx_word' id='word_1_414' title='bbox 2327 597 2464 653; x_wconf 75' lang='lat' dir='ltr'><em>laris</em></span> <span class='ocrx_word' id='word_1_415' title='bbox 2493 597 2812 668; x_wconf 61' lang='lat' dir='ltr'><em>disciplina:</em></span> <span class='ocrx_word' id='word_1_416' title='bbox 2847 595 3032 651; x_wconf 68' lang='lat' dir='ltr'><em>ordini</em></span> <span class='ocrx_word' id='word_1_417' title='bbox 3067 592 3307 652; x_wconf 83' lang='lat' dir='ltr'><em>sollicite</em></span> <span class='ocrx_word' id='word_1_418' title='bbox 3341 589 3711 658; x_wconf 82' lang='lat' dir='ltr'><em>iusudarc,ut</em></span> <span class='ocrx_word' id='word_1_419' title='bbox 3740 592 3930 662; x_wconf 84' lang='lat' dir='ltr'><em>quanto</em></span> 
     </span>
    </p>
   </div>
   <div class='ocr_carea' id='block_1_66' title="bbox 3823 456 3928 520">
    <p class='ocr_par' dir='ltr' id='par_1_66' title="bbox 3823 456 3928 520">
     <span class='ocr_line' id='line_1_68' title="bbox 3823 456 3928 520; baseline -0.01 0"><span class='ocrx_word' id='word_1_420' title='bbox 3823 456 3928 520; x_wconf 64' lang='lat'><em>358</em></span> 
     </span>
    </p>
   </div>
   <div class='ocr_carea' id='block_1_67' title="bbox 2321 679 3930 748">
    <p class='ocr_par' dir='ltr' id='par_1_67' title="bbox 2321 679 3930 748">
     <span class='ocr_line' id='line_1_69' title="bbox 2321 679 3930 748; baseline -0.003 -7"><span class='ocrx_word' id='word_1_421' title='bbox 2321 705 2354 741; x_wconf 89' lang='lat' dir='ltr'><em>a</em></span> <span class='ocrx_word' id='word_1_422' title='bbox 2383 685 2763 743; x_wconf 82' lang='lat' dir='ltr'><em>saecularibus</em></span> <span class='ocrx_word' id='word_1_423' title='bbox 2797 683 3158 740; x_wconf 82' lang='lat' dir='ltr'><em>tumultibus.</em></span> <span class='ocrx_word' id='word_1_424' title='bbox 3178 679 3804 748; x_wconf 48' lang='lat' dir='ltr'><em>liberioresestisﬁanto</em></span> <span class='ocrx_word' id='word_1_425' title='bbox 3834 687 3930 736; x_wconf 61' lang='lat' dir='ltr'><em>am:</em></span> 
     </span>
    </p>
   </div>
   <div class='ocr_carea' id='block_1_68' title="bbox 2319 767 3930 850">
    <p class='ocr_par' dir='ltr' id='par_1_68' title="bbox 2319 767 3930 850">
     <span class='ocr_line' id='line_1_70' title="bbox 2319 767 3930 850; baseline -0.003 -22"><span class='ocrx_word' id='word_1_426' title='bbox 2319 774 2472 850; x_wconf 86' lang='lat' dir='ltr'><em>plius</em></span> <span class='ocrx_word' id='word_1_427' title='bbox 2495 775 2720 847; x_wconf 89' lang='lat' dir='ltr'><em>placere</em></span> <span class='ocrx_word' id='word_1_428' title='bbox 2762 778 2875 828; x_wconf 89' lang='lat' dir='ltr'><em>Deo</em></span> <span class='ocrx_word' id='word_1_429' title='bbox 2899 773 3080 830; x_wconf 89' lang='lat' dir='ltr'><em>totius</em></span> <span class='ocrx_word' id='word_1_430' title='bbox 3104 770 3318 828; x_wconf 89' lang='lat' dir='ltr'><em>mentis</em></span> <span class='ocrx_word' id='word_1_431' title='bbox 3349 773 3407 826; x_wconf 88' lang='lat' dir='ltr'><em>et</em></span> <span class='ocrx_word' id='word_1_432' title='bbox 3423 769 3632 826; x_wconf 70' lang='lat' dir='ltr'><em>anima:</em></span> <span class='ocrx_word' id='word_1_433' title='bbox 3649 767 3930 828; x_wconf 78' lang='lat' dir='ltr'><em>virtutibus</em></span> 
     </span>
    </p>
   </div>
   <div class='ocr_carea' id='block_1_69' title="bbox 2321 857 3930 934">
    <p class='ocr_par' dir='ltr' id='par_1_69' title="bbox 2321 857 3930 934">
     <span class='ocr_line' id='line_1_71' title="bbox 2321 857 3930 934; baseline -0.004 -17"><span class='ocrx_word' id='word_1_434' title='bbox 2321 861 2624 918; x_wconf 74' lang='lat' dir='ltr'><em>anhelatis.</em></span> <span class='ocrx_word' id='word_1_435' title='bbox 2649 863 2706 918; x_wconf 88' lang='lat' dir='ltr'><em>Si</em></span> <span class='ocrx_word' id='word_1_436' title='bbox 2733 861 2865 934; x_wconf 89' lang='lat' dir='ltr'><em>quis</em></span> <span class='ocrx_word' id='word_1_437' title='bbox 2887 877 3020 916; x_wconf 83' lang='lat' dir='ltr'><em>vero</em></span> <span class='ocrx_word' id='word_1_438' title='bbox 3039 858 3415 934; x_wconf 87' lang='lat' dir='ltr'><em>regularium,</em></span> <span class='ocrx_word' id='word_1_439' title='bbox 3449 857 3831 924; x_wconf 85' lang='lat' dir='ltr'><em>sacerdotum,</em></span> <span class='ocrx_word' id='word_1_440' title='bbox 3853 857 3930 928; x_wconf 80' lang='lat' dir='ltr'><em>ju-</em></span> 
     </span>
    </p>
   </div>
   <div class='ocr_carea' id='block_1_70' title="bbox 2319 947 3930 1023">
    <p class='ocr_par' dir='ltr' id='par_1_70' title="bbox 2319 947 3930 1023">
     <span class='ocr_line' id='line_1_72' title="bbox 2319 947 3930 1023; baseline -0.004 -16"><span class='ocrx_word' id='word_1_441' title='bbox 2319 953 2350 1007; x_wconf 92' lang='lat' dir='ltr'><em>d</em></span> <span class='ocrx_word' id='word_1_442' title='bbox 2365 953 2516 1006; x_wconf 87' lang='lat' dir='ltr'><em>icum</em></span> <span class='ocrx_word' id='word_1_443' title='bbox 2539 955 2714 1023; x_wconf 88' lang='lat' dir='ltr'><em>atque</em></span> <span class='ocrx_word' id='word_1_444' title='bbox 2737 949 3105 1006; x_wconf 65' lang='lat' dir='ltr'><em>smcularium</em></span> <span class='ocrx_word' id='word_1_445' title='bbox 3128 965 3379 1022; x_wconf 86' lang='lat' dir='ltr'><em>persona</em></span> <span class='ocrx_word' id='word_1_446' title='bbox 3397 947 3549 1003; x_wconf 90' lang='lat' dir='ltr'><em>hanc</em></span> <span class='ocrx_word' id='word_1_447' title='bbox 3579 963 3718 1003; x_wconf 73' lang='lat' dir='ltr'><em>mea:</em></span> <span class='ocrx_word' id='word_1_448' title='bbox 3750 947 3930 1002; x_wconf 67' lang='lat' dir='ltr'><em>constt</em></span> 
     </span>
    </p>
   </div>
   <div class='ocr_carea' id='block_1_71' title="bbox 2318 1038 3929 1114">
    <p class='ocr_par' dir='ltr' id='par_1_71' title="bbox 2318 1038 3929 1114">
     <span class='ocr_line' id='line_1_73' title="bbox 2318 1038 3929 1114; baseline -0.003 -19"><span class='ocrx_word' id='word_1_449' title='bbox 2318 1040 2562 1095; x_wconf 88' lang='lat' dir='ltr'><em>tutionis</em></span> <span class='ocrx_word' id='word_1_450' title='bbox 2592 1038 2862 1112; x_wconf 88' lang='lat' dir='ltr'><em>paginam</em></span> <span class='ocrx_word' id='word_1_451' title='bbox 2886 1055 3228 1112; x_wconf 90' lang='lat' dir='ltr'><em>agnoscens,</em></span> <span class='ocrx_word' id='word_1_452' title='bbox 3255 1041 3460 1094; x_wconf 89' lang='lat' dir='ltr'><em>contra</em></span> <span class='ocrx_word' id='word_1_453' title='bbox 3487 1051 3640 1104; x_wconf 85' lang='lat' dir='ltr'><em>eam,</em></span> <span class='ocrx_word' id='word_1_454' title='bbox 3673 1039 3782 1091; x_wconf 87' lang='lat' dir='ltr'><em>etc.</em></span> <span class='ocrx_word' id='word_1_455' title='bbox 3925 1107 3929 1114; x_wconf 24' lang='lat'><em>‘</em></span> 
     </span>
    </p>
   </div>
   <div class='ocr_carea' id='block_1_72' title="bbox 2392 1125 3932 1201">
    <p class='ocr_par' dir='ltr' id='par_1_72' title="bbox 2392 1125 3932 1201">
     <span class='ocr_line' id='line_1_74' title="bbox 2392 1125 3932 1201; baseline -0.003 -17"><span class='ocrx_word' id='word_1_456' title='bbox 2392 1133 2692 1184; x_wconf 89' lang='lat' dir='ltr'><em>Datum....</em></span> <span class='ocrx_word' id='word_1_457' title='bbox 2726 1145 2828 1201; x_wconf 89' lang='lat' dir='ltr'><em>per</em></span> <span class='ocrx_word' id='word_1_458' title='bbox 2858 1145 3069 1184; x_wconf 88' lang='lat' dir='ltr'><em>manus</em></span> <span class='ocrx_word' id='word_1_459' title='bbox 3122 1127 3369 1184; x_wconf 88' lang='lat' dir='ltr'><em>Joannis</em></span> <span class='ocrx_word' id='word_1_460' title='bbox 3423 1129 3634 1182; x_wconf 75' lang='lat' dir='ltr'><em>sanctas</em></span> <span class='ocrx_word' id='word_1_461' title='bbox 3690 1125 3932 1180; x_wconf 73' lang='lat' dir='ltr'><em>Romana</em></span> 
     </span>
    </p>
   </div>
   <div class='ocr_carea' id='block_1_73' title="bbox 2317 1213 3932 1286">
    <p class='ocr_par' dir='ltr' id='par_1_73' title="bbox 2317 1213 3932 1286">
     <span class='ocr_line' id='line_1_75' title="bbox 2317 1213 3932 1286; baseline -0.004 -12"><span class='ocrx_word' id='word_1_462' title='bbox 2317 1217 2585 1274; x_wconf 71' lang='lat' dir='ltr'><em>Ecclesize</em></span> <span class='ocrx_word' id='word_1_463' title='bbox 2619 1217 2846 1274; x_wconf 88' lang='lat' dir='ltr'><em>diaconi</em></span> <span class='ocrx_word' id='word_1_464' title='bbox 2895 1218 3078 1286; x_wconf 90' lang='lat' dir='ltr'><em>card.,</em></span> <span class='ocrx_word' id='word_1_465' title='bbox 3110 1234 3204 1273; x_wconf 80' lang='lat' dir='ltr'><em>xvx</em></span> <span class='ocrx_word' id='word_1_466' title='bbox 3237 1215 3362 1272; x_wconf 86' lang='lat' dir='ltr'><em>Kal.</em></span> <span class='ocrx_word' id='word_1_467' title='bbox 3410 1213 3774 1282; x_wconf 88' lang='lat' dir='ltr'><em>Novembris,</em></span> <span class='ocrx_word' id='word_1_468' title='bbox 3805 1213 3932 1270; x_wconf 90' lang='lat' dir='ltr'><em>indi-</em></span> 
     </span>
    </p>
   </div>
   <div class='ocr_carea' id='block_1_74' title="bbox 2319 1302 3932 1378">
    <p class='ocr_par' dir='ltr' id='par_1_74' title="bbox 2319 1302 3932 1378">
     <span class='ocr_line' id='line_1_76' title="bbox 2319 1302 3932 1378; baseline -0.004 -14"><span class='ocrx_word' id='word_1_469' title='bbox 2319 1309 2507 1365; x_wconf 88' lang='lat' dir='ltr'><em>ctione</em></span> <span class='ocrx_word' id='word_1_470' title='bbox 2539 1309 2744 1378; x_wconf 89' lang='lat' dir='ltr'><em>prima,</em></span> <span class='ocrx_word' id='word_1_471' title='bbox 2804 1323 2954 1362; x_wconf 89' lang='lat' dir='ltr'><em>anno</em></span> <span class='ocrx_word' id='word_1_472' title='bbox 2999 1305 3310 1362; x_wconf 68' lang='lat' dir='ltr'><em>Dominice:</em></span> <span class='ocrx_word' id='word_1_473' title='bbox 3368 1302 3790 1360; x_wconf 87' lang='lat' dir='ltr'><em>Incarnationis</em></span> <span class='ocrx_word' id='word_1_474' title='bbox 3821 1302 3932 1358; x_wconf 70' lang='lat'><em>1092</em></span> 
     </span>
    </p>
   </div>
   <div class='ocr_carea' id='block_1_75' title="bbox 2319 1394 3712 1470">
    <p class='ocr_par' dir='ltr' id='par_1_75' title="bbox 2319 1394 3712 1470">
     <span class='ocr_line' id='line_1_77' title="bbox 2319 1394 3712 1470; baseline -0.003 -18"><span class='ocrx_word' id='word_1_475' title='bbox 2319 1398 2693 1470; x_wconf 87' lang='lat' dir='ltr'><em>pontiﬁcatus</em></span> <span class='ocrx_word' id='word_1_476' title='bbox 2727 1399 2920 1453; x_wconf 88' lang='lat' dir='ltr'><em>autem</em></span> <span class='ocrx_word' id='word_1_477' title='bbox 2954 1395 3170 1452; x_wconf 88' lang='lat' dir='ltr'><em>Urbani</em></span> <span class='ocrx_word' id='word_1_478' title='bbox 3192 1411 3352 1468; x_wconf 62' lang='lat' dir='ltr'><em>papa</em></span> <span class='ocrx_word' id='word_1_479' title='bbox 3376 1394 3424 1450; x_wconf 89' lang='lat' dir='ltr'><em>II</em></span> <span class='ocrx_word' id='word_1_480' title='bbox 3454 1410 3606 1450; x_wconf 89' lang='lat' dir='ltr'><em>anno</em></span> <span class='ocrx_word' id='word_1_481' title='bbox 3637 1410 3712 1448; x_wconf 64' lang='grc' dir='ltr'><em>γι.</em></span> 
     </span>
    </p>
   </div>
   <div class='ocr_carea' id='block_1_76' title="bbox 2973 1483 3310 1540">
    <p class='ocr_par' dir='ltr' id='par_1_76' title="bbox 2973 1483 3310 1540">
     <span class='ocr_line' id='line_1_78' title="bbox 2973 1483 3310 1540; baseline -0.003 0"><span class='ocrx_word' id='word_1_482' title='bbox 2973 1483 3310 1540; x_wconf 73' lang='lat' dir='ltr'><em>LXXXVIII.</em></span> 
     </span>
    </p>
   </div>
   <div class='ocr_carea' id='block_1_77' title="bbox 2322 1571 3932 1646">
    <p class='ocr_par' dir='ltr' id='par_1_77' title="bbox 2322 1571 3932 1646">
     <span class='ocr_line' id='line_1_79' title="bbox 2322 1571 3932 1646; baseline -0.006 -11"><span class='ocrx_word' id='word_1_483' title='bbox 2322 1577 2530 1635; x_wconf 80' lang='lat' dir='ltr'><em>Urbani</em></span> <span class='ocrx_word' id='word_1_484' title='bbox 2587 1575 2635 1630; x_wconf 81' lang='grc'><em>11</em></span> <span class='ocrx_word' id='word_1_485' title='bbox 2661 1589 2822 1645; x_wconf 69' lang='lat' dir='ltr'><em>papae</em></span> <span class='ocrx_word' id='word_1_486' title='bbox 2877 1575 3104 1646; x_wconf 85' lang='lat' dir='ltr'><em>epistola</em></span> <span class='ocrx_word' id='word_1_487' title='bbox 3135 1573 3204 1628; x_wconf 88' lang='lat' dir='ltr'><em>ad</em></span> <span class='ocrx_word' id='word_1_488' title='bbox 3235 1571 3581 1646; x_wconf 67' lang='lat' dir='ltr'><em>Ragnaldum</em></span> <span class='ocrx_word' id='word_1_489' title='bbox 3627 1571 3875 1646; x_wconf 80' lang='lat' dir='ltr'><em>abbatem</em></span> <span class='ocrx_word' id='word_1_490' title='bbox 3901 1574 3932 1625; x_wconf 76' lang='lat' dir='ltr'><strong><em>S</em></strong></span> 
     </span>
    </p>
   </div>
   <div class='ocr_carea' id='block_1_78' title="bbox 2391 1643 3928 1718">
    <p class='ocr_par' dir='ltr' id='par_1_78' title="bbox 2391 1643 3928 1718">
     <span class='ocr_line' id='line_1_80' title="bbox 2391 1643 3928 1718; baseline -0.003 -17"><span class='ocrx_word' id='word_1_491' title='bbox 2391 1643 2670 1718; x_wconf 65' lang='lat' dir='ltr'><em>Cypriani</em></span> <span class='ocrx_word' id='word_1_492' title='bbox 2695 1643 3071 1701; x_wconf 72' lang='lat' dir='ltr'><em>Pidauiensis.</em></span> <span class='ocrx_word' id='word_1_493' title='bbox 3107 1675 3174 1718; x_wconf 56' lang='grc' dir='ltr'><em>έ-</em></span> <span class='ocrx_word' id='word_1_494' title='bbox 3215 1643 3487 1715; x_wconf 76' lang='lat' dir='ltr'><em>Quidquid</em></span> <span class='ocrx_word' id='word_1_495' title='bbox 3512 1645 3674 1718; x_wconf 80' lang='lat' dir='ltr'><em>juris</em></span> <span class='ocrx_word' id='word_1_496' title='bbox 3725 1646 3789 1718; x_wconf 37' lang='lat' dir='ltr'><em>etA</em></span> <span class='ocrx_word' id='word_1_497' title='bbox 3805 1659 3928 1697; x_wconf 85' lang='lat' dir='ltr'><em>cano</em></span> 
     </span>
    </p>
   </div>
   <div class='ocr_carea' id='block_1_79' title="bbox 2387 1714 3934 1790">
    <p class='ocr_par' dir='ltr' id='par_1_79' title="bbox 2387 1714 3934 1790">
     <span class='ocr_line' id='line_1_81' title="bbox 2387 1714 3934 1790; baseline -0.002 -19"><span class='ocrx_word' id='word_1_498' title='bbox 2387 1714 2532 1773; x_wconf 53' lang='lat' dir='ltr'><em>map</em></span> <span class='ocrx_word' id='word_1_499' title='bbox 2582 1719 2856 1790; x_wconf 72' lang='lat' dir='ltr'><em>potestalis</em></span> <span class='ocrx_word' id='word_1_500' title='bbox 2919 1717 3250 1790; x_wconf 61' lang='lat' dir='ltr'><em>acquisierat</em></span> <span class='ocrx_word' id='word_1_501' title='bbox 3308 1714 3378 1771; x_wconf 14' lang='lat' dir='ltr'><em>in,</em></span> <span class='ocrx_word' id='word_1_502' title='bbox 3415 1715 3699 1790; x_wconf 65' lang='lat' dir='ltr'><em>ecclesiam</em></span> <span class='ocrx_word' id='word_1_503' title='bbox 3755 1714 3934 1790; x_wconf 63' lang='lat' dir='ltr'><em>sancti</em></span> 
     </span>
    </p>
   </div>
   <div class='ocr_carea' id='block_1_80' title="bbox 2391 1787 3934 1858">
    <p class='ocr_par' dir='ltr' id='par_1_80' title="bbox 2391 1787 3934 1858">
     <span class='ocr_line' id='line_1_82' title="bbox 2391 1787 3934 1858; baseline -0.003 -16"><span class='ocrx_word' id='word_1_504' title='bbox 2391 1787 2750 1858; x_wconf 60' lang='lat' dir='ltr'><em>Crm-is&#39;nmul</em></span> <span class='ocrx_word' id='word_1_505' title='bbox 2798 1787 3049 1858; x_wconf 69' lang='lat' dir='ltr'><em>Englarn,</em></span> <span class='ocrx_word' id='word_1_506' title='bbox 3095 1788 3266 1843; x_wconf 82' lang='lat' dir='ltr'><em>eidem</em></span> <span class='ocrx_word' id='word_1_507' title='bbox 3297 1787 3556 1852; x_wconf 70' lang='lat' dir='ltr'><em>concedit,</em></span> <span class='ocrx_word' id='word_1_508' title='bbox 3589 1791 3640 1842; x_wconf 86' lang='lat' dir='ltr'><em>et</em></span> <span class='ocrx_word' id='word_1_509' title='bbox 3671 1787 3934 1858; x_wconf 56' lang='lat' dir='ltr'><em>apostolici</em></span> 
     </span>
    </p>
   </div>
   <div class='ocr_carea' id='block_1_81' title="bbox 2389 1863 3041 1930">
    <p class='ocr_par' dir='ltr' id='par_1_81' title="bbox 2389 1863 3041 1930">
     <span class='ocr_line' id='line_1_83' title="bbox 2389 1863 3041 1930; baseline 0 -16"><span class='ocrx_word' id='word_1_510' title='bbox 2389 1863 2710 1915; x_wconf 80' lang='lat' dir='ltr'><em>auetorilale</em></span> <span class='ocrx_word' id='word_1_511' title='bbox 2737 1863 3041 1930; x_wconf 69' lang='lat' dir='ltr'><em>confirmat.</em></span> 
     </span>
    </p>
   </div>
   <div class='ocr_carea' id='block_1_82' title="bbox 2945 1948 3346 2019">
    <p class='ocr_par' dir='ltr' id='par_1_82' title="bbox 2945 1948 3346 2019">
     <span class='ocr_line' id='line_1_84' title="bbox 2945 1948 3346 2019; baseline -0.01 -15"><span class='ocrx_word' id='word_1_512' title='bbox 2945 1951 3130 2019; x_wconf 79' lang='lat' dir='ltr'><em>(Anno</em></span> <span class='ocrx_word' id='word_1_513' title='bbox 3163 1948 3346 2014; x_wconf 80' lang='lat'><em>1093.)</em></span> 
     </span>
    </p>
   </div>
   <div class='ocr_carea' id='block_1_83' title="bbox 2532 2017 3756 2090">
    <p class='ocr_par' dir='ltr' id='par_1_83' title="bbox 2532 2017 3756 2090">
     <span class='ocr_line' id='line_1_85' title="bbox 2532 2017 3756 2090; baseline -0.002 -16"><span class='ocrx_word' id='word_1_514' title='bbox 2532 2019 2616 2090; x_wconf 71' lang='grc' dir='ltr'><em>τι).</em></span> <span class='ocrx_word' id='word_1_515' title='bbox 2655 2017 2959 2087; x_wconf 62' lang='grc' dir='ltr'><em>Βηυουεπ</em></span> <span class='ocrx_word' id='word_1_516' title='bbox 2995 2020 3230 2086; x_wconf 81' lang='lat' dir='ltr'><em>ﬁerueil,</em></span> <span class='ocrx_word' id='word_1_517' title='bbox 3280 2025 3322 2073; x_wconf 92' lang='lat' dir='ltr'><em>t.</em></span> <span class='ocrx_word' id='word_1_518' title='bbox 3347 2017 3490 2084; x_wconf 78' lang='lat' dir='ltr'><strong>XIV,</strong></span> <span class='ocrx_word' id='word_1_519' title='bbox 3514 2033 3570 2090; x_wconf 94' lang='lat' dir='ltr'><em>p.</em></span> <span class='ocrx_word' id='word_1_520' title='bbox 3599 2018 3756 2089; x_wconf 83' lang='lat'>696.]</span> 
     </span>
    </p>
   </div>
   <div class='ocr_carea' id='block_1_84' title="bbox 2389 2103 3934 2181">
    <p class='ocr_par' dir='ltr' id='par_1_84' title="bbox 2389 2103 3934 2181">
     <span class='ocr_line' id='line_1_86' title="bbox 2389 2103 3934 2181; baseline -0.003 -17"><span class='ocrx_word' id='word_1_521' title='bbox 2389 2110 2664 2165; x_wconf 58' lang='lat' dir='ltr'><em>[luamus</em></span> <span class='ocrx_word' id='word_1_522' title='bbox 2696 2110 3026 2181; x_wconf 85' lang='lat' dir='ltr'><em>episcopus,</em></span> <span class='ocrx_word' id='word_1_523' title='bbox 3060 2125 3260 2163; x_wconf 85' lang='lat' dir='ltr'><em>servus</em></span> <span class='ocrx_word' id='word_1_524' title='bbox 3290 2123 3588 2164; x_wconf 85' lang='lat' dir='ltr'><em>servorum</em></span> <span class='ocrx_word' id='word_1_525' title='bbox 3617 2103 3934 2174; x_wconf 87' lang='lat' dir='ltr'><em>Dei,dilect</em></span> 
     </span>
    </p>
   </div>
   <div class='ocr_carea' id='block_1_85' title="bbox 2316 2191 3936 2269">
    <p class='ocr_par' dir='ltr' id='par_1_85' title="bbox 2316 2191 3936 2269">
     <span class='ocr_line' id='line_1_87' title="bbox 2316 2191 3936 2269; baseline -0.005 -14"><span class='ocrx_word' id='word_1_526' title='bbox 2316 2199 2377 2255; x_wconf 91' lang='lat' dir='ltr'><em>in</em></span> <span class='ocrx_word' id='word_1_527' title='bbox 2409 2199 2637 2254; x_wconf 81' lang='lat' dir='ltr'><em>Christo</em></span> <span class='ocrx_word' id='word_1_528' title='bbox 2669 2197 2784 2252; x_wconf 90' lang='lat' dir='ltr'><em>ﬁlio</em></span> <span class='ocrx_word' id='word_1_529' title='bbox 2819 2198 2931 2253; x_wconf 72' lang='grc' dir='ltr'><em>Π...</em></span> <span class='ocrx_word' id='word_1_530' title='bbox 2972 2197 3322 2269; x_wconf 69' lang='lat' dir='ltr'><em>[RM’NALDO]</em></span> <span class='ocrx_word' id='word_1_531' title='bbox 3349 2195 3543 2252; x_wconf 86' lang='lat' dir='ltr'><em>abbati</em></span> <span class='ocrx_word' id='word_1_532' title='bbox 3577 2199 3638 2253; x_wconf 85' lang='lat' dir='ltr'><em>B.</em></span> <span class='ocrx_word' id='word_1_533' title='bbox 3673 2191 3936 2269; x_wconf 82' lang='lat' dir='ltr'><em>Cypriani</em></span> 
     </span>
    </p>
   </div>
   <div class='ocr_carea' id='block_1_86' title="bbox 2319 2285 3571 2358">
    <p class='ocr_par' dir='ltr' id='par_1_86' title="bbox 2319 2285 3571 2358">
     <span class='ocr_line' id='line_1_88' title="bbox 2319 2285 3571 2358; baseline -0.002 -15"><span class='ocrx_word' id='word_1_534' title='bbox 2319 2287 2566 2343; x_wconf 79' lang='lat' dir='ltr'><em>salutem</em></span> <span class='ocrx_word' id='word_1_535' title='bbox 2599 2291 2654 2340; x_wconf 80' lang='lat' dir='ltr'><em>et</em></span> <span class='ocrx_word' id='word_1_536' title='bbox 2684 2285 3061 2358; x_wconf 83' lang='lat' dir='ltr'><em>apostolicam</em></span> <span class='ocrx_word' id='word_1_537' title='bbox 3085 2285 3571 2340; x_wconf 80' lang='lat' dir='ltr'><em>benedictionem.</em></span> 
     </span>
    </p>
   </div>
   <div class='ocr_carea' id='block_1_87' title="bbox 2388 2373 3936 2432">
    <p class='ocr_par' dir='ltr' id='par_1_87' title="bbox 2388 2373 3936 2432">
     <span class='ocr_line' id='line_1_89' title="bbox 2388 2373 3936 2432; baseline -0.004 0"><span class='ocrx_word' id='word_1_538' title='bbox 2388 2378 2468 2432; x_wconf 81' lang='lat' dir='ltr'><strong>Ex</strong></span> <span class='ocrx_word' id='word_1_539' title='bbox 2499 2375 2680 2430; x_wconf 85' lang='lat' dir='ltr'><em>nostri</em></span> <span class='ocrx_word' id='word_1_540' title='bbox 2713 2375 2884 2429; x_wconf 76' lang='lat' dir='ltr'><em>cilicii</em></span> <span class='ocrx_word' id='word_1_541' title='bbox 2937 2373 3130 2430; x_wconf 85' lang='lat' dir='ltr'><em>debito</em></span> <span class='ocrx_word' id='word_1_542' title='bbox 3181 2389 3622 2428; x_wconf 89' lang='lat' dir='ltr'><em>commonemur</em></span> <span class='ocrx_word' id='word_1_543' title='bbox 3665 2387 3936 2428; x_wconf 66' lang='lat' dir='ltr'><em>servorum</em></span> 
     </span>
    </p>
   </div>
   <div class='ocr_carea' id='block_1_88' title="bbox 2319 2461 3936 2536">
    <p class='ocr_par' dir='ltr' id='par_1_88' title="bbox 2319 2461 3936 2536">
     <span class='ocr_line' id='line_1_90' title="bbox 2319 2461 3936 2536; baseline -0.004 -14"><span class='ocrx_word' id='word_1_544' title='bbox 2319 2466 2418 2522; x_wconf 90' lang='lat' dir='ltr'><em>Dei</em></span> <span class='ocrx_word' id='word_1_545' title='bbox 2461 2463 2640 2536; x_wconf 86' lang='lat' dir='ltr'><em>quieti</em></span> <span class='ocrx_word' id='word_1_546' title='bbox 2690 2462 3112 2535; x_wconf 86' lang='lat' dir='ltr'><em>prospicere,ut</em></span> <span class='ocrx_word' id='word_1_547' title='bbox 3141 2480 3175 2518; x_wconf 87' lang='lat' dir='ltr'><em>a</em></span> <span class='ocrx_word' id='word_1_548' title='bbox 3205 2461 3582 2519; x_wconf 69' lang='lat' dir='ltr'><em>saecularibus</em></span> <span class='ocrx_word' id='word_1_549' title='bbox 3611 2461 3936 2518; x_wconf 83' lang='lat' dir='ltr'><em>tumultibu</em></span> 
     </span>
    </p>
   </div>
   <div class='ocr_carea' id='block_1_89' title="bbox 2320 2549 3936 2628">
    <p class='ocr_par' dir='ltr' id='par_1_89' title="bbox 2320 2549 3936 2628">
     <span class='ocr_line' id='line_1_91' title="bbox 2320 2549 3936 2628; baseline -0.005 -17"><span class='ocrx_word' id='word_1_550' title='bbox 2320 2553 2594 2628; x_wconf 83' lang='lat' dir='ltr'><em>separati,</em></span> <span class='ocrx_word' id='word_1_551' title='bbox 2624 2553 3040 2625; x_wconf 87' lang='lat' dir='ltr'><em>omnipotentis</em></span> <span class='ocrx_word' id='word_1_552' title='bbox 3061 2551 3160 2608; x_wconf 91' lang='lat' dir='ltr'><em>Dei</em></span> <span class='ocrx_word' id='word_1_553' title='bbox 3184 2551 3434 2608; x_wconf 89' lang='lat' dir='ltr'><em>servitiis</em></span> <span class='ocrx_word' id='word_1_554' title='bbox 3471 2549 3708 2606; x_wconf 87' lang='lat' dir='ltr'><em>valeant</em></span> <span class='ocrx_word' id='word_1_555' title='bbox 3733 2549 3936 2606; x_wconf 89' lang='lat' dir='ltr'><em>liberiu</em></span> 
     </span>
    </p>
   </div>
   <div class='ocr_carea' id='block_1_90' title="bbox 2321 2637 3935 2715">
    <p class='ocr_par' dir='ltr' id='par_1_90' title="bbox 2321 2637 3935 2715">
     <span class='ocr_line' id='line_1_92' title="bbox 2321 2637 3935 2715; baseline -0.004 -16"><span class='ocrx_word' id='word_1_556' title='bbox 2321 2643 2616 2699; x_wconf 85' lang='lat' dir='ltr'><em>insudare.</em></span> <span class='ocrx_word' id='word_1_557' title='bbox 2637 2643 2716 2698; x_wconf 87' lang='lat' dir='ltr'><em>Ea</em></span> <span class='ocrx_word' id='word_1_558' title='bbox 2751 2645 3103 2715; x_wconf 88' lang='lat' dir='ltr'><em>proptcrnos</em></span> <span class='ocrx_word' id='word_1_559' title='bbox 3128 2641 3246 2696; x_wconf 86' lang='lat' dir='ltr'><em>tuis</em></span> <span class='ocrx_word' id='word_1_560' title='bbox 3269 2640 3560 2713; x_wconf 87' lang='lat' dir='ltr'><em>precibus,</em></span> <span class='ocrx_word' id='word_1_561' title='bbox 3594 2637 3681 2695; x_wconf 85' lang='lat' dir='ltr'><em>ﬁli</em></span> <span class='ocrx_word' id='word_1_562' title='bbox 3721 2640 3786 2695; x_wconf 90' lang='lat' dir='ltr'><em>in</em></span> <span class='ocrx_word' id='word_1_563' title='bbox 3817 2639 3935 2694; x_wconf 64' lang='lat' dir='ltr'><em>Cbr‘</em></span> 
     </span>
    </p>
   </div>
   <div class='ocr_carea' id='block_1_91' title="bbox 2322 2727 3938 2802">
    <p class='ocr_par' dir='ltr' id='par_1_91' title="bbox 2322 2727 3938 2802">
     <span class='ocr_line' id='line_1_93' title="bbox 2322 2727 3938 2802; baseline -0.003 -15"><span class='ocrx_word' id='word_1_564' title='bbox 2322 2738 2414 2788; x_wconf 90' lang='lat' dir='ltr'><em>sto</em></span> <span class='ocrx_word' id='word_1_565' title='bbox 2446 2729 2790 2787; x_wconf 77' lang='lat' dir='ltr'><em>charissima</em></span> <span class='ocrx_word' id='word_1_566' title='bbox 2808 2729 3474 2802; x_wconf 73' lang='lat' dir='ltr'><em>Ruyualde,annuimus.</em></span> <span class='ocrx_word' id='word_1_567' title='bbox 3497 2727 3806 2802; x_wconf 88' lang='lat' dir='ltr'><em>Quidquid</em></span> <span class='ocrx_word' id='word_1_568' title='bbox 3829 2727 3938 2784; x_wconf 73' lang='lat' dir='ltr'><em>eui:</em></span> 
     </span>
    </p>
   </div>
   <div class='ocr_carea' id='block_1_92' title="bbox 2317 2816 3938 2894">
    <p class='ocr_par' dir='ltr' id='par_1_92' title="bbox 2317 2816 3938 2894">
     <span class='ocr_line' id='line_1_94' title="bbox 2317 2816 3938 2894; baseline -0.003 -19"><span class='ocrx_word' id='word_1_569' title='bbox 2317 2821 2491 2894; x_wconf 84' lang='lat' dir='ltr'><em>juris,</em></span> <span class='ocrx_word' id='word_1_570' title='bbox 2526 2819 2811 2892; x_wconf 86' lang='lat' dir='ltr'><em>quidquid</em></span> <span class='ocrx_word' id='word_1_571' title='bbox 2835 2818 3122 2874; x_wconf 64' lang='lat' dir='ltr'><em>canonica:</em></span> <span class='ocrx_word' id='word_1_572' title='bbox 3149 2818 3453 2890; x_wconf 87' lang='lat' dir='ltr'><em>potestatis</em></span> <span class='ocrx_word' id='word_1_573' title='bbox 3477 2818 3535 2872; x_wconf 89' lang='lat' dir='ltr'><em>in</em></span> <span class='ocrx_word' id='word_1_574' title='bbox 3557 2816 3818 2875; x_wconf 85' lang='lat' dir='ltr'><em>ecclesia</em></span> <span class='ocrx_word' id='word_1_575' title='bbox 3845 2820 3938 2871; x_wconf 71' lang='lat' dir='ltr'><em>Sa:</em></span> 
     </span>
    </p>
   </div>
   <div class='ocr_carea' id='block_1_93' title="bbox 2325 2906 3938 2980">
    <p class='ocr_par' dir='ltr' id='par_1_93' title="bbox 2325 2906 3938 2980">
     <span class='ocr_line' id='line_1_95' title="bbox 2325 2906 3938 2980; baseline -0.004 -14"><span class='ocrx_word' id='word_1_576' title='bbox 2325 2915 2430 2966; x_wconf 66' lang='lat' dir='ltr'><em>etas</em></span> <span class='ocrx_word' id='word_1_577' title='bbox 2453 2909 2652 2966; x_wconf 89' lang='lat' dir='ltr'><em>Crucis</em></span> <span class='ocrx_word' id='word_1_578' title='bbox 2675 2907 2828 2980; x_wconf 88' lang='lat' dir='ltr'><em>apud</em></span> <span class='ocrx_word' id='word_1_579' title='bbox 2855 2907 3099 2979; x_wconf 87' lang='lat' dir='ltr'><em>Englam</em></span> <span class='ocrx_word' id='word_1_580' title='bbox 3128 2907 3216 2962; x_wconf 91' lang='lat' dir='ltr'><em>vel</em></span> <span class='ocrx_word' id='word_1_581' title='bbox 3249 2923 3318 2962; x_wconf 84' lang='lat' dir='ltr'><em>ex</em></span> <span class='ocrx_word' id='word_1_582' title='bbox 3355 2906 3742 2962; x_wconf 79' lang='lat' dir='ltr'><em>concessione</em></span> <span class='ocrx_word' id='word_1_583' title='bbox 3786 2921 3938 2963; x_wconf 79' lang='lat' dir='ltr'><em>eorm</em></span> 
     </span>
    </p>
   </div>
   <div class='ocr_carea' id='block_1_94' title="bbox 2325 2994 3938 3072">
    <p class='ocr_par' dir='ltr' id='par_1_94' title="bbox 2325 2994 3938 3072">
     <span class='ocr_line' id='line_1_96' title="bbox 2325 2994 3938 3072; baseline -0.003 -19"><span class='ocrx_word' id='word_1_584' title='bbox 2325 3015 2574 3072; x_wconf 89' lang='lat' dir='ltr'><em>quorum</em></span> <span class='ocrx_word' id='word_1_585' title='bbox 2609 3002 2779 3052; x_wconf 87' lang='lat' dir='ltr'><em>antea</em></span> <span class='ocrx_word' id='word_1_586' title='bbox 2800 2997 2956 3067; x_wconf 88' lang='lat' dir='ltr'><em>juris</em></span> <span class='ocrx_word' id='word_1_587' title='bbox 3004 2996 3116 3051; x_wconf 85' lang='lat' dir='ltr'><em>fuit</em></span> <span class='ocrx_word' id='word_1_588' title='bbox 3143 2997 3304 3068; x_wconf 70' lang='lat'><em>(15&#39;),</em></span> <span class='ocrx_word' id='word_1_589' title='bbox 3335 2995 3422 3052; x_wconf 87' lang='lat' dir='ltr'><em>vel</em></span> <span class='ocrx_word' id='word_1_590' title='bbox 3450 2995 3780 3068; x_wconf 84' lang='lat' dir='ltr'><em>episcopali</em></span> <span class='ocrx_word' id='word_1_591' title='bbox 3813 2994 3938 3050; x_wconf 88' lang='lat' dir='ltr'><em>trad</em></span> 
     </span>
    </p>
   </div>
   <div class='ocr_carea' id='block_1_95' title="bbox 2324 3086 3938 3158">
    <p class='ocr_par' dir='ltr' id='par_1_95' title="bbox 2324 3086 3938 3158">
     <span class='ocr_line' id='line_1_97' title="bbox 2324 3086 3938 3158; baseline -0.002 -16"><span class='ocrx_word' id='word_1_592' title='bbox 2324 3091 2480 3144; x_wconf 83' lang='lat' dir='ltr'><em>tione</em></span> <span class='ocrx_word' id='word_1_593' title='bbox 2509 3091 2696 3142; x_wconf 76' lang='lat' dir='ltr'><em>vestro</em></span> <span class='ocrx_word' id='word_1_594' title='bbox 2727 3086 2988 3142; x_wconf 84' lang='lat' dir='ltr'><em>coenobio</em></span> <span class='ocrx_word' id='word_1_595' title='bbox 3037 3101 3382 3142; x_wconf 90' lang='lat' dir='ltr'><em>concessum</em></span> <span class='ocrx_word' id='word_1_596' title='bbox 3429 3089 3537 3152; x_wconf 89' lang='lat' dir='ltr'><em>est,</em></span> <span class='ocrx_word' id='word_1_597' title='bbox 3586 3101 3700 3140; x_wconf 90' lang='lat' dir='ltr'><em>nos</em></span> <span class='ocrx_word' id='word_1_598' title='bbox 3754 3101 3938 3158; x_wconf 67' lang='lat' dir='ltr'><em>quoq!</em></span> 
     </span>
    </p>
   </div>
   <div class='ocr_carea' id='block_1_96' title="bbox 2325 3172 3939 3248">
    <p class='ocr_par' dir='ltr' id='par_1_96' title="bbox 2325 3172 3939 3248">
     <span class='ocr_line' id='line_1_98' title="bbox 2325 3172 3939 3248; baseline -0.004 -15"><span class='ocrx_word' id='word_1_599' title='bbox 2325 3177 2786 3244; x_wconf 89' lang='lat' dir='ltr'><em>concedimus,et</em></span> <span class='ocrx_word' id='word_1_600' title='bbox 2808 3175 3252 3248; x_wconf 73' lang='lat' dir='ltr'><em>praesentiarum</em></span> <span class='ocrx_word' id='word_1_601' title='bbox 3276 3172 3606 3230; x_wconf 88' lang='lat' dir='ltr'><em>litterarum</em></span> <span class='ocrx_word' id='word_1_602' title='bbox 3629 3174 3939 3231; x_wconf 88' lang='lat' dir='ltr'><em>auctorita</em></span> 
     </span>
    </p>
   </div>
   <div class='ocr_carea' id='block_1_97' title="bbox 2329 3267 2653 3322">
    <p class='ocr_par' dir='ltr' id='par_1_97' title="bbox 2329 3267 2653 3322">
     <span class='ocr_line' id='line_1_99' title="bbox 2329 3267 2653 3322; baseline -0.006 0"><span class='ocrx_word' id='word_1_603' title='bbox 2329 3267 2653 3322; x_wconf 86' lang='lat' dir='ltr'><em>ﬁrmamus.</em></span> 
     </span>
    </p>
   </div>
   <div class='ocr_carea' id='block_1_98' title="bbox 2394 3352 3940 3427">
    <p class='ocr_par' dir='ltr' id='par_1_98' title="bbox 2394 3352 3940 3427">
     <span class='ocr_line' id='line_1_100' title="bbox 2394 3352 3940 3427; baseline -0.003 -17"><span class='ocrx_word' id='word_1_604' title='bbox 2394 3356 2540 3411; x_wconf 87' lang='lat' dir='ltr'><em>Data</em></span> <span class='ocrx_word' id='word_1_605' title='bbox 2569 3353 2724 3427; x_wconf 88' lang='lat' dir='ltr'><em>apud</em></span> <span class='ocrx_word' id='word_1_606' title='bbox 2773 3353 3054 3427; x_wconf 89' lang='lat' dir='ltr'><em>oppidum</em></span> <span class='ocrx_word' id='word_1_607' title='bbox 3113 3352 3318 3420; x_wconf 86' lang='lat' dir='ltr'><em>Alatri,</em></span> <span class='ocrx_word' id='word_1_608' title='bbox 3377 3369 3433 3407; x_wconf 81' lang='lat' dir='ltr'><strong>IV</strong></span> <span class='ocrx_word' id='word_1_609' title='bbox 3491 3352 3690 3408; x_wconf 88' lang='lat' dir='ltr'><em>Nonas</em></span> <span class='ocrx_word' id='word_1_610' title='bbox 3735 3353 3940 3408; x_wconf 88' lang='lat' dir='ltr'><em>Noven</em></span> 
     </span>
    </p>
   </div>
   <div class='ocr_carea' id='block_1_99' title="bbox 2321 3445 2464 3501">
    <p class='ocr_par' dir='ltr' id='par_1_99' title="bbox 2321 3445 2464 3501">
     <span class='ocr_line' id='line_1_101' title="bbox 2321 3445 2464 3501; baseline 0 -1"><span class='ocrx_word' id='word_1_611' title='bbox 2321 3445 2464 3501; x_wconf 89' lang='lat' dir='ltr'><em>bris.</em></span> 
     </span>
    </p>
   </div>
   <div class='ocr_carea' id='block_1_100' title="bbox 3008 3513 3285 3570">
    <p class='ocr_par' dir='ltr' id='par_1_100' title="bbox 3008 3513 3285 3570">
     <span class='ocr_line' id='line_1_102' title="bbox 3008 3513 3285 3570; baseline 0 -2"><span class='ocrx_word' id='word_1_612' title='bbox 3008 3513 3285 3570; x_wconf 81' lang='lat' dir='ltr'><em>LXXXIX.</em></span> 
     </span>
    </p>
   </div>
   <div class='ocr_carea' id='block_1_101' title="bbox 2325 3601 3940 3676">
    <p class='ocr_par' dir='ltr' id='par_1_101' title="bbox 2325 3601 3940 3676">
     <span class='ocr_line' id='line_1_103' title="bbox 2325 3601 3940 3676; baseline -0.005 -13"><span class='ocrx_word' id='word_1_613' title='bbox 2325 3605 2531 3663; x_wconf 81' lang='lat' dir='ltr'><em>Urbani</em></span> <span class='ocrx_word' id='word_1_614' title='bbox 2559 3607 2612 3660; x_wconf 89' lang='grc'><em>11</em></span> <span class='ocrx_word' id='word_1_615' title='bbox 2641 3619 2802 3676; x_wconf 75' lang='lat' dir='ltr'><em>papae</em></span> <span class='ocrx_word' id='word_1_616' title='bbox 2829 3603 3057 3674; x_wconf 82' lang='lat' dir='ltr'><em>epistola</em></span> <span class='ocrx_word' id='word_1_617' title='bbox 3077 3602 3146 3657; x_wconf 82' lang='lat' dir='ltr'><em>ad</em></span> <span class='ocrx_word' id='word_1_618' title='bbox 3175 3604 3447 3676; x_wconf 74' lang='lat' dir='ltr'><em>episcopos</em></span> <span class='ocrx_word' id='word_1_619' title='bbox 3475 3605 3525 3657; x_wconf 85' lang='lat' dir='ltr'><em>el</em></span> <span class='ocrx_word' id='word_1_620' title='bbox 3545 3601 3786 3676; x_wconf 67' lang='lat' dir='ltr'><em>abbates</em></span> <span class='ocrx_word' id='word_1_621' title='bbox 3818 3601 3940 3672; x_wconf 86' lang='lat' dir='ltr'><em>Aqu</em></span> 
     </span>
    </p>
   </div>
   <div class='ocr_carea' id='block_1_102' title="bbox 2391 3674 3907 3744">
    <p class='ocr_par' dir='ltr' id='par_1_102' title="bbox 2391 3674 3907 3744">
     <span class='ocr_line' id='line_1_104' title="bbox 2391 3674 3907 3744; baseline -0.002 -12"><span class='ocrx_word' id='word_1_622' title='bbox 2391 3679 2583 3744; x_wconf 60' lang='lat' dir='ltr'><em>binim,</em></span> <span class='ocrx_word' id='word_1_623' title='bbox 2619 3674 2940 3730; x_wconf 70' lang='lat' dir='ltr'><em>Guaseonise</em></span> <span class='ocrx_word' id='word_1_624' title='bbox 2984 3679 3034 3729; x_wconf 80' lang='lat' dir='ltr'><em>et</em></span> <span class='ocrx_word' id='word_1_625' title='bbox 3094 3675 3376 3744; x_wconf 77' lang='lat' dir='ltr'><em>inferioris</em></span> <span class='ocrx_word' id='word_1_626' title='bbox 3413 3674 3792 3741; x_wconf 71' lang='lat' dir='ltr'><em>Burgundiae.</em></span> <span class='ocrx_word' id='word_1_627' title='bbox 3833 3706 3907 3716; x_wconf 97' lang='lat'><strong>—</strong></span> 
     </span>
    </p>
   </div>
   <div class='ocr_carea' id='block_1_103' title="bbox 2391 3744 3940 3817">
    <p class='ocr_par' dir='ltr' id='par_1_103' title="bbox 2391 3744 3940 3817">
     <span class='ocr_line' id='line_1_105' title="bbox 2391 3744 3940 3817; baseline -0.001 -14"><span class='ocrx_word' id='word_1_628' title='bbox 2391 3749 2459 3803; x_wconf 81' lang='lat' dir='ltr'><em>ad</em></span> <span class='ocrx_word' id='word_1_629' title='bbox 2513 3746 2937 3816; x_wconf 81' lang='lat' dir='ltr'><em>comparandam</em></span> <span class='ocrx_word' id='word_1_630' title='bbox 2991 3746 3303 3817; x_wconf 64' lang='lat' dir='ltr'><em>apostolica?</em></span> <span class='ocrx_word' id='word_1_631' title='bbox 3346 3744 3488 3800; x_wconf 80' lang='lat' dir='ltr'><em>sedis</em></span> <span class='ocrx_word' id='word_1_632' title='bbox 3536 3746 3872 3802; x_wconf 82' lang='lat' dir='ltr'><em>libertatem</em></span> <span class='ocrx_word' id='word_1_633' title='bbox 3911 3761 3940 3815; x_wconf 58' lang='grc' dir='ltr'><em>ῃ</em></span> 
     </span>
    </p>
   </div>
   <div class='ocr_carea' id='block_1_104' title="bbox 2389 3817 3880 3888">
    <p class='ocr_par' dir='ltr' id='par_1_104' title="bbox 2389 3817 3880 3888">
     <span class='ocr_line' id='line_1_106' title="bbox 2389 3817 3880 3888; baseline 0.001 -16"><span class='ocrx_word' id='word_1_634' title='bbox 2389 3821 2682 3873; x_wconf 76' lang='lat' dir='ltr'><em>(‘uniaru-m</em></span> <span class='ocrx_word' id='word_1_635' title='bbox 2736 3817 2982 3872; x_wconf 83' lang='lat' dir='ltr'><em>subsidia</em></span> <span class='ocrx_word' id='word_1_636' title='bbox 3046 3818 3325 3888; x_wconf 79' lang='lat' dir='ltr'><em>eorrogari</em></span> <span class='ocrx_word' id='word_1_637' title='bbox 3391 3817 3636 3888; x_wconf 67' lang='lat' dir='ltr'><em>faciant,</em></span> <span class='ocrx_word' id='word_1_638' title='bbox 3674 3819 3735 3873; x_wconf 79' lang='lat' dir='ltr'><em>et</em></span> <span class='ocrx_word' id='word_1_639' title='bbox 3799 3817 3880 3873; x_wconf 72' lang='lat' dir='ltr'><em>ad</em></span> 
     </span>
    </p>
   </div>
   <div class='ocr_carea' id='block_1_105' title="bbox 2391 3887 3940 3963">
    <p class='ocr_par' dir='ltr' id='par_1_105' title="bbox 2391 3887 3940 3963">
     <span class='ocr_line' id='line_1_107' title="bbox 2391 3887 3940 3963; baseline -0.001 -19"><span class='ocrx_word' id='word_1_640' title='bbox 2391 3891 2693 3963; x_wconf 79' lang='lat' dir='ltr'><em>transmitti</em></span> <span class='ocrx_word' id='word_1_641' title='bbox 2717 3905 2817 3963; x_wconf 79' lang='lat' dir='ltr'><em>per</em></span> <span class='ocrx_word' id='word_1_642' title='bbox 2860 3904 3056 3944; x_wconf 79' lang='lat' dir='ltr'><em>manus</em></span> <span class='ocrx_word' id='word_1_643' title='bbox 3089 3887 3344 3944; x_wconf 74' lang='lat' dir='ltr'><em>Rainaldi</em></span> <span class='ocrx_word' id='word_1_644' title='bbox 3373 3887 3585 3943; x_wconf 85' lang='lat' dir='ltr'><em>abbatis</em></span> <span class='ocrx_word' id='word_1_645' title='bbox 3613 3887 3670 3942; x_wconf 90' lang='lat' dir='ltr'><em>S.</em></span> <span class='ocrx_word' id='word_1_646' title='bbox 3707 3891 3940 3963; x_wconf 81' lang='lat' dir='ltr'><em>Cypria</em></span> 
     </span>
    </p>
   </div>
   <div class='ocr_carea' id='block_1_106' title="bbox 2390 3961 2769 4017">
    <p class='ocr_par' dir='ltr' id='par_1_106' title="bbox 2390 3961 2769 4017">
     <span class='ocr_line' id='line_1_108' title="bbox 2390 3961 2769 4017; baseline -0.003 0"><span class='ocrx_word' id='word_1_647' title='bbox 2390 3961 2769 4017; x_wconf 70' lang='lat' dir='ltr'><em>Pictaviensis.</em></span> 
     </span>
    </p>
   </div>
   <div class='ocr_carea' id='block_1_107' title="bbox 2925 4030 3324 4102">
    <p class='ocr_par' dir='ltr' id='par_1_107' title="bbox 2925 4030 3324 4102">
     <span class='ocr_line' id='line_1_109' title="bbox 2925 4030 3324 4102; baseline 0.003 -18"><span class='ocrx_word' id='word_1_648' title='bbox 2925 4030 3110 4102; x_wconf 80' lang='lat' dir='ltr'><em>(Anno</em></span> <span class='ocrx_word' id='word_1_649' title='bbox 3145 4031 3324 4100; x_wconf 86' lang='grc'>1093.)</span> 
     </span>
    </p>
   </div>
   <div class='ocr_carea' id='block_1_108' title="bbox 2499 4099 3823 4173">
    <p class='ocr_par' dir='ltr' id='par_1_108' title="bbox 2499 4099 3823 4173">
     <span class='ocr_line' id='line_1_110' title="bbox 2499 4099 3823 4173; baseline 0.001 -16"><span class='ocrx_word' id='word_1_650' title='bbox 2499 4104 2587 4173; x_wconf 84' lang='grc'><em>[0.</em></span> <span class='ocrx_word' id='word_1_651' title='bbox 2617 4103 2909 4171; x_wconf 75' lang='lat' dir='ltr'><em>Bououm,</em></span> <span class='ocrx_word' id='word_1_652' title='bbox 2933 4099 3179 4158; x_wconf 28' lang='lat' dir='ltr'><em>‘Iteeueil.</em></span> <span class='ocrx_word' id='word_1_653' title='bbox 3210 4099 3352 4157; x_wconf 90' lang='lat' dir='ltr'><em>tom.</em></span> <span class='ocrx_word' id='word_1_654' title='bbox 3383 4099 3522 4170; x_wconf 87' lang='lat' dir='ltr'><strong>XIV,</strong></span> <span class='ocrx_word' id='word_1_655' title='bbox 3557 4117 3614 4172; x_wconf 89' lang='lat' dir='ltr'><em>p.</em></span> <span class='ocrx_word' id='word_1_656' title='bbox 3639 4102 3823 4173; x_wconf 79' lang='lat'><em>697.]</em></span> 
     </span>
    </p>
   </div>
   <div class='ocr_carea' id='block_1_109' title="bbox 2393 4191 3940 4263">
    <p class='ocr_par' dir='ltr' id='par_1_109' title="bbox 2393 4191 3940 4263">
     <span class='ocr_line' id='line_1_111' title="bbox 2393 4191 3940 4263; baseline 0.001 -16"><span class='ocrx_word' id='word_1_657' title='bbox 2393 4193 2672 4247; x_wconf 63' lang='lat' dir='ltr'><em>Uusmus</em></span> <span class='ocrx_word' id='word_1_658' title='bbox 2703 4191 3030 4263; x_wconf 88' lang='lat' dir='ltr'><em>episcopus,</em></span> <span class='ocrx_word' id='word_1_659' title='bbox 3067 4206 3269 4245; x_wconf 89' lang='lat' dir='ltr'><em>servus</em></span> <span class='ocrx_word' id='word_1_660' title='bbox 3285 4206 3582 4245; x_wconf 87' lang='lat' dir='ltr'><em>servorum</em></span> <span class='ocrx_word' id='word_1_661' title='bbox 3605 4191 3744 4259; x_wconf 85' lang='lat' dir='ltr'><em>Dei,</em></span> <span class='ocrx_word' id='word_1_662' title='bbox 3776 4191 3940 4248; x_wconf 68' lang='lat' dir='ltr'><em>cher</em></span> 
     </span>
    </p>
   </div>
   <div class='ocr_carea' id='block_1_110' title="bbox 2323 4277 3940 4353">
    <p class='ocr_par' dir='ltr' id='par_1_110' title="bbox 2323 4277 3940 4353">
     <span class='ocr_line' id='line_1_112' title="bbox 2323 4277 3940 4353; baseline 0.001 -19"><span class='ocrx_word' id='word_1_663' title='bbox 2323 4280 2492 4336; x_wconf 90' lang='lat' dir='ltr'><em>simis</em></span> <span class='ocrx_word' id='word_1_664' title='bbox 2525 4279 2823 4348; x_wconf 83' lang='lat' dir='ltr'><em>fratribus,</em></span> <span class='ocrx_word' id='word_1_665' title='bbox 2857 4277 3167 4350; x_wconf 89' lang='lat' dir='ltr'><em>episcopis,</em></span> <span class='ocrx_word' id='word_1_666' title='bbox 3232 4277 3544 4334; x_wconf 86' lang='lat' dir='ltr'><em>abbatibus</em></span> <span class='ocrx_word' id='word_1_667' title='bbox 3594 4294 3706 4349; x_wconf 82' lang='lat' dir='ltr'><em>per</em></span> <span class='ocrx_word' id='word_1_668' title='bbox 3750 4281 3940 4353; x_wconf 81' lang='lat' dir='ltr'><em>Aqui</em></span> 
     </span>
    </p>
   </div>
   <div class='ocr_carea' id='block_1_111' title="bbox 2322 4367 3940 4440">
    <p class='ocr_par' dir='ltr' id='par_1_111' title="bbox 2322 4367 3940 4440">
     <span class='ocr_line' id='line_1_113' title="bbox 2322 4367 3940 4440; baseline -0.001 -14"><span class='ocrx_word' id='word_1_669' title='bbox 2322 4370 2500 4437; x_wconf 89' lang='lat' dir='ltr'><em>niam,</em></span> <span class='ocrx_word' id='word_1_670' title='bbox 2526 4369 2916 4424; x_wconf 88' lang='lat' dir='ltr'><em>Guasconiam</em></span> <span class='ocrx_word' id='word_1_671' title='bbox 2950 4373 3008 4423; x_wconf 88' lang='lat' dir='ltr'><em>et</em></span> <span class='ocrx_word' id='word_1_672' title='bbox 3032 4367 3365 4423; x_wconf 77' lang='lat' dir='ltr'><em>inferiorem</em></span> <span class='ocrx_word' id='word_1_673' title='bbox 3401 4367 3836 4440; x_wconf 82' lang='lat' dir='ltr'><em>Burgundiam</em></span> <span class='ocrx_word' id='word_1_674' title='bbox 3871 4386 3940 4425; x_wconf 84' lang='lat' dir='ltr'><em>cc</em></span> 
     </span>
    </p>
   </div>
   <div class='ocr_carea' id='block_1_112' title="bbox 2320 4455 3907 4528">
    <p class='ocr_par' dir='ltr' id='par_1_112' title="bbox 2320 4455 3907 4528">
     <span class='ocr_line' id='line_1_114' title="bbox 2320 4455 3907 4528; baseline -0.001 -13"><span class='ocrx_word' id='word_1_675' title='bbox 2320 4459 2562 4520; x_wconf 86' lang='lat' dir='ltr'><em>stitutis,</em></span> <span class='ocrx_word' id='word_1_676' title='bbox 2597 4456 2845 4512; x_wconf 88' lang='lat' dir='ltr'><em>salutem</em></span> <span class='ocrx_word' id='word_1_677' title='bbox 2878 4461 2935 4511; x_wconf 87' lang='lat' dir='ltr'><em>et</em></span> <span class='ocrx_word' id='word_1_678' title='bbox 2961 4455 3340 4528; x_wconf 89' lang='lat' dir='ltr'><em>apostolicam</em></span> <span class='ocrx_word' id='word_1_679' title='bbox 3371 4455 3907 4516; x_wconf 87' lang='lat' dir='ltr'><em>benedictionem.</em></span> 
     </span>
    </p>
   </div>
   <div class='ocr_carea' id='block_1_113' title="bbox 2391 4543 3939 4620">
    <p class='ocr_par' dir='ltr' id='par_1_113' title="bbox 2391 4543 3939 4620">
     <span class='ocr_line' id='line_1_115' title="bbox 2391 4543 3939 4620; baseline 0 -17"><span class='ocrx_word' id='word_1_680' title='bbox 2391 4546 2818 4604; x_wconf 88' lang='lat' dir='ltr'><em>Dilectissimus</em></span> <span class='ocrx_word' id='word_1_681' title='bbox 2848 4562 2914 4600; x_wconf 88' lang='lat' dir='ltr'><em>ac</em></span> <span class='ocrx_word' id='word_1_682' title='bbox 2946 4545 3250 4601; x_wconf 85' lang='lat' dir='ltr'><em>familiaris</em></span> <span class='ocrx_word' id='word_1_683' title='bbox 3281 4549 3480 4602; x_wconf 87' lang='lat' dir='ltr'><em>noster</em></span> <span class='ocrx_word' id='word_1_684' title='bbox 3509 4543 3667 4601; x_wconf 89' lang='lat' dir='ltr'><em>ﬁlius</em></span> <span class='ocrx_word' id='word_1_685' title='bbox 3707 4547 3793 4603; x_wconf 75' lang='grc' dir='ltr'><em>Β.</em></span> <span class='ocrx_word' id='word_1_686' title='bbox 3856 4548 3939 4620; x_wconf 74' lang='lat' dir='ltr'><em>[R</em></span> 
     </span>
    </p>
   </div>
   <div class='ocr_carea' id='block_1_114' title="bbox 2320 4687 3940 4764">
    <p class='ocr_par' dir='ltr' id='par_1_114' title="bbox 2320 4687 3940 4764">
     <span class='ocr_line' id='line_1_116' title="bbox 2320 4687 3940 4764; baseline 0.002 -22"><span class='ocrx_word' id='word_1_687' title='bbox 2320 4688 2660 4764; x_wconf 76' lang='lat' dir='ltr'><em>clericorum</em></span> <span class='ocrx_word' id='word_1_688' title='bbox 2681 4688 3454 4764; x_wconf 75' lang='lat' dir='ltr'><em>approbant,mona_chorum</em></span> <span class='ocrx_word' id='word_1_689' title='bbox 3468 4687 3672 4764; x_wconf 72' lang='lat' dir='ltr'><em>veros.</em></span> <span class='ocrx_word' id='word_1_690' title='bbox 3705 4689 3940 4764; x_wconf 69' lang='lat' dir='ltr'><em>Cypria</em></span> 
     </span>
    </p>
   </div>
   <div class='ocr_carea' id='block_1_115' title="bbox 2320 4759 3940 4842">
    <p class='ocr_par' dir='ltr' id='par_1_115' title="bbox 2320 4759 3940 4842">
     <span class='ocr_line' id='line_1_117' title="bbox 2320 4759 3940 4842; baseline 0.002 -27"><span class='ocrx_word' id='word_1_691' title='bbox 2320 4759 2972 4842; x_wconf 29' lang='lat' dir='ltr'><em>intrusiopem&#39;p’ror‘sus</em></span> <span class='ocrx_word' id='word_1_692' title='bbox 3013 4761 3380 4842; x_wconf 72' lang='lat' dir='ltr'><em>improbant._</em></span> <span class='ocrx_word' id='word_1_693' title='bbox 3401 4760 3485 4842; x_wconf 82' lang='lat' dir='ltr'><em>Ad</em></span> <span class='ocrx_word' id='word_1_694' title='bbox 3509 4759 3619 4815; x_wconf 91' lang='lat' dir='ltr'><em>hoc</em></span> <span class='ocrx_word' id='word_1_695' title='bbox 3639 4759 3848 4842; x_wconf 48' lang='lat' dir='ltr'><em>etii—ni</em></span> <span class='ocrx_word' id='word_1_696' title='bbox 3864 4780 3940 4842; x_wconf 78' lang='lat' dir='ltr'><em>_pi</em></span> 
     </span>
    </p>
   </div>
   <div class='ocr_carea' id='block_1_116' title="bbox 2317 4831 3940 4904">
    <p class='ocr_par' dir='ltr' id='par_1_116' title="bbox 2317 4831 3940 4904">
     <span class='ocr_line' id='line_1_118' title="bbox 2317 4831 3940 4904; baseline 0.001 -17"><span class='ocrx_word' id='word_1_697' title='bbox 2317 4833 2515 4904; x_wconf 87' lang='lat' dir='ltr'><em>dictus</em></span> <span class='ocrx_word' id='word_1_698' title='bbox 2541 4833 2721 4886; x_wconf 88' lang='lat' dir='ltr'><em>abbas</em></span> <span class='ocrx_word' id='word_1_699' title='bbox 2735 4831 2932 4887; x_wconf 81' lang='lat' dir='ltr'><em>modis</em></span> <span class='ocrx_word' id='word_1_700' title='bbox 2954 4831 3229 4904; x_wconf 85' lang='lat' dir='ltr'><em>omnibus</em></span> <span class='ocrx_word' id='word_1_701' title='bbox 3245 4831 3556 4896; x_wconf 86' lang='lat' dir='ltr'><em>nitebatur,</em></span> <span class='ocrx_word' id='word_1_702' title='bbox 3592 4835 3658 4886; x_wconf 90' lang='lat' dir='ltr'><em>ut</em></span> <span class='ocrx_word' id='word_1_703' title='bbox 3682 4831 3940 4904; x_wconf 60' lang='lat' dir='ltr'><em>praed&#39;k</em></span> 
     </span>
    </p>
   </div>
   <div class='ocr_carea' id='block_1_117' title="bbox 2317 4903 3940 4975">
    <p class='ocr_par' dir='ltr' id='par_1_117' title="bbox 2317 4903 3940 4975">
     <span class='ocr_line' id='line_1_119' title="bbox 2317 4903 3940 4975; baseline 0.001 -17"><span class='ocrx_word' id='word_1_704' title='bbox 2317 4903 2570 4958; x_wconf 67' lang='lat' dir='ltr'><em>ecclesiae</em></span> <span class='ocrx_word' id='word_1_705' title='bbox 2606 4904 2897 4974; x_wconf 87' lang='lat' dir='ltr'><em>prioratus</em></span> <span class='ocrx_word' id='word_1_706' title='bbox 2929 4905 2978 4957; x_wconf 91' lang='lat' dir='ltr'><em>ei</em></span> <span class='ocrx_word' id='word_1_707' title='bbox 3013 4921 3046 4958; x_wconf 92' lang='lat' dir='ltr'><em>a</em></span> <span class='ocrx_word' id='word_1_708' title='bbox 3075 4903 3293 4975; x_wconf 70' lang='lat' dir='ltr'><em>domne</em></span> <span class='ocrx_word' id='word_1_709' title='bbox 3326 4919 3474 4975; x_wconf 86' lang='lat' dir='ltr'><em>papa</em></span> <span class='ocrx_word' id='word_1_710' title='bbox 3493 4903 3940 4975; x_wconf 68' lang='lat' dir='ltr'><em>concedet-ctu</em></span> 
     </span>
    </p>
   </div>
   <div class='ocr_carea' id='block_1_118' title="bbox 2317 4973 3940 5047">
    <p class='ocr_par' dir='ltr' id='par_1_118' title="bbox 2317 4973 3940 5047">
     <span class='ocr_line' id='line_1_120' title="bbox 2317 4973 3940 5047; baseline 0.003 -18"><span class='ocrx_word' id='word_1_711' title='bbox 2317 4977 2468 5046; x_wconf 90' lang='lat' dir='ltr'><em>quod</em></span> <span class='ocrx_word' id='word_1_712' title='bbox 2502 4973 2752 5030; x_wconf 83' lang='lat' dir='ltr'><em>domnus</em></span> <span class='ocrx_word' id='word_1_713' title='bbox 2767 4991 2936 5047; x_wconf 86' lang='lat' dir='ltr'><em>papa,</em></span> <span class='ocrx_word' id='word_1_714' title='bbox 2972 4975 3139 5030; x_wconf 91' lang='lat' dir='ltr'><em>nobis</em></span> <span class='ocrx_word' id='word_1_715' title='bbox 3171 4973 3624 5047; x_wconf 79' lang='lat' dir='ltr'><em>reclamantibus</em></span> <span class='ocrx_word' id='word_1_716' title='bbox 3653 4980 3728 5047; x_wconf 68' lang='lat' dir='ltr'><em>et</em></span> <span class='ocrx_word' id='word_1_717' title='bbox 3761 4975 3940 5034; x_wconf 78' lang='lat' dir='ltr'><em>liber</em></span> 
     </span>
    </p>
   </div>
   <div class='ocr_carea' id='block_1_119' title="bbox 2316 5045 3940 5117">
    <p class='ocr_par' dir='ltr' id='par_1_119' title="bbox 2316 5045 3940 5117">
     <span class='ocr_line' id='line_1_121' title="bbox 2316 5045 3940 5117; baseline 0.003 -17"><span class='ocrx_word' id='word_1_718' title='bbox 2316 5045 2432 5101; x_wconf 84' lang='lat' dir='ltr'><em>tem</em></span> <span class='ocrx_word' id='word_1_719' title='bbox 2465 5045 2809 5100; x_wconf 82' lang='lat' dir='ltr'><em>clericorum</em></span> <span class='ocrx_word' id='word_1_720' title='bbox 2848 5045 2963 5117; x_wconf 82' lang='lat' dir='ltr'><em>pro</em></span> <span class='ocrx_word' id='word_1_721' title='bbox 3013 5063 3183 5117; x_wconf 89' lang='lat' dir='ltr'><em>posse</em></span> <span class='ocrx_word' id='word_1_722' title='bbox 3240 5051 3438 5101; x_wconf 89' lang='lat' dir='ltr'><em>nostro</em></span> <span class='ocrx_word' id='word_1_723' title='bbox 3492 5045 3940 5117; x_wconf 49' lang='lat' dir='ltr'><em>defendentibl</em></span> 
     </span>
    </p>
   </div>
   <div class='ocr_carea' id='block_1_120' title="bbox 2316 5116 3940 5190">
    <p class='ocr_par' dir='ltr' id='par_1_120' title="bbox 2316 5116 3940 5190">
     <span class='ocr_line' id='line_1_122' title="bbox 2316 5116 3940 5190; baseline 0.003 -18"><span class='ocrx_word' id='word_1_724' title='bbox 2316 5118 2502 5190; x_wconf 77' lang='lat' dir='ltr'><em>facere</em></span> <span class='ocrx_word' id='word_1_725' title='bbox 2525 5117 2730 5181; x_wconf 89' lang='lat' dir='ltr'><em>noluit,</em></span> <span class='ocrx_word' id='word_1_726' title='bbox 2763 5116 3088 5189; x_wconf 63' lang='lat' dir='ltr'><em>praecavens</em></span> <span class='ocrx_word' id='word_1_727' title='bbox 3123 5116 3736 5190; x_wconf 82' lang='lat' dir='ltr'><em>(sicutipsedicebat)</em></span> <span class='ocrx_word' id='word_1_728' title='bbox 3781 5137 3875 5175; x_wconf 87' lang='lat' dir='ltr'><em>ne</em></span> <span class='ocrx_word' id='word_1_729' title='bbox 3915 5140 3940 5177; x_wconf 84' lang='grc' dir='ltr'>ε</span> 
     </span>
    </p>
   </div>
   <div class='ocr_carea' id='block_1_121' title="bbox 2316 5187 3933 5260">
    <p class='ocr_par' dir='ltr' id='par_1_121' title="bbox 2316 5187 3933 5260">
     <span class='ocr_line' id='line_1_123' title="bbox 2316 5187 3933 5260; baseline 0.004 -17"><span class='ocrx_word' id='word_1_730' title='bbox 2316 5189 2422 5243; x_wconf 84' lang='lat' dir='ltr'><em>hac</em></span> <span class='ocrx_word' id='word_1_731' title='bbox 2471 5187 2777 5243; x_wconf 78' lang='lat' dir='ltr'><em>nr-cnsione</em></span> <span class='ocrx_word' id='word_1_732' title='bbox 2820 5190 3130 5260; x_wconf 65' lang='lat' dir='ltr'><em>praedictus</em></span> <span class='ocrx_word' id='word_1_733' title='bbox 3175 5187 3359 5260; x_wconf 80' lang='lat' dir='ltr'><em>abbas</em></span> <span class='ocrx_word' id='word_1_734' title='bbox 3389 5187 3626 5260; x_wconf 85' lang='lat' dir='ltr'><em>clericos</em></span> <span class='ocrx_word' id='word_1_735' title='bbox 3655 5187 3933 5249; x_wconf 70' lang='lat' dir='ltr'><em>molire</em></span> 
     </span>
    </p>
   </div>
   <div class='ocr_carea' id='block_1_122' title="bbox 2315 5259 3930 5324">
    <p class='ocr_par' dir='ltr' id='par_1_122' title="bbox 2315 5259 3930 5324">
     <span class='ocr_line' id='line_1_124' title="bbox 2315 5259 3930 5324; baseline 0.002 -8"><span class='ocrx_word' id='word_1_736' title='bbox 2315 5261 2639 5324; x_wconf 87' lang='lat' dir='ltr'><em>excludere,</em></span> <span class='ocrx_word' id='word_1_737' title='bbox 2669 5267 2726 5315; x_wconf 88' lang='lat' dir='ltr'><em>et</em></span> <span class='ocrx_word' id='word_1_738' title='bbox 2757 5259 3074 5316; x_wconf 78' lang='lat' dir='ltr'><em>munachos</em></span> <span class='ocrx_word' id='word_1_739' title='bbox 3121 5277 3262 5316; x_wconf 92' lang='lat' dir='ltr'><em>suos</em></span> <span class='ocrx_word' id='word_1_740' title='bbox 3292 5259 3684 5314; x_wconf 88' lang='lat' dir='ltr'><em>introducere.</em></span> <span class='ocrx_word' id='word_1_741' title='bbox 3734 5261 3930 5320; x_wconf 85' lang='lat' dir='ltr'><em>Cleri</em></span> 
     </span>
    </p>
   </div>
   <div class='ocr_carea' id='block_1_123' title="bbox 2311 5329 3940 5404">
    <p class='ocr_par' dir='ltr' id='par_1_123' title="bbox 2311 5329 3940 5404">
     <span class='ocr_line' id='line_1_125' title="bbox 2311 5329 3940 5404; baseline 0.001 -17"><span class='ocrx_word' id='word_1_742' title='bbox 2311 5350 2442 5387; x_wconf 90' lang='lat' dir='ltr'><em>rum</em></span> <span class='ocrx_word' id='word_1_743' title='bbox 2474 5337 2668 5404; x_wconf 87' lang='lat' dir='ltr'><em>autem</em></span> <span class='ocrx_word' id='word_1_744' title='bbox 2700 5331 2889 5404; x_wconf 83' lang='lat' dir='ltr'><em>ordini</em></span> <span class='ocrx_word' id='word_1_745' title='bbox 2923 5331 3217 5402; x_wconf 81' lang='lat' dir='ltr'><em>publicam</em></span> <span class='ocrx_word' id='word_1_746' title='bbox 3251 5331 3477 5404; x_wconf 81' lang='lat' dir='ltr'><em>infertis</em></span> <span class='ocrx_word' id='word_1_747' title='bbox 3522 5329 3890 5404; x_wconf 79' lang='lat' dir='ltr'><em>injuriam,</em></span> <span class='ocrx_word' id='word_1_748' title='bbox 3930 5355 3940 5389; x_wconf 74' lang='grc' dir='ltr'>ι</span> 
     </span>
    </p>
   </div>
   <div class='ocr_carea' id='block_1_124' title="bbox 2311 5403 3934 5477">
    <p class='ocr_par' dir='ltr' id='par_1_124' title="bbox 2311 5403 3934 5477">
     <span class='ocr_line' id='line_1_126' title="bbox 2311 5403 3934 5477; baseline 0.004 -19"><span class='ocrx_word' id='word_1_749' title='bbox 2311 5403 2730 5477; x_wconf 84' lang='lat' dir='ltr'><em>monachorum</em></span> <span class='ocrx_word' id='word_1_750' title='bbox 2761 5403 3025 5477; x_wconf 80' lang='lat' dir='ltr'><em>ordinem</em></span> <span class='ocrx_word' id='word_1_751' title='bbox 3057 5407 3267 5477; x_wconf 79' lang='lat' dir='ltr'><em>actam</em></span> <span class='ocrx_word' id='word_1_752' title='bbox 3300 5403 3599 5477; x_wconf 78' lang='lat' dir='ltr'><em>ruinosam</em></span> <span class='ocrx_word' id='word_1_753' title='bbox 3622 5403 3934 5477; x_wconf 84' lang='lat' dir='ltr'><em>superbi</em></span> 
     </span>
    </p>
   </div>
   <div class='ocr_carea' id='block_1_125' title="bbox 2311 5472 3940 5548">
    <p class='ocr_par' dir='ltr' id='par_1_125' title="bbox 2311 5472 3940 5548">
     <span class='ocr_line' id='line_1_127' title="bbox 2311 5472 3940 5548; baseline 0.003 -17"><span class='ocrx_word' id='word_1_754' title='bbox 2311 5475 2557 5548; x_wconf 86' lang='lat' dir='ltr'><em>erigitis,</em></span> <span class='ocrx_word' id='word_1_755' title='bbox 2572 5480 2636 5548; x_wconf 89' lang='lat' dir='ltr'><em>ut</em></span> <span class='ocrx_word' id='word_1_756' title='bbox 2655 5475 2896 5530; x_wconf 88' lang='lat' dir='ltr'><em>clericos</em></span> <span class='ocrx_word' id='word_1_757' title='bbox 2913 5474 3334 5548; x_wconf 78' lang='lat' dir='ltr'><em>eissubjugare</em></span> <span class='ocrx_word' id='word_1_758' title='bbox 3356 5472 3629 5548; x_wconf 82' lang='lat' dir='ltr'><em>studietis</em></span> <span class='ocrx_word' id='word_1_759' title='bbox 3657 5472 3940 5548; x_wconf 53' lang='lat' dir='ltr'><em>;_—quor&#39;</em></span> 
     </span>
    </p>
   </div>
   <div class='ocr_carea' id='block_1_126' title="bbox 2311 5544 3940 5624">
    <p class='ocr_par' dir='ltr' id='par_1_126' title="bbox 2311 5544 3940 5624">
     <span class='ocr_line' id='line_1_128' title="bbox 2311 5544 3940 5624; baseline 0.002 -22"><span class='ocrx_word' id='word_1_760' title='bbox 2311 5544 2474 5624; x_wconf 77' lang='lat' dir='ltr'><em>tanta</em></span> <span class='ocrx_word' id='word_1_761' title='bbox 2503 5547 2676 5624; x_wconf 86' lang='lat' dir='ltr'><em>debet</em></span> <span class='ocrx_word' id='word_1_762' title='bbox 2703 5563 2831 5624; x_wconf 84' lang='lat' dir='ltr'><em>esse</em></span> <span class='ocrx_word' id='word_1_763' title='bbox 2861 5544 3940 5624; x_wconf 32' lang='lat' dir='ltr'><em>exeellentiautﬁecundumBfAAu;</em></span> 
     </span>
    </p>
   </div>
   <div class='ocr_carea' id='block_1_127' title="bbox 2309 5615 3940 5764">
    <p class='ocr_par' dir='ltr' id='par_1_127' title="bbox 2309 5615 3940 5764">
     <span class='ocr_line' id='line_1_129' title="bbox 2309 5615 3940 5764; baseline 0.006 -90"><span class='ocrx_word' id='word_1_764' title='bbox 2309 5619 2558 5764; x_wconf 53' lang='lat' dir='ltr'><em>ptinutm,</em></span> <span class='ocrx_word' id='word_1_765' title='bbox 2589 5619 2687 5746; x_wconf 48' lang='lat' dir='ltr'><em>vix</em></span> <span class='ocrx_word' id='word_1_766' title='bbox 2731 5619 2898 5674; x_wconf 86' lang='lat' dir='ltr'><em>etiam</em></span> <span class='ocrx_word' id='word_1_767' title='bbox 2945 5617 3114 5674; x_wconf 83' lang='lat' dir='ltr'><em>bonus</em></span> <span class='ocrx_word' id='word_1_768' title='bbox 3149 5619 3444 5675; x_wconf 82' lang='lat' dir='ltr'><em>monachus</em></span> <span class='ocrx_word' id='word_1_769' title='bbox 3473 5615 3677 5674; x_wconf 82' lang='lat' dir='ltr'><em>bonum</em></span> <span class='ocrx_word' id='word_1_770' title='bbox 3719 5615 3940 5682; x_wconf 67' lang='lat' dir='ltr'><em>cier-ie</em></span> 
     </span>
     <span class='ocr_line' id='line_1_130' title="bbox 2335 5705 3448 5758; baseline -0.001 -10"><span class='ocrx_word' id='word_1_771' title='bbox 2335 5707 2455 5748; x_wconf 76' lang='lat' dir='ltr'><em>acia</em></span> <span class='ocrx_word' id='word_1_772' title='bbox 2487 5732 2501 5758; x_wconf 93' lang='lat'><em>,</em></span> <span class='ocrx_word' id='word_1_773' title='bbox 2535 5709 2564 5741; x_wconf 85' lang='lat'><strong><em>»</em></strong></span> <span class='ocrx_word' id='word_1_774' title='bbox 2594 5705 2624 5746; x_wconf 90' lang='lat' dir='ltr'><em>e</em></span> <span class='ocrx_word' id='word_1_775' title='bbox 2653 5705 2702 5750; x_wconf 82' lang='grc' dir='ltr'><em>ο.</em></span> <span class='ocrx_word' id='word_1_776' title='bbox 3442 5741 3448 5747; x_wconf 91' lang='grc'>.</span> 
     </span>
    </p>
   </div>
   <div class='ocr_carea' id='block_1_128' title="bbox 2335 5691 2702 5758">
    <p class='ocr_par' dir='ltr' id='par_1_128' title="bbox 2335 5691 2702 5758">
     <span class='ocr_line' id='line_1_131' title="bbox 2335 5691 2702 5758; baseline 0.005 -10"><span class='ocrx_word' id='word_1_777' title='bbox 2335 5691 2501 5758; x_wconf 80' lang='lat' dir='ltr'><em>&#39;aciat,</em></span> <span class='ocrx_word' id='word_1_778' title='bbox 2535 5709 2564 5741; x_wconf 86' lang='grc'>››</span> <span class='ocrx_word' id='word_1_779' title='bbox 2594 5694 2702 5750; x_wconf 89' lang='lat' dir='ltr'><em>etc.</em></span> 
     </span>
    </p>
   </div>
  </div>
