3950 6372
84 406 210 473 313

1268 404 1676 474 EPISTOIJE
1717 408 1816 473 ΕΤ
1857 406 2334 475 PRIVILEGIA.

3379 406 3496 470 874

84 558 272 605 suum
305 538 369 602 in
397 538 799 603 Cameracensi
827 538 1087 604 Ecclesia
1118 542 1221 619 jus
1264 544 1603 620 metropolis
1632 545 1741 604 Re-
1770 543 1825 612 Α
1854 542 2020 604 FaVeI
2051 544 2269 605 Poncii.
2303 540 2530 605 Asserit
2545 541 2703 604 enim
2734 540 2898 620 Hugo
2919 542 2993 603 de
3021 536 3498 617 Conchis,noster

82 634 323 692 mensis
349 631 888 707 amittat.Quisquis
912 636 1068 691 enim
1096 635 1214 693 illic
1235 636 1348 692 nisi
1369 653 1471 708 per
1494 636 1738 692 Remen-

80 740 217 781 sem
251 722 765 797 archiepiscopum
817 724 1258 797 praesumpserit
1305 725 1583 792 ordinari,
1627 743 1745 782 una

81 830 226 870 cum
262 812 601 869 ordinatore
621 830 728 869 suo
757 813 1143 869 districtionis
1187 814 1515 886 apostolicae
1547 813 1742 887 gladio

82 902 358 960 ferietur.
392 903 781 968 Quamobrem
812 906 973 958 tuam
1002 902 1457 959 sollicitudinem
1509 904 1743 976 expedit

84 990 411 1065 vigilanter
437 990 707 1047 insistere
755 996 819 1046 ut
868 996 1117 1064 utraque
1166 992 1421 1048 Ecclesia
1461 992 1743 1048 cardinali

85 1098 209 1136 non
240 1080 605 1136 destituatur
633 1080 927 1153 episeoPO,
964 1080 1078 1135 nisi
1121 1081 1268 1137 forte
1298 1085 1741 1138 Cameracenses

85 1168 470 1242 privilegium
500 1168 772 1224 Romanae
799 1169 1167 1225 auctoritatis
1197 1170 1740 1242 ostenderint,quod

84 1259 175 1316 eis
208 1258 655 1315 Atrebatensem
685 1257 902 1313 subdat
937 1259 1275 1314 Ecclesiam.
1310 1259 1490 1328 Unde,
1542 1260 1740 1327 frater,

83 1347 283 1404 virtus
336 1351 442 1402 tua
469 1361 568 1402 eos
613 1363 970 1419 praemonere
1014 1354 1299 1419 procuret,
1357 1354 1648 1420 quatenus
1682 1348 1740 1403 in

86 1436 365 1509 proxima
394 1435 852 1507 Quadragesima
875 1452 1011 1491 eum
1028 1436 1435 1492 Atrebatenses
1452 1453 1555 1509 pro
1576 1436 1738 1492 electi

88 1524 183 1582 sui
217 1523 666 1580 conﬁrmatione
698 1525 770 1580 ad
801 1542 908 1581 nos
930 1525 1327 1597 venerint,ipsi
1361 1542 1740 1598 quoquecum

87 1613 368 1671 Ecclesiae
400 1630 518 1669 suae
567 1613 1018 1669 auctoritatibus
1062 1618 1273 1670 nostrae
1323 1632 1384 1669 se
1433 1613 1740 1670 audientiae

86 1706 534 1776 representent.
563 1703 737 1757 Porro
767 1702 1108 1758 electionem
1141 1720 1318 1775 quam
1348 1704 1420 1758 de
1441 1703 1742 1759 communi

88 1792 215 1848 tilio
245 1791 522 1847 Manasse
579 1806 677 1846 eos
720 1790 1067 1864 generaliter
1113 1791 1321 1847 fecisse
1369 1792 1737 1865 signiﬁcasti,

89 1880 506 1937 collaudamus
553 1883 611 1936 et
647 1880 1087 1963 confirmamus,
1122 1880 1235 1935 nisi
1278 1882 1551 1952 quaelibet
1600 1881 1743 1936 talia
1773 1915 1819 1980 Β

91 1970 336 2027 obvient
363 1986 491 2042 quia
531 1958 1043 2026 sanctis‘debeant
1091 1969 1412 2025 eanonibus
1465 1969 1737 2026 coerceri.

93 2059 259 2127 Quod
291 2064 360 2115 ut
387 2059 460 2114 ad
490 2059 761 2114 effectum
792 2058 1006 2127 veniat,
1040 2058 1488 2115 Cameracenses
1520 2060 1679 2131 ipsos
1709 2076 1744 2115 a

93 2152 467 2205 sacramento
496 2146 595 2203 illo
624 2147 932 2204 temerario
967 2147 1152 2220 parati
1185 2165 1396 2203 sumus
1419 2147 1739 2216 absolvere,

95 2238 143 2293 si
175 2242 378 2293 tamen
409 2241 469 2293 et
495 2235 607 2308 ipsi
639 2235 887 2292 electum
913 2254 1089 2293 suum
1111 2237 1449 2309 recipere,et
1469 2238 1539 2292 de
1568 2241 1742 2293 teme-

96 2327 270 2383 ritate
302 2324 402 2381 illa
433 2325 619 2398 parati
650 2324 868 2382 fuerint
884 2326 1207 2382 secundum
1231 2330 1397 2381 tuum
1428 2326 1740 2382 consilium

96 2413 502 2489 pmnitentiam
532 2413 823 2471 exhibere.
853 2414 1082 2486 Alioqui
1113 2416 1311 2470 datam
1330 2414 1387 2469 in
1420 2433 1519 2472 eos
1537 2415 1744 2471 frater-

97 2504 264 2561 nitati
296 2509 413 2561 tua:
445 2503 874 2561 interdictionis
903 2504 1255 2561 sententiam
1299 2504 1740 2561 confirmamus.

822 2618 1005 2674 XCVI.

101 2710 350 2769 Urbanus
375 2724 525 2781 papa
572 2724 735 2780 super
781 2710 1131 2781 Arragonum
1159 2726 1358 2781 regem,
1406 2712 1500 2780 qui
1528 2713 1744 2779 neptem

163 2797 324 2837 suam
350 2779 572 2835 cuidam
599 2779 769 2836 militi
810 2797 866 2836 se
903 2779 1162 2836 daturum
1195 2779 1294 2837 sub
1340 2779 1469 2851 ﬁdei
1514 2783 1744 2851 promis-

165 2854 323 2909 sione
340 2853 676 2924 ﬁrmaverat,
696 2854 1017 2907 canonicum
1043 2852 1257 2927 profert
1284 2854 1606 2925 capitulum.

603 2941 619 3011 (
631 2945 643 2993 Ι
656 2945 787 2996 ntra
821 2957 915 2996 an.
966 2940 1245 3013 1088-94.)

528 3030 757 3101 [MANSI,
794 3030 996 3086 Concil.
1030 3031 1142 3099 ΧΧ,
1166 3032 1316 3101 713.]

171 3131 252 3187 De
282 3129 600 3203 neptistuae
624 3128 918 3200 conjugio,
945 3145 1122 3201 quam
1137 3133 1193 3185 te
1211 3130 1442 3185 cuidam
1466 3130 1743 3185 daturum

102 3218 467 3275 necessitatis
490 3217 746 3273 instante
770 3216 1014 3273 articulo
1027 3219 1136 3273 sub
1168 3217 1299 3273 ﬁdei
1327 3217 1743 3290 pollicitatione

104 3306 374 3374 ﬁrmasti,
403 3307 514 3362 hoc
552 3306 824 3378 aequitate
871 3307 1127 3363 dictante
1173 3307 1560 3374 decernimus,
1595 3311 1661 3361 ut
1690 3305 1739 3361 si

101 3396 202 3453 illa
229 3396 444 3462 virum,
473 3400 539 3451 ut
564 3393 797 3467 dicitur,
830 3396 1068 3451 omnino
1100 3396 1314 3463 renuit,
1347 3401 1405 3452 et
1445 3396 1505 3451 in
1538 3397 1743 3451 eadem

102 3485 419 3542 voluntatis
450 3484 795 3541 auctoritate
817 3485 1098 3557 persistit,
1124 3489 1189 3540 ut
1217 3486 1339 3541 viro
1370 3484 1471 3540 illo
1503 3502 1744 3558 prorsus

107 3591 169 3631 se
196 3575 443 3647 deneget
472 3577 821 3646 nupturam,
842 3590 1213 3647 nequaquam
1247 3591 1372 3630 eam
1416 3574 1655 3630 invitam
1688 3579 1747 3629 et

110 3662 454 3719 renitentem
507 3662 770 3735 ejusdem
817 3663 925 3718 viri
965 3679 1136 3736 cogas
1181 3664 1452 3735 conjugio
1500 3662 1744 3731 sociari;

111 3768 362 3824 quorum
397 3750 556 3807 enim
587 3768 771 3806 unum
804 3769 1015 3824 corpus
1045 3757 1152 3817 est,
1172 3754 1341 3807 debet
1379 3770 1506 3808 esse
1537 3756 1592 3807 et
1623 3752 1747 3806 ani-

114 3857 270 3907 mus,
302 3857 374 3896 ne
402 3840 550 3895 forte
579 3856 711 3895 cum
740 3841 862 3896 viro
909 3840 1003 3895 alii
1059 3841 1241 3897 invita
1272 3841 1447 3896 fuerit
1485 3840 1753 3913 copulata

114 3933 319 3985 contra
346 3928 578 3985 Domini
604 3929 970 4002 apostolique
1001 3934 1490 4003 praeceptum,aut
1521 3934 1748 3986 reatum

115 4017 366 4086 dissidii,
398 4023 502 4073 aut
551 4018 771 4074 crimen
812 4019 1212 4076 fornicationis
1256 4020 1537 4075 incurrat.
1572 4020 1752 4089 Cujus

114 4105 381 4163 videlicet
401 4107 621 4178 peccati
650 4106 873 4163 malum
903 4108 962 4163 in
994 4124 1129 4164 eum
1161 4109 1484 4164 redundare
1508 4114 1752 4174 constet,

118 4195 217 4268 qui
246 4211 370 4251 eam
396 4196 698 4266 conjunxit
726 4196 985 4252 invitam.

831 4312 1044 4367 XCVII.

125 4400 330 4458 Urbani
371 4401 420 4455 11
446 4402 673 4471 epistola
702 4402 773 4455 ad
811 4403 1057 4458 abbatem
1088 4402 1141 4456 S.
1174 4404 1407 4458 Joannis
1451 4402 1514 4456 de
1553 4403 1755 4456 Pinna.

190 4502 259 4544 -τ-
289 4472 547 4544 Praecipit
568 4489 637 4527 ne
665 4472 901 4527 decimas
933 4473 1198 4544 quasdam
1217 4475 1493 4528 canonicis
1525 4474 1758 4529 ecclesiae

193 4543 250 4599 S.
281 4542 575 4600 Saturnini
604 4544 883 4601 Tolosant'e
910 4542 1145 4616 auferat.

625 4632 807 4702 (Intra
838 4651 933 4689 an.
977 4634 1256 4703 1088-95.)

400 4719 612 4791 [BALUZ
641 4723 864 4793 Μίδαι,
898 4722 1035 4779 edit.
1067 4723 1205 4778 Luc.
1242 4723 1310 4789 ll,
1347 4724 1494 4793 180.]

128 4876 143 4883 ,
196 4817 475 4874 URBANUS
505 4818 835 4891 episcopus;
867 4837 1072 4877 servus
1096 4837 1395 4876 servorum
1421 4821 1543 4887 Dei,
1564 4822 1760 4877 abbati

130 4905 323 4964 Sancti
351 4907 594 4964 Joannis
625 4909 696 4964 de
724 4908 926 4978 Pinna,
978 4908 1228 4966 salutem
1273 4915 1331 4965 et
1378 4910 1760 4982 apostolicam

131 4994 612 5053 benedictionem.

198 5082 429 5140 Clamor
453 5085 866 5143 canonicorum
899 5087 1097 5144 Sancti
1117 5085 1416 5143 Saturnini
1447 5087 1518 5141 de
1553 5086 1767 5157 injuria

133 5187 307 5244 quam
335 5189 371 5228 a
398 5175 455 5228 te
475 5173 912 5247 patiunturjam
938 5177 1011 5232 ad
1032 5193 1140 5231 nos
1165 5176 1354 5242 rediit,
1373 5193 1487 5231 non
1519 5174 1768 5248 longitu-

134 5260 269 5318 dine
293 5260 661 5328 itineris,non
684 5265 997 5337 asperitate
1031 5265 1312 5320 remansit
1340 5264 1575 5320 laboris.
1603 5265 1771 5320 Pam-

140 5348 459 5421 pilnnensis
488 5351 816 5424 episcopus,
851 5355 980 5409 vitae
1028 5354 1373 5409 venerabilis
1428 5355 1511 5407 vir
1541 5371 1606 5409 ac
1640 5354 1770 5409 reli-

140 5437 524 5511 giosus,dedit
553 5439 638 5497 eis
667 5441 727 5497 in
758 5443 1096 5515 episcopatu
1126 5460 1234 5499 suo
1252 5444 1569 5515 quamdam
1601 5443 1777 5498 eccle-

142 5527 408 5595 siam,eui
440 5531 503 5583 tu
538 5530 731 5586 aufers
780 5532 1097 5589 maximam
1145 5538 1365 5604 partem
1413 5532 1773 5587 decimarum

140 5621 336 5673 contra
354 5617 461 5688 jus
475 5622 531 5673 et
546 5623 747 5675 contra
773 5621 1131 5678 voluntatem
1160 5621 1416 5694 praedicti
1442 5621 1695 5693 episcopi
1722 5626 1777 5676 et

142 5710 337 5764 contra
368 5704 726 5766 voluntatem
761 5709 1330 5782 etdifﬁnitionem,ut
1360 5709 1777 5779 aiunt,abbatis

1853 636 2098 694 clericus
2145 638 2204 693 in
2236 638 2501 694 Romana
2531 636 2785 693 Ecclesia
2821 636 2965 692 satis
3014 635 3281 703 dilectus,
3341 634 3496 708 quod

1852 727 2034 784 abbas
2057 726 2721 799 prmnominatus,eausa
2742 726 3049 797 utriusque
3066 724 3495 797 audita,pacem

1852 817 2004 873 inter
2033 822 2089 873 te
2133 822 2192 873 et
2230 817 2530 889 Hugonem
2577 815 2924 887 composuit,
2976 818 3032 869 et
3072 814 3228 886 quod
3273 818 3498 886 partem

1852 904 2014 961 illam
2041 906 2399 961 decimarum
2432 905 2587 961 unde
2622 904 2694 959 lis
2745 909 2869 960 erat
2899 903 3050 959 inter
3091 920 3193 959 vos
3235 902 3497 958 canonici

1852 994 2010 1050 Beati
2041 994 2338 1049 Saturnini
2372 994 2652 1049 haberent
2666 993 2953 1065 judicavit
2968 990 3499 1048 aclaudavit.Hanc

1851 1100 2053 1156 pacem
2086 1084 2389 1140 retinendo
2420 1083 2680 1139 decimas
2728 1098 2931 1137 eorum
2984 1080 3213 1153 rupisti.
3265 1080 3496 1136 Litteris

1853 1172 2082 1228 abbatis
2109 1173 2195 1227 tui
2228 1173 2603 1228 monentibus
2627 1175 2691 1226 ut
2706 1171 3052 1227 emendares
3078 1186 3192 1225 non
3226 1169 3494 1226 obedisti.

1851 1262 2214 1334 Quapropter
2243 1278 2551 1316 monemus
2583 1265 2638 1315 te
2669 1266 2727 1315 et
2748 1276 2851 1331 per
2875 1259 3272 1314 obedientiam
3305 1258 3501 1330 praeei-

1851 1349 2047 1422 pimus
2079 1356 2142 1404 ut
2172 1350 2479 1421 praedictas
2510 1349 2768 1404 decimas
2792 1347 3089 1403 canonicis
3113 1347 3270 1403 Beati
3295 1347 3497 1402 Satur-

1850 1438 1973 1493 nini
2004 1438 2276 1509 deinceps
2308 1455 2421 1493 non
2456 1437 2708 1503 auferas,
2741 1442 2797 1491 et
2826 1437 2910 1492 eis
2932 1435 3159 1507 judicio
3201 1434 3497 1507 Pampilo-

1852 1527 2051 1583 nensis
2080 1526 2334 1599 episcopi
2361 1527 2432 1581 de
2477 1525 2594 1582 illis
2627 1542 2774 1597 quas
2807 1524 3101 1580 retinuisti
3145 1522 3492 1579 satisfacias.

1850 1615 2013 1681 Quod
2041 1615 2089 1672 si
2121 1616 2274 1671 infra
2301 1614 2543 1686 triginta
2587 1613 2711 1669 dies
2759 1617 3070 1684 postquam
3111 1610 3335 1667 litteras
3388 1610 3495 1666 has

1848 1704 2206 1773 videris,non
2238 1702 3013 1770 emendaveris,confratrem
3046 1705 3312 1756 nostrum
3333 1700 3498 1755 Pam-

1849 1792 2211 1866 pilonensem
2243 1792 2577 1863 episcopum
2614 1807 2921 1846 monemus
2950 1794 3016 1844 ut
3047 1788 3165 1845 vice
3195 1793 3395 1845 nostra
3415 1788 3497 1843 ita

1850 1885 1905 1937 te
1936 1885 1992 1937 et
2021 1880 2339 1937 monachos
2370 1886 2502 1935 tuos
2535 1878 2896 1951 constringat
2925 1896 2997 1934 ne
3026 1876 3329 1932 vinculum
3360 1893 3498 1933 ana-

1850 1969 2128 2026 thematis
2159 1970 2310 2042 quod
2345 1969 2405 2024 in
2437 1968 2758 2041 privilegiis
2773 1966 2932 2023 Beati
2962 1965 3265 2023 Saturnini
3296 1966 3497 2021 firma-

1849 2064 1977 2115 tum
2001 2064 2110 2130 est,
2130 2076 2230 2113 vos
2262 2058 2558 2114 incurrere
2590 2057 2905 2128 permittat,
2941 2060 3117 2128 atque
3140 2071 3211 2111 ne
3241 2053 3498 2126 amplius

1851 2147 2218 2220 querimonia
2248 2148 2319 2203 ad
2372 2163 2543 2202 aures
2575 2150 2807 2201 nostras
2851 2145 3068 2200 redeat.
3104 2145 3318 2216 Regem
3350 2143 3496 2199 San-

1848 2237 2006 2293 cium
2061 2235 2476 2292 charissimum
2528 2235 2783 2291 amicum
2841 2238 3106 2291 nostrum
3158 2250 3227 2288 ex
3289 2235 3497 2288 nostra

1853 2331 2012 2400 parte
2041 2325 2253 2395 saluta,
2287 2329 2344 2381 et
2375 2324 2737 2380 comitissam
2768 2338 3029 2379 sororem
3060 2324 3207 2394 ejus.

2544 2448 2788 2505 XCVIII.

1856 2541 2060 2599 Urbani
2102 2554 2265 2611 papae
2304 2539 2531 2610 epistola
2585 2538 2654 2594 ad
2688 2537 2996 2611 Villelrnum
3028 2535 3497 2611 archiepiscopum

1921 2607 2411 2680 Rolhoinagensem
2438 2614 2491 2664 et
2518 2611 2807 2664 canonicos
2852 2610 2906 2662 S.
2938 2608 3184 2662 Mellonis
3212 2607 3277 2680 de
3321 2609 3496 2680 Ponte

1923 2687 2089 2740 Isarae
2138 2679 2206 2738 et
2230 2682 2560 2737 habitatores
2602 2680 2845 2748 ejusdem
2902 2680 3088 2733 castri.
3122 2708 3188 2718 --
3235 2679 3496 2748 Praecipit

1928 2776 1955 2809 α
1978 2772 2047 2810 ne
2073 2754 2393 2825 prohibeant
2425 2750 2710 2808 monachos
2761 2755 3043 2805 Beccenses
3080 2750 3305 2821 pulsare
3332 2750 3495 2822 signa

1928 2844 2021 2881 sua
2053 2826 2123 2881 ad
2151 2826 2311 2881 horas
2338 2824 2632 2879 secundum
2653 2822 2901 2878 ordinem
2928 2838 3109 2877 suum.
3144 2843 3172 2871 ››

1920 2844 2021 2882 sua
2053 2838 2123 2881 aa
2151 2838 2311 2881 noras
2338 2838 2632 2879 secundum
2653 2838 2901 2878 οναιηεηι
2928 2838 3109 2877 suum.
3144 2843 3172 2871 n

2472 2932 2656 2997 (Auno
2687 2928 2872 2998 1094.)

2274 3036 2507 3111 [ΜΑΝδι,
2541 3035 2745 3092 Concil.
2780 3034 2893 3100 XX,
2924 3033 3075 3105 701.]

1925 3164 2202 3220 Uassnus
2233 3162 2563 3235 episcopus,
2600 3177 2802 3216 servus
2832 3175 3132 3215 servorum
3184 3157 3305 3228 Dei,
3340 3158 3497 3215 WIL-

1773 3285 1815 3353 C
1856 3253 2270 3353 Lamo-dilecto
2298 3251 2461 3353 fratri
2494 3249 2947 3353 ltothomagensi
2980 3247 3420 3353 archiepiscopo
3438 3251 3497 3348 et

1854 3342 2150 3400 canonicis
2181 3340 2375 3398 Sancti
2408 3339 2676 3395 Mellonis
2707 3340 2778 3395 de
2826 3342 3004 3394 Ponte
3046 3338 3213 3394 Isarae
3243 3341 3300 3394 et
3327 3337 3493 3394 habi-

1851 3432 2139 3489 tatoribus
2192 3431 2454 3502 ejusdem
2516 3428 2691 3484 castri
2733 3426 2980 3484 salutem
3033 3430 3090 3482 et
3116 3425 3495 3500 apostolicam

1852 3520 2341 3578 benedictionem.

1926 3607 2331 3681 Signiﬁcatum
2364 3603 2535 3660 nobis
2556 3606 2645 3657 est
2665 3602 2802 3675 quia
2824 3602 3148 3675 prohibetis
3179 3602 3500 3658 monachos

1859 3698 2171 3753 Beceenses
2195 3695 2295 3767 qui
2320 3698 2457 3748 sunt
2485 3692 2544 3747 in
2577 3691 2821 3747 ecclesia
2844 3691 3036 3747 Sancti
3060 3690 3210 3746 Petri
3240 3691 3310 3747 de
3325 3691 3502 3746 Ponte

1859 3792 2030 3842 Isarae
2064 3784 2294 3858 pulsare
2326 3783 2493 3855 signa
2523 3800 2630 3837 sua
2663 3782 2732 3836 ad
2768 3781 2944 3836 horas
2985 3780 3309 3836 secundum
3343 3780 3503 3836 ordi—

1860 3893 1995 3932 nem
2029 3873 2422 3940 suum.Quod,
2457 3871 2567 3925 nisi
2604 3870 2768 3927 vobis
2790 3886 3183 3943 parceremus,
3207 3886 3385 3942 quam
3420 3885 3505 3924 re-

1859 3964 2138 4038 ligiosum
2173 3967 2229 4019 et
2261 3961 2649 4016 inhumanum
2686 3960 2784 4027 sit,
2816 3962 2872 4014 et
2902 3959 2972 4014 de
3004 3975 3123 4030 qua
3152 3957 3347 4014 radice
3378 3975 3509 4031 pro-

1862 4054 2048 4123 cedat,
2096 4054 2521 4124 detegeremus.
2574 4049 2821 4103 Paterna
2869 4048 3047 4121 igitur
3089 4046 3411 4104 monitione
3454 4049 3513 4102 et

1864 4142 2131 4216 praesenti
2166 4140 2508 4195 auctoritate
2557 4136 2928 4210 praecipimus
2970 4155 3040 4192 ne
3080 4137 3330 4193 ulterius
3361 4137 3513 4193 hanc

1864 4230 2315 4304 prohibitionem
2351 4228 2576 4283 faciatis
2594 4232 2694 4282 aut.
2720 4228 2841 4283 fieri
2867 4226 3350 4299 permittatis,scd
3386 4223 3515 4280 illos

1866 4320 2190 4375 secundum
2226 4318 2491 4372 ordinem
2542 4316 2954 4372 monachicum
2996 4320 3052 4371 et
3082 4316 3251 4389 signa
3282 4313 3516 4389 pulsare

1867 4413 1924 4464 et
1955 4425 2055 4480 per
2085 4406 2282 4463 omnia
2329 4405 2590 4462 ordinem
2622 4421 2794 4461 suum
2830 4421 3060 4461 servare
3104 4406 3326 4477 absque
3358 4403 3517 4461 omni

1869 4496 2288 4569 impedimento
2321 4495 2672 4551 concedatis.

1946 4588 2086 4642 Data
2118 4591 2281 4641 trans
2312 4585 2563 4640 Tiberim
2598 4603 2658 4639 ιιι
2694 4584 2817 4640 Kal.
2852 4584 3124 4658 Augusti.

2601 4708 2790 4763 XCIX.

1872 4801 2037 4856 Bulla
2085 4799 2287 4856 Urbani
2314 4800 2364 4854 II
2398 4811 2579 4868 papt'c,
2630 4813 2737 4865 qua
2774 4797 3136 4852 donationem
3179 4813 3213 4850 η
3262 4793 3525 4850 Mathilda

1940 4873 2216 4928 comz’lissa
2248 4873 2451 4942 factum
2473 4868 2804 4924 monasterio
2830 4869 2888 4922 S.
2927 4869 3107 4923 Blasii
3136 4868 3449 4938 conﬁrmat.

2486 4976 2672 5046 (Anno
2709 4974 2891 5043 1094.)

1875 5085 2187 5160 [(ἶΕΒΒειιιτ,
2224 5083 2347 5139 Cod.
2381 5082 2627 5160 (liplom._
2658 5079 3065 5160 SilvaqlVigrRI,
3114 5081 3158 5132 t.
3197 5079 3293 5146 IlI,
3346 5096 3404 5151 p.
3436 5078 3527 5145 33,

2375 5150 2449 5208 ex.
2471 5150 2686 5208 archiv.
2721 5152 2778 5207 S.
2811 5150 3042 5221 Blasii.]

1952 5274 2230 5327 Haemus
2262 5268 2590 5341 episcopus,
2624 5284 2826 5323 servus
2866 5279 3166 5323 servorum
3225 5263 3348 5330 Dei,
3400 5265 3529 5320 uni-

1881 5361 2063 5418 versis
2097 5378 2197 5433 per
2230 5358 2502 5415 Sueviam
2536 5357 2826 5425 ﬁdelibus,
2862 5356 3109 5414 salutem
3157 5357 3215 5408 et
3246 5352 3527 5424 apostoli-

1883 5468 2011 5506 cam
2042 5447 2528 5506 benedictionem.

1955 5540 2117 5595 Sicut
2147 5535 2510 5593 irrationalia
2555 5537 2931 5608 poscentibus
2977 5533 3173 5609 negari
3226 5530 3397 5587 debet
3444 5546 3535 5585 as-

1885 5645 2116 5696 sensus,
2152 5625 2234 5682 sie
2256 5625 2423 5697 justa
2454 5623 2774 5695 petentium
2805 5626 2953 5681 votis
2976 5624 3228 5697 benigna
3249 5619 3532 5676 debemus

1885 5718 2224 5775 assensione
2276 5731 2638 5771 concurrere.
2699 5715 2919 5771 Idcirco
2980 5711 3338 5771 charissima
3398 5707 3529 5765 filiae
