3950 6368
367 373 487 440 375

1661 378 1734 444 Β.
1777 373 2073 459 ΠΒΒᾼῌΙ
2114 373 2170 452 II
2211 374 2466 454 ΡΛΡίΕ.

3643 372 3788 441 ετος

360 514 571 584 nostra:
603 508 900 568 Mathildae
931 509 1042 585 (l9)
1073 510 1386 569 comitissae
1409 512 1698 570 devotioni
1724 511 2002 570 duximus
2030 511 2088 582 Α
2117 507 3808 585 communicatoconfratrumnostrorumepiscoporumet.-

361 601 762 659 annuendum.
797 601 859 656 In
911 618 1060 675 pago
1109 618 1364 673 namque
1411 597 1670 674 Spirensi
1708 601 1866 674 juris
1914 601 2007 658 sui

356 689 665 764 prandium,
699 691 852 764 quod
887 689 1244 748 Titensheim
1273 691 1384 762 (20)
1415 691 1647 757 dicitur,
1672 707 1775 763 pro
1819 689 2009 746 salute

361 797 482 837 suae
513 777 720 835 animae
744 779 805 834 in
836 779 900 834 B.
934 778 1111 835 Blasii
1145 778 1764 851 monasterium,quod
1787 778 1847 834 in
1865 779 2008 834 Sue-

358 867 456 925 via
473 867 654 924 situm
685 870 856 936 est,et
876 866 1157 923 nonnulla
1173 867 1286 923 alia
1301 867 1669 940 obtulit,quae
1689 873 1892 924 nostra
1913 884 2012 940 po-

363 955 548 1014 stulat
575 955 918 1012 auctoritate
949 956 1192 1011 ﬁrmari.
1224 957 1340 1012 Nos
1371 956 1550 1030 igitur
1583 957 1885 1030 praesentis
1918 957 2013 1011 de-

366 1044 507 1102 creti
542 1043 885 1100 auctoritate
918 1043 1218 1101 sancimus
1248 1049 1313 1100 ut
1367 1049 1486 1101 tam
1521 1047 1825 1118 praefatum
1863 1062 2010 1118 pra:-

371 1132 537 1190 dium
585 1149 764 1206 quam
793 1137 1000 1188 caetera
1037 1133 1255 1201 omnia,
1289 1151 1416 1206 quae
1466 1135 1768 1191 comitissa
1808 1134 2012 1189 eadem

372 1222 548 1280 Beato
578 1221 769 1278 Blasio
800 1221 1028 1290 obtulit,
1061 1223 1290 1295 integra
1307 1239 1538 1296 semper
1553 1227 1608 1280 et
1630 1222 1870 1278 illabata
1885 1239 2012 1295 per-

373 1313 650 1368 maneant
679 1327 976 1368 servorum
1009 1311 1131 1382 Dei,
1161 1328 1263 1383 pro
1293 1327 1543 1382 quorum
1587 1309 2015 1366 sustentatione

371 1398 891 1478 ac‘gubernatione
921 1415 1200 1456 concessa
1227 1403 1390 1466 sunt,
1422 1397 1632 1454 usibus
1660 1397 2015 1454 omnimodis

369 1489 694 1563 profutura.
727 1487 883 1544 Nulli
913 1488 1152 1543 omnino
1205 1487 1512 1543 hominum
1555 1486 1727 1543 liceat
1779 1488 2015 1560 prmfato

369 1576 723 1635 monasterio
755 1575 856 1632 illa
901 1576 1246 1632 subtrahere
1282 1573 1372 1633 vel
1406 1576 1688 1646 minuere,
1729 1576 1818 1633 vel
1849 1576 2018 1649 quasi

367 1666 484 1740 piis
513 1665 585 1722 de
608 1665 803 1722 causis
833 1665 956 1722 suis
987 1665 1194 1721 usibus
1240 1664 1550 1738 applicare.
1597 1665 1654 1720 Si
1701 1665 1834 1737 quis
1862 1681 2016 1732 vero,

372 1755 528 1829 quod
557 1754 874 1823 absit,huic
906 1759 1104 1810 nostro
1134 1754 1362 1810 decreto
1395 1754 1454 1808 in
1484 1757 1830 1826 perpetuum
1854 1771 2018 1809 man-

373 1861 510 1902 suro
540 1842 826 1900 contraire
874 1842 1201 1910 tentaverit,
1256 1845 1624 1898 anathemate
1672 1842 1935 1912 feriatur,
1965 1845 2022 1898 et

371 1932 614 1989 honoris
645 1935 820 2004 atque
848 1930 1022 1987 ofﬁcii
1072 1929 1162 1986 sui
1208 1929 1533 2002 periculum
1581 1931 1858 2002 patiatur,
1909 1929 2022 1986 nisi

375 2020 895 2096 praesumptionem
933 2037 1103 2076 suam
1135 2019 1313 2093 digna
1339 2019 1732 2076 satisfactione
1763 2035 2022 2076 correxe-

377 2110 473 2167 rit.
523 2108 982 2167 Observantibus
1033 2111 1228 2164 autem
1267 2107 1392 2163 hinc
1433 2125 1547 2180 pax
1595 2124 1628 2163 a
1677 2107 1923 2164 Domino
1968 2110 2025 2164 et

377 2197 782 2257 misericordia
808 2197 1140 2270 perenniter
1169 2200 1557 2253 conservetur.
1588 2199 1794 2252 Amen.

449 2287 597 2346 Data
626 2288 821 2345 Roma
849 2304 950 2343 vm
974 2287 1112 2342 Idus
1138 2285 1457 2354 Februarii,
1481 2285 1797 2342 indictione
1818 2303 1901 2354 ιιι,
1923 2301 2026 2358 per

377 2393 621 2436 manum
650 2376 893 2434 Joannis
925 2379 1138 2432 sancta:
1169 2374 1440 2430 Romanae
1485 2373 1751 2431 Ecclesia:
1795 2375 2024 2431 diaconi

377 2466 710 2538 cardinalis,
737 2483 890 2522 anno
920 2463 1234 2521 Dominicaa
1261 2463 1682 2520 Incarnationis
1713 2463 2024 2536 4093,pon-

376 2557 633 2614 tiﬁcatus
653 2571 786 2612 vero
818 2553 1016 2612 domui
1047 2553 1266 2610 Urbani
1297 2553 1343 2609 ΙΙ
1373 2570 1536 2626 papae
1569 2569 1721 2608 anno
1753 2557 1934 2610 sexto.

1173 2660 1234 2716 C.

383 2755 590 2814 Urbani
615 2751 922 2824 "epistola
951 2750 1021 2804 ad
1065 2750 1308 2824 Saqcones
1358 2748 1668 2804 catholicos.
1701 2777 1771 2788 --
1798 2747 2028 2824 Nuntiat

457 2841 515 2882 se
556 2820 1056 2880 Halberstadensem
1108 2822 1337 2876 electum
1387 2835 1742 2888 consecrasse,
1789 2820 2028 2890 neglecto

452 2899 773 2968 Moguntina
801 2893 1218 2965 metropolitano
1245 2893 1311 2947 ob
1339 2891 1591 2946 schisma.

1005 2982 1192 3050 (Anno
1225 2980 1405 3047 1094).

801 3071 1032 3144 [MANSI,
1069 3069 1271 3124 Concil.
1304 3067 1417 3135 XX,
1449 3067 1600 3139 740].

451 3181 731 3240 Uamuus
755 3177 1084 3250 episcopus,
1118 3191 1320 3232 servus
1333 3189 1630 3230 servorum
1659 3173 2024 3240 Dei,dilectis

2115 599 2500 662 cardinalium
2532 618 2598 656 ac
2629 602 2918 664 nobilium
2939 600 3772 671 Romanorum.consilio,enm

2115 693 2408 744 annuente
2445 689 2692 746 Domino
2741 689 3228 752 consecravimus.
3262 689 3532 762 Oportuit
3579 689 3773 762 siqui-

2117 777 2250 833 dem
2279 793 2386 833 nos
2417 793 2522 850 pro
2553 777 2856 834 commissi
2907 777 3076 835 nobis
3105 778 3386 836 servitute
3411 823 3416 830 .
3437 777 3616 835 ofﬁcii
3645 781 3773 834 tam

2117 866 2407 921 diutinam
2436 867 2700 938 ejusdem
2732 867 2990 924 ecclesiae
3021 865 3444 928 desolationem
3471 868 3778 924 attendere

2119 958 2176 1011 et
2204 958 2289 1010 tot
2318 955 2648 1011 animarum
2663 955 2838 1012 saluti
2868 955 3149 1029 largiente
3170 955 3416 1014 Domino
3446 956 3772 1030 providere.

2121 1043 2286 1099 Hunc
2309 1044 2506 1116 itaque
2534 1045 2718 1102 nostri
2747 1045 2966 1102 laboris
2995 1044 3222 1102 socium
3266 1061 3406 1102 cum
3440 1044 3776 1102 litterarum

2121 1133 2496 1206 praesentium
2529 1134 3035 1191 commendatione
3053 1133 3436 1200 remittimus,
3467 1133 3780 1191 obsecran-

2124 1229 2208 1277 tes
2236 1237 2340 1294 pro
2369 1221 2796 1295 Christo,atque
2829 1223 3230 1296 praecipientes
3254 1227 3322 1280 ut
3345 1223 3418 1280 ad
3441 1221 3779 1280 evellendus

2122 1309 2408 1366 Dominici
2436 1310 2560 1384 agri
2611 1315 2808 1368 sentes
2847 1311 3147 1368 communi
3180 1311 3423 1368 consilio
3451 1315 3512 1368 et
3555 1311 3780 1368 auxilio

2121 1397 2490 1456 insudemus.
2523 1399 2694 1457 Nulla
2739 1417 2841 1457 vos
2870 1399 3268 1458 dissimulatio
3300 1399 3576 1469 retrahat,
3611 1399 3784 1457 nulla

2123 1487 2403 1560 segnities
2421 1485 2725 1560 impediat,
2758 1487 2900 1560 quin
2939 1487 3137 1560 ipsum
3188 1489 3259 1544 ad
3309 1489 3781 1560 recuperandam

2125 1575 2379 1632 ecclesiae
2410 1593 2527 1632 suae
2555 1576 2754 1633 sedem
2799 1576 3042 1634 viriliter
3091 1577 3400 1648 adjuvetis,
3429 1581 3488 1633 et
3513 1577 3566 1633 ei
3599 1575 3782 1634 resis-

2125 1667 2314 1720 tentes
2359 1668 2481 1720 tam
2528 1664 2766 1721 clericos
2815 1682 2993 1738 quam
3045 1663 3226 1722 laicos
3274 1664 3538 1738 potentia
3583 1669 3788 1723 vestra

2127 1768 2389 1809 coercere
2419 1753 2832 1810 curetis.Illum
2855 1753 3136 1812 nimirum
3155 1754 3256 1827 qui
3275 1771 3338 1812 se
3351 1753 3411 1809 in
3443 1754 3791 1811 Halbersta-

2129 1842 2368 1898 densem
2400 1840 2718 1898 Ecclesiam
2730 1843 3212 1916 postcanonicam
3227 1842 3406 1914 hujus
3435 1843 3784 1900 electionem

2134 1933 2600 2003 praesumptuose
2649 1935 2708 1987 et
2748 1931 3130 1988 irreverenter
3170 1930 3439 2005 ingessit,
3488 1948 3595 1988 nos
3638 1947 3784 1989 eum

2131 2035 2236 2092 pro
2268 2035 2528 2092 personae
2557 2019 3023 2088 inutilitate,tum
3056 2019 3327 2077 Ecclesiae
3355 2019 3546 2092 ipsius
3577 2036 3787 2078 neces-

2133 2108 2308 2164 sitate
2335 2109 2406 2164 ab
2439 2108 2821 2182 usurpatione
2839 2107 3101 2166 indebita
3119 2125 3222 2181 per
3237 2109 3542 2181 praesentis
3561 2108 3790 2166 decreti

2133 2197 2409 2269 paginam
2441 2200 2968 2270 sequestramus,et
2987 2212 3192 2254 omnes
3208 2197 3310 2270 qui
3331 2196 3383 2254 ei
3411 2202 3786 2256 sacramento

2132 2285 2356 2341 astricti
2386 2291 2525 2342 sunt
2555 2290 2844 2359 quantum
2897 2285 2970 2342 ad
3009 2285 3380 2360 episcopatus
3431 2286 3717 2344 honorem
3749 2304 3788 2344 a

2131 2373 2364 2430 vinculo
2392 2375 2580 2448 ipsius
2609 2375 2911 2431 ﬁdelitatis
2955 2375 3335 2432 absolvimus.
3364 2376 3427 2432 In
3470 2375 3588 2432 illis
3636 2393 3786 2434 sane

2133 2463 2418 2536 partibus,
2451 2463 2720 2521 catholici
2737 2480 2854 2520 non
2873 2463 3165 2520 habentur
3183 2463 3477 2536 parochiis
3495 2463 3784 2538 episcopi,

2135 2553 2290 2609 unde
2321 2553 2369 2610 si
2401 2553 2542 2626 quid
2572 2569 2643 2609 ex
2671 2551 3087 2609 abundantiori
3125 2551 3456 2624 apostolicae
3499 2552 3698 2627 gratiae
3731 2557 3796 2610 et

2135 2645 2346 2698 nostris
2375 2642 2742 2699 auctoritatis
2784 2640 3150 2714 plenitudine
3177 2641 3554 2715 disposuerit,
3587 2645 3792 2700 ratum

2135 2730 2428 2799 habetote,
2461 2731 2657 2804 ipsum
2687 2735 2744 2787 et
2771 2729 3105 2787 divinorum
3135 2733 3193 2786 et
3212 2729 3584 2788 saecularium
3613 2747 3794 2804 nego-

2137 2820 2352 2876 tiorum
2403 2819 2662 2876 consiliis
2692 2820 2918 2877 socium
2949 2819 3241 2876 adhibete.
3280 2823 3372 2876 Ita
3417 2823 3618 2877 contra
3646 2837 3792 2877 eum

2135 2926 2238 2966 vos
2259 2908 2319 2964 in
2350 2909 2624 2967 omnibus
2653 2910 2826 2983 agite,
2844 2913 2910 2966 ut
2937 2913 2994 2967 et
3011 2925 3117 2964 nos
3140 2925 3244 2982 pro
3273 2924 3340 2965 eo
3369 2909 3536 2966 vobis
3559 2909 3791 2982 gratias

2137 2998 2476 3066 debeamus,
2533 3003 2591 3054 et
2641 2997 2934 3054 catholicae
2999 2997 3258 3054 veritatis
3323 2996 3525 3054 lumen
3583 3005 3795 3057 contra

2137 3103 2618 3160 unumquemque
2647 3085 3031 3160 resplendeat.
3048 3085 3496 3143 Fraternitatem
3525 3090 3786 3146 vestram

2137 3192 2390 3248 superna
2421 3175 2679 3248 dignatio
2729 3193 2832 3249 per
2880 3180 3144 3249 tempora
3183 3174 3374 3232 multa
3407 3180 3594 3233 servet
3623 3175 3788 3235 inco-

381 3269 660 3328 fratribus
708 3246 1306 3340 N._Magdeburgensi
1358 3261 1792 3336 archiepiscopo
1839 3267 1896 3320 et
1949 3265 2018 3320 N.
2051 3246 2095 3314 (ἶ
2133 3246 2373 3321 lumem.

374 3357 732 3417 Virdunensi
759 3357 1054 3430 episcopo,
1079 3358 1136 3410 et
1173 3353 1396 3410 caeteris
1440 3351 1728 3425 episcopis
1758 3357 1814 3409 et
1843 3354 2020 3410 abba-

373 3449 538 3508 tibus
562 3445 821 3506 Saxonim
852 3445 914 3502 in
943 3443 1229 3501 catholica
1250 3443 1362 3499 ﬁde
1382 3440 1830 3515 persistentibus
1862 3442 2023 3499 salu-

374 3543 494 3597 tem
519 3541 578 3595 et
604 3534 986 3611 apostolicam
1017 3532 1502 3590 benedictionem.

445 3627 707 3694 Qualiter
745 3625 804 3682 in
848 3622 1323 3681 Halberstadensi
1382 3619 1629 3677 ecclesia
1673 3621 2021 3678 venerabilis
2075 3672 2085 3680 .

375 3719 553 3776 frater
594 3718 792 3774 noster
848 3713 915 3770 H.
979 3711 1378 3786 [Hsnvmnus]
1427 3711 1519 3766 cui
1579 3727 1687 3767 nos
1741 3711 2020 3783 Stephani

374 3823 586 3865 nomen
601 3802 1142 3878 imposuimus,jam
1159 3801 1383 3856 dudum
1396 3797 1613 3855 electus
1627 3798 2024 3870 fuerit,quem-

376 3895 695 3954 admodum
726 3892 901 3957 dolis,
931 3899 985 3946 et
1029 3889 1354 3956 blanditiis,
1387 3888 1567 3944 minis
1607 3905 1672 3944 ac
1701 3889 2021 3945 terroribus

376 3986 450 4042 ab
470 3983 676 4041 eadem
708 3979 964 4036 Ecclesia
993 3977 1072 4034 sit
1099 3977 1460 4047 exturbatus,
1493 3977 1864 4048 prudentiam
1893 3995 2019 4032 ves-

374 4077 528 4130 tram
557 4071 738 4127 latere
786 4085 903 4124 non
957 4067 1266 4122 credimus.
1301 4065 1572 4138 Respexit
1599 4069 1795 4121 tamen
1837 4082 2019 4138 popu-

373 4162 500 4218 lum
559 4175 735 4216 suum
785 4154 1184 4212 miserationis
1239 4170 1524 4226 supremae
1573 4153 1832 4227 dignatio
1884 4171 2018 4210 cum

372 4250 646 4310 eumdem
675 4245 924 4304 electum
943 4243 1017 4300 ad
1036 4247 1374 4300 sanctorum
1395 4243 1792 4314 apostolorum
1816 4242 2022 4300 limina

371 4345 430 4398 et
467 4341 540 4412 ad
595 4340 856 4394 nostram
909 4333 1280 4408 praesentiam
1334 4331 1594 4400 adduxit,
1653 4337 1710 4388 et
1767 4333 1906 4404 quia
1959 4333 2018 4389 in

373 4426 824 4502 metropolitana
850 4425 1203 4497 Moguntina
1232 4421 1499 4479 Ecclesia:
1539 4421 1674 4478 sede
1704 4437 1808 4494 pro
1856 4426 2019 4478 tanta

369 4516 883 4579 schismaticorum
910 4515 1255 4586 tempestate
1311 4510 1565 4567 ordinari
1611 4527 1725 4566 non
1772 4515 2016 4584 poterat,

371 4624 508 4666 eum
538 4606 599 4663 in
630 4606 760 4680 ipsa
789 4601 1206 4660 catholicorum
1229 4600 1493 4657 omnium
1518 4599 1722 4656 matris
1744 4599 2016 4656 Romanae

369 4696 638 4755 Ecclesiae
687 4695 825 4752 sede
869 4689 1196 4750 consecrari
1245 4690 1552 4747 concessit.
1585 4689 1732 4744 Cum
1762 4705 1894 4745 vero
1924 4707 2018 4746 ve-

369 4787 555 4846 nisset
585 4786 658 4843 ad
704 4801 832 4854 nos,
865 4783 1084 4856 quibus
1127 4781 1263 4837 licet
1301 4779 1582 4851 indignis,
1615 4777 2014 4850 apostolorum

368 4876 652 4951 principis
678 4875 802 4934 vice
831 4891 898 4930 ac
926 4873 1053 4929 loco
1084 4874 1430 4927 cunctarum
1457 4883 1560 4940 per
1589 4867 1788 4922 orbem
1821 4866 2013 4924 Eccle-

367 4965 590 5024 siarum
621 4979 762 5020 cura
792 4979 857 5019 ac
882 4959 1186 5034 dispositio
1211 4958 1472 5015 cernitur
1492 4954 2014 5028 imminere,ipsius

365 5053 706 5113 electionem
729 5052 956 5124 justam
997 5055 1173 5122 atque
1203 5047 1545 5104 canonicam
1577 5049 2010 5116 cognoscentes,

363 5141 783 5219 prasentisque
804 5138 1084 5212 temporis
1115 5136 1522 5193 necessitatem
1549 5133 2008 5202 considerantes,

435 5285 548 5361 (19)
576 5281 870 5361 Mathildis
900 5282 1023 5361 haec
1053 5279 1167 5361 alia
1207 5278 1364 5361 haud
1408 5281 1497 5361 est
1535 5293 1714 5361 quam
1767 5277 2012 5334 celebris

364 5349 588 5416 Tusciae
620 5353 943 5419 comitissa,
975 5358 1102 5408 tum
1135 5352 1194 5407 in
1225 5350 1370 5406 vivis
1401 5349 1594 5405 adhuc
1624 5349 2010 5420 degens,quaa

363 5449 433 5488 ex
482 5427 818 5484 hareditate
867 5429 1154 5490 materna,
1201 5439 1303 5478 seu
1342 5437 1410 5476 ex
1459 5421 1645 5492 primo
1681 5420 2012 5492 cumiduce

368 5498 756 5572 Lotharingiaa
787 5496 1100 5572 connubio]
1135 5492 1418 5550 nonnulla
1447 5491 1634 5547 adhuc
1657 5491 1810 5548 bona
1831 5491 1889 5546 in
1912 5491 2010 5546 illo

363 5568 869 5631 terrarum'tractu
903 5568 1129 5623 habuit.

431 5645 542 5718 (20)
578 5645 768 5718 Locus
921 5640 995 5718 in_
1011 5655 1158 5718 pago
1189 5635 1547 5718 _Spircpsi‘i.n
1575 5633 1804 5718 Paulini
1841 5634 2008 5716 pagis

361 5705 684 5774 Germaniae
715 5712 929 5769 dicitur
959 5705 1347 5774 Didincsheim,
1370 5706 1545 5762 hodie
1565 5705 1934 5778 Deydesheim;

433 5788 545 5862 (21)
573 5786 714 5848 Neci
745 5783 959 5845 tradito
991 5783 1064 5841 ob
1085 5779 1382 5841 catholicae
1405 5778 1586 5855 partis
1608 5777 2006 5836 defensionme

2201 3357 2344 3410 Data
2375 3354 2568 3411 Romae
2597 3371 2699 3411 νιιι
2729 3355 2868 3410 Idus
2898 3354 3218 3412 Februarii.

2908 3473 2996 3526 Cl.

2129 3562 2151 3585 "
2182 3561 2429 3619 Urbanus
2453 3562 2502 3617 II
2526 3560 2779 3616 omnibus
2803 3575 2903 3631 per
2949 3559 3252 3616 Saxoniam
3297 3559 3554 3617 Ecclesia
3598 3559 3784 3617 catho-

2201 3635 2327 3690 lica
2353 3633 2488 3703 ﬁliis
2539 3633 2815 3702 signiﬁcat
2864 3631 3252 3703 He[rrundum]
3300 3633 3610 3704 episcopum
3637 3633 3781 3704 ﬂai-

2202 3701 2595 3760 berstadensem
2623 3701 3044 3758 consecratuma
3061 3719 3119 3758 se
3147 3701 3280 3759 esse.
3309 3701 3411 3758 Cui
3432 3701 3494 3757 ut
3519 3702 3781 3760 obediant

2197 3776 2468 3848 praecipit.
2496 3775 2814 3848 Omnesﬁab
2854 3776 3125 3848 inrasoris
3154 3774 3418 3848 ﬁdelitate
3462 3775 3642 3848 soluit.
3676 3774 3782 3844 (Ad

2199 3845 2662 3918 consecrationem
2690 3845 2964 3900 Herrandi
2992 3846 3276 3918 referenda
3297 3847 3414 3902 haec
3442 3846 3607 3918 verba
3623 3851 3780 3900 sunt:

2203 3940 2229 3965 «
2262 3919 2452 3972 Actum
2481 3917 2657 3972 Romae
2705 3918 2767 3970 in
2812 3915 3139 3972 ecclesias.
3185 3918 3376 3973 Mariae
3415 3934 3534 3988 quae
3571 3915 3782 3973 dicitur

2202 3989 2370 4054 Nova,
2403 4004 2459 4041 ιν
2487 3988 2604 4060 Kal.
2657 3988 2812 4043 Febr.
2847 3989 3149 4060 [Dominico
3191 3989 3282 4044 die
3314 3988 3389 4044 29
3416 3988 3588 4058 Jan],
3630 4004 3779 4045 anno

2204 4063 2355 4115 Dom.
2391 4060 2501 4115 Inc.
2537 4059 2696 4125 4093,
2724 4059 2876 4132 pont.
2909 4077 2984 4116 an
3012 4064 3110 4129 v1).
3143 4082 3172 4109 ››

2752 4166 2938 4237 (Anno
2965 4165 3149 4237 4094).

2128 4272 2779 4346 [ΨγεοειςιινιωΝριεηίκιι
2806 4274 3026 4342 einigen
3056 4271 3643 4346 Geschichtschreibem
3683 4272 3776 4329 de:

2197 4345 2486 4400 deutschen
2531 4345 2884 4400 Mittelalters.
2939 4375 3010 4384 —
3047 4344 3326 4414 Hamburg
3383 4345 3540 4413 1823,
3601 4346 3772 4412 in-8°,

2329 4416 2479 4559 ]293,
2538 4419 2686 4473 teste
2740 4415 2886 4472 Jaﬂ'é
2949 4417 3165 4488 Regesta
3215 4417 3416 4488 ponti].
3475 4418 3653 4486 Rom.,
3714 4433 3770 4488 p.

2889 4574 3004 4632 CII.

2132 4667 2340 4749 Urbani
2391 4667 2443 4722 ΙΙ
2471 4665 2714 4749 epistola.
2743 4663 2814 4749 ad
2859 4665 3066 4749 cteruzn
3095 4674 3146 4721 et
3172 4665 3438 4749 populant
3465 4665 3776 4749 Halbersta-

2197 4739 2435 4794 densem.
2467 4735 2534 4778 έ-
2564 4735 2774 4792 Laudat
2803 4736 2942 4807 quod
2961 4735 3204 4808 episcopo
3232 4735 3294 4792 in
3319 4737 3556 4792 schisma
3593 4735 3776 4807 delap-

2193 4825 2250 4865 so
2279 4811 2472 4948 abliiuztz
2482 4809 2602 4951 ‘13)60
2627 4809 2741 4880 ejus
2789 4809 3069 4880 elegerint,
3103 4824 3271 4881 quam
3311 4808 3631 4864 electionem
3673 4824 3771 4880 ap-

2193 4897 2290 4951 pro
2329 4897 2364 4935 a
2437 4895 2450 4906 ’
2538 4920 2550 4934 .

2190 4897 2386 4953 ρνοοαε
2413 4897 2496 4948 (κε
2513 4897 2550 4951 ).

2743 4969 2928 5039 (Anno
2961 4967 3144 5040 4094).

2549 5057 2780 5128 [Musa
2807 5056 3010 5113 Concil.
3033 5057 3154 5126 ΧΧ,
3184 5057 3335 5128 708].

2193 5148 2468 5203 υιιΒΑΝυε
2499 5161 3038 5218 episcopus,servus
3068 5161 3368 5202 servorum
3398 5142 3522 5214 Dei,
3537 5141 3772 5200 dilectis

2120 5273 2425 5352 Euchardo
2459 5271 2528 5339 ll,
2569 5269 3042 5352 ilalberstadensi
3085 5271 3376 5352 episcopo,
3419 5268 3768 5352 apn9‘1088:

2118 5338 2520 5402 Thietmarum
2563 5343 2875 5414 diaconum
2924 5359 3060 5414 pars
3098 5338 3387 5414 catholica
3415 5338 3626 5414 elegit;
3661 5340 3767 5395 sed

2119 5433 2184 5474 eo
2215 5415 2416 5473 veneni
2449 5413 2854 5487 propinatione
2873 5431 2909 5470 a
2923 5410 3314 5487 schismaticis
3333 5411 3488 5487 haud
3507 5410 3607 5466 diu
3629 5416 3771 5487 post

2117 5487 2418 5555 exstincto,
2450 5482 2527 5542 'in
2556 5482 2843 5542 eamdem
2878 5485 3215 5542 cathedram
3263 5482 3587 5540 assumitur
3629 5482 3772 5555 Her-

2117 5560 2362 5626 vaudus,
2396 5551 2494 5627 qui
2535 5561 2591 5612 et
2643 5555 2973 5627 Stephanus
3016 5555 3212 5627 abbas
3238 5551 3782 5627 Ilsineburgensis;.

2159 5649 2290 5688 uem
2326 5631 2382 5686 in
2413 5626 2523 5685 hac
2563 5626 2811 5700 epistola
2847 5627 3132 5700 respicere
3181 5626 3761 5700 Urbanumucenseo.

2167 5721 2246 5761 aee
2274 5699 2577 5773 desumpsi
2601 5696 2677 5756 ex
2700 5696 3004 5756 Annalista
3031 5699 3256 5757 Saxone
3285 5696 3544 5758 Eccardi.
