  <div class='ocr_page' id='page_1' title='image "/cluster/home/n/w/nwhite01/storage/ocr_20150623/151/umn.31951002477444s/244.png"; bbox 0 0 3950 6424; ppageno 0'>
   <div class='ocr_carea' id='block_1_1' title="bbox 140 455 273 522">
    <p class='ocr_par' dir='ltr' id='par_1_1' title="bbox 140 455 273 522">
     <span class='ocr_line' id='line_1_1' title="bbox 140 455 273 522; baseline 0 -29"><span class='ocrx_word' id='word_1_1' title='bbox 140 455 273 522; x_wconf 63' lang='grc' dir='ltr'>επ.</span> 
     </span>
    </p>
   </div>
   <div class='ocr_carea' id='block_1_2' title="bbox 1297 444 2369 522">
    <p class='ocr_par' dir='ltr' id='par_1_2' title="bbox 1297 444 2369 522">
     <span class='ocr_line' id='line_1_2' title="bbox 1297 444 2369 522; baseline 0 -1"><span class='ocrx_word' id='word_1_2' title='bbox 1297 444 1709 521; x_wconf 71' lang='lat' dir='ltr'>EPISTOL/E</span> <span class='ocrx_word' id='word_1_3' title='bbox 1745 444 1850 521; x_wconf 77' lang='lat' dir='ltr'>ET</span> <span class='ocrx_word' id='word_1_4' title='bbox 1874 453 2019 520; x_wconf 59' lang='lat' dir='ltr'>‘PRI</span> <span class='ocrx_word' id='word_1_5' title='bbox 2031 454 2369 522; x_wconf 86' lang='lat' dir='ltr'>VILEGIA.</span> 
     </span>
    </p>
   </div>
   <div class='ocr_carea' id='block_1_3' title="bbox 3405 454 3524 519">
    <p class='ocr_par' dir='ltr' id='par_1_3' title="bbox 3405 454 3524 519">
     <span class='ocr_line' id='line_1_3' title="bbox 3405 454 3524 519; baseline -0.008 0"><span class='ocrx_word' id='word_1_6' title='bbox 3405 454 3524 519; x_wconf 81' lang='lat'>378</span> 
     </span>
    </p>
   </div>
   <div class='ocr_carea' id='block_1_4' title="bbox 140 564 3524 667">
    <p class='ocr_par' dir='ltr' id='par_1_4' title="bbox 140 564 3524 667">
     <span class='ocr_line' id='line_1_4' title="bbox 140 564 3524 667; baseline -0.001 -16"><span class='ocrx_word' id='word_1_7' title='bbox 140 591 292 661; x_wconf 77' lang='lat' dir='ltr'>ﬁliis,</span> <span class='ocrx_word' id='word_1_8' title='bbox 322 588 480 650; x_wconf 81' lang='lat' dir='ltr'>clero</span> <span class='ocrx_word' id='word_1_9' title='bbox 508 590 830 667; x_wconf 77' lang='lat' dir='ltr'>ac&#39;pOpulo</span> <span class='ocrx_word' id='word_1_10' title='bbox 882 589 1376 662; x_wconf 84' lang='lat' dir='ltr'>Halberstadensi,</span> <span class='ocrx_word' id='word_1_11' title='bbox 1423 590 1672 649; x_wconf 84' lang='lat' dir='ltr'>salutem</span> <span class='ocrx_word' id='word_1_12' title='bbox 1718 594 1775 648; x_wconf 90' lang='lat' dir='ltr'>et</span> <span class='ocrx_word' id='word_1_13' title='bbox 1801 591 1859 660; x_wconf 76' lang='grc' dir='ltr'><strong>Α</strong></span> <span class='ocrx_word' id='word_1_14' title='bbox 1887 589 2035 648; x_wconf 88' lang='lat' dir='ltr'>siliis</span> <span class='ocrx_word' id='word_1_15' title='bbox 2064 591 2311 649; x_wconf 87' lang='lat' dir='ltr'>obedite.</span> <span class='ocrx_word' id='word_1_16' title='bbox 2367 586 2516 649; x_wconf 88' lang='lat' dir='ltr'>Sane</span> <span class='ocrx_word' id='word_1_17' title='bbox 2565 607 2693 665; x_wconf 63' lang='lat' dir='ltr'>qua</span> <span class='ocrx_word' id='word_1_18' title='bbox 2749 564 3167 648; x_wconf 85' lang='lat' dir='ltr'>catholicorum</span> <span class='ocrx_word' id='word_1_19' title='bbox 3228 589 3288 646; x_wconf 89' lang='lat' dir='ltr'>in</span> <span class='ocrx_word' id='word_1_20' title='bbox 3316 591 3524 649; x_wconf 91' lang='lat' dir='ltr'>vestris</span> 
     </span>
    </p>
   </div>
   <div class='ocr_carea' id='block_1_5' title="bbox 143 681 1032 756">
    <p class='ocr_par' dir='ltr' id='par_1_5' title="bbox 143 681 1032 756">
     <span class='ocr_line' id='line_1_5' title="bbox 143 681 1032 756; baseline -0.001 -18"><span class='ocrx_word' id='word_1_21' title='bbox 143 681 519 756; x_wconf 72' lang='lat' dir='ltr'>apostolicam</span> <span class='ocrx_word' id='word_1_22' title='bbox 550 681 1032 739; x_wconf 84' lang='lat' dir='ltr'>benedictionem.</span> 
     </span>
    </p>
   </div>
   <div class='ocr_carea' id='block_1_6' title="bbox 208 770 1778 844">
    <p class='ocr_par' dir='ltr' id='par_1_6' title="bbox 208 770 1778 844">
     <span class='ocr_line' id='line_1_6' title="bbox 208 770 1778 844; baseline -0.001 -17"><span class='ocrx_word' id='word_1_23' title='bbox 208 771 335 827; x_wconf 83' lang='lat' dir='ltr'>Non</span> <span class='ocrx_word' id='word_1_24' title='bbox 361 770 573 844; x_wconf 75' lang='lat' dir='ltr'>exigua</span> <span class='ocrx_word' id='word_1_25' title='bbox 616 770 823 827; x_wconf 87' lang='lat' dir='ltr'>salutis</span> <span class='ocrx_word' id='word_1_26' title='bbox 870 774 1072 827; x_wconf 65' lang='lat' dir='ltr'>vestras</span> <span class='ocrx_word' id='word_1_27' title='bbox 1114 771 1347 843; x_wconf 76' lang='lat' dir='ltr'>jactura</span> <span class='ocrx_word' id='word_1_28' title='bbox 1403 771 1778 843; x_wconf 80' lang='lat' dir='ltr'>perpenditur</span> 
     </span>
    </p>
   </div>
   <div class='ocr_carea' id='block_1_7' title="bbox 145 859 1777 934">
    <p class='ocr_par' dir='ltr' id='par_1_7' title="bbox 145 859 1777 934">
     <span class='ocr_line' id='line_1_7' title="bbox 145 859 1777 934; baseline -0.001 -18"><span class='ocrx_word' id='word_1_29' title='bbox 145 860 294 934; x_wconf 89' lang='lat' dir='ltr'>quod</span> <span class='ocrx_word' id='word_1_30' title='bbox 329 859 538 915; x_wconf 89' lang='lat' dir='ltr'>tandiu</span> <span class='ocrx_word' id='word_1_31' title='bbox 583 859 837 916; x_wconf 89' lang='lat' dir='ltr'>Ecclesia</span> <span class='ocrx_word' id='word_1_32' title='bbox 884 864 1076 917; x_wconf 86' lang='lat' dir='ltr'>vestra</span> <span class='ocrx_word' id='word_1_33' title='bbox 1127 859 1382 933; x_wconf 79' lang='lat' dir='ltr'>pastoris</span> <span class='ocrx_word' id='word_1_34' title='bbox 1432 865 1523 916; x_wconf 90' lang='lat' dir='ltr'>est</span> <span class='ocrx_word' id='word_1_35' title='bbox 1571 859 1777 915; x_wconf 86' lang='lat' dir='ltr'>solatio</span> 
     </span>
    </p>
   </div>
   <div class='ocr_carea' id='block_1_8' title="bbox 145 938 1777 1020">
    <p class='ocr_par' dir='ltr' id='par_1_8' title="bbox 145 938 1777 1020">
     <span class='ocr_line' id='line_1_8' title="bbox 145 938 1777 1020; baseline -0.001 -14"><span class='ocrx_word' id='word_1_36' title='bbox 145 948 438 1006; x_wconf 84' lang='lat' dir='ltr'>destituta.</span> <span class='ocrx_word' id='word_1_37' title='bbox 452 947 812 1005; x_wconf 73' lang='lat' dir='ltr'>Venerabilis</span> <span class='ocrx_word' id='word_1_38' title='bbox 842 948 1129 1020; x_wconf 85' lang='lat' dir='ltr'>siquidem</span> <span class='ocrx_word' id='word_1_39' title='bbox 1163 938 1339 1004; x_wconf 75' lang='lat' dir='ltr'>frater</span> <span class='ocrx_word' id='word_1_40' title='bbox 1368 952 1777 1020; x_wconf 89' lang='lat' dir='ltr'>noster,quem</span> 
     </span>
    </p>
   </div>
   <div class='ocr_carea' id='block_1_9' title="bbox 146 1037 1779 1095">
    <p class='ocr_par' dir='ltr' id='par_1_9' title="bbox 146 1037 1779 1095">
     <span class='ocr_line' id='line_1_9' title="bbox 146 1037 1779 1095; baseline -0.002 0"><span class='ocrx_word' id='word_1_41' title='bbox 146 1037 436 1095; x_wconf 85' lang='lat' dir='ltr'>communi</span> <span class='ocrx_word' id='word_1_42' title='bbox 467 1053 761 1094; x_wconf 66' lang='lat'>0008011811</span> <span class='ocrx_word' id='word_1_43' title='bbox 784 1038 1107 1094; x_wconf 89' lang='lat' dir='ltr'>secundum</span> <span class='ocrx_word' id='word_1_44' title='bbox 1131 1042 1465 1093; x_wconf 89' lang='lat' dir='ltr'>sanctorum</span> <span class='ocrx_word' id='word_1_45' title='bbox 1490 1053 1779 1092; x_wconf 89' lang='lat' dir='ltr'>canonum</span> 
     </span>
    </p>
   </div>
   <div class='ocr_carea' id='block_1_10' title="bbox 147 1125 1781 1200">
    <p class='ocr_par' dir='ltr' id='par_1_10' title="bbox 147 1125 1781 1200">
     <span class='ocr_line' id='line_1_10' title="bbox 147 1125 1781 1200; baseline -0.001 -16"><span class='ocrx_word' id='word_1_46' title='bbox 147 1127 287 1184; x_wconf 83' lang='lat' dir='ltr'>scita</span> <span class='ocrx_word' id='word_1_47' title='bbox 312 1125 376 1181; x_wconf 91' lang='lat' dir='ltr'>in</span> <span class='ocrx_word' id='word_1_48' title='bbox 417 1126 755 1198; x_wconf 82' lang='lat' dir='ltr'>pontiﬁcem</span> <span class='ocrx_word' id='word_1_49' title='bbox 805 1127 969 1183; x_wconf 86' lang='lat' dir='ltr'>vobis</span> <span class='ocrx_word' id='word_1_50' title='bbox 1016 1125 1342 1200; x_wconf 90' lang='lat' dir='ltr'>elegeratis,</span> <span class='ocrx_word' id='word_1_51' title='bbox 1375 1125 1781 1182; x_wconf 86' lang='lat' dir='ltr'>schismatico-</span> 
     </span>
    </p>
   </div>
   <div class='ocr_carea' id='block_1_11' title="bbox 145 1214 1781 1288">
    <p class='ocr_par' dir='ltr' id='par_1_11' title="bbox 145 1214 1781 1288">
     <span class='ocr_line' id='line_1_11' title="bbox 145 1214 1781 1288; baseline -0.002 -16"><span class='ocrx_word' id='word_1_52' title='bbox 145 1231 271 1272; x_wconf 87' lang='lat' dir='ltr'>rum</span> <span class='ocrx_word' id='word_1_53' title='bbox 297 1215 357 1269; x_wconf 89' lang='lat' dir='ltr'>vi</span> <span class='ocrx_word' id='word_1_54' title='bbox 386 1218 652 1288; x_wconf 79' lang='lat' dir='ltr'>cogente,</span> <span class='ocrx_word' id='word_1_55' title='bbox 681 1215 892 1286; x_wconf 77' lang='lat' dir='ltr'>partim</span> <span class='ocrx_word' id='word_1_56' title='bbox 930 1214 1080 1270; x_wconf 91' lang='lat' dir='ltr'>dolis</span> <span class='ocrx_word' id='word_1_57' title='bbox 1109 1218 1164 1270; x_wconf 90' lang='lat' dir='ltr'>et</span> <span class='ocrx_word' id='word_1_58' title='bbox 1212 1214 1535 1282; x_wconf 87' lang='lat' dir='ltr'>blanditiis,</span> <span class='ocrx_word' id='word_1_59' title='bbox 1569 1214 1781 1287; x_wconf 83' lang='lat' dir='ltr'>partim</span> 
     </span>
    </p>
   </div>
   <div class='ocr_carea' id='block_1_12' title="bbox 145 1302 1786 1372">
    <p class='ocr_par' dir='ltr' id='par_1_12' title="bbox 145 1302 1786 1372">
     <span class='ocr_line' id='line_1_12' title="bbox 145 1302 1786 1372; baseline -0.002 -11"><span class='ocrx_word' id='word_1_60' title='bbox 145 1303 571 1361; x_wconf 76' lang='lat' dir='ltr'>terroribuset</span> <span class='ocrx_word' id='word_1_61' title='bbox 615 1303 873 1372; x_wconf 90' lang='lat' dir='ltr'>minis,a</span> <span class='ocrx_word' id='word_1_62' title='bbox 914 1307 1109 1360; x_wconf 85' lang='lat' dir='ltr'>vestra</span> <span class='ocrx_word' id='word_1_63' title='bbox 1149 1307 1239 1360; x_wconf 86' lang='lat' dir='ltr'>est</span> <span class='ocrx_word' id='word_1_64' title='bbox 1283 1302 1540 1359; x_wconf 75' lang='lat' dir='ltr'>Ecclesia</span> <span class='ocrx_word' id='word_1_65' title='bbox 1584 1307 1786 1359; x_wconf 89' lang='lat' dir='ltr'>contra</span> 
     </span>
    </p>
   </div>
   <div class='ocr_carea' id='block_1_13' title="bbox 144 1391 1781 1450">
    <p class='ocr_par' dir='ltr' id='par_1_13' title="bbox 144 1391 1781 1450">
     <span class='ocr_line' id='line_1_13' title="bbox 144 1391 1781 1450; baseline -0.002 0"><span class='ocrx_word' id='word_1_66' title='bbox 144 1392 476 1450; x_wconf 74' lang='lat' dir='ltr'>motiones</span> <span class='ocrx_word' id='word_1_67' title='bbox 503 1393 814 1449; x_wconf 89' lang='lat' dir='ltr'>canonicas</span> <span class='ocrx_word' id='word_1_68' title='bbox 845 1397 902 1449; x_wconf 90' lang='lat' dir='ltr'>et</span> <span class='ocrx_word' id='word_1_69' title='bbox 931 1391 1382 1449; x_wconf 83' lang='lat' dir='ltr'>consuetudines</span> <span class='ocrx_word' id='word_1_70' title='bbox 1431 1391 1781 1449; x_wconf 88' lang='lat' dir='ltr'>ecclesiasti-</span> 
     </span>
    </p>
   </div>
   <div class='ocr_carea' id='block_1_14' title="bbox 142 1480 1782 1554">
    <p class='ocr_par' dir='ltr' id='par_1_14' title="bbox 142 1480 1782 1554">
     <span class='ocr_line' id='line_1_14' title="bbox 142 1480 1782 1554; baseline -0.002 -16"><span class='ocrx_word' id='word_1_71' title='bbox 142 1498 239 1538; x_wconf 86' lang='lat' dir='ltr'>cas</span> <span class='ocrx_word' id='word_1_72' title='bbox 262 1480 668 1537; x_wconf 80' lang='lat' dir='ltr'>conturbatus.</span> <span class='ocrx_word' id='word_1_73' title='bbox 687 1481 885 1554; x_wconf 85' lang='lat' dir='ltr'>Neque</span> <span class='ocrx_word' id='word_1_74' title='bbox 906 1498 1041 1537; x_wconf 89' lang='lat' dir='ltr'>vero</span> <span class='ocrx_word' id='word_1_75' title='bbox 1062 1481 1227 1536; x_wconf 86' lang='lat' dir='ltr'>licuit</span> <span class='ocrx_word' id='word_1_76' title='bbox 1247 1488 1578 1553; x_wconf 88' lang='lat' dir='ltr'>susceptam</span> <span class='ocrx_word' id='word_1_77' title='bbox 1601 1480 1782 1538; x_wconf 90' lang='lat' dir='ltr'>semel</span> 
     </span>
    </p>
   </div>
   <div class='ocr_carea' id='block_1_15' title="bbox 137 1569 1784 1643">
    <p class='ocr_par' dir='ltr' id='par_1_15' title="bbox 137 1569 1784 1643">
     <span class='ocr_line' id='line_1_15' title="bbox 137 1569 1784 1643; baseline -0.001 -17"><span class='ocrx_word' id='word_1_78' title='bbox 137 1570 295 1642; x_wconf 80' lang='lat' dir='ltr'>justo</span> <span class='ocrx_word' id='word_1_79' title='bbox 322 1573 385 1626; x_wconf 88' lang='lat' dir='ltr'>et</span> <span class='ocrx_word' id='word_1_80' title='bbox 406 1569 689 1631; x_wconf 86' lang='lat' dir='ltr'>canonice</span> <span class='ocrx_word' id='word_1_81' title='bbox 712 1586 816 1643; x_wconf 91' lang='lat' dir='ltr'>pro</span> <span class='ocrx_word' id='word_1_82' title='bbox 847 1569 1177 1642; x_wconf 78' lang='lat' dir='ltr'>apostolicae</span> <span class='ocrx_word' id='word_1_83' title='bbox 1221 1571 1380 1627; x_wconf 90' lang='lat' dir='ltr'>sedis</span> <span class='ocrx_word' id='word_1_84' title='bbox 1434 1569 1669 1626; x_wconf 87' lang='lat' dir='ltr'>licentia</span> <span class='ocrx_word' id='word_1_85' title='bbox 1699 1569 1784 1626; x_wconf 88' lang='lat' dir='ltr'>vel</span> 
     </span>
    </p>
   </div>
   <div class='ocr_carea' id='block_1_16' title="bbox 144 1657 1785 1733">
    <p class='ocr_par' dir='ltr' id='par_1_16' title="bbox 144 1657 1785 1733">
     <span class='ocr_line' id='line_1_16' title="bbox 144 1657 1785 1733; baseline -0.001 -18"><span class='ocrx_word' id='word_1_86' title='bbox 144 1657 531 1732; x_wconf 86' lang='lat' dir='ltr'>permissione</span> <span class='ocrx_word' id='word_1_87' title='bbox 550 1658 837 1715; x_wconf 87' lang='lat' dir='ltr'>deserere.</span> <span class='ocrx_word' id='word_1_88' title='bbox 863 1658 1135 1731; x_wconf 81' lang='lat' dir='ltr'>Respexit</span> <span class='ocrx_word' id='word_1_89' title='bbox 1160 1665 1358 1715; x_wconf 88' lang='lat' dir='ltr'>tamen</span> <span class='ocrx_word' id='word_1_90' title='bbox 1390 1675 1490 1715; x_wconf 89' lang='lat' dir='ltr'>vos</span> <span class='ocrx_word' id='word_1_91' title='bbox 1519 1676 1785 1733; x_wconf 70' lang='lat' dir='ltr'>superna:</span> 
     </span>
    </p>
   </div>
   <div class='ocr_carea' id='block_1_17' title="bbox 146 1746 1787 1822">
    <p class='ocr_par' dir='ltr' id='par_1_17' title="bbox 146 1746 1787 1822">
     <span class='ocr_line' id='line_1_17' title="bbox 146 1746 1787 1822; baseline 0.001 -19"><span class='ocrx_word' id='word_1_92' title='bbox 146 1747 540 1804; x_wconf 80' lang='lat' dir='ltr'>miserationis</span> <span class='ocrx_word' id='word_1_93' title='bbox 568 1746 989 1820; x_wconf 90' lang='lat' dir='ltr'>dignatio,cum</span> <span class='ocrx_word' id='word_1_94' title='bbox 1019 1765 1153 1803; x_wconf 91' lang='lat' dir='ltr'>eum</span> <span class='ocrx_word' id='word_1_95' title='bbox 1187 1749 1261 1804; x_wconf 88' lang='lat' dir='ltr'>ad</span> <span class='ocrx_word' id='word_1_96' title='bbox 1292 1752 1630 1804; x_wconf 88' lang='lat' dir='ltr'>sanctorum</span> <span class='ocrx_word' id='word_1_97' title='bbox 1654 1765 1787 1822; x_wconf 88' lang='lat' dir='ltr'>apo-</span> 
     </span>
    </p>
   </div>
   <div class='ocr_carea' id='block_1_18' title="bbox 147 1834 1788 1910">
    <p class='ocr_par' dir='ltr' id='par_1_18' title="bbox 147 1834 1788 1910">
     <span class='ocr_line' id='line_1_18' title="bbox 147 1834 1788 1910; baseline 0.001 -17"><span class='ocrx_word' id='word_1_98' title='bbox 147 1836 434 1893; x_wconf 86' lang='lat' dir='ltr'>stolorum</span> <span class='ocrx_word' id='word_1_99' title='bbox 465 1834 692 1903; x_wconf 84' lang='lat' dir='ltr'>limina,</span> <span class='ocrx_word' id='word_1_100' title='bbox 723 1839 778 1892; x_wconf 88' lang='lat' dir='ltr'>et</span> <span class='ocrx_word' id='word_1_101' title='bbox 809 1837 881 1892; x_wconf 92' lang='lat' dir='ltr'>ad</span> <span class='ocrx_word' id='word_1_102' title='bbox 910 1838 1279 1910; x_wconf 76' lang='lat' dir='ltr'>praesentiam</span> <span class='ocrx_word' id='word_1_103' title='bbox 1303 1842 1561 1893; x_wconf 88' lang='lat' dir='ltr'>nostram</span> <span class='ocrx_word' id='word_1_104' title='bbox 1593 1839 1788 1895; x_wconf 88' lang='lat' dir='ltr'>venire</span> 
     </span>
    </p>
   </div>
   <div class='ocr_carea' id='block_1_19' title="bbox 148 1924 1867 2029">
    <p class='ocr_par' dir='ltr' id='par_1_19' title="bbox 148 1924 1867 2029">
     <span class='ocr_line' id='line_1_19' title="bbox 148 1924 1867 2029; baseline 0.001 -47"><span class='ocrx_word' id='word_1_105' title='bbox 148 1924 457 2029; x_wconf 70' lang='lat' dir='ltr'>concessit.</span> <span class='ocrx_word' id='word_1_106' title='bbox 501 1925 621 1981; x_wconf 88' lang='lat' dir='ltr'>Nos</span> <span class='ocrx_word' id='word_1_107' title='bbox 652 1924 870 2026; x_wconf 66' lang='lat' dir='ltr'>igitur,</span> <span class='ocrx_word' id='word_1_108' title='bbox 900 1925 1138 2025; x_wconf 80' lang='lat' dir='ltr'>quibus,</span> <span class='ocrx_word' id='word_1_109' title='bbox 1162 1924 1325 2029; x_wconf 44' lang='lat' dir='ltr'>&#39;licet</span> <span class='ocrx_word' id='word_1_110' title='bbox 1370 1927 1654 2000; x_wconf 87' lang='lat' dir='ltr'>indignis,</span> <span class='ocrx_word' id='word_1_111' title='bbox 1685 1945 1788 2001; x_wconf 91' lang='lat' dir='ltr'>pro</span> <span class='ocrx_word' id='word_1_112' title='bbox 1819 1963 1867 2029; x_wconf 83' lang='lat' dir='ltr'><strong>B</strong></span> 
     </span>
    </p>
   </div>
   <div class='ocr_carea' id='block_1_20' title="bbox 153 2013 1794 2089">
    <p class='ocr_par' dir='ltr' id='par_1_20' title="bbox 153 2013 1794 2089">
     <span class='ocr_line' id='line_1_20' title="bbox 153 2013 1794 2089; baseline 0.001 -18"><span class='ocrx_word' id='word_1_113' title='bbox 153 2013 550 2089; x_wconf 86' lang='lat' dir='ltr'>apostolorum</span> <span class='ocrx_word' id='word_1_114' title='bbox 578 2014 861 2087; x_wconf 73' lang='lat' dir='ltr'>principis</span> <span class='ocrx_word' id='word_1_115' title='bbox 911 2014 1033 2071; x_wconf 90' lang='lat' dir='ltr'>vice</span> <span class='ocrx_word' id='word_1_116' title='bbox 1065 2032 1131 2071; x_wconf 91' lang='lat' dir='ltr'>ac</span> <span class='ocrx_word' id='word_1_117' title='bbox 1162 2014 1286 2072; x_wconf 92' lang='lat' dir='ltr'>loco</span> <span class='ocrx_word' id='word_1_118' title='bbox 1317 2021 1660 2072; x_wconf 90' lang='lat' dir='ltr'>cunctarum</span> <span class='ocrx_word' id='word_1_119' title='bbox 1692 2034 1794 2089; x_wconf 92' lang='lat' dir='ltr'>per</span> 
     </span>
    </p>
   </div>
   <div class='ocr_carea' id='block_1_21' title="bbox 149 2103 1789 2176">
    <p class='ocr_par' dir='ltr' id='par_1_21' title="bbox 149 2103 1789 2176">
     <span class='ocr_line' id='line_1_21' title="bbox 149 2103 1789 2176; baseline 0 -15"><span class='ocrx_word' id='word_1_120' title='bbox 149 2103 350 2161; x_wconf 87' lang='lat' dir='ltr'>orbem</span> <span class='ocrx_word' id='word_1_121' title='bbox 378 2106 669 2159; x_wconf 88' lang='lat' dir='ltr'>terrarum</span> <span class='ocrx_word' id='word_1_122' title='bbox 699 2120 839 2158; x_wconf 90' lang='lat' dir='ltr'>cura</span> <span class='ocrx_word' id='word_1_123' title='bbox 867 2120 934 2160; x_wconf 91' lang='lat' dir='ltr'>ac</span> <span class='ocrx_word' id='word_1_124' title='bbox 966 2103 1271 2176; x_wconf 82' lang='lat' dir='ltr'>dispositio</span> <span class='ocrx_word' id='word_1_125' title='bbox 1307 2105 1567 2160; x_wconf 88' lang='lat' dir='ltr'>cernitur</span> <span class='ocrx_word' id='word_1_126' title='bbox 1594 2106 1789 2161; x_wconf 91' lang='lat' dir='ltr'>immi-</span> 
     </span>
    </p>
   </div>
   <div class='ocr_carea' id='block_1_22' title="bbox 152 2191 1793 2265">
    <p class='ocr_par' dir='ltr' id='par_1_22' title="bbox 152 2191 1793 2265">
     <span class='ocr_line' id='line_1_22' title="bbox 152 2191 1793 2265; baseline 0.001 -17"><span class='ocrx_word' id='word_1_127' title='bbox 152 2208 305 2261; x_wconf 85' lang='lat' dir='ltr'>nere,</span> <span class='ocrx_word' id='word_1_128' title='bbox 337 2193 529 2265; x_wconf 85' lang='lat' dir='ltr'>ipsius</span> <span class='ocrx_word' id='word_1_129' title='bbox 566 2191 906 2249; x_wconf 86' lang='lat' dir='ltr'>electionem</span> <span class='ocrx_word' id='word_1_130' title='bbox 950 2194 1177 2265; x_wconf 86' lang='lat' dir='ltr'>justam</span> <span class='ocrx_word' id='word_1_131' title='bbox 1232 2197 1406 2265; x_wconf 89' lang='lat' dir='ltr'>atque</span> <span class='ocrx_word' id='word_1_132' title='bbox 1453 2194 1793 2251; x_wconf 84' lang='lat' dir='ltr'>canonicam</span> 
     </span>
    </p>
   </div>
   <div class='ocr_carea' id='block_1_23' title="bbox 152 2282 1792 2356">
    <p class='ocr_par' dir='ltr' id='par_1_23' title="bbox 152 2282 1792 2356">
     <span class='ocr_line' id='line_1_23' title="bbox 152 2282 1792 2356; baseline -0.001 -16"><span class='ocrx_word' id='word_1_133' title='bbox 152 2287 566 2356; x_wconf 82' lang='lat' dir='ltr'>cognoscentes</span> <span class='ocrx_word' id='word_1_134' title='bbox 596 2282 1014 2355; x_wconf 71' lang='lat' dir='ltr'>praesentisque</span> <span class='ocrx_word' id='word_1_135' title='bbox 1044 2283 1327 2355; x_wconf 90' lang='lat' dir='ltr'>temporis</span> <span class='ocrx_word' id='word_1_136' title='bbox 1359 2283 1792 2353; x_wconf 85' lang='lat' dir='ltr'>necessitatem,</span> 
     </span>
    </p>
   </div>
   <div class='ocr_carea' id='block_1_24' title="bbox 153 2370 1794 2444">
    <p class='ocr_par' dir='ltr' id='par_1_24' title="bbox 153 2370 1794 2444">
     <span class='ocr_line' id='line_1_24' title="bbox 153 2370 1794 2444; baseline 0.001 -17"><span class='ocrx_word' id='word_1_137' title='bbox 153 2371 307 2443; x_wconf 90' lang='lat' dir='ltr'>quod</span> <span class='ocrx_word' id='word_1_138' title='bbox 333 2387 371 2426; x_wconf 89' lang='lat' dir='ltr'>a</span> <span class='ocrx_word' id='word_1_139' title='bbox 400 2370 744 2443; x_wconf 85' lang='lat' dir='ltr'>Moguntina</span> <span class='ocrx_word' id='word_1_140' title='bbox 770 2370 908 2426; x_wconf 91' lang='lat' dir='ltr'>sede</span> <span class='ocrx_word' id='word_1_141' title='bbox 928 2371 1189 2444; x_wconf 89' lang='lat' dir='ltr'>accipere</span> <span class='ocrx_word' id='word_1_142' title='bbox 1212 2371 1707 2428; x_wconf 87' lang='lat' dir='ltr'>consecrationem</span> <span class='ocrx_word' id='word_1_143' title='bbox 1734 2372 1794 2428; x_wconf 93' lang='lat' dir='ltr'>in</span> 
     </span>
    </p>
   </div>
   <div class='ocr_carea' id='block_1_25' title="bbox 154 2450 1796 2534">
    <p class='ocr_par' dir='ltr' id='par_1_25' title="bbox 154 2450 1796 2534">
     <span class='ocr_line' id='line_1_25' title="bbox 154 2450 1796 2534; baseline 0.001 -18"><span class='ocrx_word' id='word_1_144' title='bbox 154 2463 313 2516; x_wconf 83' lang='lat' dir='ltr'>tanta</span> <span class='ocrx_word' id='word_1_145' title='bbox 342 2457 858 2515; x_wconf 83' lang='lat' dir='ltr'>schismaticorum</span> <span class='ocrx_word' id='word_1_146' title='bbox 893 2464 1238 2532; x_wconf 74' lang='lat' dir='ltr'>tempestate</span> <span class='ocrx_word' id='word_1_147' title='bbox 1268 2478 1383 2516; x_wconf 92' lang='lat' dir='ltr'>non</span> <span class='ocrx_word' id='word_1_148' title='bbox 1417 2450 1631 2534; x_wconf 85' lang='lat' dir='ltr'>pesset,</span> <span class='ocrx_word' id='word_1_149' title='bbox 1660 2478 1796 2518; x_wconf 90' lang='lat' dir='ltr'>con-</span> 
     </span>
    </p>
   </div>
   <div class='ocr_carea' id='block_1_26' title="bbox 158 2548 1796 2623">
    <p class='ocr_par' dir='ltr' id='par_1_26' title="bbox 158 2548 1796 2623">
     <span class='ocr_line' id='line_1_26' title="bbox 158 2548 1796 2623; baseline 0.001 -18"><span class='ocrx_word' id='word_1_150' title='bbox 158 2548 503 2615; x_wconf 87' lang='lat' dir='ltr'>siderantes,</span> <span class='ocrx_word' id='word_1_151' title='bbox 534 2564 667 2604; x_wconf 91' lang='lat' dir='ltr'>eum</span> <span class='ocrx_word' id='word_1_152' title='bbox 700 2548 760 2603; x_wconf 89' lang='lat' dir='ltr'>iu</span> <span class='ocrx_word' id='word_1_153' title='bbox 806 2548 997 2621; x_wconf 90' lang='lat' dir='ltr'>prima</span> <span class='ocrx_word' id='word_1_154' title='bbox 1038 2549 1364 2623; x_wconf 90' lang='lat' dir='ltr'>primorum</span> <span class='ocrx_word' id='word_1_155' title='bbox 1397 2550 1796 2623; x_wconf 85' lang='lat' dir='ltr'>apostolorum</span> 
     </span>
    </p>
   </div>
   <div class='ocr_carea' id='block_1_27' title="bbox 156 2636 1795 2710">
    <p class='ocr_par' dir='ltr' id='par_1_27' title="bbox 156 2636 1795 2710">
     <span class='ocr_line' id='line_1_27' title="bbox 156 2636 1795 2710; baseline 0.002 -18"><span class='ocrx_word' id='word_1_156' title='bbox 156 2636 440 2710; x_wconf 90' lang='lat' dir='ltr'>principis</span> <span class='ocrx_word' id='word_1_157' title='bbox 483 2638 640 2706; x_wconf 89' lang='lat' dir='ltr'>sede,</span> <span class='ocrx_word' id='word_1_158' title='bbox 675 2641 965 2693; x_wconf 88' lang='lat' dir='ltr'>annuente</span> <span class='ocrx_word' id='word_1_159' title='bbox 1015 2638 1259 2694; x_wconf 85' lang='lat' dir='ltr'>Domino</span> <span class='ocrx_word' id='word_1_160' title='bbox 1304 2640 1795 2709; x_wconf 87' lang='lat' dir='ltr'>eonsecravimus,</span> 
     </span>
    </p>
   </div>
   <div class='ocr_carea' id='block_1_28' title="bbox 158 2726 1797 2798">
    <p class='ocr_par' dir='ltr' id='par_1_28' title="bbox 158 2726 1797 2798">
     <span class='ocr_line' id='line_1_28' title="bbox 158 2726 1797 2798; baseline 0.002 -16"><span class='ocrx_word' id='word_1_161' title='bbox 158 2729 563 2783; x_wconf 82' lang='lat' dir='ltr'>consecratum</span> <span class='ocrx_word' id='word_1_162' title='bbox 593 2726 665 2781; x_wconf 90' lang='lat' dir='ltr'>ad</span> <span class='ocrx_word' id='word_1_163' title='bbox 710 2743 811 2781; x_wconf 91' lang='lat' dir='ltr'>vos</span> <span class='ocrx_word' id='word_1_164' title='bbox 861 2744 995 2782; x_wconf 90' lang='lat' dir='ltr'>cum</span> <span class='ocrx_word' id='word_1_165' title='bbox 1044 2727 1420 2798; x_wconf 70' lang='lat' dir='ltr'>praesentium</span> <span class='ocrx_word' id='word_1_166' title='bbox 1471 2728 1797 2785; x_wconf 89' lang='lat' dir='ltr'>litterarum</span> 
     </span>
    </p>
   </div>
   <div class='ocr_carea' id='block_1_29' title="bbox 159 2814 1799 2890">
    <p class='ocr_par' dir='ltr' id='par_1_29' title="bbox 159 2814 1799 2890">
     <span class='ocr_line' id='line_1_29' title="bbox 159 2814 1799 2890; baseline 0.001 -19"><span class='ocrx_word' id='word_1_167' title='bbox 159 2814 665 2873; x_wconf 84' lang='lat' dir='ltr'>commendatione</span> <span class='ocrx_word' id='word_1_168' title='bbox 720 2815 1089 2871; x_wconf 86' lang='lat' dir='ltr'>remittimus.</span> <span class='ocrx_word' id='word_1_169' title='bbox 1132 2817 1250 2872; x_wconf 85' lang='lat' dir='ltr'>Vos</span> <span class='ocrx_word' id='word_1_170' title='bbox 1297 2817 1492 2890; x_wconf 88' lang='lat' dir='ltr'>itaque</span> <span class='ocrx_word' id='word_1_171' title='bbox 1548 2818 1799 2890; x_wconf 70' lang='lat' dir='ltr'>antiquae</span> 
     </span>
    </p>
   </div>
   <div class='ocr_carea' id='block_1_30' title="bbox 158 2902 1799 2963">
    <p class='ocr_par' dir='ltr' id='par_1_30' title="bbox 158 2902 1799 2963">
     <span class='ocr_line' id='line_1_30' title="bbox 158 2902 1799 2963; baseline 0.003 -5"><span class='ocrx_word' id='word_1_172' title='bbox 158 2903 292 2958; x_wconf 83' lang='lat' dir='ltr'>fidei</span> <span class='ocrx_word' id='word_1_173' title='bbox 320 2907 381 2958; x_wconf 91' lang='lat' dir='ltr'>et</span> <span class='ocrx_word' id='word_1_174' title='bbox 429 2902 772 2959; x_wconf 69' lang='lat' dir='ltr'>obedientia:</span> <span class='ocrx_word' id='word_1_175' title='bbox 819 2919 1109 2961; x_wconf 89' lang='lat' dir='ltr'>memores</span> <span class='ocrx_word' id='word_1_176' title='bbox 1154 2908 1316 2962; x_wconf 90' lang='lat' dir='ltr'>tanto</span> <span class='ocrx_word' id='word_1_177' title='bbox 1368 2923 1503 2962; x_wconf 90' lang='lat' dir='ltr'>eum</span> <span class='ocrx_word' id='word_1_178' title='bbox 1535 2907 1799 2963; x_wconf 86' lang='lat' dir='ltr'>devotius</span> 
     </span>
    </p>
   </div>
   <div class='ocr_carea' id='block_1_31' title="bbox 160 2990 1799 3066">
    <p class='ocr_par' dir='ltr' id='par_1_31' title="bbox 160 2990 1799 3066">
     <span class='ocr_line' id='line_1_31' title="bbox 160 2990 1799 3066; baseline 0.002 -18"><span class='ocrx_word' id='word_1_179' title='bbox 160 2990 282 3048; x_wconf 90' lang='lat' dir='ltr'>illic</span> <span class='ocrx_word' id='word_1_180' title='bbox 311 3007 504 3064; x_wconf 88' lang='lat' dir='ltr'>usque</span> <span class='ocrx_word' id='word_1_181' title='bbox 535 2992 834 3064; x_wconf 86' lang='lat' dir='ltr'>suscipite,</span> <span class='ocrx_word' id='word_1_182' title='bbox 874 2998 1093 3065; x_wconf 89' lang='lat' dir='ltr'>quanto</span> <span class='ocrx_word' id='word_1_183' title='bbox 1153 2994 1405 3066; x_wconf 92' lang='lat' dir='ltr'>amplius</span> <span class='ocrx_word' id='word_1_184' title='bbox 1448 3012 1551 3051; x_wconf 90' lang='lat' dir='ltr'>vos</span> <span class='ocrx_word' id='word_1_185' title='bbox 1597 3000 1799 3052; x_wconf 82' lang='lat' dir='ltr'>vestrae</span> 
     </span>
    </p>
   </div>
   <div class='ocr_carea' id='block_1_32' title="bbox 162 3080 1800 3154">
    <p class='ocr_par' dir='ltr' id='par_1_32' title="bbox 162 3080 1800 3154">
     <span class='ocr_line' id='line_1_32' title="bbox 162 3080 1800 3154; baseline 0.002 -16"><span class='ocrx_word' id='word_1_186' title='bbox 162 3080 373 3138; x_wconf 84' lang='lat' dir='ltr'>salutis</span> <span class='ocrx_word' id='word_1_187' title='bbox 392 3084 452 3137; x_wconf 91' lang='lat' dir='ltr'>et</span> <span class='ocrx_word' id='word_1_188' title='bbox 470 3080 607 3136; x_wconf 82' lang='lat' dir='ltr'>ﬁdei</span> <span class='ocrx_word' id='word_1_189' title='bbox 638 3085 839 3137; x_wconf 72' lang='lat' dir='ltr'>vestrae</span> <span class='ocrx_word' id='word_1_190' title='bbox 871 3082 1202 3154; x_wconf 83' lang='lat' dir='ltr'>apostolicae</span> <span class='ocrx_word' id='word_1_191' title='bbox 1220 3083 1484 3139; x_wconf 84' lang='lat' dir='ltr'>Ecclesiae</span> <span class='ocrx_word' id='word_1_192' title='bbox 1511 3084 1800 3141; x_wconf 88' lang='lat' dir='ltr'>debitores</span> 
     </span>
    </p>
   </div>
   <div class='ocr_carea' id='block_1_33' title="bbox 159 3169 1806 3243">
    <p class='ocr_par' dir='ltr' id='par_1_33' title="bbox 159 3169 1806 3243">
     <span class='ocr_line' id='line_1_33' title="bbox 159 3169 1806 3243; baseline 0.003 -18"><span class='ocrx_word' id='word_1_193' title='bbox 159 3185 289 3226; x_wconf 79' lang='lat' dir='ltr'>esse</span> <span class='ocrx_word' id='word_1_194' title='bbox 306 3169 683 3243; x_wconf 84' lang='lat' dir='ltr'>cognoscitis.</span> <span class='ocrx_word' id='word_1_195' title='bbox 704 3174 924 3226; x_wconf 64' lang='lat' dir='ltr'>Sanctae</span> <span class='ocrx_word' id='word_1_196' title='bbox 945 3171 1237 3243; x_wconf 89' lang='lat' dir='ltr'>siquidem</span> <span class='ocrx_word' id='word_1_197' title='bbox 1253 3172 1568 3239; x_wconf 84' lang='lat' dir='ltr'>memoriae,</span> <span class='ocrx_word' id='word_1_198' title='bbox 1604 3177 1806 3230; x_wconf 88' lang='lat' dir='ltr'>noster</span> 
     </span>
    </p>
   </div>
   <div class='ocr_carea' id='block_1_34' title="bbox 158 3257 1800 3335">
    <p class='ocr_par' dir='ltr' id='par_1_34' title="bbox 158 3257 1800 3335">
     <span class='ocr_line' id='line_1_34' title="bbox 158 3257 1800 3335; baseline 0.002 -22"><span class='ocrx_word' id='word_1_199' title='bbox 158 3258 218 3314; x_wconf 90' lang='lat' dir='ltr'>in</span> <span class='ocrx_word' id='word_1_200' title='bbox 246 3259 388 3315; x_wconf 90' lang='lat' dir='ltr'>sede</span> <span class='ocrx_word' id='word_1_201' title='bbox 424 3257 743 3330; x_wconf 85' lang='lat' dir='ltr'>apostolica</span> <span class='ocrx_word' id='word_1_202' title='bbox 798 3259 1189 3330; x_wconf 79' lang='lat' dir='ltr'>praedecessor</span> <span class='ocrx_word' id='word_1_203' title='bbox 1244 3260 1555 3333; x_wconf 86' lang='lat' dir='ltr'>Gregorius</span> <span class='ocrx_word' id='word_1_204' title='bbox 1603 3262 1653 3318; x_wconf 94' lang='lat' dir='ltr'>II</span> <span class='ocrx_word' id='word_1_205' title='bbox 1684 3263 1800 3335; x_wconf 91' lang='lat' dir='ltr'>pri-</span> 
     </span>
    </p>
   </div>
   <div class='ocr_carea' id='block_1_35' title="bbox 1886 680 3525 755">
    <p class='ocr_par' dir='ltr' id='par_1_35' title="bbox 1886 680 3525 755">
     <span class='ocr_line' id='line_1_35' title="bbox 1886 680 3525 755; baseline -0.001 -18"><span class='ocrx_word' id='word_1_206' title='bbox 1886 681 2151 755; x_wconf 89' lang='lat' dir='ltr'>partibus</span> <span class='ocrx_word' id='word_1_207' title='bbox 2180 683 2587 755; x_wconf 91' lang='lat' dir='ltr'>episcoporum</span> <span class='ocrx_word' id='word_1_208' title='bbox 2647 697 2861 754; x_wconf 89' lang='lat' dir='ltr'>magna</span> <span class='ocrx_word' id='word_1_209' title='bbox 2912 685 3001 738; x_wconf 91' lang='lat' dir='ltr'>est</span> <span class='ocrx_word' id='word_1_210' title='bbox 3034 680 3265 751; x_wconf 81' lang='lat' dir='ltr'>raritas,</span> <span class='ocrx_word' id='word_1_211' title='bbox 3296 682 3345 736; x_wconf 90' lang='lat' dir='ltr'>si</span> <span class='ocrx_word' id='word_1_212' title='bbox 3385 682 3525 753; x_wconf 91' lang='lat' dir='ltr'>quid</span> 
     </span>
    </p>
   </div>
   <div class='ocr_carea' id='block_1_36' title="bbox 1887 770 3526 844">
    <p class='ocr_par' dir='ltr' id='par_1_36' title="bbox 1887 770 3526 844">
     <span class='ocr_line' id='line_1_36' title="bbox 1887 770 3526 844; baseline -0.001 -18"><span class='ocrx_word' id='word_1_213' title='bbox 1887 774 1945 826; x_wconf 91' lang='lat' dir='ltr'>et</span> <span class='ocrx_word' id='word_1_214' title='bbox 1976 770 2034 826; x_wconf 92' lang='lat' dir='ltr'>in</span> <span class='ocrx_word' id='word_1_215' title='bbox 2066 771 2271 827; x_wconf 89' lang='lat' dir='ltr'>alienis</span> <span class='ocrx_word' id='word_1_216' title='bbox 2302 770 2595 842; x_wconf 89' lang='lat' dir='ltr'>parocbiis</span> <span class='ocrx_word' id='word_1_217' title='bbox 2627 770 2999 844; x_wconf 87' lang='lat' dir='ltr'>disposuerit,</span> <span class='ocrx_word' id='word_1_218' title='bbox 3023 788 3091 826; x_wconf 80' lang='lat' dir='ltr'>ex</span> <span class='ocrx_word' id='word_1_219' title='bbox 3115 770 3526 826; x_wconf 87' lang='lat' dir='ltr'>abundantiori</span> 
     </span>
    </p>
   </div>
   <div class='ocr_carea' id='block_1_37' title="bbox 1888 857 3530 933">
    <p class='ocr_par' dir='ltr' id='par_1_37' title="bbox 1888 857 3530 933">
     <span class='ocr_line' id='line_1_37' title="bbox 1888 857 3530 933; baseline -0.001 -19"><span class='ocrx_word' id='word_1_220' title='bbox 1888 858 2210 930; x_wconf 66' lang='lat' dir='ltr'>apostolicae</span> <span class='ocrx_word' id='word_1_221' title='bbox 2233 860 2454 933; x_wconf 74' lang='lat' dir='ltr'>gratiae,</span> <span class='ocrx_word' id='word_1_222' title='bbox 2479 865 2535 916; x_wconf 92' lang='lat' dir='ltr'>et</span> <span class='ocrx_word' id='word_1_223' title='bbox 2556 864 2767 915; x_wconf 66' lang='lat' dir='ltr'>nostra:</span> <span class='ocrx_word' id='word_1_224' title='bbox 2793 858 3155 915; x_wconf 89' lang='lat' dir='ltr'>auctoritatis</span> <span class='ocrx_word' id='word_1_225' title='bbox 3174 857 3530 930; x_wconf 89' lang='lat' dir='ltr'>disposuerit</span> 
     </span>
    </p>
   </div>
   <div class='ocr_carea' id='block_1_38' title="bbox 1889 947 3524 1025">
    <p class='ocr_par' dir='ltr' id='par_1_38' title="bbox 1889 947 3524 1025">
     <span class='ocr_line' id='line_1_38' title="bbox 1889 947 3524 1025; baseline 0 -23"><span class='ocrx_word' id='word_1_226' title='bbox 1889 947 2272 1020; x_wconf 89' lang='lat' dir='ltr'>plenitudine,</span> <span class='ocrx_word' id='word_1_227' title='bbox 2323 953 2517 1005; x_wconf 87' lang='lat' dir='ltr'>ratum</span> <span class='ocrx_word' id='word_1_228' title='bbox 2580 948 3107 1020; x_wconf 87' lang='lat' dir='ltr'>inconvulsumque</span> <span class='ocrx_word' id='word_1_229' title='bbox 3165 951 3524 1025; x_wconf 81' lang='lat' dir='ltr'>permaneat,</span> 
     </span>
    </p>
   </div>
   <div class='ocr_carea' id='block_1_39' title="bbox 1889 1035 3528 1111">
    <p class='ocr_par' dir='ltr' id='par_1_39' title="bbox 1889 1035 3528 1111">
     <span class='ocr_line' id='line_1_39' title="bbox 1889 1035 3528 1111; baseline -0.001 -18"><span class='ocrx_word' id='word_1_230' title='bbox 1889 1036 2269 1109; x_wconf 90' lang='lat' dir='ltr'>Omnipotens</span> <span class='ocrx_word' id='word_1_231' title='bbox 2299 1038 2584 1095; x_wconf 90' lang='lat' dir='ltr'>Dominus</span> <span class='ocrx_word' id='word_1_232' title='bbox 2615 1038 3009 1111; x_wconf 88' lang='lat' dir='ltr'>apostolorum</span> <span class='ocrx_word' id='word_1_233' title='bbox 3028 1053 3269 1093; x_wconf 89' lang='lat' dir='ltr'>suorum</span> <span class='ocrx_word' id='word_1_234' title='bbox 3301 1035 3528 1092; x_wconf 88' lang='lat' dir='ltr'>meritis</span> 
     </span>
    </p>
   </div>
   <div class='ocr_carea' id='block_1_40' title="bbox 1886 1126 3529 1200">
    <p class='ocr_par' dir='ltr' id='par_1_40' title="bbox 1886 1126 3529 1200">
     <span class='ocr_line' id='line_1_40' title="bbox 1886 1126 3529 1200; baseline 0.001 -19"><span class='ocrx_word' id='word_1_235' title='bbox 1886 1143 1991 1181; x_wconf 88' lang='lat' dir='ltr'>vos</span> <span class='ocrx_word' id='word_1_236' title='bbox 2021 1143 2056 1181; x_wconf 90' lang='lat' dir='ltr'>a</span> <span class='ocrx_word' id='word_1_237' title='bbox 2084 1128 2336 1200; x_wconf 88' lang='lat' dir='ltr'>peccatis</span> <span class='ocrx_word' id='word_1_238' title='bbox 2380 1126 2661 1198; x_wconf 89' lang='lat' dir='ltr'>absolvat,</span> <span class='ocrx_word' id='word_1_239' title='bbox 2693 1131 2751 1182; x_wconf 90' lang='lat' dir='ltr'>et</span> <span class='ocrx_word' id='word_1_240' title='bbox 2781 1130 3006 1183; x_wconf 63' lang='lat' dir='ltr'>aeterna</span> <span class='ocrx_word' id='word_1_241' title='bbox 3057 1126 3186 1182; x_wconf 65' lang='lat' dir='ltr'>vitae</span> <span class='ocrx_word' id='word_1_242' title='bbox 3234 1130 3529 1183; x_wconf 86' lang='lat' dir='ltr'>consortes</span> 
     </span>
    </p>
   </div>
   <div class='ocr_carea' id='block_1_41' title="bbox 1890 1214 2124 1271">
    <p class='ocr_par' dir='ltr' id='par_1_41' title="bbox 1890 1214 2124 1271">
     <span class='ocr_line' id='line_1_41' title="bbox 1890 1214 2124 1271; baseline 0 0"><span class='ocrx_word' id='word_1_243' title='bbox 1890 1214 2124 1271; x_wconf 68' lang='lat' dir='ltr'>efficiat.</span> 
     </span>
    </p>
   </div>
   <div class='ocr_carea' id='block_1_42' title="bbox 2644 1331 2783 1389">
    <p class='ocr_par' dir='ltr' id='par_1_42' title="bbox 2644 1331 2783 1389">
     <span class='ocr_line' id='line_1_42' title="bbox 2644 1331 2783 1389; baseline -0.007 -1"><span class='ocrx_word' id='word_1_244' title='bbox 2644 1331 2783 1389; x_wconf 90' lang='lat' dir='ltr'>CIII.</span> 
     </span>
    </p>
   </div>
   <div class='ocr_carea' id='block_1_43' title="bbox 1896 1420 3531 1494">
    <p class='ocr_par' dir='ltr' id='par_1_43' title="bbox 1896 1420 3531 1494">
     <span class='ocr_line' id='line_1_43' title="bbox 1896 1420 3531 1494; baseline 0 -17"><span class='ocrx_word' id='word_1_245' title='bbox 1896 1421 2103 1477; x_wconf 88' lang='lat' dir='ltr'>Urbani</span> <span class='ocrx_word' id='word_1_246' title='bbox 2131 1420 2179 1475; x_wconf 89' lang='lat' dir='ltr'>II</span> <span class='ocrx_word' id='word_1_247' title='bbox 2195 1421 2423 1494; x_wconf 71' lang='lat' dir='ltr'>epistola</span> <span class='ocrx_word' id='word_1_248' title='bbox 2449 1420 2519 1475; x_wconf 87' lang='lat' dir='ltr'>ad</span> <span class='ocrx_word' id='word_1_249' title='bbox 2567 1421 2858 1476; x_wconf 83' lang='lat' dir='ltr'>Fulconem</span> <span class='ocrx_word' id='word_1_250' title='bbox 2898 1421 3205 1494; x_wconf 77' lang='lat' dir='ltr'>episcopum</span> <span class='ocrx_word' id='word_1_251' title='bbox 3245 1422 3531 1494; x_wconf 60' lang='lat' dir='ltr'>Betriacen-</span> 
     </span>
    </p>
   </div>
   <div class='ocr_carea' id='block_1_44' title="bbox 1961 1492 3534 1562">
    <p class='ocr_par' dir='ltr' id='par_1_44' title="bbox 1961 1492 3534 1562">
     <span class='ocr_line' id='line_1_44' title="bbox 1961 1492 3534 1562; baseline 0.002 -16"><span class='ocrx_word' id='word_1_252' title='bbox 1961 1508 2095 1548; x_wconf 81' lang='lat' dir='ltr'>.sem.</span> <span class='ocrx_word' id='word_1_253' title='bbox 2130 1523 2197 1533; x_wconf 87' lang='lat'>—</span> <span class='ocrx_word' id='word_1_254' title='bbox 2226 1492 2395 1549; x_wconf 77' lang='lat' dir='ltr'>Multa</span> <span class='ocrx_word' id='word_1_255' title='bbox 2440 1500 2491 1548; x_wconf 77' lang='lat' dir='ltr'>et</span> <span class='ocrx_word' id='word_1_256' title='bbox 2531 1494 2727 1561; x_wconf 83' lang='lat' dir='ltr'>gravia</span> <span class='ocrx_word' id='word_1_257' title='bbox 2774 1492 3010 1548; x_wconf 76' lang='lat' dir='ltr'>recenset</span> <span class='ocrx_word' id='word_1_258' title='bbox 3065 1492 3308 1562; x_wconf 83' lang='lat' dir='ltr'>capitula</span> <span class='ocrx_word' id='word_1_259' title='bbox 3338 1494 3534 1562; x_wconf 78' lang='lat' dir='ltr'>quibus</span> 
     </span>
    </p>
   </div>
   <div class='ocr_carea' id='block_1_45' title="bbox 1963 1562 3534 1635">
    <p class='ocr_par' dir='ltr' id='par_1_45' title="bbox 1963 1562 3534 1635">
     <span class='ocr_line' id='line_1_45' title="bbox 1963 1562 3534 1635; baseline 0 -16"><span class='ocrx_word' id='word_1_260' title='bbox 1963 1564 2340 1621; x_wconf 70' lang='lat' dir='ltr'>accusabatur.</span> <span class='ocrx_word' id='word_1_261' title='bbox 2370 1564 2631 1634; x_wconf 65' lang='lat' dir='ltr'>Praecipit</span> <span class='ocrx_word' id='word_1_262' title='bbox 2676 1566 2734 1618; x_wconf 84' lang='lat' dir='ltr'>ut</span> <span class='ocrx_word' id='word_1_263' title='bbox 2790 1562 3071 1635; x_wconf 78' lang='lat' dir='ltr'>purgandi</span> <span class='ocrx_word' id='word_1_264' title='bbox 3109 1564 3199 1617; x_wconf 83' lang='lat' dir='ltr'>sui</span> <span class='ocrx_word' id='word_1_265' title='bbox 3242 1579 3409 1618; x_wconf 73' lang='lat' dir='ltr'>causa</span> <span class='ocrx_word' id='word_1_266' title='bbox 3435 1568 3534 1619; x_wconf 81' lang='lat' dir='ltr'>aut</span> 
     </span>
    </p>
   </div>
   <div class='ocr_carea' id='block_1_46' title="bbox 1963 1635 3534 1762">
    <p class='ocr_par' dir='ltr' id='par_1_46' title="bbox 1963 1635 3534 1762">
     <span class='ocr_line' id='line_1_46' title="bbox 1963 1635 3534 1707; baseline 0.001 -17"><span class='ocrx_word' id='word_1_267' title='bbox 1963 1636 2033 1690; x_wconf 89' lang='lat' dir='ltr'>ad</span> <span class='ocrx_word' id='word_1_268' title='bbox 2063 1635 2446 1706; x_wconf 82' lang='lat' dir='ltr'>[Rainaldum]</span> <span class='ocrx_word' id='word_1_269' title='bbox 2476 1635 2940 1707; x_wconf 72' lang='lat' dir='ltr'>archiepiscopum</span> <span class='ocrx_word' id='word_1_270' title='bbox 2983 1635 3296 1691; x_wconf 79' lang='lat' dir='ltr'>Remensem</span> <span class='ocrx_word' id='word_1_271' title='bbox 3340 1642 3437 1691; x_wconf 78' lang='lat' dir='ltr'>aut</span> <span class='ocrx_word' id='word_1_272' title='bbox 3463 1635 3534 1691; x_wconf 85' lang='lat' dir='ltr'>ad</span> 
     </span>
     <span class='ocr_line' id='line_1_47' title="bbox 1967 1706 2342 1762; baseline 0.005 -2"><span class='ocrx_word' id='word_1_273' title='bbox 1967 1722 2077 1762; x_wconf 77' lang='lat' dir='ltr'>sese</span> <span class='ocrx_word' id='word_1_274' title='bbox 2105 1706 2342 1762; x_wconf 81' lang='lat' dir='ltr'>accedat.</span> 
     </span>
    </p>
   </div>
   <div class='ocr_carea' id='block_1_47' title="bbox 1967 1710 2342 1762">
    <p class='ocr_par' dir='ltr' id='par_1_47' title="bbox 1967 1710 2342 1762">
     <span class='ocr_line' id='line_1_48' title="bbox 1967 1710 2342 1762; baseline 0.005 -2"><span class='ocrx_word' id='word_1_275' title='bbox 1967 1722 2077 1762; x_wconf 77' lang='lat' dir='ltr'>sese</span> <span class='ocrx_word' id='word_1_276' title='bbox 2105 1710 2342 1762; x_wconf 83' lang='lat' dir='ltr'>accedat.</span> 
     </span>
    </p>
   </div>
   <div class='ocr_carea' id='block_1_48' title="bbox 2517 1794 2919 1866">
    <p class='ocr_par' dir='ltr' id='par_1_48' title="bbox 2517 1794 2919 1866">
     <span class='ocr_line' id='line_1_49' title="bbox 2517 1794 2919 1866; baseline -0.002 -16"><span class='ocrx_word' id='word_1_277' title='bbox 2517 1795 2704 1865; x_wconf 91' lang='lat' dir='ltr'>(Anno</span> <span class='ocrx_word' id='word_1_278' title='bbox 2732 1794 2919 1866; x_wconf 72' lang='grc'>4094.)</span> 
     </span>
    </p>
   </div>
   <div class='ocr_carea' id='block_1_49' title="bbox 2166 1898 3272 1974">
    <p class='ocr_par' dir='ltr' id='par_1_49' title="bbox 2166 1898 3272 1974">
     <span class='ocr_line' id='line_1_50' title="bbox 2166 1898 3272 1974; baseline 0 -17"><span class='ocrx_word' id='word_1_279' title='bbox 2166 1902 2332 1973; x_wconf 84' lang='lat' dir='ltr'>[Dem</span> <span class='ocrx_word' id='word_1_280' title='bbox 2367 1902 2651 1968; x_wconf 76' lang='lat' dir='ltr'>Bouous&#39;r,</span> <span class='ocrx_word' id='word_1_281' title='bbox 2685 1901 2918 1969; x_wconf 83' lang='lat' dir='ltr'>Recueil,</span> <span class='ocrx_word' id='word_1_282' title='bbox 2948 1898 3089 1969; x_wconf 88' lang='lat' dir='ltr'>XIV,</span> <span class='ocrx_word' id='word_1_283' title='bbox 3122 1901 3272 1974; x_wconf 85' lang='lat'>706.]</span> 
     </span>
    </p>
   </div>
   <div class='ocr_carea' id='block_1_50' title="bbox 1970 2016 3538 2090">
    <p class='ocr_par' dir='ltr' id='par_1_50' title="bbox 1970 2016 3538 2090">
     <span class='ocr_line' id='line_1_51' title="bbox 1970 2016 3538 2090; baseline 0.001 -17"><span class='ocrx_word' id='word_1_284' title='bbox 1970 2016 2249 2073; x_wconf 63' lang='lat' dir='ltr'>Unsanus</span> <span class='ocrx_word' id='word_1_285' title='bbox 2280 2017 2609 2090; x_wconf 89' lang='lat' dir='ltr'>episcopus,</span> <span class='ocrx_word' id='word_1_286' title='bbox 2644 2032 2846 2072; x_wconf 90' lang='lat' dir='ltr'>servus</span> <span class='ocrx_word' id='word_1_287' title='bbox 2877 2033 3175 2072; x_wconf 90' lang='lat' dir='ltr'>servorum</span> <span class='ocrx_word' id='word_1_288' title='bbox 3199 2016 3538 2085; x_wconf 85' lang='lat' dir='ltr'>Dei,dilecto</span> 
     </span>
    </p>
   </div>
   <div class='ocr_carea' id='block_1_51' title="bbox 1900 2104 3360 2177">
    <p class='ocr_par' dir='ltr' id='par_1_51' title="bbox 1900 2104 3360 2177">
     <span class='ocr_line' id='line_1_52' title="bbox 1900 2104 3360 2177; baseline 0.001 -17"><span class='ocrx_word' id='word_1_289' title='bbox 1900 2105 2061 2160; x_wconf 89' lang='lat' dir='ltr'>fratri</span> <span class='ocrx_word' id='word_1_290' title='bbox 2097 2106 2367 2171; x_wconf 80' lang='lat' dir='ltr'>FULCONI,</span> <span class='ocrx_word' id='word_1_291' title='bbox 2400 2104 2733 2161; x_wconf 87' lang='lat' dir='ltr'>Belvacensi</span> <span class='ocrx_word' id='word_1_292' title='bbox 2765 2105 3056 2177; x_wconf 91' lang='lat' dir='ltr'>episcopo,</span> <span class='ocrx_word' id='word_1_293' title='bbox 3089 2104 3360 2162; x_wconf 88' lang='lat' dir='ltr'>salutem.</span> 
     </span>
    </p>
   </div>
   <div class='ocr_carea' id='block_1_52' title="bbox 1975 2194 3569 2267">
    <p class='ocr_par' dir='ltr' id='par_1_52' title="bbox 1975 2194 3569 2267">
     <span class='ocr_line' id='line_1_53' title="bbox 1975 2194 3569 2267; baseline 0.003 -18"><span class='ocrx_word' id='word_1_294' title='bbox 1975 2194 2159 2250; x_wconf 91' lang='lat' dir='ltr'>Multa</span> <span class='ocrx_word' id='word_1_295' title='bbox 2187 2199 2244 2251; x_wconf 89' lang='lat' dir='ltr'>et</span> <span class='ocrx_word' id='word_1_296' title='bbox 2282 2194 2480 2267; x_wconf 87' lang='lat' dir='ltr'>gravia</span> <span class='ocrx_word' id='word_1_297' title='bbox 2508 2195 2787 2250; x_wconf 85' lang='lat' dir='ltr'>adversus</span> <span class='ocrx_word' id='word_1_298' title='bbox 2816 2194 3241 2250; x_wconf 83' lang='lat' dir='ltr'>fraternitatem</span> <span class='ocrx_word' id='word_1_299' title='bbox 3274 2203 3436 2253; x_wconf 89' lang='lat' dir='ltr'>tuam</span> <span class='ocrx_word' id='word_1_300' title='bbox 3467 2198 3569 2254; x_wconf 88' lang='lat' dir='ltr'>ad.</span> 
     </span>
    </p>
   </div>
   <div class='ocr_carea' id='block_1_53' title="bbox 1904 2283 3539 2356">
    <p class='ocr_par' dir='ltr' id='par_1_53' title="bbox 1904 2283 3539 2356">
     <span class='ocr_line' id='line_1_54' title="bbox 1904 2283 3539 2356; baseline 0.003 -19"><span class='ocrx_word' id='word_1_301' title='bbox 1904 2299 2330 2356; x_wconf 87' lang='lat' dir='ltr'>nospervenerc</span> <span class='ocrx_word' id='word_1_302' title='bbox 2355 2283 2627 2356; x_wconf 88' lang='lat' dir='ltr'>capitula,</span> <span class='ocrx_word' id='word_1_303' title='bbox 2655 2283 2809 2338; x_wconf 90' lang='lat' dir='ltr'>unde</span> <span class='ocrx_word' id='word_1_304' title='bbox 2831 2283 2974 2338; x_wconf 87' lang='lat' dir='ltr'>satis</span> <span class='ocrx_word' id='word_1_305' title='bbox 2996 2283 3194 2339; x_wconf 89' lang='lat' dir='ltr'>mirari</span> <span class='ocrx_word' id='word_1_306' title='bbox 3227 2300 3343 2339; x_wconf 90' lang='lat' dir='ltr'>non</span> <span class='ocrx_word' id='word_1_307' title='bbox 3376 2287 3539 2342; x_wconf 85' lang='lat' dir='ltr'>sufﬁ-</span> 
     </span>
    </p>
   </div>
   <div class='ocr_carea' id='block_1_54' title="bbox 1904 2371 3541 2447">
    <p class='ocr_par' dir='ltr' id='par_1_54' title="bbox 1904 2371 3541 2447">
     <span class='ocr_line' id='line_1_55' title="bbox 1904 2371 3541 2447; baseline 0.002 -20"><span class='ocrx_word' id='word_1_308' title='bbox 1904 2371 2093 2428; x_wconf 90' lang='lat' dir='ltr'>cimus</span> <span class='ocrx_word' id='word_1_309' title='bbox 2124 2377 2180 2428; x_wconf 91' lang='lat' dir='ltr'>et</span> <span class='ocrx_word' id='word_1_310' title='bbox 2208 2372 2458 2444; x_wconf 87' lang='lat' dir='ltr'>graviter</span> <span class='ocrx_word' id='word_1_311' title='bbox 2487 2372 2886 2428; x_wconf 89' lang='lat' dir='ltr'>condolemus.</span> <span class='ocrx_word' id='word_1_312' title='bbox 2919 2372 3034 2428; x_wconf 79' lang='lat' dir='ltr'>Nos</span> <span class='ocrx_word' id='word_1_313' title='bbox 3087 2371 3240 2428; x_wconf 89' lang='lat' dir='ltr'>enim</span> <span class='ocrx_word' id='word_1_314' title='bbox 3272 2390 3407 2430; x_wconf 91' lang='lat' dir='ltr'>cum</span> <span class='ocrx_word' id='word_1_315' title='bbox 3439 2392 3541 2447; x_wconf 92' lang='lat' dir='ltr'>pro</span> 
     </span>
    </p>
   </div>
   <div class='ocr_carea' id='block_1_55' title="bbox 1904 2460 3542 2534">
    <p class='ocr_par' dir='ltr' id='par_1_55' title="bbox 1904 2460 3542 2534">
     <span class='ocr_line' id='line_1_56' title="bbox 1904 2460 3542 2534; baseline 0.001 -18"><span class='ocrx_word' id='word_1_316' title='bbox 1904 2466 2007 2516; x_wconf 88' lang='lat' dir='ltr'>tua</span> <span class='ocrx_word' id='word_1_317' title='bbox 2023 2460 2619 2534; x_wconf 85' lang='lat' dir='ltr'>egregia-indole,tum</span> <span class='ocrx_word' id='word_1_318' title='bbox 2650 2477 2755 2533; x_wconf 91' lang='lat' dir='ltr'>pro</span> <span class='ocrx_word' id='word_1_319' title='bbox 2787 2460 3093 2516; x_wconf 89' lang='lat' dir='ltr'>monastici</span> <span class='ocrx_word' id='word_1_320' title='bbox 3116 2461 3340 2518; x_wconf 90' lang='lat' dir='ltr'>ordinis</span> <span class='ocrx_word' id='word_1_321' title='bbox 3368 2463 3542 2519; x_wconf 88' lang='lat' dir='ltr'>disci-</span> 
     </span>
    </p>
   </div>
   <div class='ocr_carea' id='block_1_56' title="bbox 1908 2548 3541 2624">
    <p class='ocr_par' dir='ltr' id='par_1_56' title="bbox 1908 2548 3541 2624">
     <span class='ocr_line' id='line_1_57' title="bbox 1908 2548 3541 2624; baseline 0.002 -19"><span class='ocrx_word' id='word_1_322' title='bbox 1908 2550 2086 2622; x_wconf 86' lang='lat' dir='ltr'>plina,</span> <span class='ocrx_word' id='word_1_323' title='bbox 2120 2568 2235 2606; x_wconf 91' lang='lat' dir='ltr'>non</span> <span class='ocrx_word' id='word_1_324' title='bbox 2264 2550 2572 2606; x_wconf 89' lang='lat' dir='ltr'>minimam</span> <span class='ocrx_word' id='word_1_325' title='bbox 2606 2550 2676 2605; x_wconf 92' lang='lat' dir='ltr'>de</span> <span class='ocrx_word' id='word_1_326' title='bbox 2705 2555 2762 2606; x_wconf 89' lang='lat' dir='ltr'>te</span> <span class='ocrx_word' id='word_1_327' title='bbox 2783 2548 3194 2605; x_wconf 81' lang='lat' dir='ltr'>conﬁdentiam</span> <span class='ocrx_word' id='word_1_328' title='bbox 3225 2549 3541 2624; x_wconf 89' lang='lat' dir='ltr'>gessimus,</span> 
     </span>
    </p>
   </div>
   <div class='ocr_carea' id='block_1_57' title="bbox 1907 2632 3543 2713">
    <p class='ocr_par' dir='ltr' id='par_1_57' title="bbox 1907 2632 3543 2713">
     <span class='ocr_line' id='line_1_58' title="bbox 1907 2632 3543 2713; baseline 0.001 -18"><span class='ocrx_word' id='word_1_329' title='bbox 1907 2641 2061 2713; x_wconf 91' lang='lat' dir='ltr'>quod</span> <span class='ocrx_word' id='word_1_330' title='bbox 2102 2638 2445 2695; x_wconf 86' lang='lat' dir='ltr'>eruditionis</span> <span class='ocrx_word' id='word_1_331' title='bbox 2502 2632 2800 2712; x_wconf 73' lang='lat' dir='ltr'>praeteritae</span> <span class='ocrx_word' id='word_1_332' title='bbox 2842 2638 3044 2711; x_wconf 89' lang='lat' dir='ltr'>regula</span> <span class='ocrx_word' id='word_1_333' title='bbox 3108 2637 3543 2710; x_wconf 89' lang='lat' dir='ltr'>simplicitatem</span> 
     </span>
    </p>
   </div>
   <div class='ocr_carea' id='block_1_58' title="bbox 1906 2726 3540 2800">
    <p class='ocr_par' dir='ltr' id='par_1_58' title="bbox 1906 2726 3540 2800">
     <span class='ocr_line' id='line_1_59' title="bbox 1906 2726 3540 2800; baseline 0 -15"><span class='ocrx_word' id='word_1_334' title='bbox 1906 2734 2071 2785; x_wconf 88' lang='lat' dir='ltr'>tuam</span> <span class='ocrx_word' id='word_1_335' title='bbox 2085 2746 2117 2785; x_wconf 92' lang='lat' dir='ltr'>a</span> <span class='ocrx_word' id='word_1_336' title='bbox 2130 2727 2494 2784; x_wconf 67' lang='lat' dir='ltr'>saecularium</span> <span class='ocrx_word' id='word_1_337' title='bbox 2510 2726 2869 2800; x_wconf 88' lang='lat' dir='ltr'>negotiorum</span> <span class='ocrx_word' id='word_1_338' title='bbox 2886 2728 3042 2799; x_wconf 88' lang='lat' dir='ltr'>pravi</span> <span class='ocrx_word' id='word_1_339' title='bbox 3054 2727 3271 2784; x_wconf 87' lang='lat' dir='ltr'>tatibus</span> <span class='ocrx_word' id='word_1_340' title='bbox 3290 2727 3540 2785; x_wconf 87' lang='lat' dir='ltr'>cohibet.</span> 
     </span>
    </p>
   </div>
   <div class='ocr_carea' id='block_1_59' title="bbox 1908 2816 3546 2888">
    <p class='ocr_par' dir='ltr' id='par_1_59' title="bbox 1908 2816 3546 2888">
     <span class='ocr_line' id='line_1_60' title="bbox 1908 2816 3546 2888; baseline 0 -15"><span class='ocrx_word' id='word_1_341' title='bbox 1908 2818 2073 2873; x_wconf 87' lang='lat' dir='ltr'>Nunc</span> <span class='ocrx_word' id='word_1_342' title='bbox 2099 2822 2314 2885; x_wconf 85' lang='lat' dir='ltr'>autem,</span> <span class='ocrx_word' id='word_1_343' title='bbox 2335 2822 2539 2872; x_wconf 88' lang='lat' dir='ltr'>contra</span> <span class='ocrx_word' id='word_1_344' title='bbox 2575 2816 2909 2888; x_wconf 90' lang='lat' dir='ltr'>opinionem</span> <span class='ocrx_word' id='word_1_345' title='bbox 2945 2820 3224 2882; x_wconf 89' lang='lat' dir='ltr'>nostram,</span> <span class='ocrx_word' id='word_1_346' title='bbox 3261 2817 3546 2874; x_wconf 90' lang='lat' dir='ltr'>nonnulla</span> 
     </span>
    </p>
   </div>
   <div class='ocr_carea' id='block_1_60' title="bbox 1908 2903 3545 2976">
    <p class='ocr_par' dir='ltr' id='par_1_60' title="bbox 1908 2903 3545 2976">
     <span class='ocr_line' id='line_1_61' title="bbox 1908 2903 3545 2976; baseline -0.001 -13"><span class='ocrx_word' id='word_1_347' title='bbox 1908 2906 2241 2963; x_wconf 87' lang='lat' dir='ltr'>audivimus</span> <span class='ocrx_word' id='word_1_348' title='bbox 2258 2904 2635 2962; x_wconf 85' lang='lat' dir='ltr'>sacerdotalis</span> <span class='ocrx_word' id='word_1_349' title='bbox 2651 2905 2871 2960; x_wconf 84' lang='lat' dir='ltr'>ordinis</span> <span class='ocrx_word' id='word_1_350' title='bbox 2888 2904 3129 2976; x_wconf 88' lang='lat' dir='ltr'>puritati</span> <span class='ocrx_word' id='word_1_351' title='bbox 3142 2903 3307 2960; x_wconf 86' lang='lat' dir='ltr'>valde</span> <span class='ocrx_word' id='word_1_352' title='bbox 3319 2910 3545 2962; x_wconf 86' lang='lat' dir='ltr'>contra-</span> 
     </span>
    </p>
   </div>
   <div class='ocr_carea' id='block_1_61' title="bbox 1908 2991 3546 3068">
    <p class='ocr_par' dir='ltr' id='par_1_61' title="bbox 1908 2991 3546 3068">
     <span class='ocr_line' id='line_1_62' title="bbox 1908 2991 3546 3068; baseline 0.001 -18"><span class='ocrx_word' id='word_1_353' title='bbox 1908 2994 2240 3051; x_wconf 88' lang='lat' dir='ltr'>ria.Diceris</span> <span class='ocrx_word' id='word_1_354' title='bbox 2252 2995 2406 3050; x_wconf 89' lang='lat' dir='ltr'>enim</span> <span class='ocrx_word' id='word_1_355' title='bbox 2421 2994 2595 3068; x_wconf 88' lang='lat' dir='ltr'>(quod</span> <span class='ocrx_word' id='word_1_356' title='bbox 2611 2993 2810 3065; x_wconf 85' lang='lat' dir='ltr'>absit!)</span> <span class='ocrx_word' id='word_1_357' title='bbox 2825 2991 3155 3049; x_wconf 90' lang='lat' dir='ltr'>homicidiis</span> <span class='ocrx_word' id='word_1_358' title='bbox 3172 2997 3227 3049; x_wconf 91' lang='lat' dir='ltr'>et</span> <span class='ocrx_word' id='word_1_359' title='bbox 3239 2993 3546 3051; x_wconf 88' lang='lat' dir='ltr'>hominum</span> 
     </span>
    </p>
   </div>
   <div class='ocr_carea' id='block_1_62' title="bbox 1910 3082 3548 3156">
    <p class='ocr_par' dir='ltr' id='par_1_62' title="bbox 1910 3082 3548 3156">
     <span class='ocr_line' id='line_1_63' title="bbox 1910 3082 3548 3156; baseline 0.001 -18"><span class='ocrx_word' id='word_1_360' title='bbox 1910 3084 2339 3156; x_wconf 89' lang='lat' dir='ltr'>proditionibus</span> <span class='ocrx_word' id='word_1_361' title='bbox 2369 3083 2752 3139; x_wconf 88' lang='lat' dir='ltr'>commisceri.</span> <span class='ocrx_word' id='word_1_362' title='bbox 2787 3082 3125 3138; x_wconf 60' lang='lat' dir='ltr'>Commissa;</span> <span class='ocrx_word' id='word_1_363' title='bbox 3164 3097 3419 3154; x_wconf 90' lang='lat' dir='ltr'>namque</span> <span class='ocrx_word' id='word_1_364' title='bbox 3438 3083 3548 3138; x_wconf 90' lang='lat' dir='ltr'>Ec-</span> 
     </span>
    </p>
   </div>
   <div class='ocr_carea' id='block_1_63' title="bbox 1909 3170 3547 3243">
    <p class='ocr_par' dir='ltr' id='par_1_63' title="bbox 1909 3170 3547 3243">
     <span class='ocr_line' id='line_1_64' title="bbox 1909 3170 3547 3243; baseline 0.001 -17"><span class='ocrx_word' id='word_1_365' title='bbox 1909 3172 2095 3228; x_wconf 75' lang='lat' dir='ltr'>clesia:</span> <span class='ocrx_word' id='word_1_366' title='bbox 2121 3177 2233 3228; x_wconf 84' lang='lat' dir='ltr'>tuae</span> <span class='ocrx_word' id='word_1_367' title='bbox 2266 3170 2459 3228; x_wconf 91' lang='lat' dir='ltr'>clerici</span> <span class='ocrx_word' id='word_1_368' title='bbox 2517 3175 2976 3243; x_wconf 87' lang='lat' dir='ltr'>conqueruntur,</span> <span class='ocrx_word' id='word_1_369' title='bbox 3010 3171 3162 3243; x_wconf 85' lang='lat' dir='ltr'>quod</span> <span class='ocrx_word' id='word_1_370' title='bbox 3205 3170 3547 3238; x_wconf 87' lang='lat' dir='ltr'>Hubertum,</span> 
     </span>
    </p>
   </div>
   <div class='ocr_carea' id='block_1_64' title="bbox 1907 3260 3550 3333">
    <p class='ocr_par' dir='ltr' id='par_1_64' title="bbox 1907 3260 3550 3333">
     <span class='ocr_line' id='line_1_65' title="bbox 1907 3260 3550 3333; baseline 0.002 -18"><span class='ocrx_word' id='word_1_371' title='bbox 1907 3260 2355 3317; x_wconf 83' lang='lat' dir='ltr'>Silvanectensis</span> <span class='ocrx_word' id='word_1_372' title='bbox 2383 3260 2640 3332; x_wconf 90' lang='lat' dir='ltr'>episcopi</span> <span class='ocrx_word' id='word_1_373' title='bbox 2666 3260 2774 3332; x_wconf 86' lang='lat'>(22)</span> <span class='ocrx_word' id='word_1_374' title='bbox 2811 3261 3068 3326; x_wconf 76' lang='lat' dir='ltr'>fratrem,</span> <span class='ocrx_word' id='word_1_375' title='bbox 3104 3260 3255 3314; x_wconf 82' lang='lat' dir='ltr'>infra</span> <span class='ocrx_word' id='word_1_376' title='bbox 3285 3264 3550 3333; x_wconf 81' lang='lat' dir='ltr'>treugam</span> 
     </span>
    </p>
   </div>
   <div class='ocr_carea' id='block_1_65' title="bbox 160 3332 3550 3422">
    <p class='ocr_par' dir='ltr' id='par_1_65' title="bbox 160 3332 3550 3422">
     <span class='ocr_line' id='line_1_66' title="bbox 160 3332 3550 3422; baseline 0.001 -20"><span class='ocrx_word' id='word_1_377' title='bbox 160 3362 325 3402; x_wconf 92' lang='lat' dir='ltr'>mum</span> <span class='ocrx_word' id='word_1_378' title='bbox 353 3350 559 3403; x_wconf 71' lang='lat' dir='ltr'>vestra:</span> <span class='ocrx_word' id='word_1_379' title='bbox 590 3346 779 3420; x_wconf 89' lang='lat' dir='ltr'>gentis</span> <span class='ocrx_word' id='word_1_380' title='bbox 809 3348 1315 3422; x_wconf 90' lang='lat' dir='ltr'>archiepiscopum</span> <span class='ocrx_word' id='word_1_381' title='bbox 1365 3332 1602 3406; x_wconf 90' lang='lat' dir='ltr'>beatum</span> <span class='ocrx_word' id='word_1_382' title='bbox 1632 3332 1799 3407; x_wconf 83' lang='lat' dir='ltr'>Boni-</span> <span class='ocrx_word' id='word_1_383' title='bbox 1831 3332 1875 3400; x_wconf 73' lang='grc' dir='ltr'>Ο</span> <span class='ocrx_word' id='word_1_384' title='bbox 1913 3351 2143 3406; x_wconf 89' lang='lat' dir='ltr'>Domini</span> <span class='ocrx_word' id='word_1_385' title='bbox 2174 3366 2276 3422; x_wconf 92' lang='lat' dir='ltr'>pro</span> <span class='ocrx_word' id='word_1_386' title='bbox 2304 3348 2719 3421; x_wconf 83' lang='lat' dir='ltr'>exspoliatione</span> <span class='ocrx_word' id='word_1_387' title='bbox 2739 3348 2995 3422; x_wconf 72' lang='lat' dir='ltr'>pecuniis</span> <span class='ocrx_word' id='word_1_388' title='bbox 3028 3348 3085 3403; x_wconf 91' lang='lat' dir='ltr'>in</span> <span class='ocrx_word' id='word_1_389' title='bbox 3107 3347 3338 3404; x_wconf 89' lang='lat' dir='ltr'>vincula</span> <span class='ocrx_word' id='word_1_390' title='bbox 3357 3332 3550 3421; x_wconf 85' lang='lat' dir='ltr'>conje-</span> 
     </span>
    </p>
   </div>
   <div class='ocr_carea' id='block_1_66' title="bbox 163 3434 1802 3508">
    <p class='ocr_par' dir='ltr' id='par_1_66' title="bbox 163 3434 1802 3508">
     <span class='ocr_line' id='line_1_67' title="bbox 163 3434 1802 3508; baseline 0.002 -17"><span class='ocrx_word' id='word_1_391' title='bbox 163 3434 379 3493; x_wconf 81' lang='lat' dir='ltr'>facium</span> <span class='ocrx_word' id='word_1_392' title='bbox 394 3434 572 3508; x_wconf 84' lang='lat' dir='ltr'>pallio</span> <span class='ocrx_word' id='word_1_393' title='bbox 593 3436 838 3505; x_wconf 89' lang='lat' dir='ltr'>donans,</span> <span class='ocrx_word' id='word_1_394' title='bbox 871 3441 929 3492; x_wconf 91' lang='lat' dir='ltr'>et</span> <span class='ocrx_word' id='word_1_395' title='bbox 945 3437 1090 3494; x_wconf 87' lang='lat' dir='ltr'>vicis</span> <span class='ocrx_word' id='word_1_396' title='bbox 1124 3455 1246 3495; x_wconf 71' lang='lat' dir='ltr'>suis</span> <span class='ocrx_word' id='word_1_397' title='bbox 1285 3439 1647 3497; x_wconf 88' lang='lat' dir='ltr'>auctoritatis</span> <span class='ocrx_word' id='word_1_398' title='bbox 1677 3457 1802 3496; x_wconf 91' lang='lat' dir='ltr'>cor-</span> 
     </span>
    </p>
   </div>
   <div class='ocr_carea' id='block_1_67' title="bbox 162 3524 1805 3602">
    <p class='ocr_par' dir='ltr' id='par_1_67' title="bbox 162 3524 1805 3602">
     <span class='ocr_line' id='line_1_68' title="bbox 162 3524 1805 3602; baseline 0.003 -21"><span class='ocrx_word' id='word_1_399' title='bbox 162 3526 445 3582; x_wconf 86' lang='lat' dir='ltr'>roborans</span> <span class='ocrx_word' id='word_1_400' title='bbox 476 3528 679 3581; x_wconf 68' lang='lat' dir='ltr'>vestrae</span> <span class='ocrx_word' id='word_1_401' title='bbox 728 3524 1003 3583; x_wconf 86' lang='lat' dir='ltr'>ecclesias</span> <span class='ocrx_word' id='word_1_402' title='bbox 1059 3527 1339 3583; x_wconf 83' lang='lat' dir='ltr'>instruxit</span> <span class='ocrx_word' id='word_1_403' title='bbox 1390 3527 1702 3602; x_wconf 89' lang='lat' dir='ltr'>religionis.</span> <span class='ocrx_word' id='word_1_404' title='bbox 1734 3531 1805 3586; x_wconf 88' lang='lat' dir='ltr'>Et</span> 
     </span>
    </p>
   </div>
   <div class='ocr_carea' id='block_1_68' title="bbox 160 3612 1803 3687">
    <p class='ocr_par' dir='ltr' id='par_1_68' title="bbox 160 3612 1803 3687">
     <span class='ocr_line' id='line_1_69' title="bbox 160 3612 1803 3687; baseline 0.003 -18"><span class='ocrx_word' id='word_1_405' title='bbox 160 3630 269 3670; x_wconf 87' lang='lat' dir='ltr'>nos</span> <span class='ocrx_word' id='word_1_406' title='bbox 284 3612 468 3687; x_wconf 86' lang='lat' dir='ltr'>igitur</span> <span class='ocrx_word' id='word_1_407' title='bbox 494 3612 834 3670; x_wconf 88' lang='lat' dir='ltr'>diuturnam</span> <span class='ocrx_word' id='word_1_408' title='bbox 855 3618 1058 3671; x_wconf 62' lang='lat' dir='ltr'>vestra:</span> <span class='ocrx_word' id='word_1_409' title='bbox 1085 3615 1351 3672; x_wconf 80' lang='lat' dir='ltr'>Ecclesiae</span> <span class='ocrx_word' id='word_1_410' title='bbox 1382 3616 1803 3674; x_wconf 88' lang='lat' dir='ltr'>desolationem</span> 
     </span>
    </p>
   </div>
   <div class='ocr_carea' id='block_1_69' title="bbox 161 3700 1803 3776">
    <p class='ocr_par' dir='ltr' id='par_1_69' title="bbox 161 3700 1803 3776">
     <span class='ocr_line' id='line_1_70' title="bbox 161 3700 1803 3776; baseline 0.002 -18"><span class='ocrx_word' id='word_1_411' title='bbox 161 3718 267 3774; x_wconf 89' lang='lat' dir='ltr'>pro</span> <span class='ocrx_word' id='word_1_412' title='bbox 286 3702 471 3758; x_wconf 88' lang='lat' dir='ltr'>nostri</span> <span class='ocrx_word' id='word_1_413' title='bbox 492 3700 668 3758; x_wconf 80' lang='lat' dir='ltr'>ofﬁcii</span> <span class='ocrx_word' id='word_1_414' title='bbox 717 3702 910 3758; x_wconf 87' lang='lat' dir='ltr'>debito</span> <span class='ocrx_word' id='word_1_415' title='bbox 938 3703 1382 3776; x_wconf 86' lang='lat' dir='ltr'>perpendentes,</span> <span class='ocrx_word' id='word_1_416' title='bbox 1414 3705 1570 3760; x_wconf 90' lang='lat' dir='ltr'>hunc</span> <span class='ocrx_word' id='word_1_417' title='bbox 1600 3706 1669 3760; x_wconf 90' lang='lat' dir='ltr'>ad</span> <span class='ocrx_word' id='word_1_418' title='bbox 1702 3722 1803 3762; x_wconf 89' lang='lat' dir='ltr'>vos</span> 
     </span>
    </p>
   </div>
   <div class='ocr_carea' id='block_1_70' title="bbox 162 3789 1803 3864">
    <p class='ocr_par' dir='ltr' id='par_1_70' title="bbox 162 3789 1803 3864">
     <span class='ocr_line' id='line_1_71' title="bbox 162 3789 1803 3864; baseline 0.002 -17"><span class='ocrx_word' id='word_1_419' title='bbox 162 3790 602 3848; x_wconf 69' lang='lat' dir='ltr'>salutis-vestrae</span> <span class='ocrx_word' id='word_1_420' title='bbox 654 3789 966 3864; x_wconf 88' lang='lat' dir='ltr'>dirigimus</span> <span class='ocrx_word' id='word_1_421' title='bbox 1008 3792 1438 3849; x_wconf 91' lang='lat' dir='ltr'>instructorem.</span> <span class='ocrx_word' id='word_1_422' title='bbox 1474 3794 1655 3858; x_wconf 87' lang='lat' dir='ltr'>Quem</span> <span class='ocrx_word' id='word_1_423' title='bbox 1702 3812 1803 3851; x_wconf 88' lang='lat' dir='ltr'>vos</span> 
     </span>
    </p>
   </div>
   <div class='ocr_carea' id='block_1_71' title="bbox 159 3878 1805 3952">
    <p class='ocr_par' dir='ltr' id='par_1_71' title="bbox 159 3878 1805 3952">
     <span class='ocr_line' id='line_1_72' title="bbox 159 3878 1805 3952; baseline 0.002 -16"><span class='ocrx_word' id='word_1_424' title='bbox 159 3895 226 3936; x_wconf 89' lang='lat' dir='ltr'>eo</span> <span class='ocrx_word' id='word_1_425' title='bbox 255 3878 617 3935; x_wconf 86' lang='lat' dir='ltr'>reverentius</span> <span class='ocrx_word' id='word_1_426' title='bbox 663 3879 957 3952; x_wconf 88' lang='lat' dir='ltr'>suscipere</span> <span class='ocrx_word' id='word_1_427' title='bbox 1005 3886 1064 3936; x_wconf 89' lang='lat' dir='ltr'>et</span> <span class='ocrx_word' id='word_1_428' title='bbox 1116 3882 1480 3938; x_wconf 89' lang='lat' dir='ltr'>obedientius</span> <span class='ocrx_word' id='word_1_429' title='bbox 1537 3885 1805 3940; x_wconf 86' lang='lat' dir='ltr'>convenit</span> 
     </span>
    </p>
   </div>
   <div class='ocr_carea' id='block_1_72' title="bbox 160 3967 1802 4042">
    <p class='ocr_par' dir='ltr' id='par_1_72' title="bbox 160 3967 1802 4042">
     <span class='ocr_line' id='line_1_73' title="bbox 160 3967 1802 4042; baseline 0.002 -19"><span class='ocrx_word' id='word_1_430' title='bbox 160 3967 462 4038; x_wconf 77' lang='lat' dir='ltr'>exaudire,</span> <span class='ocrx_word' id='word_1_431' title='bbox 489 3984 605 4041; x_wconf 91' lang='lat' dir='ltr'>quo</span> <span class='ocrx_word' id='word_1_432' title='bbox 636 3983 771 4024; x_wconf 90' lang='lat' dir='ltr'>eum</span> <span class='ocrx_word' id='word_1_433' title='bbox 803 3969 877 4023; x_wconf 90' lang='lat' dir='ltr'>ab</span> <span class='ocrx_word' id='word_1_434' title='bbox 924 3968 1056 4042; x_wconf 89' lang='lat' dir='ltr'>ipso</span> <span class='ocrx_word' id='word_1_435' title='bbox 1083 3969 1216 4024; x_wconf 80' lang='lat' dir='ltr'>fidei</span> <span class='ocrx_word' id='word_1_436' title='bbox 1264 3975 1324 4025; x_wconf 90' lang='lat' dir='ltr'>et</span> <span class='ocrx_word' id='word_1_437' title='bbox 1369 3970 1578 4026; x_wconf 89' lang='lat' dir='ltr'>salutis</span> <span class='ocrx_word' id='word_1_438' title='bbox 1596 3975 1802 4027; x_wconf 66' lang='lat' dir='ltr'>vestrae</span> 
     </span>
    </p>
   </div>
   <div class='ocr_carea' id='block_1_73' title="bbox 158 4056 1802 4132">
    <p class='ocr_par' dir='ltr' id='par_1_73' title="bbox 158 4056 1802 4132">
     <span class='ocr_line' id='line_1_74' title="bbox 158 4056 1802 4132; baseline 0.002 -20"><span class='ocrx_word' id='word_1_439' title='bbox 158 4056 319 4113; x_wconf 84' lang='lat' dir='ltr'>fonte</span> <span class='ocrx_word' id='word_1_440' title='bbox 347 4056 687 4128; x_wconf 85' lang='lat' dir='ltr'>conspicitis</span> <span class='ocrx_word' id='word_1_441' title='bbox 708 4057 1089 4113; x_wconf 88' lang='lat' dir='ltr'>destinatum.</span> <span class='ocrx_word' id='word_1_442' title='bbox 1110 4058 1315 4114; x_wconf 89' lang='lat' dir='ltr'>Omnis</span> <span class='ocrx_word' id='word_1_443' title='bbox 1332 4063 1524 4114; x_wconf 88' lang='lat' dir='ltr'>autem</span> <span class='ocrx_word' id='word_1_444' title='bbox 1542 4059 1641 4132; x_wconf 93' lang='lat' dir='ltr'>qui</span> <span class='ocrx_word' id='word_1_445' title='bbox 1669 4077 1802 4116; x_wconf 90' lang='lat' dir='ltr'>eum</span> 
     </span>
    </p>
   </div>
   <div class='ocr_carea' id='block_1_74' title="bbox 158 4146 1805 4221">
    <p class='ocr_par' dir='ltr' id='par_1_74' title="bbox 158 4146 1805 4221">
     <span class='ocr_line' id='line_1_75' title="bbox 158 4146 1805 4221; baseline 0.002 -20"><span class='ocrx_word' id='word_1_446' title='bbox 158 4150 227 4202; x_wconf 90' lang='lat' dir='ltr'>ut</span> <span class='ocrx_word' id='word_1_447' title='bbox 253 4149 551 4218; x_wconf 88' lang='lat' dir='ltr'>pastorem</span> <span class='ocrx_word' id='word_1_448' title='bbox 600 4161 776 4202; x_wconf 90' lang='lat' dir='ltr'>suum</span> <span class='ocrx_word' id='word_1_449' title='bbox 824 4146 1017 4202; x_wconf 91' lang='lat' dir='ltr'>debito</span> <span class='ocrx_word' id='word_1_450' title='bbox 1048 4146 1268 4203; x_wconf 91' lang='lat' dir='ltr'>honore</span> <span class='ocrx_word' id='word_1_451' title='bbox 1298 4152 1472 4221; x_wconf 91' lang='lat' dir='ltr'>atque</span> <span class='ocrx_word' id='word_1_452' title='bbox 1502 4149 1805 4205; x_wconf 73' lang='lat' dir='ltr'>affectione</span> 
     </span>
    </p>
   </div>
   <div class='ocr_carea' id='block_1_75' title="bbox 160 4234 1802 4308">
    <p class='ocr_par' dir='ltr' id='par_1_75' title="bbox 160 4234 1802 4308">
     <span class='ocr_line' id='line_1_76' title="bbox 160 4234 1802 4308; baseline 0.002 -18"><span class='ocrx_word' id='word_1_453' title='bbox 160 4234 518 4306; x_wconf 84' lang='lat' dir='ltr'>tractaverit,</span> <span class='ocrx_word' id='word_1_454' title='bbox 549 4250 656 4290; x_wconf 89' lang='lat' dir='ltr'>nos</span> <span class='ocrx_word' id='word_1_455' title='bbox 705 4235 1120 4307; x_wconf 86' lang='lat' dir='ltr'>omnipotentis</span> <span class='ocrx_word' id='word_1_456' title='bbox 1151 4235 1252 4292; x_wconf 92' lang='lat' dir='ltr'>Dei</span> <span class='ocrx_word' id='word_1_457' title='bbox 1307 4240 1364 4291; x_wconf 90' lang='lat' dir='ltr'>et</span> <span class='ocrx_word' id='word_1_458' title='bbox 1406 4237 1802 4308; x_wconf 89' lang='lat' dir='ltr'>apostolorum</span> 
     </span>
    </p>
   </div>
   <div class='ocr_carea' id='block_1_76' title="bbox 159 4323 1802 4396">
    <p class='ocr_par' dir='ltr' id='par_1_76' title="bbox 159 4323 1802 4396">
     <span class='ocr_line' id='line_1_77' title="bbox 159 4323 1802 4396; baseline 0.001 -17"><span class='ocrx_word' id='word_1_459' title='bbox 159 4324 290 4394; x_wconf 84' lang='lat' dir='ltr'>ejus</span> <span class='ocrx_word' id='word_1_460' title='bbox 321 4323 613 4379; x_wconf 85' lang='lat' dir='ltr'>donamus</span> <span class='ocrx_word' id='word_1_461' title='bbox 643 4323 1080 4392; x_wconf 85' lang='lat' dir='ltr'>benedictione;</span> <span class='ocrx_word' id='word_1_462' title='bbox 1114 4324 1214 4396; x_wconf 91' lang='lat' dir='ltr'>qui</span> <span class='ocrx_word' id='word_1_463' title='bbox 1252 4342 1391 4381; x_wconf 81' lang='lat' dir='ltr'>vero</span> <span class='ocrx_word' id='word_1_464' title='bbox 1423 4325 1559 4381; x_wconf 89' lang='lat' dir='ltr'>huic</span> <span class='ocrx_word' id='word_1_465' title='bbox 1588 4327 1802 4382; x_wconf 86' lang='lat' dir='ltr'>consti-</span> 
     </span>
    </p>
   </div>
   <div class='ocr_carea' id='block_1_77' title="bbox 159 4411 1807 4488">
    <p class='ocr_par' dir='ltr' id='par_1_77' title="bbox 159 4411 1807 4488">
     <span class='ocr_line' id='line_1_78' title="bbox 159 4411 1807 4488; baseline 0.002 -21"><span class='ocrx_word' id='word_1_466' title='bbox 159 4411 378 4468; x_wconf 87' lang='lat' dir='ltr'>tutioni</span> <span class='ocrx_word' id='word_1_467' title='bbox 409 4414 620 4468; x_wconf 80' lang='lat' dir='ltr'>nostrae</span> <span class='ocrx_word' id='word_1_468' title='bbox 661 4412 891 4467; x_wconf 87' lang='lat' dir='ltr'>obviam</span> <span class='ocrx_word' id='word_1_469' title='bbox 922 4412 1006 4468; x_wconf 90' lang='lat' dir='ltr'>ire</span> <span class='ocrx_word' id='word_1_470' title='bbox 1053 4413 1381 4484; x_wconf 86' lang='lat' dir='ltr'>tentaverit,</span> <span class='ocrx_word' id='word_1_471' title='bbox 1415 4415 1655 4471; x_wconf 87' lang='lat' dir='ltr'>clericos</span> <span class='ocrx_word' id='word_1_472' title='bbox 1681 4415 1807 4488; x_wconf 89' lang='lat' dir='ltr'>qui-</span> 
     </span>
    </p>
   </div>
   <div class='ocr_carea' id='block_1_78' title="bbox 162 4499 1804 4569">
    <p class='ocr_par' dir='ltr' id='par_1_78' title="bbox 162 4499 1804 4569">
     <span class='ocr_line' id='line_1_79' title="bbox 162 4499 1804 4569; baseline 0.002 -13"><span class='ocrx_word' id='word_1_473' title='bbox 162 4500 299 4556; x_wconf 82' lang='lat' dir='ltr'>dem</span> <span class='ocrx_word' id='word_1_474' title='bbox 326 4517 361 4556; x_wconf 89' lang='lat' dir='ltr'>a</span> <span class='ocrx_word' id='word_1_475' title='bbox 389 4499 701 4556; x_wconf 88' lang='lat' dir='ltr'>clericatus</span> <span class='ocrx_word' id='word_1_476' title='bbox 738 4500 930 4557; x_wconf 79' lang='lat' dir='ltr'>ofﬁcio</span> <span class='ocrx_word' id='word_1_477' title='bbox 982 4518 1347 4559; x_wconf 89' lang='lat' dir='ltr'>removemus</span> <span class='ocrx_word' id='word_1_478' title='bbox 1375 4502 1576 4569; x_wconf 86' lang='lat' dir='ltr'>;laicis</span> <span class='ocrx_word' id='word_1_479' title='bbox 1608 4508 1804 4560; x_wconf 90' lang='lat' dir='ltr'>autem</span> 
     </span>
    </p>
   </div>
   <div class='ocr_carea' id='block_1_79' title="bbox 159 4589 1803 4664">
    <p class='ocr_par' dir='ltr' id='par_1_79' title="bbox 159 4589 1803 4664">
     <span class='ocr_line' id='line_1_80' title="bbox 159 4589 1803 4664; baseline 0.002 -19"><span class='ocrx_word' id='word_1_480' title='bbox 159 4589 364 4664; x_wconf 60' lang='lat' dir='ltr'>gratim</span> <span class='ocrx_word' id='word_1_481' title='bbox 386 4589 725 4662; x_wconf 65' lang='lat' dir='ltr'>apostolicae</span> <span class='ocrx_word' id='word_1_482' title='bbox 756 4592 1116 4647; x_wconf 88' lang='lat' dir='ltr'>consortium</span> <span class='ocrx_word' id='word_1_483' title='bbox 1171 4592 1599 4648; x_wconf 88' lang='lat' dir='ltr'>interdicimus.</span> <span class='ocrx_word' id='word_1_484' title='bbox 1633 4592 1803 4649; x_wconf 90' lang='lat' dir='ltr'>Illum</span> 
     </span>
    </p>
   </div>
   <div class='ocr_carea' id='block_1_80' title="bbox 1914 3436 3550 3511">
    <p class='ocr_par' dir='ltr' id='par_1_80' title="bbox 1914 3436 3550 3511">
     <span class='ocr_line' id='line_1_81' title="bbox 1914 3436 3550 3511; baseline -0.001 -17"><span class='ocrx_word' id='word_1_485' title='bbox 1914 3440 2084 3506; x_wconf 90' lang='lat' dir='ltr'>ceris,</span> <span class='ocrx_word' id='word_1_486' title='bbox 2115 3444 2172 3494; x_wconf 87' lang='lat' dir='ltr'>et</span> <span class='ocrx_word' id='word_1_487' title='bbox 2201 3438 2391 3509; x_wconf 90' lang='lat' dir='ltr'>ipsius</span> <span class='ocrx_word' id='word_1_488' title='bbox 2421 3438 2596 3506; x_wconf 90' lang='lat' dir='ltr'>bona,</span> <span class='ocrx_word' id='word_1_489' title='bbox 2629 3437 2879 3493; x_wconf 70' lang='lat' dir='ltr'>effractis</span> <span class='ocrx_word' id='word_1_490' title='bbox 2901 3437 3194 3502; x_wconf 90' lang='lat' dir='ltr'>domibus,</span> <span class='ocrx_word' id='word_1_491' title='bbox 3215 3436 3550 3511; x_wconf 91' lang='lat' dir='ltr'>diripueris,</span> 
     </span>
    </p>
   </div>
   <div class='ocr_carea' id='block_1_81' title="bbox 1911 3524 3549 3599">
    <p class='ocr_par' dir='ltr' id='par_1_81' title="bbox 1911 3524 3549 3599">
     <span class='ocr_line' id='line_1_82' title="bbox 1911 3524 3549 3599; baseline -0.001 -17"><span class='ocrx_word' id='word_1_492' title='bbox 1911 3528 2147 3583; x_wconf 89' lang='lat' dir='ltr'>tandem</span> <span class='ocrx_word' id='word_1_493' title='bbox 2169 3527 2338 3599; x_wconf 69' lang='lat' dir='ltr'>regiae</span> <span class='ocrx_word' id='word_1_494' title='bbox 2362 3524 2672 3581; x_wconf 90' lang='lat' dir='ltr'>tradideris</span> <span class='ocrx_word' id='word_1_495' title='bbox 2693 3526 2968 3598; x_wconf 87' lang='lat' dir='ltr'>captioni.</span> <span class='ocrx_word' id='word_1_496' title='bbox 3002 3526 3390 3589; x_wconf 85' lang='lat' dir='ltr'>Quamobrem</span> <span class='ocrx_word' id='word_1_497' title='bbox 3424 3525 3549 3583; x_wconf 83' lang='lat' dir='ltr'>Bel—</span> 
     </span>
    </p>
   </div>
   <div class='ocr_carea' id='block_1_82' title="bbox 1912 3613 3553 3687">
    <p class='ocr_par' dir='ltr' id='par_1_82' title="bbox 1912 3613 3553 3687">
     <span class='ocr_line' id='line_1_83' title="bbox 1912 3613 3553 3687; baseline -0.002 -16"><span class='ocrx_word' id='word_1_498' title='bbox 1912 3616 2175 3673; x_wconf 87' lang='lat' dir='ltr'>vacensis</span> <span class='ocrx_word' id='word_1_499' title='bbox 2204 3614 2458 3671; x_wconf 89' lang='lat' dir='ltr'>Ecclesia</span> <span class='ocrx_word' id='word_1_500' title='bbox 2478 3615 2606 3686; x_wconf 89' lang='lat' dir='ltr'>jam</span> <span class='ocrx_word' id='word_1_501' title='bbox 2638 3615 2735 3670; x_wconf 92' lang='lat' dir='ltr'>diu</span> <span class='ocrx_word' id='word_1_502' title='bbox 2770 3614 3052 3671; x_wconf 88' lang='lat' dir='ltr'>destituta</span> <span class='ocrx_word' id='word_1_503' title='bbox 3071 3613 3278 3670; x_wconf 77' lang='lat' dir='ltr'>officiis</span> <span class='ocrx_word' id='word_1_504' title='bbox 3303 3614 3553 3687; x_wconf 89' lang='lat' dir='ltr'>ingemi-</span> 
     </span>
    </p>
   </div>
   <div class='ocr_carea' id='block_1_83' title="bbox 1914 3702 3552 3777">
    <p class='ocr_par' dir='ltr' id='par_1_83' title="bbox 1914 3702 3552 3777">
     <span class='ocr_line' id='line_1_84' title="bbox 1914 3702 3552 3777; baseline -0.002 -15"><span class='ocrx_word' id='word_1_505' title='bbox 1914 3705 2023 3762; x_wconf 90' lang='lat' dir='ltr'>scit</span> <span class='ocrx_word' id='word_1_506' title='bbox 2052 3705 2203 3777; x_wconf 89' lang='lat' dir='ltr'>quod</span> <span class='ocrx_word' id='word_1_507' title='bbox 2257 3721 2507 3777; x_wconf 90' lang='lat' dir='ltr'>nequam</span> <span class='ocrx_word' id='word_1_508' title='bbox 2554 3703 3254 3772; x_wconf 76' lang='lat' dir='ltr'>excommunicationibus</span> <span class='ocrx_word' id='word_1_509' title='bbox 3292 3702 3467 3758; x_wconf 89' lang='lat' dir='ltr'>variis</span> <span class='ocrx_word' id='word_1_510' title='bbox 3496 3707 3552 3758; x_wconf 88' lang='lat' dir='ltr'>te</span> 
     </span>
    </p>
   </div>
   <div class='ocr_carea' id='block_1_84' title="bbox 1911 3790 3552 3865">
    <p class='ocr_par' dir='ltr' id='par_1_84' title="bbox 1911 3790 3552 3865">
     <span class='ocr_line' id='line_1_85' title="bbox 1911 3790 3552 3865; baseline -0.002 -16"><span class='ocrx_word' id='word_1_511' title='bbox 1911 3793 2229 3850; x_wconf 87' lang='lat' dir='ltr'>immisceri</span> <span class='ocrx_word' id='word_1_512' title='bbox 2260 3792 2562 3849; x_wconf 86' lang='lat' dir='ltr'>clamitant</span> <span class='ocrx_word' id='word_1_513' title='bbox 2586 3811 2598 3861; x_wconf 89' lang='lat'><strong>;</strong></span> <span class='ocrx_word' id='word_1_514' title='bbox 2632 3793 2782 3864; x_wconf 88' lang='lat' dir='ltr'>quod</span> <span class='ocrx_word' id='word_1_515' title='bbox 2804 3791 3114 3848; x_wconf 89' lang='lat' dir='ltr'>anathema</span> <span class='ocrx_word' id='word_1_516' title='bbox 3134 3808 3166 3847; x_wconf 91' lang='lat' dir='ltr'>a</span> <span class='ocrx_word' id='word_1_517' title='bbox 3191 3790 3552 3865; x_wconf 84' lang='lat' dir='ltr'>regni-vestri</span> 
     </span>
    </p>
   </div>
   <div class='ocr_carea' id='block_1_85' title="bbox 1913 3881 3552 3955">
    <p class='ocr_par' dir='ltr' id='par_1_85' title="bbox 1913 3881 3552 3955">
     <span class='ocr_line' id='line_1_86' title="bbox 1913 3881 3552 3955; baseline -0.002 -16"><span class='ocrx_word' id='word_1_518' title='bbox 1913 3882 2200 3955; x_wconf 89' lang='lat' dir='ltr'>episcopis</span> <span class='ocrx_word' id='word_1_519' title='bbox 2222 3899 2324 3955; x_wconf 89' lang='lat' dir='ltr'>pro</span> <span class='ocrx_word' id='word_1_520' title='bbox 2347 3881 2644 3938; x_wconf 90' lang='lat' dir='ltr'>communi</span> <span class='ocrx_word' id='word_1_521' title='bbox 2669 3897 2807 3954; x_wconf 88' lang='lat' dir='ltr'>pace</span> <span class='ocrx_word' id='word_1_522' title='bbox 2845 3881 3136 3937; x_wconf 90' lang='lat' dir='ltr'>sancitum</span> <span class='ocrx_word' id='word_1_523' title='bbox 3161 3881 3552 3953; x_wconf 88' lang='lat' dir='ltr'>parvipendis,</span> 
     </span>
    </p>
   </div>
   <div class='ocr_carea' id='block_1_86' title="bbox 1912 3969 3551 4027">
    <p class='ocr_par' dir='ltr' id='par_1_86' title="bbox 1912 3969 3551 4027">
     <span class='ocr_line' id='line_1_87' title="bbox 1912 3969 3551 4027; baseline -0.002 0"><span class='ocrx_word' id='word_1_524' title='bbox 1912 3976 1970 4027; x_wconf 91' lang='lat' dir='ltr'>et</span> <span class='ocrx_word' id='word_1_525' title='bbox 1998 3987 2033 4027; x_wconf 88' lang='lat' dir='ltr'>a</span> <span class='ocrx_word' id='word_1_526' title='bbox 2053 3971 2364 4027; x_wconf 88' lang='lat' dir='ltr'>Parisiensi</span> <span class='ocrx_word' id='word_1_527' title='bbox 2403 3969 2657 4026; x_wconf 89' lang='lat' dir='ltr'>Ecclesia</span> <span class='ocrx_word' id='word_1_528' title='bbox 2700 3969 3268 4026; x_wconf 85' lang='lat' dir='ltr'>excommunicatum</span> <span class='ocrx_word' id='word_1_529' title='bbox 3299 3970 3359 4024; x_wconf 91' lang='lat' dir='ltr'>in</span> <span class='ocrx_word' id='word_1_530' title='bbox 3391 3985 3551 4025; x_wconf 83' lang='lat' dir='ltr'>corn-</span> 
     </span>
    </p>
   </div>
   <div class='ocr_carea' id='block_1_87' title="bbox 1914 4057 3552 4133">
    <p class='ocr_par' dir='ltr' id='par_1_87' title="bbox 1914 4057 3552 4133">
     <span class='ocr_line' id='line_1_88' title="bbox 1914 4057 3552 4133; baseline -0.002 -17"><span class='ocrx_word' id='word_1_531' title='bbox 1914 4060 2253 4117; x_wconf 90' lang='lat' dir='ltr'>munionem</span> <span class='ocrx_word' id='word_1_532' title='bbox 2277 4059 2689 4133; x_wconf 85' lang='lat' dir='ltr'>recipis,atque</span> <span class='ocrx_word' id='word_1_533' title='bbox 2710 4058 2896 4131; x_wconf 89' lang='lat' dir='ltr'>ipsius</span> <span class='ocrx_word' id='word_1_534' title='bbox 2919 4058 3245 4132; x_wconf 71' lang='lat' dir='ltr'>apostolicae</span> <span class='ocrx_word' id='word_1_535' title='bbox 3259 4057 3552 4115; x_wconf 70' lang='lat' dir='ltr'>memoriae</span> 
     </span>
    </p>
   </div>
   <div class='ocr_carea' id='block_1_88' title="bbox 1912 4145 3552 4222">
    <p class='ocr_par' dir='ltr' id='par_1_88' title="bbox 1912 4145 3552 4222">
     <span class='ocr_line' id='line_1_89' title="bbox 1912 4145 3552 4222; baseline -0.001 -18"><span class='ocrx_word' id='word_1_536' title='bbox 1912 4150 2354 4222; x_wconf 87' lang='lat' dir='ltr'>praedecessoris</span> <span class='ocrx_word' id='word_1_537' title='bbox 2384 4148 2568 4206; x_wconf 86' lang='lat' dir='ltr'>nostri</span> <span class='ocrx_word' id='word_1_538' title='bbox 2614 4147 2874 4221; x_wconf 87' lang='lat' dir='ltr'>Gregorii</span> <span class='ocrx_word' id='word_1_539' title='bbox 2922 4148 2993 4203; x_wconf 92' lang='lat' dir='ltr'>de</span> <span class='ocrx_word' id='word_1_540' title='bbox 3036 4146 3221 4203; x_wconf 91' lang='lat' dir='ltr'>Odoni</span> <span class='ocrx_word' id='word_1_541' title='bbox 3253 4145 3552 4203; x_wconf 88' lang='lat' dir='ltr'>castellani</span> 
     </span>
    </p>
   </div>
   <div class='ocr_carea' id='block_1_89' title="bbox 1915 4234 3550 4310">
    <p class='ocr_par' dir='ltr' id='par_1_89' title="bbox 1915 4234 3550 4310">
     <span class='ocr_line' id='line_1_90' title="bbox 1915 4234 3550 4310; baseline -0.002 -17"><span class='ocrx_word' id='word_1_542' title='bbox 1915 4238 2109 4304; x_wconf 90' lang='lat' dir='ltr'>rebus,</span> <span class='ocrx_word' id='word_1_543' title='bbox 2144 4242 2428 4310; x_wconf 64' lang='lat' dir='ltr'>praesente</span> <span class='ocrx_word' id='word_1_544' title='bbox 2459 4237 2879 4310; x_wconf 61' lang='lat' dir='ltr'>praedecessore</span> <span class='ocrx_word' id='word_1_545' title='bbox 2911 4240 3009 4291; x_wconf 89' lang='lat' dir='ltr'>tuo</span> <span class='ocrx_word' id='word_1_546' title='bbox 3037 4234 3319 4300; x_wconf 89' lang='lat' dir='ltr'>Guidone,</span> <span class='ocrx_word' id='word_1_547' title='bbox 3342 4236 3550 4291; x_wconf 84' lang='lat' dir='ltr'>conﬁr-</span> 
     </span>
    </p>
   </div>
   <div class='ocr_carea' id='block_1_90' title="bbox 1918 4324 3553 4399">
    <p class='ocr_par' dir='ltr' id='par_1_90' title="bbox 1918 4324 3553 4399">
     <span class='ocr_line' id='line_1_91' title="bbox 1918 4324 3553 4399; baseline -0.001 -17"><span class='ocrx_word' id='word_1_548' title='bbox 1918 4332 2143 4383; x_wconf 89' lang='lat' dir='ltr'>matum</span> <span class='ocrx_word' id='word_1_549' title='bbox 2162 4326 2507 4383; x_wconf 86' lang='lat' dir='ltr'>temerarius</span> <span class='ocrx_word' id='word_1_550' title='bbox 2527 4325 2895 4399; x_wconf 79' lang='lat' dir='ltr'>intregisti.M</span> <span class='ocrx_word' id='word_1_551' title='bbox 2904 4324 3056 4381; x_wconf 86' lang='lat' dir='ltr'>ultas</span> <span class='ocrx_word' id='word_1_552' title='bbox 3076 4326 3232 4381; x_wconf 90' lang='lat' dir='ltr'>enim</span> <span class='ocrx_word' id='word_1_553' title='bbox 3256 4325 3327 4381; x_wconf 88' lang='lat' dir='ltr'>de</span> <span class='ocrx_word' id='word_1_554' title='bbox 3351 4325 3553 4381; x_wconf 88' lang='lat' dir='ltr'>eadem</span> 
     </span>
    </p>
   </div>
   <div class='ocr_carea' id='block_1_91' title="bbox 1917 4413 3557 4486">
    <p class='ocr_par' dir='ltr' id='par_1_91' title="bbox 1917 4413 3557 4486">
     <span class='ocr_line' id='line_1_92' title="bbox 1917 4413 3557 4486; baseline -0.002 -13"><span class='ocrx_word' id='word_1_555' title='bbox 1917 4416 2259 4473; x_wconf 88' lang='lat' dir='ltr'>castellania</span> <span class='ocrx_word' id='word_1_556' title='bbox 2288 4432 2389 4486; x_wconf 91' lang='lat' dir='ltr'>per</span> <span class='ocrx_word' id='word_1_557' title='bbox 2409 4421 2463 4471; x_wconf 88' lang='lat' dir='ltr'>te</span> <span class='ocrx_word' id='word_1_558' title='bbox 2480 4414 2591 4471; x_wconf 91' lang='lat' dir='ltr'>sibi</span> <span class='ocrx_word' id='word_1_559' title='bbox 2612 4414 2804 4470; x_wconf 87' lang='lat' dir='ltr'>illatas</span> <span class='ocrx_word' id='word_1_560' title='bbox 2823 4413 3070 4486; x_wconf 89' lang='lat' dir='ltr'>injurias</span> <span class='ocrx_word' id='word_1_561' title='bbox 3093 4414 3247 4470; x_wconf 89' lang='lat' dir='ltr'>idem</span> <span class='ocrx_word' id='word_1_562' title='bbox 3284 4414 3405 4470; x_wconf 92' lang='lat' dir='ltr'>Odo</span> <span class='ocrx_word' id='word_1_563' title='bbox 3426 4431 3557 4470; x_wconf 84' lang='lat' dir='ltr'>con-</span> 
     </span>
    </p>
   </div>
   <div class='ocr_carea' id='block_1_92' title="bbox 1915 4502 3556 4579">
    <p class='ocr_par' dir='ltr' id='par_1_92' title="bbox 1915 4502 3556 4579">
     <span class='ocr_line' id='line_1_93' title="bbox 1915 4502 3556 4579; baseline -0.001 -18"><span class='ocrx_word' id='word_1_564' title='bbox 1915 4506 2198 4579; x_wconf 88' lang='lat' dir='ltr'>queritur.</span> <span class='ocrx_word' id='word_1_565' title='bbox 2220 4506 2343 4559; x_wconf 92' lang='lat' dir='ltr'>Tuo</span> <span class='ocrx_word' id='word_1_566' title='bbox 2364 4504 2520 4560; x_wconf 90' lang='lat' dir='ltr'>enim</span> <span class='ocrx_word' id='word_1_567' title='bbox 2544 4503 2844 4572; x_wconf 89' lang='lat' dir='ltr'>instinctu,</span> <span class='ocrx_word' id='word_1_568' title='bbox 2871 4504 2963 4559; x_wconf 88' lang='lat' dir='ltr'>sui</span> <span class='ocrx_word' id='word_1_569' title='bbox 2984 4504 3131 4560; x_wconf 91' lang='lat' dir='ltr'>servi</span> <span class='ocrx_word' id='word_1_570' title='bbox 3153 4521 3219 4558; x_wconf 89' lang='lat' dir='ltr'>ac</span> <span class='ocrx_word' id='word_1_571' title='bbox 3240 4502 3556 4560; x_wconf 89' lang='lat' dir='ltr'>servientes</span> 
     </span>
    </p>
   </div>
   <div class='ocr_carea' id='block_1_93' title="bbox 1915 4591 3556 4664">
    <p class='ocr_par' dir='ltr' id='par_1_93' title="bbox 1915 4591 3556 4664">
     <span class='ocr_line' id='line_1_94' title="bbox 1915 4591 3556 4664; baseline -0.002 -14"><span class='ocrx_word' id='word_1_572' title='bbox 1915 4610 2049 4650; x_wconf 90' lang='lat' dir='ltr'>eum</span> <span class='ocrx_word' id='word_1_573' title='bbox 2081 4596 2214 4647; x_wconf 88' lang='lat' dir='ltr'>ante</span> <span class='ocrx_word' id='word_1_574' title='bbox 2245 4593 2486 4646; x_wconf 90' lang='lat' dir='ltr'>domum</span> <span class='ocrx_word' id='word_1_575' title='bbox 2509 4591 2806 4663; x_wconf 85' lang='lat' dir='ltr'>propriam</span> <span class='ocrx_word' id='word_1_576' title='bbox 2840 4596 2980 4646; x_wconf 88' lang='lat' dir='ltr'>sunt</span> <span class='ocrx_word' id='word_1_577' title='bbox 3006 4591 3267 4664; x_wconf 88' lang='lat' dir='ltr'>aggressi</span> <span class='ocrx_word' id='word_1_578' title='bbox 3294 4609 3307 4659; x_wconf 87' lang='lat'><strong>;</strong></span> <span class='ocrx_word' id='word_1_579' title='bbox 3334 4595 3392 4647; x_wconf 90' lang='lat' dir='ltr'>et</span> <span class='ocrx_word' id='word_1_580' title='bbox 3422 4607 3556 4647; x_wconf 91' lang='lat' dir='ltr'>cum</span> 
     </span>
    </p>
   </div>
   <div class='ocr_carea' id='block_1_94' title="bbox 162 4678 3555 4768">
    <p class='ocr_par' dir='ltr' id='par_1_94' title="bbox 162 4678 3555 4768">
     <span class='ocr_line' id='line_1_95' title="bbox 162 4678 3555 4768; baseline 0.001 -34"><span class='ocrx_word' id='word_1_581' title='bbox 162 4678 472 4746; x_wconf 82' lang='lat' dir='ltr'>nimirum,</span> <span class='ocrx_word' id='word_1_582' title='bbox 503 4678 606 4751; x_wconf 91' lang='lat' dir='ltr'>qui</span> <span class='ocrx_word' id='word_1_583' title='bbox 637 4680 786 4735; x_wconf 84' lang='lat' dir='ltr'>sein</span> <span class='ocrx_word' id='word_1_584' title='bbox 816 4683 1069 4736; x_wconf 89' lang='lat' dir='ltr'>vestram</span> <span class='ocrx_word' id='word_1_585' title='bbox 1118 4680 1435 4737; x_wconf 89' lang='lat' dir='ltr'>Ecclesiam</span> <span class='ocrx_word' id='word_1_586' title='bbox 1465 4685 1599 4754; x_wconf 87' lang='lat' dir='ltr'>post</span> <span class='ocrx_word' id='word_1_587' title='bbox 1627 4682 1807 4754; x_wconf 88' lang='lat' dir='ltr'>hujus</span> <span class='ocrx_word' id='word_1_588' title='bbox 1836 4703 1884 4768; x_wconf 85' lang='lat' dir='ltr'><strong>D</strong></span> <span class='ocrx_word' id='word_1_589' title='bbox 1914 4680 2297 4739; x_wconf 89' lang='lat' dir='ltr'>homicidium</span> <span class='ocrx_word' id='word_1_590' title='bbox 2328 4683 2386 4734; x_wconf 90' lang='lat' dir='ltr'>et</span> <span class='ocrx_word' id='word_1_591' title='bbox 2416 4678 2803 4749; x_wconf 88' lang='lat' dir='ltr'>proditionem</span> <span class='ocrx_word' id='word_1_592' title='bbox 2827 4680 3139 4750; x_wconf 78' lang='lat' dir='ltr'>perfecisse</span> <span class='ocrx_word' id='word_1_593' title='bbox 3161 4696 3273 4734; x_wconf 89' lang='lat' dir='ltr'>non</span> <span class='ocrx_word' id='word_1_594' title='bbox 3297 4684 3555 4751; x_wconf 89' lang='lat' dir='ltr'>possent,</span> 
     </span>
    </p>
   </div>
   <div class='ocr_carea' id='block_1_95' title="bbox 160 4766 1807 4843">
    <p class='ocr_par' dir='ltr' id='par_1_95' title="bbox 160 4766 1807 4843">
     <span class='ocr_line' id='line_1_96' title="bbox 160 4766 1807 4843; baseline 0.002 -20"><span class='ocrx_word' id='word_1_595' title='bbox 160 4766 444 4824; x_wconf 84' lang='lat' dir='ltr'>catholici.</span> <span class='ocrx_word' id='word_1_596' title='bbox 457 4767 709 4840; x_wconf 84' lang='lat' dir='ltr'>pastoris</span> <span class='ocrx_word' id='word_1_597' title='bbox 747 4768 1087 4825; x_wconf 89' lang='lat' dir='ltr'>electionem</span> <span class='ocrx_word' id='word_1_598' title='bbox 1111 4774 1591 4843; x_wconf 79' lang='lat' dir='ltr'>praesumptuose,</span> <span class='ocrx_word' id='word_1_599' title='bbox 1627 4788 1693 4827; x_wconf 92' lang='lat' dir='ltr'>ac</span> <span class='ocrx_word' id='word_1_600' title='bbox 1723 4771 1807 4827; x_wconf 93' lang='lat' dir='ltr'>ir-</span> 
     </span>
    </p>
   </div>
   <div class='ocr_carea' id='block_1_96' title="bbox 160 4854 1810 4931">
    <p class='ocr_par' dir='ltr' id='par_1_96' title="bbox 160 4854 1810 4931">
     <span class='ocr_line' id='line_1_97' title="bbox 160 4854 1810 4931; baseline 0.001 -18"><span class='ocrx_word' id='word_1_601' title='bbox 160 4859 496 4913; x_wconf 66' lang='lat' dir='ltr'>reverenter</span> <span class='ocrx_word' id='word_1_602' title='bbox 522 4854 785 4930; x_wconf 88' lang='lat' dir='ltr'>ingessit,</span> <span class='ocrx_word' id='word_1_603' title='bbox 818 4874 926 4914; x_wconf 90' lang='lat' dir='ltr'>nos</span> <span class='ocrx_word' id='word_1_604' title='bbox 979 4874 1111 4914; x_wconf 90' lang='lat' dir='ltr'>cum</span> <span class='ocrx_word' id='word_1_605' title='bbox 1159 4874 1264 4931; x_wconf 90' lang='lat' dir='ltr'>pro</span> <span class='ocrx_word' id='word_1_606' title='bbox 1306 4876 1561 4931; x_wconf 67' lang='lat' dir='ltr'>personae</span> <span class='ocrx_word' id='word_1_607' title='bbox 1592 4860 1810 4916; x_wconf 79' lang='lat' dir='ltr'>inutili-</span> 
     </span>
    </p>
   </div>
   <div class='ocr_carea' id='block_1_97' title="bbox 161 4946 1806 5017">
    <p class='ocr_par' dir='ltr' id='par_1_97' title="bbox 161 4946 1806 5017">
     <span class='ocr_line' id='line_1_98' title="bbox 161 4946 1806 5017; baseline 0.002 -16"><span class='ocrx_word' id='word_1_608' title='bbox 161 4950 305 5014; x_wconf 81' lang='lat' dir='ltr'>tate,</span> <span class='ocrx_word' id='word_1_609' title='bbox 327 4948 459 5000; x_wconf 87' lang='lat' dir='ltr'>tum</span> <span class='ocrx_word' id='word_1_610' title='bbox 492 4962 595 5017; x_wconf 91' lang='lat' dir='ltr'>pro</span> <span class='ocrx_word' id='word_1_611' title='bbox 623 4950 825 5002; x_wconf 70' lang='lat' dir='ltr'>vestrae</span> <span class='ocrx_word' id='word_1_612' title='bbox 855 4946 1120 5003; x_wconf 71' lang='lat' dir='ltr'>Ecclesiae</span> <span class='ocrx_word' id='word_1_613' title='bbox 1161 4947 1504 5004; x_wconf 88' lang='lat' dir='ltr'>necessitate</span> <span class='ocrx_word' id='word_1_614' title='bbox 1532 4949 1604 5005; x_wconf 89' lang='lat' dir='ltr'>ab</span> <span class='ocrx_word' id='word_1_615' title='bbox 1639 4965 1806 5005; x_wconf 90' lang='lat' dir='ltr'>usur-</span> 
     </span>
    </p>
   </div>
   <div class='ocr_carea' id='block_1_98' title="bbox 159 5033 1807 5109">
    <p class='ocr_par' dir='ltr' id='par_1_98' title="bbox 159 5033 1807 5109">
     <span class='ocr_line' id='line_1_99' title="bbox 159 5033 1807 5109; baseline 0.004 -21"><span class='ocrx_word' id='word_1_616' title='bbox 159 5034 415 5105; x_wconf 83' lang='lat' dir='ltr'>patione.</span> <span class='ocrx_word' id='word_1_617' title='bbox 445 5033 710 5091; x_wconf 89' lang='lat' dir='ltr'>indebita</span> <span class='ocrx_word' id='word_1_618' title='bbox 764 5052 869 5108; x_wconf 91' lang='lat' dir='ltr'>per</span> <span class='ocrx_word' id='word_1_619' title='bbox 913 5036 1218 5108; x_wconf 80' lang='lat' dir='ltr'>praesentis</span> <span class='ocrx_word' id='word_1_620' title='bbox 1268 5037 1482 5092; x_wconf 90' lang='lat' dir='ltr'>decreti</span> <span class='ocrx_word' id='word_1_621' title='bbox 1533 5037 1807 5109; x_wconf 87' lang='lat' dir='ltr'>paginam</span> 
     </span>
    </p>
   </div>
   <div class='ocr_carea' id='block_1_99' title="bbox 161 5121 1808 5198">
    <p class='ocr_par' dir='ltr' id='par_1_99' title="bbox 161 5121 1808 5198">
     <span class='ocr_line' id='line_1_100' title="bbox 161 5121 1808 5198; baseline 0.003 -21"><span class='ocrx_word' id='word_1_622' title='bbox 161 5121 446 5180; x_wconf 76' lang='lat' dir='ltr'>omnibus</span> <span class='ocrx_word' id='word_1_623' title='bbox 470 5124 671 5185; x_wconf 86' lang='lat' dir='ltr'>modis</span> <span class='ocrx_word' id='word_1_624' title='bbox 695 5129 1158 5195; x_wconf 87' lang='lat' dir='ltr'>sequestramus,</span> <span class='ocrx_word' id='word_1_625' title='bbox 1189 5130 1247 5181; x_wconf 87' lang='lat' dir='ltr'>et</span> <span class='ocrx_word' id='word_1_626' title='bbox 1274 5141 1477 5182; x_wconf 90' lang='lat' dir='ltr'>omnes</span> <span class='ocrx_word' id='word_1_627' title='bbox 1507 5126 1605 5198; x_wconf 90' lang='lat' dir='ltr'>qui</span> <span class='ocrx_word' id='word_1_628' title='bbox 1638 5126 1687 5182; x_wconf 91' lang='lat' dir='ltr'>ei</span> <span class='ocrx_word' id='word_1_629' title='bbox 1715 5144 1808 5182; x_wconf 78' lang='lat' dir='ltr'>sa-</span> 
     </span>
    </p>
   </div>
   <div class='ocr_carea' id='block_1_100' title="bbox 161 5212 1809 5287">
    <p class='ocr_par' dir='ltr' id='par_1_100' title="bbox 161 5212 1809 5287">
     <span class='ocr_line' id='line_1_101' title="bbox 161 5212 1809 5287; baseline 0.002 -20"><span class='ocrx_word' id='word_1_630' title='bbox 161 5212 949 5282; x_wconf 79' lang='lat' dir='ltr'>cramentoadstrictisunt,</span> <span class='ocrx_word' id='word_1_631' title='bbox 983 5219 1275 5287; x_wconf 90' lang='lat' dir='ltr'>quatenus</span> <span class='ocrx_word' id='word_1_632' title='bbox 1322 5216 1393 5269; x_wconf 91' lang='lat' dir='ltr'>ad</span> <span class='ocrx_word' id='word_1_633' title='bbox 1437 5215 1809 5287; x_wconf 88' lang='lat' dir='ltr'>episcopatus</span> 
     </span>
    </p>
   </div>
   <div class='ocr_carea' id='block_1_101' title="bbox 159 5300 1806 5376">
    <p class='ocr_par' dir='ltr' id='par_1_101' title="bbox 159 5300 1806 5376">
     <span class='ocr_line' id='line_1_102' title="bbox 159 5300 1806 5376; baseline 0.003 -21"><span class='ocrx_word' id='word_1_634' title='bbox 159 5300 449 5357; x_wconf 81' lang='lat' dir='ltr'>honorem</span> <span class='ocrx_word' id='word_1_635' title='bbox 468 5301 545 5358; x_wconf 87' lang='lat' dir='ltr'>ab</span> <span class='ocrx_word' id='word_1_636' title='bbox 572 5302 702 5374; x_wconf 79' lang='lat' dir='ltr'>ejus</span> <span class='ocrx_word' id='word_1_637' title='bbox 723 5302 1000 5359; x_wconf 85' lang='lat' dir='ltr'>ﬁdelitate</span> <span class='ocrx_word' id='word_1_638' title='bbox 1043 5303 1422 5359; x_wconf 82' lang='lat' dir='ltr'>absolvimus.</span> <span class='ocrx_word' id='word_1_639' title='bbox 1456 5305 1619 5359; x_wconf 91' lang='lat' dir='ltr'>Hunc</span> <span class='ocrx_word' id='word_1_640' title='bbox 1649 5322 1806 5376; x_wconf 83' lang='lat' dir='ltr'>ergo,</span> 
     </span>
    </p>
   </div>
   <div class='ocr_carea' id='block_1_102' title="bbox 159 5387 1808 5464">
    <p class='ocr_par' dir='ltr' id='par_1_102' title="bbox 159 5387 1808 5464">
     <span class='ocr_line' id='line_1_103' title="bbox 159 5387 1808 5464; baseline 0.003 -21"><span class='ocrx_word' id='word_1_641' title='bbox 159 5387 534 5445; x_wconf 85' lang='lat' dir='ltr'>dilectissimi</span> <span class='ocrx_word' id='word_1_642' title='bbox 554 5390 618 5445; x_wconf 89' lang='lat' dir='ltr'>in</span> <span class='ocrx_word' id='word_1_643' title='bbox 651 5389 892 5448; x_wconf 82' lang='lat' dir='ltr'>Christo</span> <span class='ocrx_word' id='word_1_644' title='bbox 917 5392 1045 5460; x_wconf 84' lang='lat' dir='ltr'>ﬁlii,</span> <span class='ocrx_word' id='word_1_645' title='bbox 1078 5397 1362 5463; x_wconf 89' lang='lat' dir='ltr'>tanquam</span> <span class='ocrx_word' id='word_1_646' title='bbox 1393 5391 1668 5464; x_wconf 86' lang='lat' dir='ltr'>angelum</span> <span class='ocrx_word' id='word_1_647' title='bbox 1699 5393 1808 5448; x_wconf 83' lang='lat' dir='ltr'>Do-</span> 
     </span>
    </p>
   </div>
   <div class='ocr_carea' id='block_1_103' title="bbox 159 5476 1809 5553">
    <p class='ocr_par' dir='ltr' id='par_1_103' title="bbox 159 5476 1809 5553">
     <span class='ocr_line' id='line_1_104' title="bbox 159 5476 1809 5553; baseline 0.003 -22"><span class='ocrx_word' id='word_1_648' title='bbox 159 5476 311 5533; x_wconf 83' lang='lat' dir='ltr'>mini</span> <span class='ocrx_word' id='word_1_649' title='bbox 332 5481 392 5534; x_wconf 84' lang='lat' dir='ltr'>et</span> <span class='ocrx_word' id='word_1_650' title='bbox 420 5476 722 5539; x_wconf 81' lang='lat' dir='ltr'>catholicae</span> <span class='ocrx_word' id='word_1_651' title='bbox 746 5478 883 5535; x_wconf 86' lang='lat' dir='ltr'>ﬁdei</span> <span class='ocrx_word' id='word_1_652' title='bbox 913 5480 1172 5553; x_wconf 85' lang='lat' dir='ltr'>legatum</span> <span class='ocrx_word' id='word_1_653' title='bbox 1222 5480 1489 5552; x_wconf 84' lang='lat' dir='ltr'>excipite,</span> <span class='ocrx_word' id='word_1_654' title='bbox 1521 5479 1658 5536; x_wconf 89' lang='lat' dir='ltr'>huic</span> <span class='ocrx_word' id='word_1_655' title='bbox 1689 5485 1809 5536; x_wconf 86' lang='lat' dir='ltr'>tam</span> 
     </span>
    </p>
   </div>
   <div class='ocr_carea' id='block_1_104' title="bbox 161 5564 1812 5642">
    <p class='ocr_par' dir='ltr' id='par_1_104' title="bbox 161 5564 1812 5642">
     <span class='ocr_line' id='line_1_105' title="bbox 161 5564 1812 5642; baseline 0.004 -23"><span class='ocrx_word' id='word_1_656' title='bbox 161 5565 225 5620; x_wconf 89' lang='lat' dir='ltr'>in</span> <span class='ocrx_word' id='word_1_657' title='bbox 257 5564 593 5623; x_wconf 80' lang='lat' dir='ltr'>divinorum</span> <span class='ocrx_word' id='word_1_658' title='bbox 616 5583 793 5639; x_wconf 85' lang='lat' dir='ltr'>quam</span> <span class='ocrx_word' id='word_1_659' title='bbox 813 5567 871 5623; x_wconf 91' lang='lat' dir='ltr'>in</span> <span class='ocrx_word' id='word_1_660' title='bbox 898 5569 1267 5625; x_wconf 66' lang='lat' dir='ltr'>saecularium</span> <span class='ocrx_word' id='word_1_661' title='bbox 1290 5569 1657 5642; x_wconf 88' lang='lat' dir='ltr'>negotiorum</span> <span class='ocrx_word' id='word_1_662' title='bbox 1679 5585 1812 5625; x_wconf 92' lang='lat' dir='ltr'>con-</span> 
     </span>
    </p>
   </div>
   <div class='ocr_carea' id='block_1_105' title="bbox 230 5656 1741 5816">
    <p class='ocr_par' dir='ltr' id='par_1_105' title="bbox 230 5656 1741 5816">
     <span class='ocr_line' id='line_1_106' title="bbox 233 5656 1741 5816; baseline 0.002 -88"><span class='ocrx_word' id='word_1_663' title='bbox 233 5671 354 5816; x_wconf 50' lang='grc' dir='ltr'>(ξὲ</span> <span class='ocrx_word' id='word_1_664' title='bbox 386 5674 523 5729; x_wconf 89' lang='lat' dir='ltr'>Erat</span> <span class='ocrx_word' id='word_1_665' title='bbox 553 5677 691 5756; x_wconf 77' lang='lat' dir='ltr'>tunc</span> <span class='ocrx_word' id='word_1_666' title='bbox 716 5656 1169 5733; x_wconf 83' lang='lat' dir='ltr'>Silvanectensis</span> <span class='ocrx_word' id='word_1_667' title='bbox 1199 5676 1510 5749; x_wconf 91' lang='lat' dir='ltr'>episcopus</span> <span class='ocrx_word' id='word_1_668' title='bbox 1551 5676 1741 5733; x_wconf 90' lang='lat' dir='ltr'>Ursio.</span> 
     </span>
     <span class='ocr_line' id='line_1_107' title="bbox 230 5744 1741 5816; baseline 0.003 -16"><span class='ocrx_word' id='word_1_669' title='bbox 230 5745 248 5816; x_wconf 92' lang='lat'><strong>(</strong></span> <span class='ocrx_word' id='word_1_670' title='bbox 373 5744 751 5816; x_wconf 74' lang='lat' dir='ltr'>Lancellnus,</span> <span class='ocrx_word' id='word_1_671' title='bbox 783 5747 1013 5804; x_wconf 88' lang='lat' dir='ltr'>Domini</span> <span class='ocrx_word' id='word_1_672' title='bbox 1045 5749 1277 5805; x_wconf 83' lang='lat' dir='ltr'>Martini</span> <span class='ocrx_word' id='word_1_673' title='bbox 1309 5748 1699 5816; x_wconf 82' lang='lat' dir='ltr'>(Dammartin)</span> <span class='ocrx_word' id='word_1_674' title='bbox 1727 5764 1741 5805; x_wconf 82' lang='lat'><strong><em>&lt;</em></strong></span> 
     </span>
    </p>
   </div>
   <div class='ocr_carea' id='block_1_106' title="bbox 1916 4765 3557 4844">
    <p class='ocr_par' dir='ltr' id='par_1_106' title="bbox 1916 4765 3557 4844">
     <span class='ocr_line' id='line_1_108' title="bbox 1916 4765 3557 4844; baseline -0.002 -17"><span class='ocrx_word' id='word_1_675' title='bbox 1916 4771 2071 4844; x_wconf 92' lang='lat' dir='ltr'>apud</span> <span class='ocrx_word' id='word_1_676' title='bbox 2102 4774 2158 4825; x_wconf 91' lang='lat' dir='ltr'>te</span> <span class='ocrx_word' id='word_1_677' title='bbox 2188 4765 2461 4823; x_wconf 87' lang='lat' dir='ltr'>facinoris</span> <span class='ocrx_word' id='word_1_678' title='bbox 2493 4766 2583 4822; x_wconf 91' lang='lat' dir='ltr'>sui</span> <span class='ocrx_word' id='word_1_679' title='bbox 2620 4770 2882 4821; x_wconf 84' lang='lat' dir='ltr'>tutamen</span> <span class='ocrx_word' id='word_1_680' title='bbox 2913 4771 3051 4822; x_wconf 89' lang='lat' dir='ltr'>sunt</span> <span class='ocrx_word' id='word_1_681' title='bbox 3079 4767 3557 4839; x_wconf 86' lang='lat' dir='ltr'>adepti.Euntem</span> 
     </span>
    </p>
   </div>
   <div class='ocr_carea' id='block_1_107' title="bbox 1916 4854 3561 4928">
    <p class='ocr_par' dir='ltr' id='par_1_107' title="bbox 1916 4854 3561 4928">
     <span class='ocr_line' id='line_1_109' title="bbox 1916 4854 3561 4928; baseline -0.001 -13"><span class='ocrx_word' id='word_1_682' title='bbox 1916 4860 2089 4916; x_wconf 88' lang='lat' dir='ltr'>etiam</span> <span class='ocrx_word' id='word_1_683' title='bbox 2115 4858 2186 4913; x_wconf 90' lang='lat' dir='ltr'>ad</span> <span class='ocrx_word' id='word_1_684' title='bbox 2210 4856 2517 4927; x_wconf 88' lang='lat' dir='ltr'>conjugem</span> <span class='ocrx_word' id='word_1_685' title='bbox 2549 4854 2951 4910; x_wconf 88' lang='lat' dir='ltr'>deducendam</span> <span class='ocrx_word' id='word_1_686' title='bbox 2985 4856 3161 4912; x_wconf 85' lang='lat' dir='ltr'>frater</span> <span class='ocrx_word' id='word_1_687' title='bbox 3190 4857 3300 4928; x_wconf 85' lang='lat'>(23)</span> <span class='ocrx_word' id='word_1_688' title='bbox 3332 4861 3471 4912; x_wconf 89' lang='lat' dir='ltr'>tuus</span> <span class='ocrx_word' id='word_1_689' title='bbox 3502 4861 3561 4913; x_wconf 90' lang='lat' dir='ltr'>et</span> 
     </span>
    </p>
   </div>
   <div class='ocr_carea' id='block_1_108' title="bbox 1917 4941 3559 5019">
    <p class='ocr_par' dir='ltr' id='par_1_108' title="bbox 1917 4941 3559 5019">
     <span class='ocr_line' id='line_1_110' title="bbox 1917 4941 3559 5019; baseline 0.001 -17"><span class='ocrx_word' id='word_1_690' title='bbox 1917 4947 2131 5003; x_wconf 90' lang='lat' dir='ltr'>milites</span> <span class='ocrx_word' id='word_1_691' title='bbox 2162 4944 2391 5000; x_wconf 88' lang='lat' dir='ltr'>insidiis</span> <span class='ocrx_word' id='word_1_692' title='bbox 2439 4941 2856 4998; x_wconf 89' lang='lat' dir='ltr'>circumvenire</span> <span class='ocrx_word' id='word_1_693' title='bbox 2905 4942 3092 5000; x_wconf 90' lang='lat' dir='ltr'>moliti</span> <span class='ocrx_word' id='word_1_694' title='bbox 3126 4950 3288 5013; x_wconf 89' lang='lat' dir='ltr'>sunt;</span> <span class='ocrx_word' id='word_1_695' title='bbox 3324 4947 3426 5002; x_wconf 90' lang='lat' dir='ltr'>sed</span> <span class='ocrx_word' id='word_1_696' title='bbox 3457 4962 3559 5019; x_wconf 86' lang='lat' dir='ltr'>spe</span> 
     </span>
    </p>
   </div>
   <div class='ocr_carea' id='block_1_109' title="bbox 1918 5030 3560 5106">
    <p class='ocr_par' dir='ltr' id='par_1_109' title="bbox 1918 5030 3560 5106">
     <span class='ocr_line' id='line_1_111' title="bbox 1918 5030 3560 5106; baseline 0 -15"><span class='ocrx_word' id='word_1_697' title='bbox 1918 5037 2216 5106; x_wconf 80' lang='lat' dir='ltr'>frustrata,</span> <span class='ocrx_word' id='word_1_698' title='bbox 2248 5032 2388 5106; x_wconf 89' lang='lat' dir='ltr'>quia</span> <span class='ocrx_word' id='word_1_699' title='bbox 2416 5030 2531 5086; x_wconf 88' lang='lat' dir='ltr'>alia</span> <span class='ocrx_word' id='word_1_700' title='bbox 2559 5030 2670 5088; x_wconf 89' lang='lat' dir='ltr'>iste</span> <span class='ocrx_word' id='word_1_701' title='bbox 2708 5031 2800 5086; x_wconf 88' lang='lat' dir='ltr'>via</span> <span class='ocrx_word' id='word_1_702' title='bbox 2847 5048 3150 5105; x_wconf 87' lang='lat' dir='ltr'>regressus</span> <span class='ocrx_word' id='word_1_703' title='bbox 3176 5039 3284 5103; x_wconf 90' lang='lat' dir='ltr'>est,</span> <span class='ocrx_word' id='word_1_704' title='bbox 3315 5039 3372 5090; x_wconf 92' lang='lat' dir='ltr'>te</span> <span class='ocrx_word' id='word_1_705' title='bbox 3401 5040 3560 5091; x_wconf 85' lang='lat' dir='ltr'>tuto-</span> 
     </span>
    </p>
   </div>
   <div class='ocr_carea' id='block_1_110' title="bbox 1918 5120 3559 5197">
    <p class='ocr_par' dir='ltr' id='par_1_110' title="bbox 1918 5120 3559 5197">
     <span class='ocr_line' id='line_1_112' title="bbox 1918 5120 3559 5197; baseline 0 -16"><span class='ocrx_word' id='word_1_706' title='bbox 1918 5140 2061 5194; x_wconf 88' lang='lat' dir='ltr'>rem,</span> <span class='ocrx_word' id='word_1_707' title='bbox 2086 5130 2142 5180; x_wconf 90' lang='lat' dir='ltr'>te</span> <span class='ocrx_word' id='word_1_708' title='bbox 2171 5129 2483 5197; x_wconf 86' lang='lat' dir='ltr'>patronum</span> <span class='ocrx_word' id='word_1_709' title='bbox 2514 5124 2691 5177; x_wconf 83' lang='lat' dir='ltr'>tantae</span> <span class='ocrx_word' id='word_1_710' title='bbox 2717 5120 2990 5193; x_wconf 70' lang='lat' dir='ltr'>nequitiae</span> <span class='ocrx_word' id='word_1_711' title='bbox 3011 5121 3363 5180; x_wconf 89' lang='lat' dir='ltr'>habuerunt.</span> <span class='ocrx_word' id='word_1_712' title='bbox 3389 5125 3559 5182; x_wconf 87' lang='lat' dir='ltr'>Sexto</span> 
     </span>
    </p>
   </div>
   <div class='ocr_carea' id='block_1_111' title="bbox 1918 5210 3560 5287">
    <p class='ocr_par' dir='ltr' id='par_1_111' title="bbox 1918 5210 3560 5287">
     <span class='ocr_line' id='line_1_113' title="bbox 1918 5210 3560 5287; baseline 0 -18"><span class='ocrx_word' id='word_1_713' title='bbox 1918 5219 2194 5287; x_wconf 79' lang='lat' dir='ltr'>praeterea</span> <span class='ocrx_word' id='word_1_714' title='bbox 2224 5218 2358 5268; x_wconf 90' lang='lat' dir='ltr'>ante</span> <span class='ocrx_word' id='word_1_715' title='bbox 2383 5210 2741 5267; x_wconf 87' lang='lat' dir='ltr'>nativitatem</span> <span class='ocrx_word' id='word_1_716' title='bbox 2788 5210 3152 5266; x_wconf 91' lang='lat' dir='ltr'>Dominicam</span> <span class='ocrx_word' id='word_1_717' title='bbox 3199 5211 3312 5279; x_wconf 92' lang='lat' dir='ltr'>die,</span> <span class='ocrx_word' id='word_1_718' title='bbox 3346 5213 3560 5269; x_wconf 91' lang='lat' dir='ltr'>domus</span> 
     </span>
    </p>
   </div>
   <div class='ocr_carea' id='block_1_112' title="bbox 1918 5300 3562 5375">
    <p class='ocr_par' dir='ltr' id='par_1_112' title="bbox 1918 5300 3562 5375">
     <span class='ocr_line' id='line_1_114' title="bbox 1918 5300 3562 5375; baseline -0.001 -17"><span class='ocrx_word' id='word_1_719' title='bbox 1918 5305 2046 5375; x_wconf 89' lang='lat' dir='ltr'>ejus</span> <span class='ocrx_word' id='word_1_720' title='bbox 2071 5304 2221 5357; x_wconf 70' lang='lat' dir='ltr'>fores</span> <span class='ocrx_word' id='word_1_721' title='bbox 2252 5300 2503 5356; x_wconf 89' lang='lat' dir='ltr'>obsideri</span> <span class='ocrx_word' id='word_1_722' title='bbox 2524 5300 2749 5369; x_wconf 78' lang='lat' dir='ltr'>fecisti;</span> <span class='ocrx_word' id='word_1_723' title='bbox 2782 5303 2838 5355; x_wconf 92' lang='lat' dir='ltr'>et</span> <span class='ocrx_word' id='word_1_724' title='bbox 2859 5301 2996 5372; x_wconf 90' lang='lat' dir='ltr'>quia</span> <span class='ocrx_word' id='word_1_725' title='bbox 3032 5300 3111 5354; x_wconf 93' lang='lat' dir='ltr'>ibi</span> <span class='ocrx_word' id='word_1_726' title='bbox 3150 5305 3288 5355; x_wconf 86' lang='lat' dir='ltr'>tunc</span> <span class='ocrx_word' id='word_1_727' title='bbox 3318 5303 3445 5374; x_wconf 90' lang='lat' dir='ltr'>capi</span> <span class='ocrx_word' id='word_1_728' title='bbox 3477 5302 3562 5358; x_wconf 90' lang='lat' dir='ltr'>in-</span> 
     </span>
    </p>
   </div>
   <div class='ocr_carea' id='block_1_113' title="bbox 1918 5389 3559 5464">
    <p class='ocr_par' dir='ltr' id='par_1_113' title="bbox 1918 5389 3559 5464">
     <span class='ocr_line' id='line_1_115' title="bbox 1918 5389 3559 5464; baseline -0.001 -16"><span class='ocrx_word' id='word_1_729' title='bbox 1918 5393 2219 5464; x_wconf 84' lang='lat' dir='ltr'>terﬁcique</span> <span class='ocrx_word' id='word_1_730' title='bbox 2249 5407 2365 5445; x_wconf 92' lang='lat' dir='ltr'>non</span> <span class='ocrx_word' id='word_1_731' title='bbox 2397 5389 2774 5462; x_wconf 88' lang='lat' dir='ltr'>potuit,urbis</span> <span class='ocrx_word' id='word_1_732' title='bbox 2803 5389 2980 5446; x_wconf 87' lang='lat' dir='ltr'>etiam</span> <span class='ocrx_word' id='word_1_733' title='bbox 3008 5392 3227 5462; x_wconf 90' lang='lat' dir='ltr'>portas,</span> <span class='ocrx_word' id='word_1_734' title='bbox 3261 5406 3334 5445; x_wconf 92' lang='lat' dir='ltr'>ne</span> <span class='ocrx_word' id='word_1_735' title='bbox 3363 5392 3559 5464; x_wconf 86' lang='lat' dir='ltr'>egredi</span> 
     </span>
    </p>
   </div>
   <div class='ocr_carea' id='block_1_114' title="bbox 1918 5478 3559 5554">
    <p class='ocr_par' dir='ltr' id='par_1_114' title="bbox 1918 5478 3559 5554">
     <span class='ocr_line' id='line_1_116' title="bbox 1918 5478 3559 5554; baseline -0.001 -16"><span class='ocrx_word' id='word_1_736' title='bbox 1918 5485 2135 5554; x_wconf 89' lang='lat' dir='ltr'>posset,</span> <span class='ocrx_word' id='word_1_737' title='bbox 2170 5479 2464 5537; x_wconf 90' lang='lat' dir='ltr'>observari</span> <span class='ocrx_word' id='word_1_738' title='bbox 2496 5495 2684 5552; x_wconf 91' lang='lat' dir='ltr'>usque</span> <span class='ocrx_word' id='word_1_739' title='bbox 2722 5478 2782 5534; x_wconf 93' lang='lat' dir='ltr'>in</span> <span class='ocrx_word' id='word_1_740' title='bbox 2830 5479 2942 5535; x_wconf 92' lang='lat' dir='ltr'>diei</span> <span class='ocrx_word' id='word_1_741' title='bbox 2987 5479 3225 5536; x_wconf 89' lang='lat' dir='ltr'>alterius</span> <span class='ocrx_word' id='word_1_742' title='bbox 3256 5478 3559 5536; x_wconf 87' lang='lat' dir='ltr'>meridiem</span> 
     </span>
    </p>
   </div>
   <div class='ocr_carea' id='block_1_115' title="bbox 1919 5567 3559 5644">
    <p class='ocr_par' dir='ltr' id='par_1_115' title="bbox 1919 5567 3559 5644">
     <span class='ocr_line' id='line_1_117' title="bbox 1919 5567 3559 5644; baseline 0 -18"><span class='ocrx_word' id='word_1_743' title='bbox 1919 5569 2266 5644; x_wconf 80' lang='lat' dir='ltr'>praecepisti,</span> <span class='ocrx_word' id='word_1_744' title='bbox 2308 5572 2611 5641; x_wconf 88' lang='lat' dir='ltr'>portarum</span> <span class='ocrx_word' id='word_1_745' title='bbox 2661 5567 2869 5637; x_wconf 88' lang='lat' dir='ltr'>claves,</span> <span class='ocrx_word' id='word_1_746' title='bbox 2901 5586 3049 5642; x_wconf 89' lang='lat' dir='ltr'>quas</span> <span class='ocrx_word' id='word_1_747' title='bbox 3107 5568 3230 5644; x_wconf 88' lang='lat' dir='ltr'>ipse</span> <span class='ocrx_word' id='word_1_748' title='bbox 3284 5583 3353 5626; x_wconf 80' lang='lat' dir='ltr'>ex</span> <span class='ocrx_word' id='word_1_749' title='bbox 3398 5582 3559 5626; x_wconf 87' lang='lat' dir='ltr'>more</span> 
     </span>
    </p>
   </div>
   <div class='ocr_carea' id='block_1_116' title="bbox 373 5744 1942 5820">
    <p class='ocr_par' dir='ltr' id='par_1_116' title="bbox 373 5744 1942 5820">
     <span class='ocr_line' id='line_1_118' title="bbox 373 5744 1942 5820; baseline 0.003 -19"><span class='ocrx_word' id='word_1_750' title='bbox 373 5744 751 5816; x_wconf 74' lang='lat' dir='ltr'>Lancelinus,</span> <span class='ocrx_word' id='word_1_751' title='bbox 783 5747 1013 5804; x_wconf 88' lang='lat' dir='ltr'>Domini</span> <span class='ocrx_word' id='word_1_752' title='bbox 1045 5744 1277 5805; x_wconf 80' lang='lat' dir='ltr'>Martini</span> <span class='ocrx_word' id='word_1_753' title='bbox 1309 5744 1699 5820; x_wconf 75' lang='lat' dir='ltr'>(demartin)</span> <span class='ocrx_word' id='word_1_754' title='bbox 1727 5764 1942 5808; x_wconf 86' lang='lat' dir='ltr'>comes.</span> 
     </span>
    </p>
   </div>
  </div>
