3950 6358
344 388 462 453 379

1578 465 1588 476 .
1662 387 1736 453 Β.
1782 386 2077 453 uanam
2117 385 2171 452 ιι
2214 387 2472 454 nam.

3619 383 3742 449 380

343 526 630 598 tenuerat,
663 521 935 585 ademisti
965 542 978 597 ;
1011 522 1417 584 Ancelbertum
1447 523 1573 599 ejus
1603 521 1984 594 famulum,et
2010 522 2067 592 Α
2095 523 2145 598 ej
2157 524 2362 583 usdem
2391 520 2751 599 militis,qua3
2773 520 2834 581 in
2866 518 3294 598 querimoniam
3314 522 3592 580 venerant
3614 519 3742 579 uni-

345 617 652 676 Isabellam
674 616 877 673 famuli
895 617 1023 688 conj
1035 617 1422 689 ugem,ipsius
1444 615 1811 685 ancillam,ac
1834 612 1982 670 Heli-

345 709 607 764 nandum
628 706 882 763 Isabellm
906 707 1164 772 fratrem,
1185 705 1283 778 qui
1316 722 1449 761 eum
1479 705 1585 760 tibi
1616 703 1857 776 prodere
1887 720 1982 758 co-

345 796 466 852 nati
499 795 1138 862 sunt,cumhzeredibus
1161 795 1285 852 suis
1298 795 1661 851 violenterab
1686 809 1751 849 eo
1771 792 1982 847 liberos

343 891 399 942 et
443 886 736 940 immunes
784 884 906 940 ﬁeri
946 883 1318 957 compulisti;
1354 883 1718 957 capellanum
1769 881 1978 954 ipsius,

343 974 442 1047 qui
477 973 862 1046 proditionem
891 975 1020 1046 ejus
1061 974 1374 1030 meditatus
1409 973 1616 1040 fuerat,
1648 973 1766 1027 tuis
1797 971 1983 1027 subsi-

341 1063 454 1119 diis
475 1063 651 1132 foves,
685 1067 784 1118 tuo
817 1062 1143 1118 munimine
1174 1063 1341 1134 quasi
1378 1063 1668 1118 insontem
1702 1059 1976 1132 protegis.

339 1153 506 1208 Nunc
536 1151 714 1224 igitur
743 1151 1114 1223 presentium
1138 1150 1241 1206 tibi
1276 1149 1601 1205 litterarum
1631 1149 1980 1205 auctoritate

339 1240 732 1313 praecipimus,
761 1243 844 1309 ut,
874 1238 1014 1294 visis
1045 1239 1137 1293 his
1176 1237 1406 1302 litteris,
1443 1238 1593 1292 infra
1642 1237 1976 1309 quindecim

338 1329 464 1385 dies
495 1345 633 1384 suos
669 1329 716 1384 ei
753 1343 948 1383 servos
981 1327 1036 1381 in
1091 1326 1382 1399 propriam
1417 1327 1690 1382 restituas
1723 1329 1975 1397 potesta-

335 1423 474 1474 tem.
511 1416 746 1473 Nullum
778 1417 934 1471 enim
968 1416 1162 1472 invitis
1194 1415 1450 1471 dominis
1486 1415 1735 1470 liberum
1769 1414 1890 1470 ﬁeri
1923 1417 1979 1469 et

336 1505 628 1579 regalibus
650 1510 705 1561 et
727 1504 1020 1560 canonicis
1043 1505 1343 1577 provisum
1367 1508 1454 1559 est
1476 1503 1779 1559 institutis.
1813 1503 1976 1566 Quod

334 1594 382 1651 si
415 1611 518 1667 pro
550 1595 768 1650 eisdem
793 1593 977 1649 servis
1007 1594 1189 1650 abbas
1235 1595 1296 1649 S.
1328 1594 1480 1648 Petri
1514 1594 1584 1649 de
1614 1592 1877 1665 Dimegio
1905 1595 1974 1663 (f.

331 1685 616 1755 Jumiége),
641 1683 734 1738 cui
766 1700 864 1738 eos
895 1683 1152 1754 captiose
1184 1681 1805 1749 subdidisti,adversus
1821 1681 1977 1736 hunc

331 1788 502 1846 agere
519 1770 988 1837 voluerit,coram
1004 1770 1276 1826 Remensi
1310 1769 1743 1842 archiepiscopo
1775 1774 1972 1840 agant,

2092 633 2258 672 versa
2279 614 2533 672 restituit
2553 632 2565 670 :
2585 615 2739 688 quod
2757 616 2951 688 ipsum
2974 615 3226 671 domnus
3247 610 3608 686 apostolicus
3631 628 3741 669 sua

2091 705 2437 762 auctoritate
2485 704 2757 771 firmavit,
2791 703 3153 761 constituens
3202 707 3288 770 ut,
3323 702 3372 758 si
3427 701 3562 773 quis
3609 715 3738 756 eam

2089 793 2214 849 intu
2225 796 2414 850 rbaret
2444 793 2864 860 deﬁnitionem,
2881 798 2938 850 et
2953 791 3170 848 Odonis
3190 789 3502 848 Castellani
3524 805 3619 846 res
3637 805 3741 862 per

2089 883 2206 938 vim
2241 883 2543 950 obtineret,
2567 883 2764 954 etipse
2809 886 2864 938 et
2887 881 3072 955 ipsius
3111 882 3370 937 fautores
3401 895 3737 935 excommu-

2089 971 2262 1027 nicati
2287 972 2631 1038 habeantur,
2665 976 2722 1026 et
2751 971 2893 1026 dum
2925 970 2983 1026 in
3017 971 3160 1026 urbe
3189 968 3278 1024 vel
3301 968 3359 1023 in
3391 972 3580 1024 castro
3612 968 3738 1023 fue-

2089 1061 2223 1126 rint,
2241 1061 2501 1116 divinum
2525 1059 2645 1115 illic
2672 1076 2787 1116 non
2810 1059 3131 1115 celebretur
3152 1057 3432 1124 officium,
3449 1056 3632 1113 donec
3662 1056 3738 1112 ad

2088 1149 2547 1205 satisfactionem
2579 1149 2834 1205 redeant.
2867 1149 2936 1204 Et
2967 1165 3071 1205 nos
3120 1163 3350 1220 quoque
3383 1146 3492 1202 sub
3527 1146 3736 1202 eadem

2085 1237 2688 1294 excommunicatione
2731 1237 2996 1293 eamdem
3023 1235 3424 1292 castellaniam
3455 1233 3735 1307 praedicto

2087 1327 2259 1383 militi
2299 1332 2358 1383 et
2406 1328 2532 1400 ejus
2579 1325 2906 1382 haeredibus
2951 1326 3392 1393 conﬁrmamus,
3425 1324 3538 1379 nisi
3589 1323 3739 1379 forte

2085 1417 2224 1489 quid
2258 1415 2615 1472 commiserit
2646 1420 2878 1488 propter
2925 1415 3079 1486 quod
3114 1412 3513 1471 castellaniam
3550 1413 3736 1468 amit-

2086 1510 2207 1561 tere
2245 1505 2303 1560 in
2338 1505 2642 1561 Remensis
2691 1503 2946 1576 episcopi
2997 1504 3084 1559 vel
3150 1502 3394 1559 Romani
3439 1501 3738 1575 pontiﬁcis

2086 1592 2396 1666 praesentia
2415 1591 2736 1663 judicetur.

2157 1681 2370 1737 Datum
2397 1682 2611 1748 Roma,
2641 1683 2753 1736 etc.

2846 1785 2956 1840 CV.

331 1865 398 1917 ut
427 1878 559 1916 cum
593 1864 727 1915 ante
745 1859 838 1913 hic
861 1859 1078 1914 omissa
1099 1859 1469 1932 possessione
1491 1863 1723 1914 maneat
1746 1858 1975 1912 investi-
2005 1894 2054 1958 Β
2085 1878 2106 1900 α
2141 1877 2386 1934 Urbanus
2416 1878 2470 1932 ιι
2491 1877 2815 1932 monasterii
2837 1875 3244 1931 γίηάοοίηεηδίε
3277 1874 3415 1945 jura
3452 1877 3501 1930 ει
3520 1888 3734 1946 posses-

331 1953 464 2018 tus;
496 1950 696 2003 vinum
719 1952 776 2002 et
809 1949 962 2020 quod
995 1949 1123 2019 ejus
1153 1949 1325 2003 domo
1357 1947 1736 2019 diripuisti,et
1767 1951 1978 2003 caetera

333 2056 460 2111 qua:
482 2038 700 2108 injuste
721 2037 832 2092 sibi
857 2035 1050 2092 ablata
1072 2035 1418 2108 probaverit,
1439 2035 1524 2092 vel
1555 2035 1794 2107 ipsa,vel
1821 2037 1972 2108 quod

331 2126 702 2183 tantumdem
719 2124 924 2193 valeat,
953 2125 1104 2180 infra
1123 2125 1511 2197 prescriptum
1541 2126 1859 2181 terminum
1893 2142 1979 2180 re-

332 2214 628 2273 stituenda
643 2219 1036 2283 censemus,et
1059 2214 1319 2271 Ecclesia:
1335 2215 1550 2270 ostium
1568 2215 1840 2270 reserand
1854 2233 1973 2280 um,

331 2305 486 2376 quod
510 2306 637 2376 ejus
659 2303 790 2360 odio
812 2304 958 2360 seris
979 2308 1034 2358 et
1056 2304 1348 2376 lapidibus
1379 2304 1740 2360 obstruxisti.
1774 2303 1972 2374 Capel-

330 2392 447 2450 lani
469 2410 600 2449 vero
631 2392 950 2465 supradicti
972 2410 1149 2449 causa
1177 2410 1372 2448 coram
1397 2393 1832 2465 archiepiscopo
1867 2392 1971 2448 Re-

331 2482 519 2539 mensi
566 2481 930 2539 convenienti
976 2486 1237 2554 tempore
1285 2486 1703 2554 pertractetur:
1739 2482 1810 2538 de
1859 2498 1973 2554 quo

328 2571 561 2628 interim
591 2575 648 2627 te
699 2571 1017 2628 sollicitum
1072 2588 1200 2627 esse
1259 2571 1545 2639 convenit,
1577 2588 1648 2626 ne
1680 2571 1972 2643 judicium

329 2661 764 2733 subterfugiens
797 2660 912 2716 alio
964 2662 1213 2725 secedat,
1246 2665 1304 2716 et
1334 2659 1547 2732 quibus
1595 2660 1743 2715 liber
1771 2664 1858 2715 est
1889 2659 1973 2714 eis

328 2748 605 2804 inimicus
636 2749 1093 2804 adhzereatPost
1114 2765 1309 2805 rerum
1330 2753 1523 2804 autem
1548 2765 1788 2804 suarum
1811 2748 1974 2804 resti-

327 2838 638 2904 tutionem,
660 2837 812 2892 infra
833 2837 958 2892 dies
982 2837 1313 2909 quindecim
1338 2837 1612 2892 confratri
1635 2841 1832 2893 nostro
1865 2836 1972 2892 Re-

335 2925 523 2981 mensi
559 2925 993 2997 archiepiscopo
1004 2929 1058 2980 te
1072 2926 1310 2981 omnino
1324 2931 1674 2998 praesentare
1692 2930 1974 2992 curato,et

333 3015 404 3069 de
435 3013 782 3069 clericorum
814 3012 1064 3084 querelis
1096 3018 1150 3068 et
1181 3015 1359 3085 hujus
1389 3014 1622 3085 injuriis
1647 3016 1817 3086 juxta
1845 3017 1973 3088 ejus

323 3102 618 3175 judicium
652 3102 1200 3169 satisfacturus,nisi
1232 3104 1376 3159 forte
1396 3119 1528 3158 eum
1551 3108 1714 3160 tanta
1734 3103 1975 3160 inﬁrmi-

2643 1950 2822 2002 siones
2851 1947 3160 2017 conﬁrmat.

2702 2036 2888 2106 (Anno
2922 2035 3106 2107 1094.)
3252 2101 3254 2108 ι

2181 2126 2469 2198 [Romam
2498 2123 2555 2180 in
2577 2127 2721 2198 rVita
2755 2125 3072 2198 Urbana:
3106 2123 3255 2198 Man.
3289 2126 3346 2178 et
3375 2123 3642 2180 Romam

2553 2197 2715 2252 Ouvr.
2744 2197 2947 2268 postia,
2977 2195 3074 2267 III,
3109 2195 3255 2266 151.]

2844 2303 2980 2358 CVI.

2085 2396 2289 2453 Urbani
2317 2393 2368 2448 II
2395 2392 2619 2464 epistola
2661 2392 2730 2446 ad
2777 2392 3124 2448 Lambertum
3169 2392 3575 2464 Atrebatensem
3615 2391 3734 2462 epi-

2165 2462 2548 2538 scopum—sive
2571 2463 2928 2535 privilegium
2956 2464 3321 2519 Atrebatensi:
3350 2462 3639 2519 Ecclesia.

2696 2552 2883 2622 (Anno
2919 2552 3100 2624 1094.)

2489 2643 2719 2713 [MANSI,
2755 2641 2980 2709 Concil.,
3014 2641 3126 2710 XX,
3163 2642 3316 2713 668.]

2151 2751 2428 2807 URBANUS
2459 2748 2788 2820 episcopus,
2820 2764 3021 2804 servus
3053 2765 3351 2804 servorum
3384 2747 3730 2817 Dei,dilecto

2081 2840 2140 2895 in
2173 2838 2400 2894 Christo
2454 2837 2616 2892 fratri
2669 2837 2995 2905 LAMBERTO,
3041 2837 3404 2894 Atrebatensi
3453 2836 3730 2910 episcopo

2082 2928 2298 2984 nostris
2331 2925 2604 2982 manibus
2635 2930 2992 2992 consecrato,
3011 2926 3257 2997 ejusque
3286 2925 3731 2984 successoribus

2082 3015 2360 3073 canonice
2379 3013 2806 3070 substituendis
2837 3014 2894 3069 in
2929 3019 3295 3087 perpetuum.

2154 3104 2362 3176 Liquet
2404 3108 2738 3159 sanctorum
2783 3120 3076 3159 canonum
3119 3102 3406 3159 institutis
3437 3104 3728 3177 integram

332 3195 422 3248 tas
450 3190 817 3263 impediverit
835 3195 899 3245 ut
918 3191 1258 3262 hujusmodi
1278 3191 1570 3264 negotium
1585 3193 1837 3248 difﬁnire
1857 3211 1971 3248 non
2017 3263 2044 3265 __
2082 3210 2209 3250 esse
2241 3191 2620 3265 provinciam,
2649 3195 2705 3246 et
2741 3191 3255 3264 metropolitanum
3288 3193 3592 3264 proprium
3623 3193 3728 3249 de-

331 3280 536 3354 possit.
569 3281 731 3345 Quod
765 3279 811 3335 si
841 3280 986 3335 forte
1015 3279 1337 3352 contigerit,
1365 3263 1479 3336 nos
1518 3285 1572 3337 te
1609 3282 1762 3337 infra
1791 3283 1970 3338 trium
2003 3263 2045 3329 C
2084 3282 2218 3337 bere
2242 3263 2466 3350 sortiri,
2499 3297 2624 3352 quas
2656 3263 2964 3335 duodecim
3009 3284 3236 3335 constat
3264 3263 3724 3353 episcopatibus.

332 3367 626 3424 mensium
658 3368 912 3440 spatium
957 3369 1026 3423 ad
1063 3373 1322 3424 nostram
1362 3369 1719 3426 audientiam
1758 3369 1966 3426 invita-

331 3457 776 3512 mus.Ceeterum
800 3456 847 3512 si
868 3460 1184 3529 utrumque
1208 3456 1726 3531 neglexeris,ethuj
1738 3459 1969 3514 usmodi

330 3546 568 3620 ﬂagitiis
587 3549 745 3601 tuam
766 3546 1066 3618 cognoscis
1085 3546 1497 3602 conscientiam
1513 3547 1967 3619 coinquinatam,

329 3653 364 3692 a
389 3634 732 3691 sacerdotali
754 3639 808 3690 te
831 3635 1096 3690 convenit
1129 3636 1317 3691 ofﬁcio
1354 3636 1667 3692 abstinere.
1699 3637 1872 3692 Porro
1902 3637 1971 3692 i1-

327 3723 428 3780 lud
451 3726 507 3778 te
524 3723 754 3794 expedit
775 3722 1018 3779 sollicite
1037 3724 1377 3780 meminisse
1395 3725 1548 3796 quod
1572 3725 1630 3780 in
1649 3743 1859 3782 manus
1878 3743 1974 3781 no-

329 3816 505 3882 stras,
522 3828 655 3867 cum
682 3815 733 3866 te
754 3813 812 3866 in
836 3811 1186 3884 episcopalis
1209 3813 1382 3868 ofﬁcii
1403 3813 1825 3886 plenitudinem
1851 3833 1969 3872 res-

327 3899 972 3970 tituimus,promisisti,
989 3901 1144 3972 quod
1167 3900 1432 3958 videlicet
1452 3903 1803 3976 quandoque
1822 3903 1974 3959 tibia

331 3988 501 4044 nobis
525 3993 872 4060 praeceptum
899 3988 1088 4056 fuerit,
1111 3990 1182 4045 ab
1207 3991 1519 4064 episcopali
1543 3991 1625 4046 sis
1645 3991 1833 4047 ofﬁcio
1855 4009 1973 4047 ces-

331 4081 592 4132 saturus.
627 4076 710 4131 Ita
738 4093 874 4148 ergo
902 4079 1191 4149 praeterita
1237 4079 1479 4151 corrige,
1504 4083 1560 4134 et
1605 4080 1800 4135 futura
1830 4098 1971 4153 pra:-

330 4182 488 4233 cave,
520 4182 591 4221 ne
621 4167 773 4237 quod
809 4172 1013 4238 sponte
1047 4166 1339 4239 pollicitus
1371 4185 1453 4234 es,
1482 4167 1700 4224 invitus
1740 4186 1973 4242 quoque
2009 4210 2014 4212 -

332 4255 508 4328 (quod
539 4253 756 4321 absit!)
792 4254 1030 4326 implere
1057 4255 1302 4328 cogaris.

402 4344 611 4398 Datum
644 4359 699 4398 v1
725 4341 848 4398 Kal.
884 4343 1095 4398 Martii.

334 4539 539 4597 Urbani
569 4539 618 4594 II
641 4555 803 4611 papae
825 4449 1420 4612 epistolafdwclcrzmi
1445 4538 1812 4612 populumque
1841 4542 1970 4598 Bel-

2079 3369 2406 3426 Secundam
2430 3368 2608 3441 igitur
2629 3367 2913 3440 Belgicam
2933 3371 3161 3424 constat
3190 3368 3579 3442 integritatem
3596 3386 3727 3441 pro-

2078 3458 2279 3515 vinciae
2329 3457 2611 3524 obtinere,
2645 3472 2771 3528 qua:
2829 3456 3136 3513 duodecim
3195 3459 3491 3529 quondam
3535 3459 3730 3514 scitur

2079 3547 2383 3620 episcopos
2411 3547 2707 3611 habuisse,
2742 3549 2798 3602 et
2847 3547 3193 3602 Remensem
3247 3545 3562 3603 Ecclesiam
3587 3548 3726 3619 jure

2079 3636 2588 3708 metropolitanam
2621 3634 2982 3706 baberi,quae
3014 3638 3099 3690 tot
3129 3634 3312 3691 soleat
3336 3636 3728 3709 suﬁ'raganeis

2079 3725 2355 3784 eminere.
2383 3726 2664 3780 Caeterum
2691 3723 2942 3794 peccatis
2977 3724 3343 3796 exigentibus
3370 3723 3726 3793 accolarum,

2080 3831 2215 3872 cum
2245 3813 2605 3868 irruentibus
2653 3813 2919 3868 barbaris
2969 3814 3144 3869 urbes
3193 3814 3461 3886 quaedam
3505 3814 3730 3870 detrita:

2080 3909 2237 3971 sunt,
2254 3901 2638 3957 duodecimus
2658 3900 2754 3957 ille
2776 3919 3057 3958 numerus
3079 3903 3430 3959 imminutus
3443 3909 3550 3961 est.
3575 3903 3735 3959 Inter

2081 4009 2230 4065 quas
2250 3990 2646 4046 Atrebatensis
2669 3990 2880 4047 nobilis
2894 3992 3189 4064 quondam
3211 3996 3268 4048 et
3289 3991 3577 4064 populosa
3599 3992 3735 4048 civi-

2081 4085 2326 4152 tas,quee
2349 4096 2451 4151 per
2476 4083 2536 4133 Β.
2567 4079 2896 4152 Remigium
2923 4080 3099 4153 episc.
3116 4081 3437 4137 Vedastum
3455 4081 3734 4153 obtinuit,

2080 4173 2216 4242 post
2238 4166 2654 4224 nonnullorum
2674 4168 3004 4225 antistitum
3028 4169 3253 4225 obitum
3277 4169 3627 4242 episcopalis
3643 4187 3737 4227 ca-

2079 4257 2299 4314 thedras
2325 4256 2576 4329 perdidit
2596 4255 3024 4330 dignitatem,et
3044 4274 3146 4329 per
3171 4257 3732 4331 nonnullatempora

2081 4345 2483 4402 Cameracensi
2496 4346 2765 4418 episcopo
2781 4346 3015 4402 subdita
3027 4345 3298 4403 obedivit.
3320 4347 3494 4403 Porro
3512 4348 3732 4404 nostris

2080 4435 2444 4507 temporibus
2468 4451 2733 4508 supernae
2760 4435 3150 4491 miserationis
3173 4449 3439 4508 respectu
3455 4436 3734 4508 praedicta

2081 4524 2286 4580 civitas
2307 4523 2366 4579 in
2400 4524 2689 4595 ejusmodi
2724 4527 2940 4580 statum
2965 4524 3205 4580 reducta
3239 4529 3346 4589 est,
3372 4529 3436 4580 ut
3451 4529 3507 4580 et
3529 4524 3731 4598 pOpuli

400 4609 749 4698 tamquam.
900 4610 1291 4698 dastcllam’am
1346 4609 1516 4664 Odoni
1569 4609 1739 4667 militi
1781 4631 1816 4668 a
1860 4629 1973 4670 sese
2003 4633 2050 4698 Ι)
2083 4613 2410 4686 frequentia
2430 4618 2486 4668 et
2507 4611 2840 4668 divitiarum
2865 4613 3225 4671 abundantia
3253 4614 3732 4672 Cameracensem

403 4692 665 4739 assertum
692 4684 934 4738 nuntiat.

955 4771 1142 4837 (Anno
1177 4770 1358 4838 1094.)

596 4861 908 4931 [Βουουεπ
944 4859 1177 4927 Recueil,
1210 4861 1354 4913 tom.
1388 4857 1458 4928 II,
1491 4875 1548 4930 p.
1578 4860 1728 4931 707.]

406 4967 684 5026 URBANUS
715 4967 1254 5038 episcopus,servus
1285 4981 1583 5022 servorum
1614 4967 1976 5034 Dei,dilectis

337 5057 474 5113 ﬁliis
495 5056 648 5112 clero
681 5059 737 5110 et
767 5053 981 5126 populo
1012 5052 1625 5122 Belvacensi,salutem
1656 5061 1713 5112 et
1743 5062 1972 5130 aposto~

335 5147 511 5201 licam
541 5142 1023 5200 benedictionem.

408 5235 489 5289 Ex
519 5232 845 5303 apostolicae
893 5232 1184 5287 memoriae
1228 5233 1484 5306 Gregorii
1535 5236 1975 5306 praedecessoris

341 5321 524 5378 nostri
553 5321 761 5377 litteris
799 5321 1070 5376 novimus
1111 5322 1460 5377 discordiam
1501 5324 1814 5395 quamdam
1835 5322 1974 5379 ctli-

339 5417 457 5468 tem
471 5411 542 5467 de
576 5410 915 5466 castellania
943 5411 1092 5465 inter
1127 5410 1470 5477 Guidonem,
1501 5417 1702 5468 vestrae
1727 5411 1976 5468 civitatis

339 5499 675 5572 episcopum
687 5504 758 5565 ,et
773 5499 1030 5555 Odonem
1046 5497 1612 5556 castellanumfuisse
1627 5505 1974 5572 promotam,

340 5606 467 5661 quae
499 5588 766 5644 videlicet
794 5588 868 5644 lis
918 5589 972 5644 in
1026 5591 1337 5660 conspectu
1383 5590 1645 5660 ejusdem
1676 5587 1977 5662 apostolici

338 5684 744 5736 consummata
789 5681 895 5735 est.
928 5677 1112 5733 Guido
1162 5676 1318 5732 enim
1363 5677 1671 5751 episcopus
1708 5678 1766 5734 in
1800 5695 1978 5734 manu

2085 4706 2320 4774 superet
2341 4701 2656 4758 civitatem.
2690 4701 2940 4773 Dignum
2979 4702 3158 4774 igitur
3180 4701 3422 4775 Spiritui
3444 4707 3647 4760 sancto
3679 4708 3737 4761 et

2086 4790 2418 4848 auctoritati
2462 4790 2789 4862 apostolica
2813 4791 3003 4847 visum
3027 4795 3114 4846 est
3138 4795 3202 4846 ut
3229 4792 3595 4848 Atrebatensi
3625 4795 3734 4849 Ec-

2084 4879 2272 4936 clesiae
2326 4878 2642 4936 cardinalis
2689 4880 3093 4936 restitueretur
3142 4881 3406 4938 antistes.
3449 4882 3732 4938 Sanctum

2084 4968 2242 5025 enim
2274 4968 2616 5025 Sardicense
2637 4967 2947 5024 concilium
2993 4969 3200 5026 statuit
3222 4988 3336 5026 non
3360 4971 3582 5043 passim
3615 4972 3735 5045 epi-

2085 5073 2328 5129 scopum
2359 5055 2757 5124 ordinari,nisi
2789 5062 2890 5114 aut
2911 5058 2969 5113 in
2992 5058 3328 5116 civitatibus
3353 5076 3480 5132 quae
3511 5060 3734 5132 episco—
3801 5095 3808 5098 -

2085 5163 2190 5219 pos
2221 5145 2572 5213 habuerunt,
2605 5150 2706 5201 aut
2735 5163 2861 5218 quas
2894 5151 3011 5202 tam
3046 5147 3340 5220 populosae
3373 5153 3509 5204 sunt
3534 5153 3598 5205 ut
3626 5149 3732 5206 ha-

2084 5237 2218 5291 bere
2241 5239 2578 5290 mereantur
2608 5236 3037 5308 episcopum.ln
3062 5239 3316 5294 secundo
3335 5255 3569 5310 quoque
3591 5255 3729 5294 con-

2084 5324 2215 5378 cilio
2256 5324 2528 5380 Africano
2559 5324 2908 5393 decernitur,
2942 5329 3006 5380 ut
3049 5325 3150 5381 illa
3175 5326 3439 5383 dioecesis
3471 5343 3598 5398 qua;
3623 5326 3730 5383 ali-

2088 5414 2322 5484 quando
2339 5413 2543 5469 habuit
2572 5414 2932 5486 episcopum,
2964 5414 3174 5471 habeat
3222 5414 3544 5488 proprium.
3579 5417 3647 5472 Et
3678 5417 3731 5473 si

2087 5502 2391 5557 accedente
2413 5507 2691 5574 tempore,
2712 5508 3004 5559 crescente
3028 5505 3138 5560 ﬁde
3167 5503 3270 5561 Dei
3292 5503 3546 5577 populus
3576 5505 3730 5562 mul-

2086 5590 2385 5663 tiplicatus
2417 5591 2832 5648 desideraverit
2852 5592 3067 5649 habere
3089 5593 3391 5666 proprium
3423 5598 3728 5664 rectorem,

2090 5681 2218 5752 ejus
2246 5680 2515 5738 videlicet
2544 5679 2836 5738 voluntate
2869 5681 2926 5738 in
2957 5683 3125 5754 cujus
3153 5687 3439 5756 potestate
3468 5688 3556 5741 est
3585 5685 3732 5743 dice-
