3950 6388
283 444 398 513 381

1454 446 1860 513 EPISTOLIE
1900 443 2005 511 ET
2040 444 2518 512 PRIVILEGIA.

283 582 434 641 cesis
464 583 802 653 constituta,
845 581 1059 642 habeat
1104 581 1406 657 proprium
1451 583 1811 656 episcOpum.
1862 581 1925 638 B.
1957 582 2012 649 Α
2041 582 2165 638 ditu
2198 581 2592 640 collaudatum
2622 584 2681 641 et
2719 583 3127 642 confirmatum
3170 588 3259 644 est
3287 584 3343 643 1v
3390 584 3679 645 Kalendas
3724 586 3729 591 ’

286 690 524 747 quoque
543 674 857 749 Gregorius
876 673 936 729 in
959 673 1229 731 Sardinia
1244 673 1397 746 apud
1422 672 1815 728 Phausianam
1830 689 1930 744 op-

282 763 491 837 pidum
513 765 835 820 secundum
853 763 1167 836 pristinum
1186 763 1427 818 modum
1448 761 1766 818 reordinari
1785 778 1927 833 pra-

283 852 439 925 cepit
461 852 804 920 antistitem,
838 857 894 908 et
924 869 1029 908 nos
1059 868 1194 924 ergo
1222 851 1624 908 Atrebatensis
1662 849 1928 906 Ecclesia

281 941 662 1009 restitutioni,
688 940 1061 998 etRemensis
1076 939 1415 1012 metropolis
1451 936 1929 1012 redintegrationi

282 1046 388 1103 pro
411 1030 596 1086 nostri
621 1030 796 1087 ofﬁcii
822 1030 1013 1086 debito
1051 1028 1442 1096 imminentes,
1488 1032 1541 1083 te
1582 1029 1758 1083 frater
1794 1027 1930 1083 cha-

285 1118 519 1176 rissime
543 1120 849 1176 Lamberte
881 1117 1016 1174 cleri
1050 1117 1355 1190 plebisque
1374 1134 1662 1174 consensu
1684 1115 1931 1173 electum

287 1209 572 1278 unanimi,
605 1213 667 1265 B.
707 1208 958 1264 Vedasto
1008 1210 1066 1263 et
1097 1206 1315 1262 sanctis
1363 1205 1463 1279 qui
1506 1207 1565 1261 in
1614 1206 1757 1261 urbe
1806 1206 1934 1277 ipsa

286 1298 586 1371 quondam
634 1297 954 1371 prasedere
1002 1295 1292 1368 pontiﬁcis
1347 1294 1759 1350 constituimus
1799 1310 1931 1349 suc-

287 1404 599 1444 cessorem.
632 1388 740 1443 Per
768 1385 1071 1458 prasentis
1098 1384 1294 1456 itaque
1341 1383 1628 1457 privilegii
1659 1383 1932 1457 paginam

287 1474 618 1549 legitimum
648 1478 997 1547 perpetuum
1049 1472 1386 1541 statuimus,
1420 1477 1486 1527 ut
1535 1472 1934 1529 Atrebatensis

286 1564 549 1622 Ecclesia
559 1563 830 1636 deinceps
843 1561 1198 1619 cardinalem
1221 1559 1800 1633 semperepiscopum
1819 1577 1938 1616 sor-

287 1653 493 1710 tiatur.
520 1652 815 1725 Quidquid
865 1654 1061 1707 autem
1093 1648 1377 1722 pradicta
1409 1648 1676 1705 Ecclesia
1709 1649 1770 1704 B.
1826 1649 1934 1704 Re-

289 1741 507 1815 migius
527 1741 793 1804 contulit,
822 1738 1109 1813 quidquid
1130 1737 1389 1810 antiquis
1410 1737 1772 1809 temporibus
1795 1737 1936 1794 dum

287 1829 605 1905 episcopali
633 1829 917 1902 dignitate
946 1826 1188 1900 polleret
1217 1843 1345 1882 eam
1392 1827 1692 1899 possidere
1723 1826 1935 1881 consti-

290 1921 449 1989 terit,
470 1918 648 1976 salvis
666 1917 954 1991 legalibus
982 1915 1269 1971 institutis
1294 1919 1350 1970 et
1381 1915 1651 1971 Romana
1683 1913 1935 1995 ecclesia

289 2007 630 2083 privilegiis,
661 2011 853 2063 ratum
886 2005 991 2061 tibi
1022 2022 1090 2061 ac
1119 2005 1237 2059 tuis
1268 2003 1705 2060 successoribus
1747 2003 1935 2059 sanci-

293 2115 430 2155 mus
461 2112 817 2170 permanere.
853 2095 915 2150 In
947 2093 1162 2166 quibus
1189 2091 1533 2149 nominatim
1579 2092 1936 2148 archidiaco-

293 2188 424 2244 nias
454 2187 623 2253 duas,
657 2201 907 2258 quarum
942 2199 1060 2238 una
1085 2181 1502 2247 Atrebatensis,
1523 2179 1940 2237 altera'dicitur

293 2274 793 2339 Obstrevadensis,
827 2272 1075 2346 prafata
1114 2271 1381 2327 Ecclesia
1414 2270 1850 2339 conﬁrmamus,
1885 2274 1941 2324 et

292 2365 428 2422 illos
458 2364 697 2421 omnino
727 2362 943 2419 limites
967 2362 1115 2417 inter
1134 2361 1573 2416 Atrebatensem
1595 2364 1652 2415 et
1679 2360 1940 2415 Camera-

293 2458 529 2511 censem
560 2451 848 2508 Ecclesiae
880 2450 999 2506 fore
1028 2448 1418 2521 pracipimus,
1439 2465 1585 2520 quos
1615 2448 1940 2521 antiquitus

293 2543 481 2600 fuisse
508 2541 595 2597 vel
627 2541 978 2613 scriptorum
1002 2537 1382 2595 monimentis
1409 2536 1495 2592 vel
1517 2537 1940 2593 territoriorum

294 2631 702 2704 diremptione,
739 2628 829 2685 vel
877 2628 1050 2685 certis
1090 2626 1388 2700 aliquibus
1444 2626 1678 2682 indiciis
1734 2628 1946 2699 poterit

294 2720 684 2794 comprobari,
707 2722 773 2774 ut
792 2721 1084 2774 annuente
1105 2717 1219 2772 Deo
1240 2715 1629 2771 Ecclesiarum
1648 2733 1758 2787 pax
1784 2716 1945 2771 nulla

295 2809 599 2867 occasione
628 2808 917 2875 turbetur,
949 2809 1007 2863 et
1037 2822 1164 2878 qua
1196 2822 1300 2877 pro
1330 2804 1593 2860 ﬁdelium
1625 2804 1812 2861 salute
1831 2809 1946 2861 sta-

293 2902 425 2956 tuta
453 2901 614 2966 sunt,
647 2896 886 2971 perenni
924 2900 1185 2967 tempore
1239 2892 1582 2949 inconvulsa
1628 2893 1946 2950 stabilitate

295 2987 782 3062 persistant.8ane
802 2985 851 3041 si
876 2984 1010 3057 quis
1026 2985 1085 3040 in
1106 2983 1429 3040 crastinum
1451 2982 1942 3056 archiepiscopus,

297 3078 631 3152 episcOpus,
663 3075 981 3148 imperator
1039 3078 1139 3128 aut
1166 3088 1286 3139 rex,
1347 3072 1618 3144 princeps
1672 3076 1775 3127 aut
1804 3073 1942 3139 dux,

2036 671 2368 728 Decembris
2399 673 2713 731 indictione
2741 691 2815 742 IV,
2835 692 2987 731 anno
3009 675 3312 731 dominica
3335 676 3682 734 Incarnatio-

2038 760 2130 817 nis
2170 777 2341 828 mxcv,
2368 762 2739 833 pontiﬁcatus
2760 768 2951 820 autem
2972 763 3169 820 domni
3195 764 3407 821 Urbani
3428 784 3589 840 papa
3608 768 3676 824 ll.

2781 853 2943 908 CVII.

2043 940 2249 1013 Urbani
2276 941 2333 1013 (Ii
2349 942 2576 1012 epistola
2590 942 2669 1013 ,ad
2697 942 2961 998 Mardum
2991 944 3410 1013 Atrebatensem,
3441 949 3680 1003 Bernui-

2109 1011 2241 1065 dum
2271 1011 2778 1069 Obstrevandensem
2808 1015 3271 1081 archidiaconum,
3304 1011 3411 1072 etc.
3436 1048 3505 1058 —
3543 1020 3682 1075 Hor-

2111 1085 2267 1167 tatur
2425 1085 2707 1140 Lamberto
2761 1087 3005 1167 episcopo
3054 1088 3392 1144 Atrebatensi
3435 1088 3683 1164 deinceps

2112 1153 2379 1210 obedient.

2642 1228 2845 1301 (Anno.
2897 1229 3079 1301 1094.)

2470 1298 2676 1367 [ΜΑΝει
2711 1298 2914 1355 Concil.
2956 1298 3067 1368 XX,
3108 1302 3259 1375 674.]

2112 1382 2734 1457 Uasaxusepiscopus,
2754 1404 2956 1443 servus
2976 1405 3273 1446 servorum
3305 1391 3427 1460 Dei,
3459 1392 3686 1452 dilectis

2044 1473 2179 1528 ﬁliis
2197 1476 2428 1529 Amano
2440 1474 2825 1543 Atrebatensi,
2841 1476 3153 1534 Bsamano
3177 1479 3684 1549 Obstrevandensi,

2044 1562 2489 1632 archidiaconis,
2522 1567 2579 1618 et
2607 1564 2878 1621 omnibus
2895 1567 3221 1639 prapositis
3251 1572 3424 1641 atque
3450 1571 3688 1628 decanis

2044 1667 2176 1707 cum
2210 1652 2484 1707 omnibus
2515 1652 2738 1708 clericis
2768 1654 2863 1723 qui
2897 1654 2956 1709 in
2997 1656 3286 1726 pradictis
3325 1658 3687 1717 archidiaco-

2045 1740 2161 1795 niis
2192 1745 2347 1806 sunt,
2383 1740 2632 1797 salutem
2675 1747 2731 1797 et
2777 1744 3154 1814 apostolicam
3202 1746 3686 1805 benedictionem.

2114 1829 2455 1902 Apostolica
2487 1831 2645 1887 sedis
2675 1848 2782 1887 nos
2805 1832 3101 1905 compellit
3119 1835 3436 1892 auctoritas
3465 1839 3693 1895 univer-

2047 1917 2127 1973 sis
2158 1935 2260 1990 per
2288 1920 2487 1974 orbem
2518 1923 2805 1974 terrarum
2838 1921 3113 1977 Ecclesiis
3144 1923 3463 1995 providere,
3497 1930 3555 1982 et
3583 1944 3692 1984 sua

2038 2008 2178 2078 jura
2209 2009 2586 2078 poscentibus
2619 2014 2859 2082 paterna
2897 2011 3301 2083 compassione
3332 2030 3690 2072 succurrere.

2047 2096 2194 2161 Quia
2213 2096 2392 2168 igitur
2411 2098 2810 2154 Atrebatensis
2832 2098 3089 2155 Ecclesia
3112 2100 3456 2173 multisjam
3477 2106 3695 2177 tempo-

2048 2185 2212 2241 ribus
2241 2184 2476 2257 propria
2502 2202 2705 2242 carens
2737 2186 3020 2259 dignitate
3051 2189 3487 2247 Cameracensis
3510 2192 3695 2249 Eccle-

2049 2273 2143 2329 sia
2165 2274 2374 2344 jugum
2409 2273 2663 2346 pertulit,
2721 2275 2963 2347 dignum
3010 2278 3266 2349 profecto
3320 2279 3595 2337 duximus
3633 2286 3697 2336 ut

2050 2362 2398 2433 propitiante
2431 2362 2676 2419 Domino
2699 2364 2918 2421 amissa
2946 2365 3267 2438 eidignitas
3284 2368 3693 2440 exapostolica

2051 2452 2206 2506 sedis
2237 2451 2514 2519 dignitate
2537 2452 2959 2508 restitueretur.
2984 2456 3179 2526 Neque
3202 2455 3355 2512 enim
3387 2459 3694 2530 subjectio-

2051 2556 2184 2595 nem
2216 2541 2610 2597 Atrebatensis
2640 2541 2907 2598 Ecclesia
2938 2542 3174 2614 aliquod
3198 2544 3472 2602 Romana
3504 2552 3697 2603 aucto-

2052 2628 2243 2684 ritatis
2273 2628 2725 2702 chirographum
2768 2631 3285 2688 Cameracensibus
3317 2632 3587 2702 vindicat,
3639 2639 3696 2691 et

2051 2717 2449 2773 Atrebatensis
2473 2716 2632 2773 urbis
2654 2718 3369 2793 pepulositaslongeillam
3393 2706 3484 2777 cui
3507 2722 3696 2779 hacte-

2054 2823 2166 2861 nus
2198 2805 2432 2861 subdita
2472 2806 2661 2863 fuerat
2712 2807 3014 2863 antecedit.
3047 2809 3116 2864 Et
3156 2826 3448 2866 canonum
3499 2811 3696 2885 itaque

2054 2894 2322 2960 decretis,
2381 2899 2436 2950 et
2495 2896 2984 2967 pradecessorum
3045 2902 3375 2954 nostrorum
3414 2901 3697 2973 exemplis

2055 2982 2203 3050 freti,
2230 2984 2632 3040 nunctandem
2651 2990 2943 3041 annuente
2956 2985 3202 3042 Domino
3223 2988 3695 3046 Atrebatensium

2051 3071 2391 3143 votisjustis
2416 3072 3226 3145 etpetitionibusimportunis
3238 3075 3510 3132 effectum
3536 3077 3697 3133 dedi-

298 3181 495 3225 comes
527 3169 630 3221 aut
656 3165 998 3232 vicecomes,
1024 3162 1209 3235 judex
1240 3165 1341 3217 aut
1386 3178 1635 3233 persona
1673 3160 1947 3233 qualibet
2057 3177 2205 3228 mus,
2264 3167 2319 3216 et
2376 3161 2761 3218 venerabilem
2810 3162 2996 3218 virum
3058 3164 3453 3233 Lambertum,
3523 3182 3698 3239 quem

299 3271 509 3328 magna
541 3253 628 3309 vel
659 3269 837 3326 parva
865 3251 1045 3323 hujus
1084 3250 1268 3307 nostri
1327 3247 1612 3323 privilegii
1672 3248 1945 3323 paginam
1986 3321 2018 3328 Α
2056 3249 2355 3306 communi
2388 3266 2632 3306 assensu
2664 3251 2911 3307 electum
2961 3253 3032 3307 ad
3068 3270 3171 3308 nos
3221 3270 3353 3308 cum
3403 3254 3699 3322 communi

298 3321 510 3410 sciens,
532 3347 733 3399 contra
753 3358 880 3397 eam
898 3346 1116 3397 temere
1136 3340 1331 3395 venire
1348 3338 1674 3408 tentaverit,
1690 3340 1943 3395 secundo
1976 3321 2019 3388 C
2057 3339 2289 3394 decreto
2319 3338 2696 3405 deduxerant,
2730 3339 2788 3394 in
2821 3340 3159 3413 episcopum
3205 3342 3698 3399 consecravimus.

298 3432 541 3490 tertiove
568 3430 980 3498 commonitus,
1012 3429 1063 3485 si
1100 3446 1215 3485 non
1266 3427 1662 3484 satisfactione
1693 3444 1950 3500 congrua

297 3520 709 3587 emendaverit,
734 3520 1037 3594 potestatis
1059 3518 1415 3589 honorisque
1433 3516 1524 3573 sui
1556 3517 1837 3590 dignitate
1858 3534 1949 3573 ca-

300 3614 443 3680 reat,
458 3625 741 3682 reumque
753 3624 815 3665 se
827 3608 1020 3663 divino
1033 3606 1256 3678 judicio
1275 3605 1519 3662 existere
1535 3606 1604 3661 de
1621 3609 1949 3678 perpetrata

298 3700 610 3773 iniquitate
640 3701 970 3771 cognoscat,
1019 3701 1076 3751 et
1105 3713 1138 3751 a
1169 3695 1569 3751 sacratissimo
1626 3710 1862 3766 corpore
1892 3700 1949 3751 et

300 3788 588 3863 sanguine
618 3787 718 3843 Dei
750 3802 818 3841 ac
862 3784 1089 3841 Domini
1139 3782 1544 3855 Redemptoris
1593 3782 1774 3838 nostri
1805 3783 1946 3838 Jesu

301 3877 518 3934 Christi
553 3876 777 3932 alienus
812 3874 931 3942 ﬁat,
965 3880 1141 3944 atque
1163 3873 1219 3928 in
1265 3877 1521 3929 extremo
1552 3871 1815 3927 examine
1858 3872 1946 3926 di-

302 3967 519 4025 stricta
547 3964 754 4020 ultioni
789 3963 1107 4035 subiaceat.
1140 3962 1377 4018 Cunctis
1434 3960 1623 4016 eidem
1672 3961 1787 4016 ista
1822 3960 1948 4017 loco

301 4053 673 4114 servantibus
685 4053 764 4110 sit
784 4070 895 4125 pax
920 4051 1147 4108 Domini
1168 4051 1349 4106 nostri
1361 4050 1501 4106 Jesu
1514 4049 1947 4122 Christi,quate-

302 4161 418 4201 nus
443 4148 502 4200 et
519 4142 615 4198 hic
636 4142 893 4197 fructum
914 4141 1079 4196 bona
1101 4139 1343 4196 actionis
1366 4138 1766 4211 percipiant,et
1794 4138 1949 4210 apud

299 4233 633 4291 districtum
654 4230 916 4303 judicem
940 4229 1181 4304 praemia
1201 4234 1414 4285 aterna
1437 4228 1598 4299 pacis
1628 4228 1948 4284 inveniant.

371 4321 691 4378 Benedictus
718 4321 858 4377 Deus
1000 4318 1297 4390 Scriptum
1337 4333 1440 4389 per
1488 4333 1724 4373 manum
1773 4317 1952 4372 Boni-

328 4418 331 4419 ⁷
478 4413 532 4466 et
585 4411 751 4467 Pater
930 4407 1189 4463 hominis
1242 4404 1528 4463 scriniarii
1585 4406 1734 4461 sacri
1791 4404 1950 4478 pala-

442 4501 499 4556 S.
717 4500 773 4554 S.
927 4497 1015 4553 tii.
1065 4500 1277 4553 Datum
1311 4495 1508 4552 Romae
1548 4512 1652 4568 per
1707 4511 1950 4551 manum

379 4592 570 4646 Petrus
642 4589 851 4644 Paulus
922 4586 1190 4652 Joannis,
1226 4586 1293 4641 R.
1328 4586 1386 4641 S.
1439 4586 1500 4640 E.
1546 4583 1776 4640 diaconi
1826 4600 1949 4639 car-

496 4678 741 4736 Urbanus

320 4828 323 4833 ,
439 4770 553 4825 PP.
722 4768 791 4823 II.
940 4764 1192 4821 dictione
1223 4781 1281 4833 ιι,
1317 4781 1468 4819 anno
1510 4762 1821 4819 Dominica
1855 4764 1950 4817 ln-

396 4858 620 4915 Domim'
672 4858 846 4914 nostri
946 4853 1490 4911 carnationis’lO93
1534 4853 1675 4924 (2’1),
1716 4851 1949 4925 pontiﬁ-

426 4949 551 5004 Jesu
582 4946 806 5003 Christi.
941 4948 1106 5000 catus
1138 4947 1334 4999 autem
1383 4940 1605 4997 domini
1651 4939 1868 4996 Urbani
1903 4938 1954 4995 II

492 5038 495 5041 ⁴
942 5050 1104 5106 papa
1136 5031 1407 5105 septimo.

376 5125 701 5183 Recitatum
716 5127 805 5182 est
818 5126 1014 5180 autem
1028 5122 1137 5178 hoc
1152 5119 1522 5195 privilegium
1542 5119 1600 5174 in
1627 5119 1957 5174 Claromonn

304 5215 459 5271 tensi
487 5213 733 5272 concilio
754 5231 823 5270 ex
836 5216 1124 5286 pracepto
1142 5210 1341 5267 domni
1365 5208 1580 5266 Urbani
1606 5209 1678 5277 Il,
1708 5207 1798 5264 cui
1829 5207 1956 5280 ipse

305 5304 598 5377 prasedit,
632 5307 689 5359 et
726 5319 859 5359 cum
894 5319 959 5358 eo
995 5300 1320 5357 cardinales
1368 5297 1637 5363 Romani,
1674 5295 1955 5368 archiepi-

308 5393 467 5466 scopi
500 5410 623 5461 xm,
655 5391 910 5465 episcopi
960 5408 1156 5456 ccxxv,
1202 5390 1443 5445 abbates
1486 5404 1619 5443 vero
1680 5404 1748 5441 xc
1779 5391 1835 5441 et
1892 5403 1956 5441 eo

309 5480 601 5555 amplius;
645 5480 899 5553 exceptis
934 5478 1196 5535 honestis
1220 5483 1277 5533 et
1296 5475 1580 5549 religiosis
1599 5475 1960 5531 diversarum

309 5571 613 5645 regionum
629 5574 687 5626 et
707 5569 1136 5643 provinciarum
1159 5567 1381 5623 clericis
1394 5571 1451 5622 et
1470 5564 1960 5621 laicis.Etintcnte

308 5665 367 5716 et
394 5661 500 5716 sub
524 5675 736 5732 magno
758 5657 986 5716 silentio
1018 5657 1089 5714 ab
1123 5656 1280 5712 omni
1302 5672 1580 5712 concessu
1605 5652 1837 5710 concilii
1864 5671 1961 5711 au-

389 5750 501 5822 (24)
536 5747 706 5805 Falsa
736 5748 954 5805 notatio
986 5745 1285 5818 temporis.
1312 5744 1496 5802 Hnno.

2054 3428 2123 3483 Et
2153 3443 2397 3498 quaque
2428 3427 2500 3481 ad
2530 3427 2969 3485 Atrebatensem
2997 3428 3331 3502 parochiam
3373 3431 3701 3504 antiquitus

2055 3515 2410 3588 pertinuisse
2436 3521 2781 3584 noscuntur,
2817 3518 2929 3589 ipsi
2960 3524 3017 3572 et
3046 3519 3232 3590 ipsius
3262 3521 3703 3576 successoribus

2056 3609 2333 3677 perpetuo
2393 3605 2667 3677 regenda,
2698 3609 2756 3660 et
2811 3606 3127 3678 episcopali
3172 3609 3305 3678 jure
3349 3608 3705 3679 possidenda

2058 3691 2348 3765 privilegii
2382 3693 2727 3750 auctoritate
2755 3695 3079 3750 ﬁrmamus.
3114 3695 3471 3751 Nominatim
3511 3696 3701 3752 archi-

2056 3782 2354 3837 diaconias
2384 3782 2551 3849 duas,
2586 3799 2837 3854 quarum
2884 3800 3002 3839 una
3041 3785 3463 3851 Atrebatensis,
3523 3783 3704 3842 altera

2058 3870 2271 3926 dicitur
2300 3870 2838 3928 Obstrevandensis.
2870 3872 3135 3928 Vestram
3166 3888 3302 3946 ergo
3333 3872 3701 3931 dilectionem

2055 3959 2268 4016 litteris
2292 3960 2679 4032 praesentibus
2707 3962 3094 4017 admonemus
3125 3967 3301 4034 atque
3329 3961 3702 4036 praeipimus

2059 4053 2124 4104 ut
2143 4048 2193 4104 ei
2218 4048 2490 4121 deinceps
2516 4053 2797 4122 tanquam
2824 4051 3103 4107 cardinali
3122 4051 3702 4125 episcopo,tanquam

2058 4138 2122 4194 B.
2155 4138 2308 4193 Petri
2368 4138 2644 4195 manibus
2693 4146 3031 4196 consecrato
3078 4142 3321 4197 subesse
3368 4145 3425 4197 et
3470 4140 3705 4199 obedire

2061 4228 2295 4283 curetis.
2329 4227 2492 4283 Unde
2520 4232 2578 4283 et
2628 4246 2731 4285 vos
2760 4233 2817 4285 et
2870 4227 3111 4285 clericbs
3165 4230 3466 4287 universos
3505 4230 3604 4303 qui
3642 4230 3704 4286 in

2061 4317 2352 4388 praedictis
2383 4317 2832 4374 archidiaconiis
2865 4325 3023 4388 sunt,
3057 4338 3091 4376 a
3121 4320 3481 4392 professione
3512 4319 3706 4377 Eccle-

2063 4406 2161 4462 sia
2191 4405 2626 4463 Cameracensis
2650 4407 3035 4465 absolvimus.
3069 4409 3127 4465 Si
3159 4409 3258 4481 qui
3280 4426 3413 4464 vero
3435 4409 3587 4464 inter
3606 4425 3708 4464 vos

2061 4494 2241 4565 hujus
2270 4500 2486 4551 nostra
2518 4498 2953 4553 constitutionis
2984 4501 3179 4554 tenore
3220 4503 3520 4570 perspecto
3558 4514 3709 4570 pra-

2061 4584 2215 4639 dicto
2244 4585 2519 4639 confralri
2550 4591 2750 4642 nostro
2781 4586 3147 4642 Atrebatensi
3179 4586 3448 4659 episcopo
3478 4586 3711 4643 obedire

930 4674 1165 4744 dinalis,
1199 4693 1235 4730 x
1287 4674 1519 4731 Kalend.
1575 4672 1812 4746 Aprilis,
1854 4673 1944 4729 in-
1976 4684 2023 4750 Ι)
2054 4672 2528 4743 contempserint,
2568 4690 2982 4746 quamcunque
3011 4675 3070 4731 in
3093 4692 3191 4732 eos
3218 4675 3568 4731 sententiam
3590 4674 3715 4747 ipse

2058 4758 2372 4833 episcopali
2404 4761 2803 4818 moderatione
2832 4764 3153 4831 dictaverit,
3188 4762 3551 4819 auctoritatis
3581 4778 3712 4820 nos-

2058 4854 2163 4905 tra
2193 4849 2446 4921 pondere
2477 4849 2651 4905 ﬁrma
2674 4856 3032 4923 permaneat.

2139 4939 2278 4995 Data
2308 4938 2500 4994 Roma
2531 4956 2588 4993 IX
2617 4939 2744 4995 Kal.
2777 4939 3011 5012 Aprilis.

2800 5029 2994 5085 CVIII.

2068 5118 2273 5189 Urbani
2294 5119 2343 5173 Il
2373 5117 2605 5189 epistola
2635 5118 2705 5173 ad
2732 5118 2985 5174 Aloldum
3015 5118 3069 5173 S.
3111 5119 3340 5187 Vedasti,
3381 5118 3715 5177 Richardum

2135 5188 2580 5257 Marcianensem,
2623 5191 2901 5247 Albertum
2954 5192 3411 5260 Hasnoniensem,
3461 5192 3712 5247 Hameri-

2138 5277 2260 5334 cum
2289 5262 2776 5332 Aquz’cinctensem,
2825 5262 3059 5329 abbates,
3089 5269 3139 5315 et
3175 5264 3233 5316 S.
3282 5262 3634 5334 Hagen/redis
3662 5264 3712 5318 et

2137 5333 2507 5388 Strzmzensem
2555 5334 2874 5389 abbatissas.
2905 5365 2969 5375 —
3022 5334 3147 5389 Illos
3191 5348 3387 5403 parere
3432 5333 3712 5390 Lamberto

2137 5405 2379 5475 episcopo
2400 5407 2741 5461 Atrebatensi
2752 5409 2938 5476 jubet.

2693 5496 2880 5567 (Anno
2913 5494 3097 5559 4094.)

2316 5564 2572 5636 [BALUZ.,
2604 5562 2825 5624 nam.
2875 5567 3012 5623 edit.
3047 5567 3181 5624 Luc.
3214 5565 3283 5633 11,
3318 5562 3463 5636 133.]

2140 5653 2415 5710 Uasnnus
2437 5656 2770 5729 episcopus,
2795 5673 2997 5714 servus
3014 5672 3312 5714 servorum
3342 5652 3463 5722 Dei,
3484 5651 3711 5712 dilectis
