  <div class='ocr_page' id='page_1' title='image "/cluster/home/n/w/nwhite01/storage/ocr_20150623/151/umn.31951002477444s/251.png"; bbox 0 0 3950 6364; ppageno 0'>
   <div class='ocr_carea' id='block_1_1' title="bbox 355 368 475 436">
    <p class='ocr_par' dir='ltr' id='par_1_1' title="bbox 355 368 475 436">
     <span class='ocr_line' id='line_1_1' title="bbox 355 368 475 436; baseline -0.017 0"><span class='ocrx_word' id='word_1_1' title='bbox 355 368 475 436; x_wconf 75' lang='grc'>375</span> 
     </span>
    </p>
   </div>
   <div class='ocr_carea' id='block_1_2' title="bbox 1650 369 2455 455">
    <p class='ocr_par' dir='ltr' id='par_1_2' title="bbox 1650 369 2455 455">
     <span class='ocr_line' id='line_1_2' title="bbox 1650 369 2455 455; baseline -0.001 -16"><span class='ocrx_word' id='word_1_2' title='bbox 1650 375 1723 440; x_wconf 86' lang='lat' dir='ltr'>B.</span> <span class='ocrx_word' id='word_1_3' title='bbox 1767 369 2062 455; x_wconf 56' lang='lat' dir='ltr'>uanam</span> <span class='ocrx_word' id='word_1_4' title='bbox 2103 370 2455 450; x_wconf 67' lang='lat' dir='ltr'>11mm.</span> 
     </span>
    </p>
   </div>
   <div class='ocr_carea' id='block_1_3' title="bbox 3635 368 3778 437">
    <p class='ocr_par' dir='ltr' id='par_1_3' title="bbox 3635 368 3778 437">
     <span class='ocr_line' id='line_1_3' title="bbox 3635 368 3778 437; baseline -0.014 0"><span class='ocrx_word' id='word_1_5' title='bbox 3635 368 3778 437; x_wconf 69' lang='grc' dir='ltr'>ετσς</span> 
     </span>
    </p>
   </div>
   <div class='ocr_carea' id='block_1_4' title="bbox 348 503 3798 581">
    <p class='ocr_par' dir='ltr' id='par_1_4' title="bbox 348 503 3798 581">
     <span class='ocr_line' id='line_1_4' title="bbox 348 503 3798 581; baseline -0 -16"><span class='ocrx_word' id='word_1_6' title='bbox 348 509 559 580; x_wconf 82' lang='lat' dir='ltr'>nostra</span> <span class='ocrx_word' id='word_1_7' title='bbox 591 503 888 564; x_wconf 82' lang='lat' dir='ltr'>Mathilda</span> <span class='ocrx_word' id='word_1_8' title='bbox 919 504 1030 580; x_wconf 76' lang='lat' dir='ltr'>(l9)</span> <span class='ocrx_word' id='word_1_9' title='bbox 1061 506 1374 566; x_wconf 87' lang='lat' dir='ltr'>comitissa</span> <span class='ocrx_word' id='word_1_10' title='bbox 1397 507 1687 566; x_wconf 82' lang='lat' dir='ltr'>devotioni</span> <span class='ocrx_word' id='word_1_11' title='bbox 1713 507 1992 566; x_wconf 83' lang='lat' dir='ltr'>duximus</span> <span class='ocrx_word' id='word_1_12' title='bbox 2018 507 2077 581; x_wconf 67' lang='grc' dir='ltr'><strong>Α</strong></span> <span class='ocrx_word' id='word_1_13' title='bbox 2106 503 3798 581; x_wconf 76' lang='lat' dir='ltr'>communicatoconfratrumnostrorumepiscoporumet.</span> 
     </span>
    </p>
   </div>
   <div class='ocr_carea' id='block_1_5' title="bbox 348 593 1996 670">
    <p class='ocr_par' dir='ltr' id='par_1_5' title="bbox 348 593 1996 670">
     <span class='ocr_line' id='line_1_5' title="bbox 348 593 1996 670; baseline 0 -16"><span class='ocrx_word' id='word_1_14' title='bbox 348 597 750 654; x_wconf 88' lang='lat' dir='ltr'>annuendum.</span> <span class='ocrx_word' id='word_1_15' title='bbox 785 597 847 652; x_wconf 90' lang='lat' dir='ltr'>In</span> <span class='ocrx_word' id='word_1_16' title='bbox 899 613 1047 670; x_wconf 89' lang='lat' dir='ltr'>pago</span> <span class='ocrx_word' id='word_1_17' title='bbox 1097 614 1352 669; x_wconf 85' lang='lat' dir='ltr'>namque</span> <span class='ocrx_word' id='word_1_18' title='bbox 1400 593 1659 670; x_wconf 85' lang='lat' dir='ltr'>Spirensi</span> <span class='ocrx_word' id='word_1_19' title='bbox 1697 598 1854 670; x_wconf 86' lang='lat' dir='ltr'>juris</span> <span class='ocrx_word' id='word_1_20' title='bbox 1902 597 1996 654; x_wconf 91' lang='lat' dir='ltr'>sui</span> 
     </span>
    </p>
   </div>
   <div class='ocr_carea' id='block_1_6' title="bbox 344 685 1998 760">
    <p class='ocr_par' dir='ltr' id='par_1_6' title="bbox 344 685 1998 760">
     <span class='ocr_line' id='line_1_6' title="bbox 344 685 1998 760; baseline 0 -18"><span class='ocrx_word' id='word_1_21' title='bbox 344 685 653 760; x_wconf 88' lang='lat' dir='ltr'>pradium,</span> <span class='ocrx_word' id='word_1_22' title='bbox 687 685 841 758; x_wconf 91' lang='lat' dir='ltr'>quod</span> <span class='ocrx_word' id='word_1_23' title='bbox 875 685 1232 742; x_wconf 88' lang='lat' dir='ltr'>Titensheim</span> <span class='ocrx_word' id='word_1_24' title='bbox 1262 687 1372 758; x_wconf 87' lang='lat'>(20)</span> <span class='ocrx_word' id='word_1_25' title='bbox 1404 687 1636 753; x_wconf 90' lang='lat' dir='ltr'>dicitur,</span> <span class='ocrx_word' id='word_1_26' title='bbox 1660 703 1764 759; x_wconf 90' lang='lat' dir='ltr'>pro</span> <span class='ocrx_word' id='word_1_27' title='bbox 1809 685 1998 742; x_wconf 91' lang='lat' dir='ltr'>salute</span> 
     </span>
    </p>
   </div>
   <div class='ocr_carea' id='block_1_7' title="bbox 349 773 1996 847">
    <p class='ocr_par' dir='ltr' id='par_1_7' title="bbox 349 773 1996 847">
     <span class='ocr_line' id='line_1_7' title="bbox 349 773 1996 847; baseline -0.001 -15"><span class='ocrx_word' id='word_1_28' title='bbox 349 791 470 832; x_wconf 85' lang='lat' dir='ltr'>sua</span> <span class='ocrx_word' id='word_1_29' title='bbox 500 773 709 830; x_wconf 88' lang='lat' dir='ltr'>anima</span> <span class='ocrx_word' id='word_1_30' title='bbox 732 773 793 830; x_wconf 91' lang='lat' dir='ltr'>in</span> <span class='ocrx_word' id='word_1_31' title='bbox 824 773 888 830; x_wconf 92' lang='lat' dir='ltr'>B.</span> <span class='ocrx_word' id='word_1_32' title='bbox 923 773 1099 830; x_wconf 90' lang='lat' dir='ltr'>Blasii</span> <span class='ocrx_word' id='word_1_33' title='bbox 1133 775 1754 847; x_wconf 87' lang='lat' dir='ltr'>monasterium,quod</span> <span class='ocrx_word' id='word_1_34' title='bbox 1775 774 1836 830; x_wconf 91' lang='lat' dir='ltr'>in</span> <span class='ocrx_word' id='word_1_35' title='bbox 1855 775 1996 831; x_wconf 91' lang='lat' dir='ltr'>Sue-</span> 
     </span>
    </p>
   </div>
   <div class='ocr_carea' id='block_1_8' title="bbox 346 862 2001 936">
    <p class='ocr_par' dir='ltr' id='par_1_8' title="bbox 346 862 2001 936">
     <span class='ocr_line' id='line_1_8' title="bbox 346 862 2001 936; baseline -0.001 -17"><span class='ocrx_word' id='word_1_36' title='bbox 346 863 444 920; x_wconf 87' lang='lat' dir='ltr'>via</span> <span class='ocrx_word' id='word_1_37' title='bbox 461 863 642 919; x_wconf 88' lang='lat' dir='ltr'>situm</span> <span class='ocrx_word' id='word_1_38' title='bbox 673 865 844 931; x_wconf 90' lang='lat' dir='ltr'>est,et</span> <span class='ocrx_word' id='word_1_39' title='bbox 864 862 1146 918; x_wconf 88' lang='lat' dir='ltr'>nonnulla</span> <span class='ocrx_word' id='word_1_40' title='bbox 1161 862 1275 918; x_wconf 91' lang='lat' dir='ltr'>alia</span> <span class='ocrx_word' id='word_1_41' title='bbox 1290 863 1658 936; x_wconf 87' lang='lat' dir='ltr'>ohtulit,qua</span> <span class='ocrx_word' id='word_1_42' title='bbox 1678 869 1881 920; x_wconf 91' lang='lat' dir='ltr'>nostra</span> <span class='ocrx_word' id='word_1_43' title='bbox 1903 879 2001 936; x_wconf 85' lang='lat' dir='ltr'>po-</span> 
     </span>
    </p>
   </div>
   <div class='ocr_carea' id='block_1_9' title="bbox 351 951 2002 1026">
    <p class='ocr_par' dir='ltr' id='par_1_9' title="bbox 351 951 2002 1026">
     <span class='ocr_line' id='line_1_9' title="bbox 351 951 2002 1026; baseline -0.002 -17"><span class='ocrx_word' id='word_1_44' title='bbox 351 951 534 1009; x_wconf 91' lang='lat' dir='ltr'>stulat</span> <span class='ocrx_word' id='word_1_45' title='bbox 562 951 906 1008; x_wconf 78' lang='lat' dir='ltr'>auctoritate</span> <span class='ocrx_word' id='word_1_46' title='bbox 936 951 1180 1007; x_wconf 86' lang='lat' dir='ltr'>ﬁrmari.</span> <span class='ocrx_word' id='word_1_47' title='bbox 1212 952 1329 1008; x_wconf 86' lang='lat' dir='ltr'>Nos</span> <span class='ocrx_word' id='word_1_48' title='bbox 1359 951 1538 1026; x_wconf 81' lang='lat' dir='ltr'>igitur</span> <span class='ocrx_word' id='word_1_49' title='bbox 1572 953 1873 1026; x_wconf 88' lang='lat' dir='ltr'>prasentis</span> <span class='ocrx_word' id='word_1_50' title='bbox 1907 953 2002 1007; x_wconf 88' lang='lat' dir='ltr'>de-</span> 
     </span>
    </p>
   </div>
   <div class='ocr_carea' id='block_1_10' title="bbox 353 1038 1998 1114">
    <p class='ocr_par' dir='ltr' id='par_1_10' title="bbox 353 1038 1998 1114">
     <span class='ocr_line' id='line_1_10' title="bbox 353 1038 1998 1114; baseline -0.001 -17"><span class='ocrx_word' id='word_1_51' title='bbox 353 1039 494 1097; x_wconf 88' lang='lat' dir='ltr'>creti</span> <span class='ocrx_word' id='word_1_52' title='bbox 530 1038 874 1096; x_wconf 77' lang='lat' dir='ltr'>auctoritate</span> <span class='ocrx_word' id='word_1_53' title='bbox 907 1039 1206 1096; x_wconf 90' lang='lat' dir='ltr'>sancimus</span> <span class='ocrx_word' id='word_1_54' title='bbox 1236 1045 1301 1096; x_wconf 90' lang='lat' dir='ltr'>ut</span> <span class='ocrx_word' id='word_1_55' title='bbox 1354 1045 1476 1097; x_wconf 88' lang='lat' dir='ltr'>tam</span> <span class='ocrx_word' id='word_1_56' title='bbox 1508 1043 1812 1114; x_wconf 81' lang='lat' dir='ltr'>prafatum</span> <span class='ocrx_word' id='word_1_57' title='bbox 1851 1058 1998 1114; x_wconf 83' lang='lat' dir='ltr'>pra-</span> 
     </span>
    </p>
   </div>
   <div class='ocr_carea' id='block_1_11' title="bbox 359 1127 2000 1202">
    <p class='ocr_par' dir='ltr' id='par_1_11' title="bbox 359 1127 2000 1202">
     <span class='ocr_line' id='line_1_11' title="bbox 359 1127 2000 1202; baseline 0 -18"><span class='ocrx_word' id='word_1_58' title='bbox 359 1127 524 1185; x_wconf 92' lang='lat' dir='ltr'>dium</span> <span class='ocrx_word' id='word_1_59' title='bbox 572 1144 752 1201; x_wconf 89' lang='lat' dir='ltr'>quam</span> <span class='ocrx_word' id='word_1_60' title='bbox 781 1131 988 1184; x_wconf 87' lang='lat' dir='ltr'>catera</span> <span class='ocrx_word' id='word_1_61' title='bbox 1025 1129 1244 1196; x_wconf 85' lang='lat' dir='ltr'>omnia,</span> <span class='ocrx_word' id='word_1_62' title='bbox 1277 1147 1404 1202; x_wconf 88' lang='lat' dir='ltr'>qua</span> <span class='ocrx_word' id='word_1_63' title='bbox 1455 1131 1755 1187; x_wconf 90' lang='lat' dir='ltr'>comitissa</span> <span class='ocrx_word' id='word_1_64' title='bbox 1797 1130 2000 1185; x_wconf 90' lang='lat' dir='ltr'>eadem</span> 
     </span>
    </p>
   </div>
   <div class='ocr_carea' id='block_1_12' title="bbox 360 1216 1999 1291">
    <p class='ocr_par' dir='ltr' id='par_1_12' title="bbox 360 1216 1999 1291">
     <span class='ocr_line' id='line_1_12' title="bbox 360 1216 1999 1291; baseline -0.001 -17"><span class='ocrx_word' id='word_1_65' title='bbox 360 1217 536 1274; x_wconf 90' lang='lat' dir='ltr'>Beato</span> <span class='ocrx_word' id='word_1_66' title='bbox 566 1216 758 1274; x_wconf 83' lang='lat' dir='ltr'>Blasio</span> <span class='ocrx_word' id='word_1_67' title='bbox 788 1216 1016 1286; x_wconf 87' lang='lat' dir='ltr'>obtulit,</span> <span class='ocrx_word' id='word_1_68' title='bbox 1049 1218 1278 1291; x_wconf 87' lang='lat' dir='ltr'>integra</span> <span class='ocrx_word' id='word_1_69' title='bbox 1294 1235 1526 1291; x_wconf 84' lang='lat' dir='ltr'><strong>semper</strong></span> <span class='ocrx_word' id='word_1_70' title='bbox 1541 1223 1596 1276; x_wconf 91' lang='lat' dir='ltr'>et</span> <span class='ocrx_word' id='word_1_71' title='bbox 1619 1218 1856 1274; x_wconf 88' lang='lat' dir='ltr'>illabata</span> <span class='ocrx_word' id='word_1_72' title='bbox 1873 1235 1999 1290; x_wconf 91' lang='lat' dir='ltr'>per-</span> 
     </span>
    </p>
   </div>
   <div class='ocr_carea' id='block_1_13' title="bbox 361 1304 2003 1378">
    <p class='ocr_par' dir='ltr' id='par_1_13' title="bbox 361 1304 2003 1378">
     <span class='ocr_line' id='line_1_13' title="bbox 361 1304 2003 1378; baseline -0.001 -15"><span class='ocrx_word' id='word_1_73' title='bbox 361 1309 638 1364; x_wconf 85' lang='lat' dir='ltr'><strong>maneant</strong></span> <span class='ocrx_word' id='word_1_74' title='bbox 667 1321 964 1363; x_wconf 89' lang='lat' dir='ltr'>servorum</span> <span class='ocrx_word' id='word_1_75' title='bbox 997 1306 1119 1377; x_wconf 85' lang='lat' dir='ltr'>Dei,</span> <span class='ocrx_word' id='word_1_76' title='bbox 1148 1323 1251 1378; x_wconf 89' lang='lat' dir='ltr'>pro</span> <span class='ocrx_word' id='word_1_77' title='bbox 1281 1323 1531 1378; x_wconf 89' lang='lat' dir='ltr'>quorum</span> <span class='ocrx_word' id='word_1_78' title='bbox 1575 1304 2003 1362; x_wconf 88' lang='lat' dir='ltr'>sustentatione</span> 
     </span>
    </p>
   </div>
   <div class='ocr_carea' id='block_1_14' title="bbox 359 1393 2002 1472">
    <p class='ocr_par' dir='ltr' id='par_1_14' title="bbox 359 1393 2002 1472">
     <span class='ocr_line' id='line_1_14' title="bbox 359 1393 2002 1472; baseline -0.002 -20"><span class='ocrx_word' id='word_1_79' title='bbox 359 1412 426 1452; x_wconf 90' lang='lat' dir='ltr'>ac</span> <span class='ocrx_word' id='word_1_80' title='bbox 443 1393 879 1472; x_wconf 85' lang='lat' dir='ltr'>gubernatione</span> <span class='ocrx_word' id='word_1_81' title='bbox 909 1411 1187 1450; x_wconf 88' lang='lat' dir='ltr'>concessa</span> <span class='ocrx_word' id='word_1_82' title='bbox 1215 1398 1378 1462; x_wconf 87' lang='lat' dir='ltr'>sunt,</span> <span class='ocrx_word' id='word_1_83' title='bbox 1411 1393 1619 1450; x_wconf 87' lang='lat' dir='ltr'>usibus</span> <span class='ocrx_word' id='word_1_84' title='bbox 1649 1393 2002 1450; x_wconf 88' lang='lat' dir='ltr'>omnimodis</span> 
     </span>
    </p>
   </div>
   <div class='ocr_carea' id='block_1_15' title="bbox 357 1481 2003 1558">
    <p class='ocr_par' dir='ltr' id='par_1_15' title="bbox 357 1481 2003 1558">
     <span class='ocr_line' id='line_1_15' title="bbox 357 1481 2003 1558; baseline -0.002 -18"><span class='ocrx_word' id='word_1_85' title='bbox 357 1484 682 1558; x_wconf 83' lang='lat' dir='ltr'>profutura.</span> <span class='ocrx_word' id='word_1_86' title='bbox 715 1481 870 1538; x_wconf 89' lang='lat' dir='ltr'>Nulli</span> <span class='ocrx_word' id='word_1_87' title='bbox 901 1483 1140 1538; x_wconf 91' lang='lat' dir='ltr'><strong>omnino</strong></span> <span class='ocrx_word' id='word_1_88' title='bbox 1193 1482 1500 1538; x_wconf 89' lang='lat' dir='ltr'><strong>hominum</strong></span> <span class='ocrx_word' id='word_1_89' title='bbox 1543 1482 1715 1539; x_wconf 89' lang='lat' dir='ltr'>liceat</span> <span class='ocrx_word' id='word_1_90' title='bbox 1767 1483 2003 1556; x_wconf 83' lang='lat' dir='ltr'>prafato</span> 
     </span>
    </p>
   </div>
   <div class='ocr_carea' id='block_1_16' title="bbox 358 1571 2006 1645">
    <p class='ocr_par' dir='ltr' id='par_1_16' title="bbox 358 1571 2006 1645">
     <span class='ocr_line' id='line_1_16' title="bbox 358 1571 2006 1645; baseline -0.002 -16"><span class='ocrx_word' id='word_1_91' title='bbox 358 1571 711 1630; x_wconf 91' lang='lat' dir='ltr'>monasterio</span> <span class='ocrx_word' id='word_1_92' title='bbox 742 1571 844 1628; x_wconf 90' lang='lat' dir='ltr'>illa</span> <span class='ocrx_word' id='word_1_93' title='bbox 890 1572 1234 1628; x_wconf 81' lang='lat' dir='ltr'>subtrahere</span> <span class='ocrx_word' id='word_1_94' title='bbox 1269 1571 1358 1628; x_wconf 90' lang='lat' dir='ltr'>vel</span> <span class='ocrx_word' id='word_1_95' title='bbox 1393 1571 1676 1641; x_wconf 88' lang='lat' dir='ltr'>minuere,</span> <span class='ocrx_word' id='word_1_96' title='bbox 1717 1571 1806 1629; x_wconf 89' lang='lat' dir='ltr'>vel</span> <span class='ocrx_word' id='word_1_97' title='bbox 1836 1571 2006 1645; x_wconf 91' lang='lat' dir='ltr'>quasi</span> 
     </span>
    </p>
   </div>
   <div class='ocr_carea' id='block_1_17' title="bbox 355 1659 2003 1736">
    <p class='ocr_par' dir='ltr' id='par_1_17' title="bbox 355 1659 2003 1736">
     <span class='ocr_line' id='line_1_17' title="bbox 355 1659 2003 1736; baseline -0.002 -18"><span class='ocrx_word' id='word_1_98' title='bbox 355 1661 472 1736; x_wconf 90' lang='lat' dir='ltr'>piis</span> <span class='ocrx_word' id='word_1_99' title='bbox 501 1661 573 1718; x_wconf 89' lang='lat' dir='ltr'>de</span> <span class='ocrx_word' id='word_1_100' title='bbox 595 1661 791 1718; x_wconf 87' lang='lat' dir='ltr'>causis</span> <span class='ocrx_word' id='word_1_101' title='bbox 821 1661 944 1718; x_wconf 90' lang='lat' dir='ltr'>suis</span> <span class='ocrx_word' id='word_1_102' title='bbox 974 1659 1182 1716; x_wconf 89' lang='lat' dir='ltr'>usibus</span> <span class='ocrx_word' id='word_1_103' title='bbox 1227 1659 1538 1732; x_wconf 88' lang='lat' dir='ltr'>applicare.</span> <span class='ocrx_word' id='word_1_104' title='bbox 1585 1660 1641 1716; x_wconf 91' lang='lat' dir='ltr'>Si</span> <span class='ocrx_word' id='word_1_105' title='bbox 1689 1661 1822 1733; x_wconf 88' lang='lat' dir='ltr'>quis</span> <span class='ocrx_word' id='word_1_106' title='bbox 1850 1677 2003 1728; x_wconf 90' lang='lat' dir='ltr'>vero,</span> 
     </span>
    </p>
   </div>
   <div class='ocr_carea' id='block_1_18' title="bbox 359 1749 2006 1824">
    <p class='ocr_par' dir='ltr' id='par_1_18' title="bbox 359 1749 2006 1824">
     <span class='ocr_line' id='line_1_18' title="bbox 359 1749 2006 1824; baseline -0.001 -18"><span class='ocrx_word' id='word_1_107' title='bbox 359 1750 515 1824; x_wconf 88' lang='lat' dir='ltr'>quod</span> <span class='ocrx_word' id='word_1_108' title='bbox 545 1749 862 1818; x_wconf 89' lang='lat' dir='ltr'>absit,huic</span> <span class='ocrx_word' id='word_1_109' title='bbox 894 1753 1092 1805; x_wconf 90' lang='lat' dir='ltr'>nostro</span> <span class='ocrx_word' id='word_1_110' title='bbox 1121 1749 1350 1805; x_wconf 90' lang='lat' dir='ltr'>decreto</span> <span class='ocrx_word' id='word_1_111' title='bbox 1382 1750 1442 1804; x_wconf 89' lang='lat' dir='ltr'>in</span> <span class='ocrx_word' id='word_1_112' title='bbox 1472 1753 1818 1821; x_wconf 89' lang='lat' dir='ltr'>perpetuum</span> <span class='ocrx_word' id='word_1_113' title='bbox 1842 1766 2006 1804; x_wconf 90' lang='lat' dir='ltr'>man-</span> 
     </span>
    </p>
   </div>
   <div class='ocr_carea' id='block_1_19' title="bbox 360 1837 2010 1907">
    <p class='ocr_par' dir='ltr' id='par_1_19' title="bbox 360 1837 2010 1907">
     <span class='ocr_line' id='line_1_19' title="bbox 360 1837 2010 1907; baseline -0.002 -10"><span class='ocrx_word' id='word_1_114' title='bbox 360 1856 498 1897; x_wconf 88' lang='lat' dir='ltr'>suro</span> <span class='ocrx_word' id='word_1_115' title='bbox 528 1837 814 1896; x_wconf 85' lang='lat' dir='ltr'>contraire</span> <span class='ocrx_word' id='word_1_116' title='bbox 862 1837 1189 1906; x_wconf 89' lang='lat' dir='ltr'>tentaverit,</span> <span class='ocrx_word' id='word_1_117' title='bbox 1244 1841 1612 1894; x_wconf 79' lang='lat' dir='ltr'>anathemate</span> <span class='ocrx_word' id='word_1_118' title='bbox 1659 1837 1923 1907; x_wconf 83' lang='lat' dir='ltr'>feriatur,</span> <span class='ocrx_word' id='word_1_119' title='bbox 1953 1841 2010 1894; x_wconf 93' lang='lat' dir='ltr'>et</span> 
     </span>
    </p>
   </div>
   <div class='ocr_carea' id='block_1_20' title="bbox 359 1925 2010 2000">
    <p class='ocr_par' dir='ltr' id='par_1_20' title="bbox 359 1925 2010 2000">
     <span class='ocr_line' id='line_1_20' title="bbox 359 1925 2010 2000; baseline -0.002 -16"><span class='ocrx_word' id='word_1_120' title='bbox 359 1927 602 1984; x_wconf 88' lang='lat' dir='ltr'><strong>honoris</strong></span> <span class='ocrx_word' id='word_1_121' title='bbox 632 1930 808 2000; x_wconf 90' lang='lat' dir='ltr'>atque</span> <span class='ocrx_word' id='word_1_122' title='bbox 835 1925 1010 1982; x_wconf 83' lang='lat' dir='ltr'>ofﬁcii</span> <span class='ocrx_word' id='word_1_123' title='bbox 1059 1925 1151 1982; x_wconf 90' lang='lat' dir='ltr'>sui</span> <span class='ocrx_word' id='word_1_124' title='bbox 1196 1925 1521 1998; x_wconf 89' lang='lat' dir='ltr'>periculum</span> <span class='ocrx_word' id='word_1_125' title='bbox 1570 1925 1846 1998; x_wconf 89' lang='lat' dir='ltr'>patiatur,</span> <span class='ocrx_word' id='word_1_126' title='bbox 1897 1925 2010 1982; x_wconf 88' lang='lat' dir='ltr'>nisi</span> 
     </span>
    </p>
   </div>
   <div class='ocr_carea' id='block_1_21' title="bbox 363 2014 2009 2092">
    <p class='ocr_par' dir='ltr' id='par_1_21' title="bbox 363 2014 2009 2092">
     <span class='ocr_line' id='line_1_21' title="bbox 363 2014 2009 2092; baseline -0.002 -17"><span class='ocrx_word' id='word_1_127' title='bbox 363 2015 882 2092; x_wconf 87' lang='lat' dir='ltr'>prasumptionem</span> <span class='ocrx_word' id='word_1_128' title='bbox 921 2031 1091 2072; x_wconf 89' lang='lat' dir='ltr'>suam</span> <span class='ocrx_word' id='word_1_129' title='bbox 1123 2015 1300 2088; x_wconf 91' lang='lat' dir='ltr'>digna</span> <span class='ocrx_word' id='word_1_130' title='bbox 1326 2014 1720 2072; x_wconf 84' lang='lat' dir='ltr'>satisfactione</span> <span class='ocrx_word' id='word_1_131' title='bbox 1750 2031 2009 2072; x_wconf 82' lang='lat' dir='ltr'>correxe-</span> 
     </span>
    </p>
   </div>
   <div class='ocr_carea' id='block_1_22' title="bbox 365 2102 2012 2176">
    <p class='ocr_par' dir='ltr' id='par_1_22' title="bbox 365 2102 2012 2176">
     <span class='ocr_line' id='line_1_22' title="bbox 365 2102 2012 2176; baseline -0.001 -14"><span class='ocrx_word' id='word_1_132' title='bbox 365 2106 461 2162; x_wconf 89' lang='lat' dir='ltr'>rit.</span> <span class='ocrx_word' id='word_1_133' title='bbox 511 2103 970 2162; x_wconf 91' lang='lat' dir='ltr'>Observantibus</span> <span class='ocrx_word' id='word_1_134' title='bbox 1020 2107 1216 2160; x_wconf 89' lang='lat' dir='ltr'>autem</span> <span class='ocrx_word' id='word_1_135' title='bbox 1255 2102 1380 2159; x_wconf 86' lang='lat' dir='ltr'>hac</span> <span class='ocrx_word' id='word_1_136' title='bbox 1422 2120 1535 2176; x_wconf 83' lang='lat' dir='ltr'>pax</span> <span class='ocrx_word' id='word_1_137' title='bbox 1583 2120 1617 2159; x_wconf 91' lang='lat' dir='ltr'>a</span> <span class='ocrx_word' id='word_1_138' title='bbox 1664 2103 1911 2160; x_wconf 92' lang='lat' dir='ltr'>Domino</span> <span class='ocrx_word' id='word_1_139' title='bbox 1955 2105 2012 2160; x_wconf 87' lang='lat' dir='ltr'>et</span> 
     </span>
    </p>
   </div>
   <div class='ocr_carea' id='block_1_23' title="bbox 365 2191 1782 2266">
    <p class='ocr_par' dir='ltr' id='par_1_23' title="bbox 365 2191 1782 2266">
     <span class='ocr_line' id='line_1_23' title="bbox 365 2191 1782 2266; baseline -0.003 -14"><span class='ocrx_word' id='word_1_140' title='bbox 365 2193 770 2252; x_wconf 87' lang='lat' dir='ltr'>misericordia</span> <span class='ocrx_word' id='word_1_141' title='bbox 796 2191 1128 2266; x_wconf 86' lang='lat' dir='ltr'>perenniter</span> <span class='ocrx_word' id='word_1_142' title='bbox 1156 2195 1545 2248; x_wconf 85' lang='lat' dir='ltr'>conservetur.</span> <span class='ocrx_word' id='word_1_143' title='bbox 1577 2194 1782 2248; x_wconf 88' lang='lat' dir='ltr'>Amen.</span> 
     </span>
    </p>
   </div>
   <div class='ocr_carea' id='block_1_24' title="bbox 437 2280 2013 2354">
    <p class='ocr_par' dir='ltr' id='par_1_24' title="bbox 437 2280 2013 2354">
     <span class='ocr_line' id='line_1_24' title="bbox 437 2280 2013 2354; baseline -0.003 -13"><span class='ocrx_word' id='word_1_144' title='bbox 437 2283 585 2341; x_wconf 90' lang='lat' dir='ltr'>Data</span> <span class='ocrx_word' id='word_1_145' title='bbox 613 2283 808 2340; x_wconf 84' lang='lat' dir='ltr'>Roma</span> <span class='ocrx_word' id='word_1_146' title='bbox 838 2299 938 2338; x_wconf 85' lang='lat' dir='ltr'>vm</span> <span class='ocrx_word' id='word_1_147' title='bbox 961 2282 1100 2340; x_wconf 92' lang='lat' dir='ltr'>Idus</span> <span class='ocrx_word' id='word_1_148' title='bbox 1125 2281 1444 2350; x_wconf 88' lang='lat' dir='ltr'>Februarii,</span> <span class='ocrx_word' id='word_1_149' title='bbox 1469 2280 1785 2338; x_wconf 90' lang='lat' dir='ltr'>indictione</span> <span class='ocrx_word' id='word_1_150' title='bbox 1805 2299 1888 2350; x_wconf 82' lang='lat' dir='ltr'>in,</span> <span class='ocrx_word' id='word_1_151' title='bbox 1910 2297 2013 2354; x_wconf 89' lang='lat' dir='ltr'>per</span> 
     </span>
    </p>
   </div>
   <div class='ocr_carea' id='block_1_25' title="bbox 365 2369 2012 2431">
    <p class='ocr_par' dir='ltr' id='par_1_25' title="bbox 365 2369 2012 2431">
     <span class='ocr_line' id='line_1_25' title="bbox 365 2369 2012 2431; baseline -0.004 0"><span class='ocrx_word' id='word_1_152' title='bbox 365 2389 609 2431; x_wconf 88' lang='lat' dir='ltr'>manum</span> <span class='ocrx_word' id='word_1_153' title='bbox 637 2371 880 2430; x_wconf 85' lang='lat' dir='ltr'>Joannis</span> <span class='ocrx_word' id='word_1_154' title='bbox 912 2374 1126 2428; x_wconf 86' lang='lat' dir='ltr'>sancta</span> <span class='ocrx_word' id='word_1_155' title='bbox 1157 2369 1428 2426; x_wconf 83' lang='lat' dir='ltr'>Romana</span> <span class='ocrx_word' id='word_1_156' title='bbox 1472 2369 1739 2426; x_wconf 80' lang='lat' dir='ltr'>Ecclesia</span> <span class='ocrx_word' id='word_1_157' title='bbox 1782 2371 2012 2427; x_wconf 90' lang='lat' dir='ltr'>diaconi</span> 
     </span>
    </p>
   </div>
   <div class='ocr_carea' id='block_1_26' title="bbox 365 2459 2011 2534">
    <p class='ocr_par' dir='ltr' id='par_1_26' title="bbox 365 2459 2011 2534">
     <span class='ocr_line' id='line_1_26' title="bbox 365 2459 2011 2534; baseline -0.002 -15"><span class='ocrx_word' id='word_1_158' title='bbox 365 2461 698 2532; x_wconf 89' lang='lat' dir='ltr'>cardinalis,</span> <span class='ocrx_word' id='word_1_159' title='bbox 725 2477 878 2518; x_wconf 89' lang='lat' dir='ltr'>anno</span> <span class='ocrx_word' id='word_1_160' title='bbox 908 2459 1222 2517; x_wconf 84' lang='lat' dir='ltr'>Dominica</span> <span class='ocrx_word' id='word_1_161' title='bbox 1249 2459 1670 2516; x_wconf 89' lang='lat' dir='ltr'>Incarnationis</span> <span class='ocrx_word' id='word_1_162' title='bbox 1701 2459 2011 2534; x_wconf 79' lang='lat' dir='ltr'>lO93,p_on-</span> 
     </span>
    </p>
   </div>
   <div class='ocr_carea' id='block_1_27' title="bbox 364 2548 1922 2622">
    <p class='ocr_par' dir='ltr' id='par_1_27' title="bbox 364 2548 1922 2622">
     <span class='ocr_line' id='line_1_27' title="bbox 364 2548 1922 2622; baseline -0.003 -13"><span class='ocrx_word' id='word_1_163' title='bbox 364 2553 620 2610; x_wconf 84' lang='lat' dir='ltr'>tiﬁcatus</span> <span class='ocrx_word' id='word_1_164' title='bbox 640 2567 774 2608; x_wconf 89' lang='lat' dir='ltr'>vero</span> <span class='ocrx_word' id='word_1_165' title='bbox 806 2548 1004 2607; x_wconf 90' lang='lat' dir='ltr'>domni</span> <span class='ocrx_word' id='word_1_166' title='bbox 1035 2549 1253 2606; x_wconf 87' lang='lat' dir='ltr'>Urbani</span> <span class='ocrx_word' id='word_1_167' title='bbox 1283 2548 1330 2604; x_wconf 94' lang='lat' dir='ltr'>II</span> <span class='ocrx_word' id='word_1_168' title='bbox 1360 2565 1524 2622; x_wconf 87' lang='lat' dir='ltr'>papa</span> <span class='ocrx_word' id='word_1_169' title='bbox 1557 2564 1708 2604; x_wconf 91' lang='lat' dir='ltr'>anno</span> <span class='ocrx_word' id='word_1_170' title='bbox 1741 2553 1922 2604; x_wconf 83' lang='lat' dir='ltr'>sexto.</span> 
     </span>
    </p>
   </div>
   <div class='ocr_carea' id='block_1_28' title="bbox 1161 2655 1222 2712">
    <p class='ocr_par' dir='ltr' id='par_1_28' title="bbox 1161 2655 1222 2712">
     <span class='ocr_line' id='line_1_28' title="bbox 1161 2655 1222 2712; baseline -0.049 0"><span class='ocrx_word' id='word_1_171' title='bbox 1161 2655 1222 2712; x_wconf 78' lang='grc' dir='ltr'>Ο.</span> 
     </span>
    </p>
   </div>
   <div class='ocr_carea' id='block_1_29' title="bbox 372 2743 2015 2820">
    <p class='ocr_par' dir='ltr' id='par_1_29' title="bbox 372 2743 2015 2820">
     <span class='ocr_line' id='line_1_29' title="bbox 372 2743 2015 2820; baseline -0.006 -12"><span class='ocrx_word' id='word_1_172' title='bbox 372 2749 578 2809; x_wconf 79' lang='lat' dir='ltr'>Urbani</span> <span class='ocrx_word' id='word_1_173' title='bbox 603 2747 910 2820; x_wconf 75' lang='lat' dir='ltr'>&quot;epistola</span> <span class='ocrx_word' id='word_1_174' title='bbox 939 2745 1008 2800; x_wconf 80' lang='lat' dir='ltr'>ad</span> <span class='ocrx_word' id='word_1_175' title='bbox 1053 2745 1296 2820; x_wconf 56' lang='lat' dir='ltr'>Saaones</span> <span class='ocrx_word' id='word_1_176' title='bbox 1345 2743 1656 2798; x_wconf 85' lang='lat' dir='ltr'>catholicos.</span> <span class='ocrx_word' id='word_1_177' title='bbox 1689 2771 1759 2784; x_wconf 86' lang='lat'>-—</span> <span class='ocrx_word' id='word_1_178' title='bbox 1785 2743 2015 2820; x_wconf 76' lang='lat' dir='ltr'>Nuntiat</span> 
     </span>
    </p>
   </div>
   <div class='ocr_carea' id='block_1_30' title="bbox 447 2815 2014 2886">
    <p class='ocr_par' dir='ltr' id='par_1_30' title="bbox 447 2815 2014 2886">
     <span class='ocr_line' id='line_1_30' title="bbox 447 2815 2014 2886; baseline -0.003 -9"><span class='ocrx_word' id='word_1_179' title='bbox 447 2836 504 2877; x_wconf 86' lang='lat' dir='ltr'>se</span> <span class='ocrx_word' id='word_1_180' title='bbox 545 2815 1044 2876; x_wconf 69' lang='lat' dir='ltr'>Halberstadensem</span> <span class='ocrx_word' id='word_1_181' title='bbox 1097 2817 1325 2872; x_wconf 83' lang='lat' dir='ltr'>electum</span> <span class='ocrx_word' id='word_1_182' title='bbox 1375 2831 1729 2884; x_wconf 77' lang='lat' dir='ltr'>consecrasse,</span> <span class='ocrx_word' id='word_1_183' title='bbox 1776 2815 2014 2886; x_wconf 83' lang='lat' dir='ltr'>neglecto</span> 
     </span>
    </p>
   </div>
   <div class='ocr_carea' id='block_1_31' title="bbox 440 2887 1578 2964">
    <p class='ocr_par' dir='ltr' id='par_1_31' title="bbox 440 2887 1578 2964">
     <span class='ocr_line' id='line_1_31' title="bbox 440 2887 1578 2964; baseline -0.008 -14"><span class='ocrx_word' id='word_1_184' title='bbox 440 2894 760 2964; x_wconf 73' lang='lat' dir='ltr'>Moguntina</span> <span class='ocrx_word' id='word_1_185' title='bbox 788 2888 1206 2960; x_wconf 80' lang='lat' dir='ltr'>metropolitano</span> <span class='ocrx_word' id='word_1_186' title='bbox 1233 2889 1298 2943; x_wconf 91' lang='lat' dir='ltr'>ob</span> <span class='ocrx_word' id='word_1_187' title='bbox 1327 2887 1578 2942; x_wconf 76' lang='lat' dir='ltr'>schisma.</span> 
     </span>
    </p>
   </div>
   <div class='ocr_carea' id='block_1_32' title="bbox 993 2976 1393 3046">
    <p class='ocr_par' dir='ltr' id='par_1_32' title="bbox 993 2976 1393 3046">
     <span class='ocr_line' id='line_1_32' title="bbox 993 2976 1393 3046; baseline 0 -16"><span class='ocrx_word' id='word_1_188' title='bbox 993 2978 1180 3046; x_wconf 90' lang='lat' dir='ltr'>(Anno</span> <span class='ocrx_word' id='word_1_189' title='bbox 1213 2976 1393 3044; x_wconf 86' lang='grc'>1094).</span> 
     </span>
    </p>
   </div>
   <div class='ocr_carea' id='block_1_33' title="bbox 789 3063 1585 3140">
    <p class='ocr_par' dir='ltr' id='par_1_33' title="bbox 789 3063 1585 3140">
     <span class='ocr_line' id='line_1_33' title="bbox 789 3063 1585 3140; baseline -0.006 -17"><span class='ocrx_word' id='word_1_190' title='bbox 789 3067 1020 3140; x_wconf 56' lang='lat' dir='ltr'>[Manen</span> <span class='ocrx_word' id='word_1_191' title='bbox 1056 3064 1258 3121; x_wconf 84' lang='lat' dir='ltr'>Concil.</span> <span class='ocrx_word' id='word_1_192' title='bbox 1291 3063 1404 3132; x_wconf 91' lang='grc' dir='ltr'>ΧΧ,</span> <span class='ocrx_word' id='word_1_193' title='bbox 1437 3064 1585 3136; x_wconf 78' lang='grc'>710].</span> 
     </span>
    </p>
   </div>
   <div class='ocr_carea' id='block_1_34' title="bbox 440 3170 2010 3247">
    <p class='ocr_par' dir='ltr' id='par_1_34' title="bbox 440 3170 2010 3247">
     <span class='ocr_line' id='line_1_34' title="bbox 440 3170 2010 3247; baseline -0.005 -13"><span class='ocrx_word' id='word_1_194' title='bbox 440 3177 718 3234; x_wconf 81' lang='lat' dir='ltr'>URBANUS</span> <span class='ocrx_word' id='word_1_195' title='bbox 742 3173 1072 3247; x_wconf 91' lang='lat' dir='ltr'>episcopus,</span> <span class='ocrx_word' id='word_1_196' title='bbox 1105 3186 1614 3228; x_wconf 89' lang='lat' dir='ltr'>servusservorum</span> <span class='ocrx_word' id='word_1_197' title='bbox 1645 3170 2010 3237; x_wconf 89' lang='lat' dir='ltr'>Dei,dilectis</span> 
     </span>
    </p>
   </div>
   <div class='ocr_carea' id='block_1_35' title="bbox 2104 595 3764 667">
    <p class='ocr_par' dir='ltr' id='par_1_35' title="bbox 2104 595 3764 667">
     <span class='ocr_line' id='line_1_35' title="bbox 2104 595 3764 667; baseline 0.001 -15"><span class='ocrx_word' id='word_1_198' title='bbox 2104 595 2489 659; x_wconf 87' lang='lat' dir='ltr'>cardinalium</span> <span class='ocrx_word' id='word_1_199' title='bbox 2521 615 2588 653; x_wconf 90' lang='lat' dir='ltr'>ac</span> <span class='ocrx_word' id='word_1_200' title='bbox 2618 599 2907 660; x_wconf 90' lang='lat' dir='ltr'>nobilium</span> <span class='ocrx_word' id='word_1_201' title='bbox 2927 599 3334 656; x_wconf 82' lang='lat' dir='ltr'>Romanorum</span> <span class='ocrx_word' id='word_1_202' title='bbox 3347 595 3764 667; x_wconf 83' lang='lat' dir='ltr'>consilio,enm</span> 
     </span>
    </p>
   </div>
   <div class='ocr_carea' id='block_1_36' title="bbox 2105 685 3765 759">
    <p class='ocr_par' dir='ltr' id='par_1_36' title="bbox 2105 685 3765 759">
     <span class='ocr_line' id='line_1_36' title="bbox 2105 685 3765 759; baseline 0.001 -19"><span class='ocrx_word' id='word_1_203' title='bbox 2105 689 2397 741; x_wconf 89' lang='lat' dir='ltr'>annuente</span> <span class='ocrx_word' id='word_1_204' title='bbox 2435 685 2681 754; x_wconf 87' lang='lat' dir='ltr'>Domino</span> <span class='ocrx_word' id='word_1_205' title='bbox 2729 686 3216 747; x_wconf 87' lang='lat' dir='ltr'>consecravimus.</span> <span class='ocrx_word' id='word_1_206' title='bbox 3249 685 3521 759; x_wconf 82' lang='lat' dir='ltr'>Oportuit</span> <span class='ocrx_word' id='word_1_207' title='bbox 3568 685 3765 758; x_wconf 87' lang='lat' dir='ltr'>siqui-</span> 
     </span>
    </p>
   </div>
   <div class='ocr_carea' id='block_1_37' title="bbox 2106 773 3764 846">
    <p class='ocr_par' dir='ltr' id='par_1_37' title="bbox 2106 773 3764 846">
     <span class='ocr_line' id='line_1_37' title="bbox 2106 773 3764 846; baseline 0.001 -18"><span class='ocrx_word' id='word_1_208' title='bbox 2106 773 2238 829; x_wconf 90' lang='lat' dir='ltr'>dem</span> <span class='ocrx_word' id='word_1_209' title='bbox 2268 789 2376 829; x_wconf 91' lang='lat' dir='ltr'>nos</span> <span class='ocrx_word' id='word_1_210' title='bbox 2407 789 2510 846; x_wconf 91' lang='lat' dir='ltr'>pro</span> <span class='ocrx_word' id='word_1_211' title='bbox 2541 773 2842 830; x_wconf 89' lang='lat' dir='ltr'>commissi</span> <span class='ocrx_word' id='word_1_212' title='bbox 2895 773 3064 831; x_wconf 91' lang='lat' dir='ltr'>nobis</span> <span class='ocrx_word' id='word_1_213' title='bbox 3093 774 3375 832; x_wconf 82' lang='lat' dir='ltr'>servitute</span> <span class='ocrx_word' id='word_1_214' title='bbox 3426 773 3604 831; x_wconf 83' lang='lat' dir='ltr'>ofﬂcii</span> <span class='ocrx_word' id='word_1_215' title='bbox 3635 778 3764 830; x_wconf 88' lang='lat' dir='ltr'>tam</span> 
     </span>
    </p>
   </div>
   <div class='ocr_carea' id='block_1_38' title="bbox 2106 862 3768 933">
    <p class='ocr_par' dir='ltr' id='par_1_38' title="bbox 2106 862 3768 933">
     <span class='ocr_line' id='line_1_38' title="bbox 2106 862 3768 933; baseline 0.001 -15"><span class='ocrx_word' id='word_1_216' title='bbox 2106 862 2396 918; x_wconf 89' lang='lat' dir='ltr'>diutinam</span> <span class='ocrx_word' id='word_1_217' title='bbox 2424 863 2688 933; x_wconf 86' lang='lat' dir='ltr'>ejusdem</span> <span class='ocrx_word' id='word_1_218' title='bbox 2720 863 2977 919; x_wconf 89' lang='lat' dir='ltr'>ecclesia</span> <span class='ocrx_word' id='word_1_219' title='bbox 3009 862 3432 923; x_wconf 86' lang='lat' dir='ltr'>desolationem</span> <span class='ocrx_word' id='word_1_220' title='bbox 3459 865 3768 920; x_wconf 87' lang='lat' dir='ltr'>attendere</span> 
     </span>
    </p>
   </div>
   <div class='ocr_carea' id='block_1_39' title="bbox 2107 951 3762 1026">
    <p class='ocr_par' dir='ltr' id='par_1_39' title="bbox 2107 951 3762 1026">
     <span class='ocr_line' id='line_1_39' title="bbox 2107 951 3762 1026; baseline 0.001 -19"><span class='ocrx_word' id='word_1_221' title='bbox 2107 954 2164 1007; x_wconf 89' lang='lat' dir='ltr'>et</span> <span class='ocrx_word' id='word_1_222' title='bbox 2192 954 2278 1006; x_wconf 90' lang='lat' dir='ltr'>tot</span> <span class='ocrx_word' id='word_1_223' title='bbox 2307 951 2636 1008; x_wconf 90' lang='lat' dir='ltr'>animarum</span> <span class='ocrx_word' id='word_1_224' title='bbox 2652 951 2826 1008; x_wconf 89' lang='lat' dir='ltr'>saluti</span> <span class='ocrx_word' id='word_1_225' title='bbox 2855 951 3137 1025; x_wconf 82' lang='lat' dir='ltr'>largiente</span> <span class='ocrx_word' id='word_1_226' title='bbox 3158 951 3404 1010; x_wconf 90' lang='lat' dir='ltr'>Domino</span> <span class='ocrx_word' id='word_1_227' title='bbox 3435 952 3762 1026; x_wconf 88' lang='lat' dir='ltr'>providere.</span> 
     </span>
    </p>
   </div>
   <div class='ocr_carea' id='block_1_40' title="bbox 2109 1039 3765 1113">
    <p class='ocr_par' dir='ltr' id='par_1_40' title="bbox 2109 1039 3765 1113">
     <span class='ocr_line' id='line_1_40' title="bbox 2109 1039 3765 1113; baseline 0.003 -19"><span class='ocrx_word' id='word_1_228' title='bbox 2109 1039 2274 1095; x_wconf 89' lang='lat' dir='ltr'>Hunc</span> <span class='ocrx_word' id='word_1_229' title='bbox 2297 1039 2493 1113; x_wconf 88' lang='lat' dir='ltr'>itaque</span> <span class='ocrx_word' id='word_1_230' title='bbox 2521 1041 2705 1098; x_wconf 91' lang='lat' dir='ltr'>nostri</span> <span class='ocrx_word' id='word_1_231' title='bbox 2735 1041 2954 1098; x_wconf 90' lang='lat' dir='ltr'>laboris</span> <span class='ocrx_word' id='word_1_232' title='bbox 2983 1040 3210 1098; x_wconf 89' lang='lat' dir='ltr'>socium</span> <span class='ocrx_word' id='word_1_233' title='bbox 3255 1058 3394 1098; x_wconf 89' lang='lat' dir='ltr'>cum</span> <span class='ocrx_word' id='word_1_234' title='bbox 3429 1040 3765 1098; x_wconf 82' lang='lat' dir='ltr'>litterarum</span> 
     </span>
    </p>
   </div>
   <div class='ocr_carea' id='block_1_41' title="bbox 2110 1129 3769 1201">
    <p class='ocr_par' dir='ltr' id='par_1_41' title="bbox 2110 1129 3769 1201">
     <span class='ocr_line' id='line_1_41' title="bbox 2110 1129 3769 1201; baseline 0.002 -18"><span class='ocrx_word' id='word_1_235' title='bbox 2110 1129 2484 1201; x_wconf 89' lang='lat' dir='ltr'>prasentium</span> <span class='ocrx_word' id='word_1_236' title='bbox 2517 1130 3023 1186; x_wconf 86' lang='lat' dir='ltr'>commendatione</span> <span class='ocrx_word' id='word_1_237' title='bbox 3041 1131 3422 1197; x_wconf 88' lang='lat' dir='ltr'>remittimus,</span> <span class='ocrx_word' id='word_1_238' title='bbox 3455 1130 3769 1187; x_wconf 84' lang='lat' dir='ltr'>obsecran-</span> 
     </span>
    </p>
   </div>
   <div class='ocr_carea' id='block_1_42' title="bbox 2112 1217 3768 1292">
    <p class='ocr_par' dir='ltr' id='par_1_42' title="bbox 2112 1217 3768 1292">
     <span class='ocr_line' id='line_1_42' title="bbox 2112 1217 3768 1292; baseline 0.002 -20"><span class='ocrx_word' id='word_1_239' title='bbox 2112 1225 2196 1273; x_wconf 84' lang='lat' dir='ltr'>tes</span> <span class='ocrx_word' id='word_1_240' title='bbox 2223 1233 2328 1290; x_wconf 90' lang='lat' dir='ltr'>pro</span> <span class='ocrx_word' id='word_1_241' title='bbox 2357 1217 2785 1291; x_wconf 89' lang='lat' dir='ltr'>Christo,atque</span> <span class='ocrx_word' id='word_1_242' title='bbox 2816 1219 3218 1292; x_wconf 87' lang='lat' dir='ltr'>pracipientes</span> <span class='ocrx_word' id='word_1_243' title='bbox 3242 1223 3309 1276; x_wconf 89' lang='lat' dir='ltr'>ut</span> <span class='ocrx_word' id='word_1_244' title='bbox 3333 1219 3406 1276; x_wconf 88' lang='lat' dir='ltr'>ad</span> <span class='ocrx_word' id='word_1_245' title='bbox 3430 1218 3768 1276; x_wconf 85' lang='lat' dir='ltr'>evellendas</span> 
     </span>
    </p>
   </div>
   <div class='ocr_carea' id='block_1_43' title="bbox 2110 1304 3770 1379">
    <p class='ocr_par' dir='ltr' id='par_1_43' title="bbox 2110 1304 3770 1379">
     <span class='ocr_line' id='line_1_43' title="bbox 2110 1304 3770 1379; baseline 0.002 -19"><span class='ocrx_word' id='word_1_246' title='bbox 2110 1304 2396 1361; x_wconf 91' lang='lat' dir='ltr'>Dominici</span> <span class='ocrx_word' id='word_1_247' title='bbox 2423 1307 2548 1379; x_wconf 87' lang='lat' dir='ltr'>agri</span> <span class='ocrx_word' id='word_1_248' title='bbox 2599 1311 2794 1364; x_wconf 90' lang='lat' dir='ltr'>sentes</span> <span class='ocrx_word' id='word_1_249' title='bbox 2835 1307 3135 1364; x_wconf 88' lang='lat' dir='ltr'><strong>communi</strong></span> <span class='ocrx_word' id='word_1_250' title='bbox 3169 1307 3410 1366; x_wconf 86' lang='lat' dir='ltr'>consilio</span> <span class='ocrx_word' id='word_1_251' title='bbox 3440 1311 3499 1365; x_wconf 86' lang='lat' dir='ltr'>et</span> <span class='ocrx_word' id='word_1_252' title='bbox 3545 1307 3770 1364; x_wconf 85' lang='lat' dir='ltr'>auxilio</span> 
     </span>
    </p>
   </div>
   <div class='ocr_carea' id='block_1_44' title="bbox 2109 1393 3772 1465">
    <p class='ocr_par' dir='ltr' id='par_1_44' title="bbox 2109 1393 3772 1465">
     <span class='ocr_line' id='line_1_44' title="bbox 2109 1393 3772 1465; baseline 0.002 -16"><span class='ocrx_word' id='word_1_253' title='bbox 2109 1393 2477 1451; x_wconf 90' lang='lat' dir='ltr'>insudemus.</span> <span class='ocrx_word' id='word_1_254' title='bbox 2511 1395 2682 1452; x_wconf 89' lang='lat' dir='ltr'>Nulla</span> <span class='ocrx_word' id='word_1_255' title='bbox 2726 1413 2828 1453; x_wconf 92' lang='lat' dir='ltr'>vos</span> <span class='ocrx_word' id='word_1_256' title='bbox 2859 1396 3256 1454; x_wconf 82' lang='lat' dir='ltr'>dissimulatio</span> <span class='ocrx_word' id='word_1_257' title='bbox 3288 1395 3566 1465; x_wconf 86' lang='lat' dir='ltr'>retrahat,</span> <span class='ocrx_word' id='word_1_258' title='bbox 3599 1395 3772 1452; x_wconf 88' lang='lat' dir='ltr'>nulla</span> 
     </span>
    </p>
   </div>
   <div class='ocr_carea' id='block_1_45' title="bbox 2111 1481 3768 1557">
    <p class='ocr_par' dir='ltr' id='par_1_45' title="bbox 2111 1481 3768 1557">
     <span class='ocr_line' id='line_1_45' title="bbox 2111 1481 3768 1557; baseline 0.001 -19"><span class='ocrx_word' id='word_1_259' title='bbox 2111 1482 2391 1556; x_wconf 86' lang='lat' dir='ltr'>segnities</span> <span class='ocrx_word' id='word_1_260' title='bbox 2409 1481 2712 1555; x_wconf 88' lang='lat' dir='ltr'>impediat,</span> <span class='ocrx_word' id='word_1_261' title='bbox 2746 1483 2888 1556; x_wconf 90' lang='lat' dir='ltr'>quin</span> <span class='ocrx_word' id='word_1_262' title='bbox 2927 1483 3124 1556; x_wconf 89' lang='lat' dir='ltr'>ipsum</span> <span class='ocrx_word' id='word_1_263' title='bbox 3176 1485 3248 1540; x_wconf 90' lang='lat' dir='ltr'>ad</span> <span class='ocrx_word' id='word_1_264' title='bbox 3297 1485 3768 1557; x_wconf 79' lang='lat' dir='ltr'>recuperandam</span> 
     </span>
    </p>
   </div>
   <div class='ocr_carea' id='block_1_46' title="bbox 2112 1571 3769 1644">
    <p class='ocr_par' dir='ltr' id='par_1_46' title="bbox 2112 1571 3769 1644">
     <span class='ocr_line' id='line_1_46' title="bbox 2112 1571 3769 1644; baseline 0.002 -18"><span class='ocrx_word' id='word_1_265' title='bbox 2112 1571 2366 1628; x_wconf 87' lang='lat' dir='ltr'>ecclesia</span> <span class='ocrx_word' id='word_1_266' title='bbox 2399 1589 2516 1628; x_wconf 85' lang='lat' dir='ltr'>sua</span> <span class='ocrx_word' id='word_1_267' title='bbox 2543 1572 2742 1629; x_wconf 90' lang='lat' dir='ltr'>sedem</span> <span class='ocrx_word' id='word_1_268' title='bbox 2787 1573 3030 1630; x_wconf 84' lang='lat' dir='ltr'>viriliter</span> <span class='ocrx_word' id='word_1_269' title='bbox 3079 1574 3388 1644; x_wconf 85' lang='lat' dir='ltr'>adjuvetis,</span> <span class='ocrx_word' id='word_1_270' title='bbox 3417 1579 3475 1630; x_wconf 89' lang='lat' dir='ltr'>et</span> <span class='ocrx_word' id='word_1_271' title='bbox 3501 1573 3556 1630; x_wconf 91' lang='lat' dir='ltr'>ei</span> <span class='ocrx_word' id='word_1_272' title='bbox 3587 1572 3769 1631; x_wconf 87' lang='lat' dir='ltr'>resis-</span> 
     </span>
    </p>
   </div>
   <div class='ocr_carea' id='block_1_47' title="bbox 2112 1659 3773 1734">
    <p class='ocr_par' dir='ltr' id='par_1_47' title="bbox 2112 1659 3773 1734">
     <span class='ocr_line' id='line_1_47' title="bbox 2112 1659 3773 1734; baseline 0.002 -19"><span class='ocrx_word' id='word_1_273' title='bbox 2112 1663 2301 1716; x_wconf 89' lang='lat' dir='ltr'>tentes</span> <span class='ocrx_word' id='word_1_274' title='bbox 2347 1664 2470 1716; x_wconf 92' lang='lat' dir='ltr'>tam</span> <span class='ocrx_word' id='word_1_275' title='bbox 2517 1659 2755 1717; x_wconf 88' lang='lat' dir='ltr'>clericos</span> <span class='ocrx_word' id='word_1_276' title='bbox 2803 1677 2980 1734; x_wconf 91' lang='lat' dir='ltr'>quam</span> <span class='ocrx_word' id='word_1_277' title='bbox 3033 1659 3214 1718; x_wconf 89' lang='lat' dir='ltr'>laicos</span> <span class='ocrx_word' id='word_1_278' title='bbox 3261 1660 3538 1734; x_wconf 85' lang='lat' dir='ltr'>potentia.</span> <span class='ocrx_word' id='word_1_279' title='bbox 3571 1665 3773 1719; x_wconf 80' lang='lat' dir='ltr'>vestra</span> 
     </span>
    </p>
   </div>
   <div class='ocr_carea' id='block_1_48' title="bbox 2115 1749 3776 1823">
    <p class='ocr_par' dir='ltr' id='par_1_48' title="bbox 2115 1749 3776 1823">
     <span class='ocr_line' id='line_1_48' title="bbox 2115 1749 3776 1823; baseline 0.001 -19"><span class='ocrx_word' id='word_1_280' title='bbox 2115 1764 2377 1804; x_wconf 89' lang='lat' dir='ltr'>coercere</span> <span class='ocrx_word' id='word_1_281' title='bbox 2407 1749 2819 1806; x_wconf 86' lang='lat' dir='ltr'>curetis.Illum</span> <span class='ocrx_word' id='word_1_282' title='bbox 2844 1749 3123 1806; x_wconf 90' lang='lat' dir='ltr'>nimirum</span> <span class='ocrx_word' id='word_1_283' title='bbox 3143 1750 3243 1823; x_wconf 90' lang='lat' dir='ltr'>qui</span> <span class='ocrx_word' id='word_1_284' title='bbox 3261 1750 3399 1808; x_wconf 89' lang='lat' dir='ltr'>sein</span> <span class='ocrx_word' id='word_1_285' title='bbox 3430 1750 3776 1808; x_wconf 80' lang='lat' dir='ltr'>Halbersta-</span> 
     </span>
    </p>
   </div>
   <div class='ocr_carea' id='block_1_49' title="bbox 2117 1836 3769 1912">
    <p class='ocr_par' dir='ltr' id='par_1_49' title="bbox 2117 1836 3769 1912">
     <span class='ocr_line' id='line_1_49' title="bbox 2117 1836 3769 1912; baseline 0.002 -19"><span class='ocrx_word' id='word_1_286' title='bbox 2117 1837 2355 1894; x_wconf 91' lang='lat' dir='ltr'>densem</span> <span class='ocrx_word' id='word_1_287' title='bbox 2388 1836 2705 1894; x_wconf 90' lang='lat' dir='ltr'>Ecclesiam</span> <span class='ocrx_word' id='word_1_288' title='bbox 2717 1843 2850 1912; x_wconf 90' lang='lat' dir='ltr'>post</span> <span class='ocrx_word' id='word_1_289' title='bbox 2861 1838 3200 1895; x_wconf 90' lang='lat' dir='ltr'>canonicam</span> <span class='ocrx_word' id='word_1_290' title='bbox 3214 1839 3394 1910; x_wconf 82' lang='lat' dir='ltr'><strong>hujus</strong></span> <span class='ocrx_word' id='word_1_291' title='bbox 3422 1839 3769 1897; x_wconf 85' lang='lat' dir='ltr'>electionem</span> 
     </span>
    </p>
   </div>
   <div class='ocr_carea' id='block_1_50' title="bbox 2122 1926 3769 2000">
    <p class='ocr_par' dir='ltr' id='par_1_50' title="bbox 2122 1926 3769 2000">
     <span class='ocr_line' id='line_1_50' title="bbox 2122 1926 3769 2000; baseline 0.002 -20"><span class='ocrx_word' id='word_1_292' title='bbox 2122 1929 2588 1999; x_wconf 87' lang='lat' dir='ltr'>prasumptuose</span> <span class='ocrx_word' id='word_1_293' title='bbox 2637 1932 2695 1983; x_wconf 91' lang='lat' dir='ltr'>et</span> <span class='ocrx_word' id='word_1_294' title='bbox 2736 1927 3118 1985; x_wconf 86' lang='lat' dir='ltr'>irreverenter</span> <span class='ocrx_word' id='word_1_295' title='bbox 3157 1926 3426 2000; x_wconf 84' lang='lat' dir='ltr'>ingessit,</span> <span class='ocrx_word' id='word_1_296' title='bbox 3475 1945 3584 1985; x_wconf 90' lang='lat' dir='ltr'>nos</span> <span class='ocrx_word' id='word_1_297' title='bbox 3627 1944 3769 1986; x_wconf 84' lang='lat' dir='ltr'>eum</span> 
     </span>
    </p>
   </div>
   <div class='ocr_carea' id='block_1_51' title="bbox 2119 2015 3772 2088">
    <p class='ocr_par' dir='ltr' id='par_1_51' title="bbox 2119 2015 3772 2088">
     <span class='ocr_line' id='line_1_51' title="bbox 2119 2015 3772 2088; baseline 0.002 -18"><span class='ocrx_word' id='word_1_298' title='bbox 2119 2031 2224 2088; x_wconf 92' lang='lat' dir='ltr'>pro</span> <span class='ocrx_word' id='word_1_299' title='bbox 2255 2031 2514 2088; x_wconf 90' lang='lat' dir='ltr'>persona</span> <span class='ocrx_word' id='word_1_300' title='bbox 2543 2015 3010 2084; x_wconf 89' lang='lat' dir='ltr'>inutilitate,tum</span> <span class='ocrx_word' id='word_1_301' title='bbox 3044 2015 3314 2074; x_wconf 86' lang='lat' dir='ltr'>Ecclesia</span> <span class='ocrx_word' id='word_1_302' title='bbox 3343 2015 3534 2088; x_wconf 88' lang='lat' dir='ltr'>ipsius</span> <span class='ocrx_word' id='word_1_303' title='bbox 3566 2033 3772 2074; x_wconf 85' lang='lat' dir='ltr'>neces-</span> 
     </span>
    </p>
   </div>
   <div class='ocr_carea' id='block_1_52' title="bbox 2120 2103 3773 2178">
    <p class='ocr_par' dir='ltr' id='par_1_52' title="bbox 2120 2103 3773 2178">
     <span class='ocr_line' id='line_1_52' title="bbox 2120 2103 3773 2178; baseline 0.002 -18"><span class='ocrx_word' id='word_1_304' title='bbox 2120 2103 2295 2160; x_wconf 85' lang='lat' dir='ltr'>sitate</span> <span class='ocrx_word' id='word_1_305' title='bbox 2322 2105 2394 2160; x_wconf 90' lang='lat' dir='ltr'>ab</span> <span class='ocrx_word' id='word_1_306' title='bbox 2427 2104 2808 2177; x_wconf 89' lang='lat' dir='ltr'>usurpatione</span> <span class='ocrx_word' id='word_1_307' title='bbox 2827 2103 3088 2162; x_wconf 89' lang='lat' dir='ltr'>indebita</span> <span class='ocrx_word' id='word_1_308' title='bbox 3106 2121 3210 2177; x_wconf 88' lang='lat' dir='ltr'>per</span> <span class='ocrx_word' id='word_1_309' title='bbox 3225 2105 3530 2178; x_wconf 83' lang='lat' dir='ltr'>prasentis</span> <span class='ocrx_word' id='word_1_310' title='bbox 3549 2104 3773 2164; x_wconf 78' lang='lat' dir='ltr'>decreti</span> 
     </span>
    </p>
   </div>
   <div class='ocr_carea' id='block_1_53' title="bbox 2120 2193 3770 2266">
    <p class='ocr_par' dir='ltr' id='par_1_53' title="bbox 2120 2193 3770 2266">
     <span class='ocr_line' id='line_1_53' title="bbox 2120 2193 3770 2266; baseline 0.004 -19"><span class='ocrx_word' id='word_1_311' title='bbox 2120 2193 2396 2265; x_wconf 89' lang='lat' dir='ltr'>paginam</span> <span class='ocrx_word' id='word_1_312' title='bbox 2427 2197 2955 2266; x_wconf 90' lang='lat' dir='ltr'>sequestramus,et</span> <span class='ocrx_word' id='word_1_313' title='bbox 2974 2209 3180 2250; x_wconf 88' lang='lat' dir='ltr'>omnes</span> <span class='ocrx_word' id='word_1_314' title='bbox 3195 2193 3297 2266; x_wconf 92' lang='lat' dir='ltr'>qui</span> <span class='ocrx_word' id='word_1_315' title='bbox 3318 2193 3370 2250; x_wconf 91' lang='lat' dir='ltr'>ei</span> <span class='ocrx_word' id='word_1_316' title='bbox 3399 2199 3770 2252; x_wconf 88' lang='lat' dir='ltr'>sacramento</span> 
     </span>
    </p>
   </div>
   <div class='ocr_carea' id='block_1_54' title="bbox 2120 2281 3771 2356">
    <p class='ocr_par' dir='ltr' id='par_1_54' title="bbox 2120 2281 3771 2356">
     <span class='ocr_line' id='line_1_54' title="bbox 2120 2281 3771 2356; baseline 0.002 -20"><span class='ocrx_word' id='word_1_317' title='bbox 2120 2281 2342 2337; x_wconf 88' lang='lat' dir='ltr'>astricti</span> <span class='ocrx_word' id='word_1_318' title='bbox 2373 2287 2512 2338; x_wconf 91' lang='lat' dir='ltr'>sunt</span> <span class='ocrx_word' id='word_1_319' title='bbox 2543 2286 2831 2356; x_wconf 89' lang='lat' dir='ltr'>quantum</span> <span class='ocrx_word' id='word_1_320' title='bbox 2885 2282 2958 2338; x_wconf 87' lang='lat' dir='ltr'>ad</span> <span class='ocrx_word' id='word_1_321' title='bbox 2997 2281 3366 2355; x_wconf 88' lang='lat' dir='ltr'>episcopatus</span> <span class='ocrx_word' id='word_1_322' title='bbox 3419 2283 3704 2341; x_wconf 85' lang='lat' dir='ltr'>honorem</span> <span class='ocrx_word' id='word_1_323' title='bbox 3734 2301 3771 2340; x_wconf 89' lang='lat' dir='ltr'>a</span> 
     </span>
    </p>
   </div>
   <div class='ocr_carea' id='block_1_55' title="bbox 2119 2369 3770 2444">
    <p class='ocr_par' dir='ltr' id='par_1_55' title="bbox 2119 2369 3770 2444">
     <span class='ocr_line' id='line_1_55' title="bbox 2119 2369 3770 2444; baseline 0.002 -18"><span class='ocrx_word' id='word_1_324' title='bbox 2119 2369 2350 2426; x_wconf 90' lang='lat' dir='ltr'>vinculo</span> <span class='ocrx_word' id='word_1_325' title='bbox 2379 2371 2568 2444; x_wconf 90' lang='lat' dir='ltr'>ipsius</span> <span class='ocrx_word' id='word_1_326' title='bbox 2597 2371 2898 2427; x_wconf 85' lang='lat' dir='ltr'>ﬁdelitatis</span> <span class='ocrx_word' id='word_1_327' title='bbox 2943 2371 3322 2428; x_wconf 89' lang='lat' dir='ltr'>absolvimus.</span> <span class='ocrx_word' id='word_1_328' title='bbox 3351 2372 3414 2428; x_wconf 92' lang='lat' dir='ltr'>In</span> <span class='ocrx_word' id='word_1_329' title='bbox 3457 2371 3576 2428; x_wconf 88' lang='lat' dir='ltr'>illis</span> <span class='ocrx_word' id='word_1_330' title='bbox 3625 2389 3770 2430; x_wconf 86' lang='lat' dir='ltr'>sane</span> 
     </span>
    </p>
   </div>
   <div class='ocr_carea' id='block_1_56' title="bbox 2120 2458 3768 2534">
    <p class='ocr_par' dir='ltr' id='par_1_56' title="bbox 2120 2458 3768 2534">
     <span class='ocr_line' id='line_1_56' title="bbox 2120 2458 3768 2534; baseline 0 -18"><span class='ocrx_word' id='word_1_331' title='bbox 2120 2459 2404 2532; x_wconf 89' lang='lat' dir='ltr'>partibus,</span> <span class='ocrx_word' id='word_1_332' title='bbox 2438 2458 2708 2517; x_wconf 88' lang='lat' dir='ltr'>catholici</span> <span class='ocrx_word' id='word_1_333' title='bbox 2723 2476 2840 2516; x_wconf 91' lang='lat' dir='ltr'>non</span> <span class='ocrx_word' id='word_1_334' title='bbox 2861 2458 3152 2516; x_wconf 87' lang='lat' dir='ltr'>habentur</span> <span class='ocrx_word' id='word_1_335' title='bbox 3170 2459 3464 2532; x_wconf 90' lang='lat' dir='ltr'>parochiis</span> <span class='ocrx_word' id='word_1_336' title='bbox 3483 2460 3768 2534; x_wconf 85' lang='lat' dir='ltr'>episcopi,</span> 
     </span>
    </p>
   </div>
   <div class='ocr_carea' id='block_1_57' title="bbox 2121 2547 3779 2623">
    <p class='ocr_par' dir='ltr' id='par_1_57' title="bbox 2121 2547 3779 2623">
     <span class='ocr_line' id='line_1_57' title="bbox 2121 2547 3779 2623; baseline 0.002 -19"><span class='ocrx_word' id='word_1_337' title='bbox 2121 2549 2277 2605; x_wconf 91' lang='lat' dir='ltr'>unde</span> <span class='ocrx_word' id='word_1_338' title='bbox 2307 2549 2356 2606; x_wconf 92' lang='lat' dir='ltr'>si</span> <span class='ocrx_word' id='word_1_339' title='bbox 2388 2549 2529 2622; x_wconf 89' lang='lat' dir='ltr'>quid</span> <span class='ocrx_word' id='word_1_340' title='bbox 2559 2566 2630 2604; x_wconf 81' lang='lat' dir='ltr'>ex</span> <span class='ocrx_word' id='word_1_341' title='bbox 2657 2548 3074 2605; x_wconf 85' lang='lat' dir='ltr'>abundantiori</span> <span class='ocrx_word' id='word_1_342' title='bbox 3112 2547 3443 2621; x_wconf 88' lang='lat' dir='ltr'>apostolica</span> <span class='ocrx_word' id='word_1_343' title='bbox 3485 2549 3687 2623; x_wconf 86' lang='lat' dir='ltr'>gratia</span> <span class='ocrx_word' id='word_1_344' title='bbox 3717 2554 3779 2607; x_wconf 90' lang='lat' dir='ltr'>et</span> 
     </span>
    </p>
   </div>
   <div class='ocr_carea' id='block_1_58' title="bbox 2121 2636 3776 2710">
    <p class='ocr_par' dir='ltr' id='par_1_58' title="bbox 2121 2636 3776 2710">
     <span class='ocr_line' id='line_1_58' title="bbox 2121 2636 3776 2710; baseline 0.001 -16"><span class='ocrx_word' id='word_1_345' title='bbox 2121 2642 2333 2694; x_wconf 85' lang='lat' dir='ltr'>nostra</span> <span class='ocrx_word' id='word_1_346' title='bbox 2363 2638 2729 2694; x_wconf 88' lang='lat' dir='ltr'>auctoritatis</span> <span class='ocrx_word' id='word_1_347' title='bbox 2771 2636 3136 2710; x_wconf 84' lang='lat' dir='ltr'>plenitudine</span> <span class='ocrx_word' id='word_1_348' title='bbox 3163 2637 3542 2710; x_wconf 84' lang='lat' dir='ltr'>disposuerit,</span> <span class='ocrx_word' id='word_1_349' title='bbox 3575 2643 3776 2696; x_wconf 87' lang='lat' dir='ltr'>ratum</span> 
     </span>
    </p>
   </div>
   <div class='ocr_carea' id='block_1_59' title="bbox 2122 2725 3777 2802">
    <p class='ocr_par' dir='ltr' id='par_1_59' title="bbox 2122 2725 3777 2802">
     <span class='ocr_line' id='line_1_59' title="bbox 2122 2725 3777 2802; baseline 0.002 -20"><span class='ocrx_word' id='word_1_350' title='bbox 2122 2725 2414 2795; x_wconf 88' lang='lat' dir='ltr'>habetote,</span> <span class='ocrx_word' id='word_1_351' title='bbox 2448 2727 2644 2799; x_wconf 91' lang='lat' dir='ltr'>ipsum</span> <span class='ocrx_word' id='word_1_352' title='bbox 2674 2731 2731 2783; x_wconf 91' lang='lat' dir='ltr'>et</span> <span class='ocrx_word' id='word_1_353' title='bbox 2758 2725 3091 2782; x_wconf 89' lang='lat' dir='ltr'>divinorum</span> <span class='ocrx_word' id='word_1_354' title='bbox 3121 2729 3180 2782; x_wconf 91' lang='lat' dir='ltr'>et</span> <span class='ocrx_word' id='word_1_355' title='bbox 3198 2725 3571 2784; x_wconf 87' lang='lat' dir='ltr'>sacularium</span> <span class='ocrx_word' id='word_1_356' title='bbox 3601 2744 3777 2802; x_wconf 86' lang='lat' dir='ltr'>nego-</span> 
     </span>
    </p>
   </div>
   <div class='ocr_carea' id='block_1_60' title="bbox 2123 2815 3776 2874">
    <p class='ocr_par' dir='ltr' id='par_1_60' title="bbox 2123 2815 3776 2874">
     <span class='ocr_line' id='line_1_60' title="bbox 2123 2815 3776 2874; baseline 0.001 -2"><span class='ocrx_word' id='word_1_357' title='bbox 2123 2817 2339 2872; x_wconf 90' lang='lat' dir='ltr'>tiorum</span> <span class='ocrx_word' id='word_1_358' title='bbox 2390 2815 2650 2872; x_wconf 87' lang='lat' dir='ltr'>consiliis</span> <span class='ocrx_word' id='word_1_359' title='bbox 2679 2816 2906 2873; x_wconf 89' lang='lat' dir='ltr'>socium</span> <span class='ocrx_word' id='word_1_360' title='bbox 2935 2815 3228 2873; x_wconf 86' lang='lat' dir='ltr'>adhibete.</span> <span class='ocrx_word' id='word_1_361' title='bbox 3267 2819 3358 2872; x_wconf 91' lang='lat' dir='ltr'>Ita</span> <span class='ocrx_word' id='word_1_362' title='bbox 3405 2821 3606 2874; x_wconf 90' lang='lat' dir='ltr'>contra</span> <span class='ocrx_word' id='word_1_363' title='bbox 3635 2833 3776 2874; x_wconf 88' lang='lat' dir='ltr'>eum</span> 
     </span>
    </p>
   </div>
   <div class='ocr_carea' id='block_1_61' title="bbox 2121 2904 3774 2979">
    <p class='ocr_par' dir='ltr' id='par_1_61' title="bbox 2121 2904 3774 2979">
     <span class='ocr_line' id='line_1_61' title="bbox 2121 2904 3774 2979; baseline 0.001 -18"><span class='ocrx_word' id='word_1_364' title='bbox 2121 2922 2224 2962; x_wconf 92' lang='lat' dir='ltr'>vos</span> <span class='ocrx_word' id='word_1_365' title='bbox 2245 2904 2305 2960; x_wconf 92' lang='lat' dir='ltr'>in</span> <span class='ocrx_word' id='word_1_366' title='bbox 2337 2904 2610 2962; x_wconf 90' lang='lat' dir='ltr'>omnibus</span> <span class='ocrx_word' id='word_1_367' title='bbox 2639 2906 2812 2979; x_wconf 85' lang='lat' dir='ltr'>agite,</span> <span class='ocrx_word' id='word_1_368' title='bbox 2830 2909 2897 2962; x_wconf 93' lang='lat' dir='ltr'>ut</span> <span class='ocrx_word' id='word_1_369' title='bbox 2923 2909 2982 2963; x_wconf 89' lang='lat' dir='ltr'>et</span> <span class='ocrx_word' id='word_1_370' title='bbox 2997 2921 3104 2961; x_wconf 91' lang='lat' dir='ltr'>nos</span> <span class='ocrx_word' id='word_1_371' title='bbox 3127 2921 3230 2978; x_wconf 92' lang='lat' dir='ltr'>pro</span> <span class='ocrx_word' id='word_1_372' title='bbox 3261 2921 3327 2962; x_wconf 92' lang='lat' dir='ltr'>eo</span> <span class='ocrx_word' id='word_1_373' title='bbox 3356 2905 3523 2962; x_wconf 89' lang='lat' dir='ltr'>vobis</span> <span class='ocrx_word' id='word_1_374' title='bbox 3547 2905 3774 2979; x_wconf 86' lang='lat' dir='ltr'>gratias</span> 
     </span>
    </p>
   </div>
   <div class='ocr_carea' id='block_1_62' title="bbox 2123 2993 3781 3062">
    <p class='ocr_par' dir='ltr' id='par_1_62' title="bbox 2123 2993 3781 3062">
     <span class='ocr_line' id='line_1_62' title="bbox 2123 2993 3781 3062; baseline 0.002 -12"><span class='ocrx_word' id='word_1_375' title='bbox 2123 2993 2464 3062; x_wconf 88' lang='lat' dir='ltr'>debeamus,</span> <span class='ocrx_word' id='word_1_376' title='bbox 2519 2998 2578 3050; x_wconf 88' lang='lat' dir='ltr'>et</span> <span class='ocrx_word' id='word_1_377' title='bbox 2627 2993 2920 3050; x_wconf 87' lang='lat' dir='ltr'>catholica</span> <span class='ocrx_word' id='word_1_378' title='bbox 2985 2993 3246 3050; x_wconf 86' lang='lat' dir='ltr'>veritatis</span> <span class='ocrx_word' id='word_1_379' title='bbox 3309 2993 3512 3050; x_wconf 89' lang='lat' dir='ltr'>lumen</span> <span class='ocrx_word' id='word_1_380' title='bbox 3571 3002 3781 3053; x_wconf 88' lang='lat' dir='ltr'>contra</span> 
     </span>
    </p>
   </div>
   <div class='ocr_carea' id='block_1_63' title="bbox 2123 3081 3772 3156">
    <p class='ocr_par' dir='ltr' id='par_1_63' title="bbox 2123 3081 3772 3156">
     <span class='ocr_line' id='line_1_63' title="bbox 2123 3081 3772 3156; baseline 0.003 -19"><span class='ocrx_word' id='word_1_381' title='bbox 2123 3099 2604 3156; x_wconf 87' lang='lat' dir='ltr'>unumquemque</span> <span class='ocrx_word' id='word_1_382' title='bbox 2633 3081 3017 3156; x_wconf 90' lang='lat' dir='ltr'>resplendeat.</span> <span class='ocrx_word' id='word_1_383' title='bbox 3035 3081 3482 3140; x_wconf 87' lang='lat' dir='ltr'>Fraternitatem</span> <span class='ocrx_word' id='word_1_384' title='bbox 3512 3087 3772 3142; x_wconf 86' lang='lat' dir='ltr'>vestram</span> 
     </span>
    </p>
   </div>
   <div class='ocr_carea' id='block_1_64' title="bbox 2123 3170 3774 3245">
    <p class='ocr_par' dir='ltr' id='par_1_64' title="bbox 2123 3170 3774 3245">
     <span class='ocr_line' id='line_1_64' title="bbox 2123 3170 3774 3245; baseline 0.003 -19"><span class='ocrx_word' id='word_1_385' title='bbox 2123 3188 2377 3244; x_wconf 87' lang='lat' dir='ltr'>superna</span> <span class='ocrx_word' id='word_1_386' title='bbox 2407 3171 2666 3244; x_wconf 88' lang='lat' dir='ltr'>dignatio</span> <span class='ocrx_word' id='word_1_387' title='bbox 2716 3189 2818 3245; x_wconf 91' lang='lat' dir='ltr'>per</span> <span class='ocrx_word' id='word_1_388' title='bbox 2866 3175 3132 3245; x_wconf 90' lang='lat' dir='ltr'>tempora</span> <span class='ocrx_word' id='word_1_389' title='bbox 3170 3170 3360 3228; x_wconf 90' lang='lat' dir='ltr'>multa</span> <span class='ocrx_word' id='word_1_390' title='bbox 3393 3176 3582 3230; x_wconf 87' lang='lat' dir='ltr'>servet</span> <span class='ocrx_word' id='word_1_391' title='bbox 3610 3173 3774 3231; x_wconf 85' lang='lat' dir='ltr'>inco-</span> 
     </span>
    </p>
   </div>
   <div class='ocr_carea' id='block_1_65' title="bbox 368 3241 2360 3336">
    <p class='ocr_par' dir='ltr' id='par_1_65' title="bbox 368 3241 2360 3336">
     <span class='ocr_line' id='line_1_65' title="bbox 368 3241 2360 3336; baseline -0.005 -12"><span class='ocrx_word' id='word_1_392' title='bbox 368 3265 648 3324; x_wconf 86' lang='lat' dir='ltr'>fratribus</span> <span class='ocrx_word' id='word_1_393' title='bbox 696 3241 1293 3336; x_wconf 44' lang='lat' dir='ltr'>N.-Magdeburgensi</span> <span class='ocrx_word' id='word_1_394' title='bbox 1345 3258 1778 3333; x_wconf 89' lang='lat' dir='ltr'>archiepiscopo</span> <span class='ocrx_word' id='word_1_395' title='bbox 1825 3264 1882 3318; x_wconf 90' lang='lat' dir='ltr'>et</span> <span class='ocrx_word' id='word_1_396' title='bbox 1935 3261 2004 3316; x_wconf 95' lang='lat' dir='ltr'>N.</span> <span class='ocrx_word' id='word_1_397' title='bbox 2038 3241 2082 3310; x_wconf 87' lang='lat' dir='ltr'>C</span> <span class='ocrx_word' id='word_1_398' title='bbox 2119 3241 2360 3316; x_wconf 83' lang='lat' dir='ltr'>lumem.</span> 
     </span>
    </p>
   </div>
   <div class='ocr_carea' id='block_1_66' title="bbox 361 3348 2006 3426">
    <p class='ocr_par' dir='ltr' id='par_1_66' title="bbox 361 3348 2006 3426">
     <span class='ocr_line' id='line_1_66' title="bbox 361 3348 2006 3426; baseline -0.005 -14"><span class='ocrx_word' id='word_1_399' title='bbox 361 3353 719 3412; x_wconf 85' lang='lat' dir='ltr'>Virdunensi</span> <span class='ocrx_word' id='word_1_400' title='bbox 747 3353 1041 3426; x_wconf 88' lang='lat' dir='ltr'>episcopo,</span> <span class='ocrx_word' id='word_1_401' title='bbox 1066 3355 1124 3407; x_wconf 92' lang='lat' dir='ltr'>et</span> <span class='ocrx_word' id='word_1_402' title='bbox 1160 3349 1383 3406; x_wconf 89' lang='lat' dir='ltr'>cateris</span> <span class='ocrx_word' id='word_1_403' title='bbox 1426 3348 1714 3422; x_wconf 89' lang='lat' dir='ltr'>episcopis</span> <span class='ocrx_word' id='word_1_404' title='bbox 1743 3353 1801 3406; x_wconf 89' lang='lat' dir='ltr'>et</span> <span class='ocrx_word' id='word_1_405' title='bbox 1829 3350 2006 3406; x_wconf 91' lang='lat' dir='ltr'>abba-</span> 
     </span>
    </p>
   </div>
   <div class='ocr_carea' id='block_1_67' title="bbox 361 3437 2010 3511">
    <p class='ocr_par' dir='ltr' id='par_1_67' title="bbox 361 3437 2010 3511">
     <span class='ocr_line' id='line_1_67' title="bbox 361 3437 2010 3511; baseline -0.005 -8"><span class='ocrx_word' id='word_1_406' title='bbox 361 3445 526 3504; x_wconf 89' lang='lat' dir='ltr'>tibus</span> <span class='ocrx_word' id='word_1_407' title='bbox 549 3441 808 3502; x_wconf 79' lang='lat' dir='ltr'>Saxonia</span> <span class='ocrx_word' id='word_1_408' title='bbox 839 3441 901 3497; x_wconf 90' lang='lat' dir='ltr'>in</span> <span class='ocrx_word' id='word_1_409' title='bbox 931 3439 1216 3497; x_wconf 84' lang='lat' dir='ltr'>catholica</span> <span class='ocrx_word' id='word_1_410' title='bbox 1237 3439 1348 3495; x_wconf 85' lang='lat' dir='ltr'>ﬁde</span> <span class='ocrx_word' id='word_1_411' title='bbox 1369 3437 1816 3511; x_wconf 85' lang='lat' dir='ltr'>persistentibus</span> <span class='ocrx_word' id='word_1_412' title='bbox 1849 3438 2010 3495; x_wconf 90' lang='lat' dir='ltr'>salu-</span> 
     </span>
    </p>
   </div>
   <div class='ocr_carea' id='block_1_68' title="bbox 362 3528 1488 3606">
    <p class='ocr_par' dir='ltr' id='par_1_68' title="bbox 362 3528 1488 3606">
     <span class='ocr_line' id='line_1_68' title="bbox 362 3528 1488 3606; baseline -0.009 -13"><span class='ocrx_word' id='word_1_413' title='bbox 362 3538 482 3592; x_wconf 86' lang='lat' dir='ltr'>tem</span> <span class='ocrx_word' id='word_1_414' title='bbox 507 3537 565 3592; x_wconf 88' lang='lat' dir='ltr'>et</span> <span class='ocrx_word' id='word_1_415' title='bbox 592 3530 973 3606; x_wconf 88' lang='lat' dir='ltr'>apostolicam</span> <span class='ocrx_word' id='word_1_416' title='bbox 1005 3528 1488 3586; x_wconf 90' lang='lat' dir='ltr'>benedictionem.</span> 
     </span>
    </p>
   </div>
   <div class='ocr_carea' id='block_1_69' title="bbox 433 3615 2072 3690">
    <p class='ocr_par' dir='ltr' id='par_1_69' title="bbox 433 3615 2072 3690">
     <span class='ocr_line' id='line_1_69' title="bbox 433 3615 2072 3690; baseline -0.004 -10"><span class='ocrx_word' id='word_1_417' title='bbox 433 3622 695 3690; x_wconf 87' lang='lat' dir='ltr'>Qualiter</span> <span class='ocrx_word' id='word_1_418' title='bbox 732 3620 792 3677; x_wconf 91' lang='lat' dir='ltr'>in</span> <span class='ocrx_word' id='word_1_419' title='bbox 835 3618 1310 3676; x_wconf 87' lang='lat' dir='ltr'>Halberstadensi</span> <span class='ocrx_word' id='word_1_420' title='bbox 1369 3615 1616 3673; x_wconf 90' lang='lat' dir='ltr'>ecclesia</span> <span class='ocrx_word' id='word_1_421' title='bbox 1660 3615 2008 3673; x_wconf 80' lang='lat' dir='ltr'>venerabilis</span> <span class='ocrx_word' id='word_1_422' title='bbox 2061 3667 2072 3674; x_wconf 88' lang='lat'>.</span> 
     </span>
    </p>
   </div>
   <div class='ocr_carea' id='block_1_70' title="bbox 364 3705 2007 3780">
    <p class='ocr_par' dir='ltr' id='par_1_70' title="bbox 364 3705 2007 3780">
     <span class='ocr_line' id='line_1_70' title="bbox 364 3705 2007 3780; baseline -0.007 -9"><span class='ocrx_word' id='word_1_423' title='bbox 364 3714 540 3770; x_wconf 86' lang='lat' dir='ltr'>frater</span> <span class='ocrx_word' id='word_1_424' title='bbox 581 3713 779 3768; x_wconf 89' lang='lat' dir='ltr'>noster</span> <span class='ocrx_word' id='word_1_425' title='bbox 835 3709 902 3765; x_wconf 87' lang='grc' dir='ltr'><strong>Η.</strong></span> <span class='ocrx_word' id='word_1_426' title='bbox 966 3706 1365 3780; x_wconf 65' lang='grc' dir='ltr'>[Ηεηνωῡυε]</span> <span class='ocrx_word' id='word_1_427' title='bbox 1413 3705 1506 3762; x_wconf 92' lang='lat' dir='ltr'>cui</span> <span class='ocrx_word' id='word_1_428' title='bbox 1567 3723 1674 3762; x_wconf 91' lang='lat' dir='ltr'>nos</span> <span class='ocrx_word' id='word_1_429' title='bbox 1728 3705 2007 3778; x_wconf 90' lang='lat' dir='ltr'>Stephani</span> 
     </span>
    </p>
   </div>
   <div class='ocr_carea' id='block_1_71' title="bbox 361 3793 2010 3873">
    <p class='ocr_par' dir='ltr' id='par_1_71' title="bbox 361 3793 2010 3873">
     <span class='ocr_line' id='line_1_71' title="bbox 361 3793 2010 3873; baseline -0.006 -13"><span class='ocrx_word' id='word_1_430' title='bbox 361 3818 572 3860; x_wconf 91' lang='lat' dir='ltr'>nomen</span> <span class='ocrx_word' id='word_1_431' title='bbox 589 3797 1027 3873; x_wconf 89' lang='lat' dir='ltr'>imposuimus,j</span> <span class='ocrx_word' id='word_1_432' title='bbox 1035 3813 1130 3852; x_wconf 90' lang='lat' dir='ltr'>am</span> <span class='ocrx_word' id='word_1_433' title='bbox 1147 3796 1262 3852; x_wconf 92' lang='lat' dir='ltr'>dud</span> <span class='ocrx_word' id='word_1_434' title='bbox 1273 3812 1370 3850; x_wconf 93' lang='lat' dir='ltr'>um</span> <span class='ocrx_word' id='word_1_435' title='bbox 1383 3793 1600 3850; x_wconf 90' lang='lat' dir='ltr'>electus</span> <span class='ocrx_word' id='word_1_436' title='bbox 1614 3793 2010 3865; x_wconf 84' lang='lat' dir='ltr'>fuerit,quem-</span> 
     </span>
    </p>
   </div>
   <div class='ocr_carea' id='block_1_72' title="bbox 364 3883 2008 3953">
    <p class='ocr_par' dir='ltr' id='par_1_72' title="bbox 364 3883 2008 3953">
     <span class='ocr_line' id='line_1_72' title="bbox 364 3883 2008 3953; baseline -0.005 -4"><span class='ocrx_word' id='word_1_437' title='bbox 364 3891 682 3950; x_wconf 90' lang='lat' dir='ltr'>admodum</span> <span class='ocrx_word' id='word_1_438' title='bbox 713 3887 889 3953; x_wconf 89' lang='lat' dir='ltr'>dolis,</span> <span class='ocrx_word' id='word_1_439' title='bbox 919 3894 973 3942; x_wconf 86' lang='lat' dir='ltr'>et</span> <span class='ocrx_word' id='word_1_440' title='bbox 1016 3885 1340 3952; x_wconf 92' lang='lat' dir='ltr'>blanditiis,</span> <span class='ocrx_word' id='word_1_441' title='bbox 1375 3883 1554 3939; x_wconf 89' lang='lat' dir='ltr'>minis</span> <span class='ocrx_word' id='word_1_442' title='bbox 1593 3901 1659 3939; x_wconf 88' lang='lat' dir='ltr'>ac</span> <span class='ocrx_word' id='word_1_443' title='bbox 1688 3883 2008 3940; x_wconf 89' lang='lat' dir='ltr'>terroribus</span> 
     </span>
    </p>
   </div>
   <div class='ocr_carea' id='block_1_73' title="bbox 364 3972 2006 4044">
    <p class='ocr_par' dir='ltr' id='par_1_73' title="bbox 364 3972 2006 4044">
     <span class='ocr_line' id='line_1_73' title="bbox 364 3972 2006 4044; baseline -0.008 -5"><span class='ocrx_word' id='word_1_444' title='bbox 364 3981 438 4038; x_wconf 88' lang='lat' dir='ltr'>ab</span> <span class='ocrx_word' id='word_1_445' title='bbox 458 3979 664 4038; x_wconf 88' lang='lat' dir='ltr'>eadem</span> <span class='ocrx_word' id='word_1_446' title='bbox 695 3975 951 4032; x_wconf 89' lang='lat' dir='ltr'>Ecclesia</span> <span class='ocrx_word' id='word_1_447' title='bbox 981 3974 1058 4031; x_wconf 90' lang='lat' dir='ltr'>sit</span> <span class='ocrx_word' id='word_1_448' title='bbox 1085 3973 1447 4044; x_wconf 85' lang='lat' dir='ltr'>exturbatus,</span> <span class='ocrx_word' id='word_1_449' title='bbox 1480 3972 1850 4044; x_wconf 88' lang='lat' dir='ltr'>prudentiam</span> <span class='ocrx_word' id='word_1_450' title='bbox 1881 3990 2006 4027; x_wconf 87' lang='lat' dir='ltr'>ves-</span> 
     </span>
    </p>
   </div>
   <div class='ocr_carea' id='block_1_74' title="bbox 362 4061 2006 4135">
    <p class='ocr_par' dir='ltr' id='par_1_74' title="bbox 362 4061 2006 4135">
     <span class='ocr_line' id='line_1_74' title="bbox 362 4061 2006 4135; baseline -0.007 -9"><span class='ocrx_word' id='word_1_451' title='bbox 362 4073 515 4126; x_wconf 90' lang='lat' dir='ltr'>tram</span> <span class='ocrx_word' id='word_1_452' title='bbox 545 4067 726 4124; x_wconf 89' lang='lat' dir='ltr'>latere</span> <span class='ocrx_word' id='word_1_453' title='bbox 774 4081 890 4122; x_wconf 91' lang='lat' dir='ltr'>non</span> <span class='ocrx_word' id='word_1_454' title='bbox 944 4063 1253 4120; x_wconf 89' lang='lat' dir='ltr'>credimus.</span> <span class='ocrx_word' id='word_1_455' title='bbox 1289 4061 1559 4135; x_wconf 87' lang='lat' dir='ltr'>Respexit</span> <span class='ocrx_word' id='word_1_456' title='bbox 1585 4065 1782 4116; x_wconf 90' lang='lat' dir='ltr'>tamen</span> <span class='ocrx_word' id='word_1_457' title='bbox 1825 4077 2006 4133; x_wconf 85' lang='lat' dir='ltr'>popu-</span> 
     </span>
    </p>
   </div>
   <div class='ocr_carea' id='block_1_75' title="bbox 361 4149 2005 4223">
    <p class='ocr_par' dir='ltr' id='par_1_75' title="bbox 361 4149 2005 4223">
     <span class='ocr_line' id='line_1_75' title="bbox 361 4149 2005 4223; baseline -0.005 -8"><span class='ocrx_word' id='word_1_458' title='bbox 361 4158 486 4215; x_wconf 93' lang='lat' dir='ltr'>lum</span> <span class='ocrx_word' id='word_1_459' title='bbox 547 4171 724 4212; x_wconf 91' lang='lat' dir='ltr'>suum</span> <span class='ocrx_word' id='word_1_460' title='bbox 772 4153 1169 4210; x_wconf 88' lang='lat' dir='ltr'>miserationis</span> <span class='ocrx_word' id='word_1_461' title='bbox 1225 4167 1510 4223; x_wconf 86' lang='lat' dir='ltr'>suprema</span> <span class='ocrx_word' id='word_1_462' title='bbox 1559 4149 1819 4223; x_wconf 84' lang='lat' dir='ltr'>dignatio</span> <span class='ocrx_word' id='word_1_463' title='bbox 1871 4167 2005 4206; x_wconf 92' lang='lat' dir='ltr'>cum</span> 
     </span>
    </p>
   </div>
   <div class='ocr_carea' id='block_1_76' title="bbox 359 4237 2008 4312">
    <p class='ocr_par' dir='ltr' id='par_1_76' title="bbox 359 4237 2008 4312">
     <span class='ocr_line' id='line_1_76' title="bbox 359 4237 2008 4312; baseline -0.005 -8"><span class='ocrx_word' id='word_1_464' title='bbox 359 4247 634 4305; x_wconf 92' lang='lat' dir='ltr'>eumdem</span> <span class='ocrx_word' id='word_1_465' title='bbox 662 4243 910 4301; x_wconf 90' lang='lat' dir='ltr'>electum</span> <span class='ocrx_word' id='word_1_466' title='bbox 929 4242 1002 4299; x_wconf 92' lang='lat' dir='ltr'>ad</span> <span class='ocrx_word' id='word_1_467' title='bbox 1021 4245 1360 4298; x_wconf 89' lang='lat' dir='ltr'>sanctorum</span> <span class='ocrx_word' id='word_1_468' title='bbox 1382 4238 1778 4312; x_wconf 90' lang='lat' dir='ltr'>apostolorum</span> <span class='ocrx_word' id='word_1_469' title='bbox 1803 4237 2008 4296; x_wconf 88' lang='lat' dir='ltr'>limina</span> 
     </span>
    </p>
   </div>
   <div class='ocr_carea' id='block_1_77' title="bbox 359 4327 2004 4407">
    <p class='ocr_par' dir='ltr' id='par_1_77' title="bbox 359 4327 2004 4407">
     <span class='ocr_line' id='line_1_77' title="bbox 359 4327 2004 4407; baseline -0.007 -12"><span class='ocrx_word' id='word_1_470' title='bbox 359 4341 418 4395; x_wconf 88' lang='lat' dir='ltr'>et</span> <span class='ocrx_word' id='word_1_471' title='bbox 454 4337 527 4394; x_wconf 89' lang='lat' dir='ltr'>ad</span> <span class='ocrx_word' id='word_1_472' title='bbox 582 4338 842 4392; x_wconf 90' lang='lat' dir='ltr'>nostram</span> <span class='ocrx_word' id='word_1_473' title='bbox 895 4331 1266 4407; x_wconf 86' lang='lat' dir='ltr'>prasentiam</span> <span class='ocrx_word' id='word_1_474' title='bbox 1321 4327 1581 4396; x_wconf 84' lang='lat' dir='ltr'>adduxit,</span> <span class='ocrx_word' id='word_1_475' title='bbox 1640 4332 1697 4382; x_wconf 89' lang='lat' dir='ltr'>et</span> <span class='ocrx_word' id='word_1_476' title='bbox 1754 4329 1893 4400; x_wconf 91' lang='lat' dir='ltr'>quia</span> <span class='ocrx_word' id='word_1_477' title='bbox 1945 4328 2004 4384; x_wconf 93' lang='lat' dir='ltr'>in</span> 
     </span>
    </p>
   </div>
   <div class='ocr_carea' id='block_1_78' title="bbox 360 4417 2006 4498">
    <p class='ocr_par' dir='ltr' id='par_1_78' title="bbox 360 4417 2006 4498">
     <span class='ocr_line' id='line_1_78' title="bbox 360 4417 2006 4498; baseline -0.006 -14"><span class='ocrx_word' id='word_1_478' title='bbox 360 4423 810 4498; x_wconf 89' lang='lat' dir='ltr'>metropolitana</span> <span class='ocrx_word' id='word_1_479' title='bbox 836 4423 1189 4496; x_wconf 88' lang='lat' dir='ltr'>Moguntina</span> <span class='ocrx_word' id='word_1_480' title='bbox 1219 4417 1486 4476; x_wconf 80' lang='lat' dir='ltr'>Ecclesiae</span> <span class='ocrx_word' id='word_1_481' title='bbox 1525 4417 1661 4473; x_wconf 92' lang='lat' dir='ltr'>sede</span> <span class='ocrx_word' id='word_1_482' title='bbox 1691 4432 1794 4488; x_wconf 92' lang='lat' dir='ltr'>pro</span> <span class='ocrx_word' id='word_1_483' title='bbox 1843 4422 2006 4474; x_wconf 88' lang='lat' dir='ltr'>tanta</span> 
     </span>
    </p>
   </div>
   <div class='ocr_carea' id='block_1_79' title="bbox 357 4505 2002 4584">
    <p class='ocr_par' dir='ltr' id='par_1_79' title="bbox 357 4505 2002 4584">
     <span class='ocr_line' id='line_1_79' title="bbox 357 4505 2002 4584; baseline -0.007 -10"><span class='ocrx_word' id='word_1_484' title='bbox 357 4514 869 4576; x_wconf 88' lang='lat' dir='ltr'>schismaticorum</span> <span class='ocrx_word' id='word_1_485' title='bbox 896 4511 1242 4584; x_wconf 88' lang='lat' dir='ltr'>tempestate</span> <span class='ocrx_word' id='word_1_486' title='bbox 1298 4505 1552 4563; x_wconf 88' lang='lat' dir='ltr'>ordinari</span> <span class='ocrx_word' id='word_1_487' title='bbox 1598 4521 1712 4560; x_wconf 91' lang='lat' dir='ltr'>non</span> <span class='ocrx_word' id='word_1_488' title='bbox 1758 4510 2002 4578; x_wconf 88' lang='lat' dir='ltr'>poterat,</span> 
     </span>
    </p>
   </div>
   <div class='ocr_carea' id='block_1_80' title="bbox 359 4593 2004 4676">
    <p class='ocr_par' dir='ltr' id='par_1_80' title="bbox 359 4593 2004 4676">
     <span class='ocr_line' id='line_1_80' title="bbox 359 4593 2004 4676; baseline -0.007 -14"><span class='ocrx_word' id='word_1_489' title='bbox 359 4621 495 4662; x_wconf 90' lang='lat' dir='ltr'>eum</span> <span class='ocrx_word' id='word_1_490' title='bbox 525 4603 586 4660; x_wconf 92' lang='lat' dir='ltr'>in</span> <span class='ocrx_word' id='word_1_491' title='bbox 617 4603 748 4676; x_wconf 89' lang='lat' dir='ltr'>ipsa</span> <span class='ocrx_word' id='word_1_492' title='bbox 775 4599 1193 4658; x_wconf 84' lang='lat' dir='ltr'>catholicorum</span> <span class='ocrx_word' id='word_1_493' title='bbox 1217 4596 1480 4652; x_wconf 77' lang='lat' dir='ltr'>omnium</span> <span class='ocrx_word' id='word_1_494' title='bbox 1505 4593 1709 4650; x_wconf 84' lang='lat' dir='ltr'>matris</span> <span class='ocrx_word' id='word_1_495' title='bbox 1731 4594 2004 4652; x_wconf 81' lang='lat' dir='ltr'>Romanae</span> 
     </span>
    </p>
   </div>
   <div class='ocr_carea' id='block_1_81' title="bbox 357 4683 2004 4752">
    <p class='ocr_par' dir='ltr' id='par_1_81' title="bbox 357 4683 2004 4752">
     <span class='ocr_line' id='line_1_81' title="bbox 357 4683 2004 4752; baseline -0.007 0"><span class='ocrx_word' id='word_1_496' title='bbox 357 4693 626 4752; x_wconf 88' lang='lat' dir='ltr'>Ecclesia</span> <span class='ocrx_word' id='word_1_497' title='bbox 675 4692 812 4748; x_wconf 89' lang='lat' dir='ltr'>sede</span> <span class='ocrx_word' id='word_1_498' title='bbox 856 4686 1184 4747; x_wconf 90' lang='lat' dir='ltr'>consecrari</span> <span class='ocrx_word' id='word_1_499' title='bbox 1234 4683 1540 4742; x_wconf 90' lang='lat' dir='ltr'>concessit.</span> <span class='ocrx_word' id='word_1_500' title='bbox 1573 4683 1720 4738; x_wconf 88' lang='lat' dir='ltr'>Cum</span> <span class='ocrx_word' id='word_1_501' title='bbox 1749 4701 1880 4740; x_wconf 90' lang='lat' dir='ltr'>vero</span> <span class='ocrx_word' id='word_1_502' title='bbox 1911 4702 2004 4742; x_wconf 84' lang='lat' dir='ltr'>ve-</span> 
     </span>
    </p>
   </div>
   <div class='ocr_carea' id='block_1_82' title="bbox 356 4772 2001 4852">
    <p class='ocr_par' dir='ltr' id='par_1_82' title="bbox 356 4772 2001 4852">
     <span class='ocr_line' id='line_1_82' title="bbox 356 4772 2001 4852; baseline -0.007 -10"><span class='ocrx_word' id='word_1_503' title='bbox 356 4783 544 4842; x_wconf 88' lang='lat' dir='ltr'>nisset</span> <span class='ocrx_word' id='word_1_504' title='bbox 572 4783 645 4840; x_wconf 91' lang='lat' dir='ltr'>ad</span> <span class='ocrx_word' id='word_1_505' title='bbox 691 4797 820 4850; x_wconf 92' lang='lat' dir='ltr'>nos,</span> <span class='ocrx_word' id='word_1_506' title='bbox 853 4779 1071 4852; x_wconf 88' lang='lat' dir='ltr'>quibus</span> <span class='ocrx_word' id='word_1_507' title='bbox 1114 4776 1251 4831; x_wconf 91' lang='lat' dir='ltr'>licet</span> <span class='ocrx_word' id='word_1_508' title='bbox 1289 4772 1570 4845; x_wconf 88' lang='lat' dir='ltr'>indignis,</span> <span class='ocrx_word' id='word_1_509' title='bbox 1602 4773 2001 4844; x_wconf 88' lang='lat' dir='ltr'>apostolorum</span> 
     </span>
    </p>
   </div>
   <div class='ocr_carea' id='block_1_83' title="bbox 356 4861 1999 4948">
    <p class='ocr_par' dir='ltr' id='par_1_83' title="bbox 356 4861 1999 4948">
     <span class='ocr_line' id='line_1_83' title="bbox 356 4861 1999 4948; baseline -0.007 -18"><span class='ocrx_word' id='word_1_510' title='bbox 356 4871 640 4948; x_wconf 84' lang='lat' dir='ltr'>principis</span> <span class='ocrx_word' id='word_1_511' title='bbox 665 4870 791 4930; x_wconf 86' lang='lat' dir='ltr'>vice</span> <span class='ocrx_word' id='word_1_512' title='bbox 819 4887 886 4926; x_wconf 88' lang='lat' dir='ltr'>ac</span> <span class='ocrx_word' id='word_1_513' title='bbox 915 4868 1041 4924; x_wconf 92' lang='lat' dir='ltr'>loco</span> <span class='ocrx_word' id='word_1_514' title='bbox 1072 4868 1418 4922; x_wconf 89' lang='lat' dir='ltr'>cunctarum</span> <span class='ocrx_word' id='word_1_515' title='bbox 1445 4877 1548 4934; x_wconf 90' lang='lat' dir='ltr'>per</span> <span class='ocrx_word' id='word_1_516' title='bbox 1576 4861 1776 4917; x_wconf 90' lang='lat' dir='ltr'>orbem</span> <span class='ocrx_word' id='word_1_517' title='bbox 1807 4862 1999 4919; x_wconf 89' lang='lat' dir='ltr'>Eccle-</span> 
     </span>
    </p>
   </div>
   <div class='ocr_carea' id='block_1_84' title="bbox 354 4949 2000 5029">
    <p class='ocr_par' dir='ltr' id='par_1_84' title="bbox 354 4949 2000 5029">
     <span class='ocr_line' id='line_1_84' title="bbox 354 4949 2000 5029; baseline -0.007 -10"><span class='ocrx_word' id='word_1_518' title='bbox 354 4962 578 5020; x_wconf 89' lang='lat' dir='ltr'>siarum</span> <span class='ocrx_word' id='word_1_519' title='bbox 608 4977 750 5018; x_wconf 90' lang='lat' dir='ltr'>cura</span> <span class='ocrx_word' id='word_1_520' title='bbox 779 4976 845 5016; x_wconf 91' lang='lat' dir='ltr'>ac</span> <span class='ocrx_word' id='word_1_521' title='bbox 870 4955 1174 5029; x_wconf 89' lang='lat' dir='ltr'>dispositio</span> <span class='ocrx_word' id='word_1_522' title='bbox 1199 4951 1460 5009; x_wconf 89' lang='lat' dir='ltr'>cernitur</span> <span class='ocrx_word' id='word_1_523' title='bbox 1479 4949 2000 5024; x_wconf 86' lang='lat' dir='ltr'>imminere,ipsius</span> 
     </span>
    </p>
   </div>
   <div class='ocr_carea' id='block_1_85' title="bbox 353 5041 1997 5122">
    <p class='ocr_par' dir='ltr' id='par_1_85' title="bbox 353 5041 1997 5122">
     <span class='ocr_line' id='line_1_85' title="bbox 353 5041 1997 5122; baseline -0.009 -12"><span class='ocrx_word' id='word_1_524' title='bbox 353 5051 693 5110; x_wconf 91' lang='lat' dir='ltr'>electionem</span> <span class='ocrx_word' id='word_1_525' title='bbox 716 5050 944 5122; x_wconf 86' lang='lat' dir='ltr'>justam</span> <span class='ocrx_word' id='word_1_526' title='bbox 985 5049 1160 5117; x_wconf 89' lang='lat' dir='ltr'>atque</span> <span class='ocrx_word' id='word_1_527' title='bbox 1191 5041 1532 5098; x_wconf 89' lang='lat' dir='ltr'>canonicam</span> <span class='ocrx_word' id='word_1_528' title='bbox 1564 5045 1997 5112; x_wconf 89' lang='lat' dir='ltr'>cognoscentes,</span> 
     </span>
    </p>
   </div>
   <div class='ocr_carea' id='block_1_86' title="bbox 350 5129 1995 5216">
    <p class='ocr_par' dir='ltr' id='par_1_86' title="bbox 350 5129 1995 5216">
     <span class='ocr_line' id='line_1_86' title="bbox 350 5129 1995 5216; baseline -0.009 -17"><span class='ocrx_word' id='word_1_529' title='bbox 350 5140 770 5216; x_wconf 87' lang='lat' dir='ltr'>prasentisque</span> <span class='ocrx_word' id='word_1_530' title='bbox 792 5134 1072 5208; x_wconf 90' lang='lat' dir='ltr'>temporis</span> <span class='ocrx_word' id='word_1_531' title='bbox 1103 5131 1509 5188; x_wconf 85' lang='lat' dir='ltr'>necessitatem</span> <span class='ocrx_word' id='word_1_532' title='bbox 1537 5129 1995 5197; x_wconf 86' lang='lat' dir='ltr'>considerantes,</span> 
     </span>
    </p>
   </div>
   <div class='ocr_carea' id='block_1_87' title="bbox 422 5272 1998 5359">
    <p class='ocr_par' dir='ltr' id='par_1_87' title="bbox 422 5272 1998 5359">
     <span class='ocr_line' id='line_1_87' title="bbox 422 5272 1998 5359; baseline -0.006 -19"><span class='ocrx_word' id='word_1_533' title='bbox 422 5284 534 5359; x_wconf 87' lang='grc'>(19)</span> <span class='ocrx_word' id='word_1_534' title='bbox 563 5279 857 5359; x_wconf 73' lang='lat' dir='ltr'>Mathildis</span> <span class='ocrx_word' id='word_1_535' title='bbox 888 5278 1011 5359; x_wconf 79' lang='lat' dir='ltr'>hac</span> <span class='ocrx_word' id='word_1_536' title='bbox 1040 5275 1156 5358; x_wconf 81' lang='lat' dir='ltr'><strong>alia</strong></span> <span class='ocrx_word' id='word_1_537' title='bbox 1195 5272 1350 5356; x_wconf 70' lang='lat' dir='ltr'>haud</span> <span class='ocrx_word' id='word_1_538' title='bbox 1396 5275 1485 5359; x_wconf 72' lang='lat' dir='ltr'>est</span> <span class='ocrx_word' id='word_1_539' title='bbox 1523 5288 1702 5359; x_wconf 75' lang='lat' dir='ltr'>quam</span> <span class='ocrx_word' id='word_1_540' title='bbox 1754 5272 1998 5330; x_wconf 89' lang='lat' dir='ltr'>celebris</span> 
     </span>
    </p>
   </div>
   <div class='ocr_carea' id='block_1_88' title="bbox 351 5343 1996 5416">
    <p class='ocr_par' dir='ltr' id='par_1_88' title="bbox 351 5343 1996 5416">
     <span class='ocr_line' id='line_1_88' title="bbox 351 5343 1996 5416; baseline -0.01 -2"><span class='ocrx_word' id='word_1_541' title='bbox 351 5343 576 5413; x_wconf 75' lang='lat' dir='ltr'>Tuscia</span> <span class='ocrx_word' id='word_1_542' title='bbox 607 5352 931 5415; x_wconf 89' lang='lat' dir='ltr'>comitissa,</span> <span class='ocrx_word' id='word_1_543' title='bbox 962 5353 1090 5403; x_wconf 91' lang='lat' dir='ltr'>tum</span> <span class='ocrx_word' id='word_1_544' title='bbox 1124 5347 1182 5402; x_wconf 91' lang='lat' dir='ltr'>in</span> <span class='ocrx_word' id='word_1_545' title='bbox 1213 5344 1358 5400; x_wconf 92' lang='lat' dir='ltr'>vivis</span> <span class='ocrx_word' id='word_1_546' title='bbox 1389 5343 1580 5400; x_wconf 86' lang='lat' dir='ltr'>adhuc</span> <span class='ocrx_word' id='word_1_547' title='bbox 1611 5345 1850 5416; x_wconf 86' lang='lat' dir='ltr'>degens,</span> <span class='ocrx_word' id='word_1_548' title='bbox 1869 5361 1996 5416; x_wconf 84' lang='lat' dir='ltr'>qua</span> 
     </span>
    </p>
   </div>
   <div class='ocr_carea' id='block_1_89' title="bbox 350 5416 1998 5488">
    <p class='ocr_par' dir='ltr' id='par_1_89' title="bbox 350 5416 1998 5488">
     <span class='ocr_line' id='line_1_89' title="bbox 350 5416 1998 5488; baseline -0.007 -3"><span class='ocrx_word' id='word_1_549' title='bbox 350 5447 420 5486; x_wconf 87' lang='lat' dir='ltr'>ex</span> <span class='ocrx_word' id='word_1_550' title='bbox 469 5425 806 5482; x_wconf 86' lang='lat' dir='ltr'>hareditate</span> <span class='ocrx_word' id='word_1_551' title='bbox 855 5424 1141 5484; x_wconf 88' lang='lat' dir='ltr'>materna,</span> <span class='ocrx_word' id='word_1_552' title='bbox 1189 5433 1290 5472; x_wconf 91' lang='lat' dir='ltr'>seu</span> <span class='ocrx_word' id='word_1_553' title='bbox 1330 5433 1399 5488; x_wconf 81' lang='lat' dir='ltr'>ex</span> <span class='ocrx_word' id='word_1_554' title='bbox 1446 5416 1998 5488; x_wconf 12' lang='lat' dir='ltr'>primoicumrduce</span> 
     </span>
    </p>
   </div>
   <div class='ocr_carea' id='block_1_90' title="bbox 356 5486 1997 5569">
    <p class='ocr_par' dir='ltr' id='par_1_90' title="bbox 356 5486 1997 5569">
     <span class='ocr_line' id='line_1_90' title="bbox 356 5486 1997 5569; baseline -0.009 -13"><span class='ocrx_word' id='word_1_555' title='bbox 356 5495 744 5569; x_wconf 86' lang='lat' dir='ltr'>Lotharingia</span> <span class='ocrx_word' id='word_1_556' title='bbox 775 5491 1088 5569; x_wconf 77' lang='lat' dir='ltr'>connubio]</span> <span class='ocrx_word' id='word_1_557' title='bbox 1122 5487 1406 5545; x_wconf 91' lang='lat' dir='ltr'>nonnulla</span> <span class='ocrx_word' id='word_1_558' title='bbox 1435 5486 1622 5542; x_wconf 82' lang='lat' dir='ltr'>adhuc</span> <span class='ocrx_word' id='word_1_559' title='bbox 1644 5487 1797 5544; x_wconf 90' lang='lat' dir='ltr'>bona</span> <span class='ocrx_word' id='word_1_560' title='bbox 1817 5487 1874 5542; x_wconf 90' lang='lat' dir='ltr'>in</span> <span class='ocrx_word' id='word_1_561' title='bbox 1899 5486 1997 5542; x_wconf 89' lang='lat' dir='ltr'>illo</span> 
     </span>
    </p>
   </div>
   <div class='ocr_carea' id='block_1_91' title="bbox 353 5563 1117 5628">
    <p class='ocr_par' dir='ltr' id='par_1_91' title="bbox 353 5563 1117 5628">
     <span class='ocr_line' id='line_1_91' title="bbox 353 5563 1117 5628; baseline -0.016 0"><span class='ocrx_word' id='word_1_562' title='bbox 353 5563 857 5628; x_wconf 47' lang='lat' dir='ltr'>terrarum&#39;tractu</span> <span class='ocrx_word' id='word_1_563' title='bbox 891 5563 1117 5618; x_wconf 79' lang='lat' dir='ltr'>habuit.</span> 
     </span>
    </p>
   </div>
   <div class='ocr_carea' id='block_1_92' title="bbox 419 5629 1994 5714">
    <p class='ocr_par' dir='ltr' id='par_1_92' title="bbox 419 5629 1994 5714">
     <span class='ocr_line' id='line_1_92' title="bbox 419 5629 1994 5714; baseline -0.007 -18"><span class='ocrx_word' id='word_1_564' title='bbox 419 5642 531 5714; x_wconf 88' lang='lat'>(20)</span> <span class='ocrx_word' id='word_1_565' title='bbox 566 5641 756 5714; x_wconf 88' lang='lat' dir='ltr'>L_ocu_s_</span> <span class='ocrx_word' id='word_1_566' title='bbox 909 5634 985 5714; x_wconf 33' lang='lat' dir='ltr'>in‘</span> <span class='ocrx_word' id='word_1_567' title='bbox 999 5651 1146 5714; x_wconf 74' lang='lat' dir='ltr'>pago</span> <span class='ocrx_word' id='word_1_568' title='bbox 1177 5630 1534 5714; x_wconf 39' lang='lat' dir='ltr'>_Spircpsi‘i.n</span> <span class='ocrx_word' id='word_1_569' title='bbox 1562 5629 1790 5714; x_wconf 49' lang='lat' dir='ltr'>yaulin&#39;i</span> <span class='ocrx_word' id='word_1_570' title='bbox 1828 5629 1994 5711; x_wconf 84' lang='lat' dir='ltr'>pagis</span> 
     </span>
    </p>
   </div>
   <div class='ocr_carea' id='block_1_93' title="bbox 349 5701 1920 5774">
    <p class='ocr_par' dir='ltr' id='par_1_93' title="bbox 349 5701 1920 5774">
     <span class='ocr_line' id='line_1_93' title="bbox 349 5701 1920 5774; baseline -0.009 -4"><span class='ocrx_word' id='word_1_571' title='bbox 349 5701 672 5770; x_wconf 71' lang='lat' dir='ltr'>Germania</span> <span class='ocrx_word' id='word_1_572' title='bbox 703 5708 916 5764; x_wconf 88' lang='lat' dir='ltr'>dicitur</span> <span class='ocrx_word' id='word_1_573' title='bbox 947 5701 1335 5770; x_wconf 69' lang='lat' dir='ltr'>Didineshez&#39;m,</span> <span class='ocrx_word' id='word_1_574' title='bbox 1359 5702 1532 5758; x_wconf 88' lang='lat' dir='ltr'>hodie</span> <span class='ocrx_word' id='word_1_575' title='bbox 1552 5701 1920 5774; x_wconf 83' lang='lat' dir='ltr'>Deydesheim.</span> 
     </span>
    </p>
   </div>
   <div class='ocr_carea' id='block_1_94' title="bbox 421 5772 1993 5856">
    <p class='ocr_par' dir='ltr' id='par_1_94' title="bbox 421 5772 1993 5856">
     <span class='ocr_line' id='line_1_94' title="bbox 421 5772 1993 5856; baseline -0.006 -15"><span class='ocrx_word' id='word_1_576' title='bbox 421 5782 534 5856; x_wconf 80' lang='lat'>(21)</span> <span class='ocrx_word' id='word_1_577' title='bbox 561 5781 702 5841; x_wconf 90' lang='lat' dir='ltr'>Neci</span> <span class='ocrx_word' id='word_1_578' title='bbox 732 5779 946 5840; x_wconf 88' lang='lat' dir='ltr'>tradito</span> <span class='ocrx_word' id='word_1_579' title='bbox 979 5778 1052 5836; x_wconf 91' lang='lat' dir='ltr'>ob</span> <span class='ocrx_word' id='word_1_580' title='bbox 1073 5775 1370 5836; x_wconf 77' lang='lat' dir='ltr'>catholica</span> <span class='ocrx_word' id='word_1_581' title='bbox 1393 5774 1574 5850; x_wconf 88' lang='lat' dir='ltr'>partis</span> <span class='ocrx_word' id='word_1_582' title='bbox 1595 5772 1993 5832; x_wconf 82' lang='lat' dir='ltr'>defensionms</span> 
     </span>
    </p>
   </div>
   <div class='ocr_carea' id='block_1_95' title="bbox 2187 3349 3205 3412">
    <p class='ocr_par' dir='ltr' id='par_1_95' title="bbox 2187 3349 3205 3412">
     <span class='ocr_line' id='line_1_95' title="bbox 2187 3349 3205 3412; baseline 0.004 -8"><span class='ocrx_word' id='word_1_583' title='bbox 2187 3352 2330 3405; x_wconf 84' lang='lat' dir='ltr'>Data</span> <span class='ocrx_word' id='word_1_584' title='bbox 2361 3349 2555 3406; x_wconf 85' lang='lat' dir='ltr'>Roma</span> <span class='ocrx_word' id='word_1_585' title='bbox 2584 3367 2686 3407; x_wconf 83' lang='lat' dir='ltr'>VIII</span> <span class='ocrx_word' id='word_1_586' title='bbox 2715 3350 2854 3406; x_wconf 84' lang='lat' dir='ltr'>Idus</span> <span class='ocrx_word' id='word_1_587' title='bbox 2884 3351 3205 3412; x_wconf 88' lang='lat' dir='ltr'>Februarii.</span> 
     </span>
    </p>
   </div>
   <div class='ocr_carea' id='block_1_96' title="bbox 2895 3469 2982 3522">
    <p class='ocr_par' dir='ltr' id='par_1_96' title="bbox 2895 3469 2982 3522">
     <span class='ocr_line' id='line_1_96' title="bbox 2895 3469 2982 3522; baseline 0 -1"><span class='ocrx_word' id='word_1_588' title='bbox 2895 3469 2982 3522; x_wconf 87' lang='lat' dir='ltr'>Cl.</span> 
     </span>
    </p>
   </div>
   <div class='ocr_carea' id='block_1_97' title="bbox 2117 3555 3771 3627">
    <p class='ocr_par' dir='ltr' id='par_1_97' title="bbox 2117 3555 3771 3627">
     <span class='ocr_line' id='line_1_97' title="bbox 2117 3555 3771 3627; baseline 0 -13"><span class='ocrx_word' id='word_1_589' title='bbox 2117 3557 2138 3580; x_wconf 77' lang='lat'>&#39;</span> <span class='ocrx_word' id='word_1_590' title='bbox 2169 3556 2416 3614; x_wconf 75' lang='lat' dir='ltr'>Urbanus</span> <span class='ocrx_word' id='word_1_591' title='bbox 2440 3557 2489 3612; x_wconf 88' lang='lat' dir='ltr'><strong><em>II</em></strong></span> <span class='ocrx_word' id='word_1_592' title='bbox 2512 3556 2765 3612; x_wconf 86' lang='lat' dir='ltr'>omnibus</span> <span class='ocrx_word' id='word_1_593' title='bbox 2789 3571 2889 3627; x_wconf 85' lang='lat' dir='ltr'>per</span> <span class='ocrx_word' id='word_1_594' title='bbox 2935 3555 3239 3611; x_wconf 65' lang='lat' dir='ltr'>Saxoniam</span> <span class='ocrx_word' id='word_1_595' title='bbox 3284 3555 3542 3613; x_wconf 70' lang='lat' dir='ltr'>Ecclesiae</span> <span class='ocrx_word' id='word_1_596' title='bbox 3585 3556 3771 3613; x_wconf 81' lang='lat' dir='ltr'>catho-</span> 
     </span>
    </p>
   </div>
   <div class='ocr_carea' id='block_1_98' title="bbox 2187 3627 3768 3700">
    <p class='ocr_par' dir='ltr' id='par_1_98' title="bbox 2187 3627 3768 3700">
     <span class='ocr_line' id='line_1_98' title="bbox 2187 3627 3768 3700; baseline 0.001 -17"><span class='ocrx_word' id='word_1_597' title='bbox 2187 3629 2314 3685; x_wconf 73' lang='lat' dir='ltr'>licae</span> <span class='ocrx_word' id='word_1_598' title='bbox 2339 3629 2475 3700; x_wconf 81' lang='lat' dir='ltr'>ﬁliis</span> <span class='ocrx_word' id='word_1_599' title='bbox 2525 3629 2802 3698; x_wconf 82' lang='lat' dir='ltr'>signiﬁcat</span> <span class='ocrx_word' id='word_1_600' title='bbox 2850 3627 3238 3699; x_wconf 82' lang='lat' dir='ltr'>He[rrandum]</span> <span class='ocrx_word' id='word_1_601' title='bbox 3287 3629 3597 3700; x_wconf 83' lang='lat' dir='ltr'>episcopum</span> <span class='ocrx_word' id='word_1_602' title='bbox 3626 3630 3768 3700; x_wconf 75' lang='lat' dir='ltr'>Hal-</span> 
     </span>
    </p>
   </div>
   <div class='ocr_carea' id='block_1_99' title="bbox 2189 3697 3768 3758">
    <p class='ocr_par' dir='ltr' id='par_1_99' title="bbox 2189 3697 3768 3758">
     <span class='ocr_line' id='line_1_99' title="bbox 2189 3697 3768 3758; baseline 0.001 -4"><span class='ocrx_word' id='word_1_603' title='bbox 2189 3697 2582 3754; x_wconf 80' lang='lat' dir='ltr'>berstadensem</span> <span class='ocrx_word' id='word_1_604' title='bbox 2609 3697 2981 3754; x_wconf 84' lang='lat' dir='ltr'>consecratum</span> <span class='ocrx_word' id='word_1_605' title='bbox 2996 3716 3030 3754; x_wconf 87' lang='lat' dir='ltr'>a</span> <span class='ocrx_word' id='word_1_606' title='bbox 3047 3715 3106 3754; x_wconf 86' lang='lat' dir='ltr'>se</span> <span class='ocrx_word' id='word_1_607' title='bbox 3133 3697 3266 3756; x_wconf 84' lang='lat' dir='ltr'>esse.</span> <span class='ocrx_word' id='word_1_608' title='bbox 3296 3697 3398 3755; x_wconf 83' lang='lat' dir='ltr'>Cui</span> <span class='ocrx_word' id='word_1_609' title='bbox 3418 3697 3482 3754; x_wconf 79' lang='lat' dir='ltr'>ut</span> <span class='ocrx_word' id='word_1_610' title='bbox 3505 3699 3768 3758; x_wconf 64' lang='lat' dir='ltr'>obediant</span> 
     </span>
    </p>
   </div>
   <div class='ocr_carea' id='block_1_100' title="bbox 2184 3770 3770 3842">
    <p class='ocr_par' dir='ltr' id='par_1_100' title="bbox 2184 3770 3770 3842">
     <span class='ocr_line' id='line_1_100' title="bbox 2184 3770 3770 3842; baseline 0 -16"><span class='ocrx_word' id='word_1_611' title='bbox 2184 3771 2454 3842; x_wconf 74' lang='lat' dir='ltr'>praecipit.</span> <span class='ocrx_word' id='word_1_612' title='bbox 2491 3770 2684 3826; x_wconf 87' lang='lat' dir='ltr'>Omnes</span> <span class='ocrx_word' id='word_1_613' title='bbox 2733 3771 2801 3825; x_wconf 85' lang='lat' dir='ltr'>ab</span> <span class='ocrx_word' id='word_1_614' title='bbox 2841 3771 3112 3842; x_wconf 69' lang='lat' dir='ltr'>invaseris</span> <span class='ocrx_word' id='word_1_615' title='bbox 3139 3770 3404 3840; x_wconf 84' lang='lat' dir='ltr'>ﬁdelitate</span> <span class='ocrx_word' id='word_1_616' title='bbox 3448 3771 3630 3828; x_wconf 82' lang='lat' dir='ltr'>solvit.</span> <span class='ocrx_word' id='word_1_617' title='bbox 3664 3771 3770 3841; x_wconf 81' lang='lat' dir='ltr'>(Ad</span> 
     </span>
    </p>
   </div>
   <div class='ocr_carea' id='block_1_101' title="bbox 2185 3841 3768 3914">
    <p class='ocr_par' dir='ltr' id='par_1_101' title="bbox 2185 3841 3768 3914">
     <span class='ocr_line' id='line_1_101' title="bbox 2185 3841 3768 3914; baseline 0 -18"><span class='ocrx_word' id='word_1_618' title='bbox 2185 3841 2647 3896; x_wconf 83' lang='lat' dir='ltr'>consecrationem</span> <span class='ocrx_word' id='word_1_619' title='bbox 2676 3841 2950 3914; x_wconf 73' lang='lat' dir='ltr'>&quot;errandi</span> <span class='ocrx_word' id='word_1_620' title='bbox 2978 3841 3261 3914; x_wconf 83' lang='lat' dir='ltr'>referenda</span> <span class='ocrx_word' id='word_1_621' title='bbox 3283 3842 3400 3899; x_wconf 56' lang='lat' dir='ltr'>haec</span> <span class='ocrx_word' id='word_1_622' title='bbox 3430 3842 3594 3914; x_wconf 77' lang='lat' dir='ltr'>verba</span> <span class='ocrx_word' id='word_1_623' title='bbox 3610 3847 3768 3898; x_wconf 85' lang='lat' dir='ltr'>sunt:</span> 
     </span>
    </p>
   </div>
   <div class='ocr_carea' id='block_1_102' title="bbox 2189 3912 3770 3970">
    <p class='ocr_par' dir='ltr' id='par_1_102' title="bbox 2189 3912 3770 3970">
     <span class='ocr_line' id='line_1_102' title="bbox 2189 3912 3770 3970; baseline 0 -2"><span class='ocrx_word' id='word_1_624' title='bbox 2189 3936 2216 3960; x_wconf 91' lang='grc'>‹‹</span> <span class='ocrx_word' id='word_1_625' title='bbox 2248 3914 2438 3968; x_wconf 84' lang='lat' dir='ltr'>Actum</span> <span class='ocrx_word' id='word_1_626' title='bbox 2467 3913 2643 3968; x_wconf 73' lang='lat' dir='ltr'>Rom</span> <span class='ocrx_word' id='word_1_627' title='bbox 2692 3914 2753 3967; x_wconf 85' lang='lat' dir='ltr'>in</span> <span class='ocrx_word' id='word_1_628' title='bbox 2799 3912 3126 3968; x_wconf 72' lang='lat' dir='ltr'>ecclesias.</span> <span class='ocrx_word' id='word_1_629' title='bbox 3171 3913 3363 3970; x_wconf 69' lang='lat' dir='ltr'>Mariae</span> <span class='ocrx_word' id='word_1_630' title='bbox 3401 3929 3520 3970; x_wconf 77' lang='lat' dir='ltr'>qua</span> <span class='ocrx_word' id='word_1_631' title='bbox 3559 3912 3770 3969; x_wconf 72' lang='lat' dir='ltr'>dicitur</span> 
     </span>
    </p>
   </div>
   <div class='ocr_carea' id='block_1_103' title="bbox 2189 3984 3767 4055">
    <p class='ocr_par' dir='ltr' id='par_1_103' title="bbox 2189 3984 3767 4055">
     <span class='ocr_line' id='line_1_103' title="bbox 2189 3984 3767 4055; baseline 0.001 -15"><span class='ocrx_word' id='word_1_632' title='bbox 2189 3985 2356 4050; x_wconf 86' lang='lat' dir='ltr'>Nova,</span> <span class='ocrx_word' id='word_1_633' title='bbox 2389 4001 2445 4037; x_wconf 87' lang='grc' dir='ltr'>ιν</span> <span class='ocrx_word' id='word_1_634' title='bbox 2473 3985 2590 4040; x_wconf 87' lang='lat' dir='ltr'>Kal.</span> <span class='ocrx_word' id='word_1_635' title='bbox 2643 3985 2798 4039; x_wconf 82' lang='lat' dir='ltr'>Febr.</span> <span class='ocrx_word' id='word_1_636' title='bbox 2833 3985 3135 4055; x_wconf 86' lang='lat' dir='ltr'>[Dominico</span> <span class='ocrx_word' id='word_1_637' title='bbox 3177 3985 3268 4040; x_wconf 80' lang='lat' dir='ltr'>die</span> <span class='ocrx_word' id='word_1_638' title='bbox 3301 3984 3376 4040; x_wconf 84' lang='lat'>29</span> <span class='ocrx_word' id='word_1_639' title='bbox 3402 3984 3576 4055; x_wconf 63' lang='lat' dir='ltr'>lam],</span> <span class='ocrx_word' id='word_1_640' title='bbox 3617 4000 3767 4042; x_wconf 81' lang='lat' dir='ltr'>anno</span> 
     </span>
    </p>
   </div>
   <div class='ocr_carea' id='block_1_104' title="bbox 2190 4055 3158 4128">
    <p class='ocr_par' dir='ltr' id='par_1_104' title="bbox 2190 4055 3158 4128">
     <span class='ocr_line' id='line_1_104' title="bbox 2190 4055 3158 4128; baseline 0 -18"><span class='ocrx_word' id='word_1_641' title='bbox 2190 4059 2342 4111; x_wconf 87' lang='lat' dir='ltr'>Dom.</span> <span class='ocrx_word' id='word_1_642' title='bbox 2376 4056 2487 4111; x_wconf 84' lang='lat' dir='ltr'>Inc.</span> <span class='ocrx_word' id='word_1_643' title='bbox 2522 4055 2682 4121; x_wconf 81' lang='grc'>4093,</span> <span class='ocrx_word' id='word_1_644' title='bbox 2710 4063 2861 4128; x_wconf 77' lang='lat' dir='ltr'>poni.</span> <span class='ocrx_word' id='word_1_645' title='bbox 2895 4072 2970 4111; x_wconf 87' lang='lat' dir='ltr'>an</span> <span class='ocrx_word' id='word_1_646' title='bbox 2999 4060 3096 4124; x_wconf 79' lang='grc' dir='ltr'>γι).</span> <span class='ocrx_word' id='word_1_647' title='bbox 3129 4078 3158 4106; x_wconf 88' lang='grc'>››</span> 
     </span>
    </p>
   </div>
   <div class='ocr_carea' id='block_1_105' title="bbox 2739 4161 3135 4233">
    <p class='ocr_par' dir='ltr' id='par_1_105' title="bbox 2739 4161 3135 4233">
     <span class='ocr_line' id='line_1_105' title="bbox 2739 4161 3135 4233; baseline 0.003 -18"><span class='ocrx_word' id='word_1_648' title='bbox 2739 4161 2924 4233; x_wconf 89' lang='lat' dir='ltr'>(Anno</span> <span class='ocrx_word' id='word_1_649' title='bbox 2951 4161 3135 4233; x_wconf 71' lang='grc'>1094).</span> 
     </span>
    </p>
   </div>
   <div class='ocr_carea' id='block_1_106' title="bbox 2115 4267 3766 4342">
    <p class='ocr_par' dir='ltr' id='par_1_106' title="bbox 2115 4267 3766 4342">
     <span class='ocr_line' id='line_1_106' title="bbox 2115 4267 3766 4342; baseline 0 -17"><span class='ocrx_word' id='word_1_650' title='bbox 2115 4269 2476 4342; x_wconf 14' lang='grc' dir='ltr'>[κνίεοεκιμω</span> <span class='ocrx_word' id='word_1_651' title='bbox 2494 4268 2765 4342; x_wconf 14' lang='grc' dir='ltr'>Νρεεηίιιι</span> <span class='ocrx_word' id='word_1_652' title='bbox 2793 4270 3013 4338; x_wconf 82' lang='lat' dir='ltr'>einigen</span> <span class='ocrx_word' id='word_1_653' title='bbox 3043 4267 3630 4342; x_wconf 72' lang='lat' dir='ltr'>Geschichtsehreibern</span> <span class='ocrx_word' id='word_1_654' title='bbox 3671 4268 3766 4325; x_wconf 73' lang='lat' dir='ltr'>de:</span> 
     </span>
    </p>
   </div>
   <div class='ocr_carea' id='block_1_107' title="bbox 2183 4340 3760 4410">
    <p class='ocr_par' dir='ltr' id='par_1_107' title="bbox 2183 4340 3760 4410">
     <span class='ocr_line' id='line_1_107' title="bbox 2183 4340 3760 4410; baseline 0 -14"><span class='ocrx_word' id='word_1_655' title='bbox 2183 4341 2473 4396; x_wconf 71' lang='lat' dir='ltr'>deutschen</span> <span class='ocrx_word' id='word_1_656' title='bbox 2517 4341 2870 4396; x_wconf 82' lang='lat' dir='ltr'>Mittelalters.</span> <span class='ocrx_word' id='word_1_657' title='bbox 2925 4371 2996 4381; x_wconf 92' lang='lat'>-—-</span> <span class='ocrx_word' id='word_1_658' title='bbox 3035 4340 3312 4410; x_wconf 83' lang='lat' dir='ltr'>Hamburg</span> <span class='ocrx_word' id='word_1_659' title='bbox 3371 4342 3526 4408; x_wconf 73' lang='grc'>1823,</span> <span class='ocrx_word' id='word_1_660' title='bbox 3588 4342 3760 4410; x_wconf 69' lang='lat' dir='ltr'>iri-8°,</span> 
     </span>
    </p>
   </div>
   <div class='ocr_carea' id='block_1_108' title="bbox 2183 4411 3758 4555">
    <p class='ocr_par' dir='ltr' id='par_1_108' title="bbox 2183 4411 3758 4555">
     <span class='ocr_line' id='line_1_108' title="bbox 2183 4411 3758 4555; baseline 0.003 -89"><span class='ocrx_word' id='word_1_661' title='bbox 2316 4412 2465 4555; x_wconf 77' lang='lat'>]293,</span> <span class='ocrx_word' id='word_1_662' title='bbox 2524 4416 2672 4468; x_wconf 85' lang='lat' dir='ltr'>teste</span> <span class='ocrx_word' id='word_1_663' title='bbox 2726 4411 2873 4468; x_wconf 80' lang='lat' dir='ltr'>Jaﬂ&#39;é</span> <span class='ocrx_word' id='word_1_664' title='bbox 2935 4412 3152 4484; x_wconf 80' lang='lat' dir='ltr'>Regesta</span> <span class='ocrx_word' id='word_1_665' title='bbox 3201 4413 3403 4484; x_wconf 74' lang='lat' dir='ltr'>ponti].</span> <span class='ocrx_word' id='word_1_666' title='bbox 3462 4413 3640 4482; x_wconf 84' lang='lat' dir='ltr'>Rom.,</span> <span class='ocrx_word' id='word_1_667' title='bbox 3700 4429 3758 4484; x_wconf 90' lang='lat' dir='ltr'>p.</span> 
     </span>
    </p>
   </div>
   <div class='ocr_carea' id='block_1_109' title="bbox 2876 4570 2990 4627">
    <p class='ocr_par' dir='ltr' id='par_1_109' title="bbox 2876 4570 2990 4627">
     <span class='ocr_line' id='line_1_109' title="bbox 2876 4570 2990 4627; baseline 0 -1"><span class='ocrx_word' id='word_1_668' title='bbox 2876 4570 2990 4627; x_wconf 87' lang='lat' dir='ltr'>CII.</span> 
     </span>
    </p>
   </div>
   <div class='ocr_carea' id='block_1_110' title="bbox 2119 4660 3763 4744">
    <p class='ocr_par' dir='ltr' id='par_1_110' title="bbox 2119 4660 3763 4744">
     <span class='ocr_line' id='line_1_110' title="bbox 2119 4660 3763 4744; baseline -0.004 -23"><span class='ocrx_word' id='word_1_669' title='bbox 2119 4663 2326 4744; x_wconf 60' lang='lat' dir='ltr'>Urbani</span> <span class='ocrx_word' id='word_1_670' title='bbox 2377 4663 2429 4718; x_wconf 88' lang='lat' dir='ltr'><strong><em>II</em></strong></span> <span class='ocrx_word' id='word_1_671' title='bbox 2458 4661 2700 4744; x_wconf 43' lang='lat' dir='ltr'>epis-tota.</span> <span class='ocrx_word' id='word_1_672' title='bbox 2729 4660 2800 4744; x_wconf 75' lang='lat' dir='ltr'>ad</span> <span class='ocrx_word' id='word_1_673' title='bbox 2845 4661 3052 4744; x_wconf 75' lang='lat' dir='ltr'>clerum</span> <span class='ocrx_word' id='word_1_674' title='bbox 3082 4669 3132 4717; x_wconf 86' lang='lat' dir='ltr'>et</span> <span class='ocrx_word' id='word_1_675' title='bbox 3159 4661 3424 4744; x_wconf 69' lang='lat' dir='ltr'>populum</span> <span class='ocrx_word' id='word_1_676' title='bbox 3451 4661 3763 4744; x_wconf 75' lang='lat' dir='ltr'>Halbersta-</span> 
     </span>
    </p>
   </div>
   <div class='ocr_carea' id='block_1_111' title="bbox 2183 4731 3763 4804">
    <p class='ocr_par' dir='ltr' id='par_1_111' title="bbox 2183 4731 3763 4804">
     <span class='ocr_line' id='line_1_111' title="bbox 2183 4731 3763 4804; baseline -0.003 -14"><span class='ocrx_word' id='word_1_677' title='bbox 2183 4734 2422 4790; x_wconf 84' lang='lat' dir='ltr'>densem.</span> <span class='ocrx_word' id='word_1_678' title='bbox 2453 4731 2520 4773; x_wconf 42' lang='lat'>—‘</span> <span class='ocrx_word' id='word_1_679' title='bbox 2550 4731 2760 4788; x_wconf 85' lang='lat' dir='ltr'>Laudat</span> <span class='ocrx_word' id='word_1_680' title='bbox 2790 4732 2928 4803; x_wconf 86' lang='lat' dir='ltr'>quod</span> <span class='ocrx_word' id='word_1_681' title='bbox 2947 4731 3190 4804; x_wconf 82' lang='lat' dir='ltr'>episcopo</span> <span class='ocrx_word' id='word_1_682' title='bbox 3219 4731 3281 4788; x_wconf 80' lang='lat' dir='ltr'>in</span> <span class='ocrx_word' id='word_1_683' title='bbox 3305 4733 3542 4788; x_wconf 78' lang='lat' dir='ltr'>schisma</span> <span class='ocrx_word' id='word_1_684' title='bbox 3581 4732 3763 4802; x_wconf 81' lang='lat' dir='ltr'>delap-</span> 
     </span>
    </p>
   </div>
   <div class='ocr_carea' id='block_1_112' title="bbox 2180 4803 3757 4877">
    <p class='ocr_par' dir='ltr' id='par_1_112' title="bbox 2180 4803 3757 4877">
     <span class='ocr_line' id='line_1_112' title="bbox 2180 4803 3757 4877; baseline -0.002 -16"><span class='ocrx_word' id='word_1_685' title='bbox 2180 4821 2236 4861; x_wconf 85' lang='lat' dir='ltr'>so</span> <span class='ocrx_word' id='word_1_686' title='bbox 2265 4807 2444 4860; x_wconf 84' lang='lat' dir='ltr'>alium</span> <span class='ocrx_word' id='word_1_687' title='bbox 2473 4805 2588 4877; x_wconf 79' lang='lat' dir='ltr'>loco</span> <span class='ocrx_word' id='word_1_688' title='bbox 2613 4806 2727 4876; x_wconf 87' lang='lat' dir='ltr'>ejus</span> <span class='ocrx_word' id='word_1_689' title='bbox 2775 4803 3056 4875; x_wconf 80' lang='lat' dir='ltr'>elegerint,</span> <span class='ocrx_word' id='word_1_690' title='bbox 3090 4803 3258 4877; x_wconf 83' lang='lat' dir='ltr'>quam</span> <span class='ocrx_word' id='word_1_691' title='bbox 3297 4803 3616 4860; x_wconf 81' lang='lat' dir='ltr'>electionem</span> <span class='ocrx_word' id='word_1_692' title='bbox 3659 4819 3757 4876; x_wconf 87' lang='lat' dir='ltr'>ap-</span> 
     </span>
    </p>
   </div>
   <div class='ocr_carea' id='block_1_113' title="bbox 2175 4875 2537 4950">
    <p class='ocr_par' dir='ltr' id='par_1_113' title="bbox 2175 4875 2537 4950">
     <span class='ocr_line' id='line_1_113' title="bbox 2175 4875 2537 4950; baseline -0.006 -18"><span class='ocrx_word' id='word_1_693' title='bbox 2175 4879 2372 4950; x_wconf 85' lang='lat' dir='ltr'>probat</span> <span class='ocrx_word' id='word_1_694' title='bbox 2399 4875 2484 4945; x_wconf 87' lang='lat' dir='ltr'>(2l</span> <span class='ocrx_word' id='word_1_695' title='bbox 2499 4877 2537 4948; x_wconf 92' lang='lat'>).</span> 
     </span>
    </p>
   </div>
   <div class='ocr_carea' id='block_1_114' title="bbox 2730 4963 3131 5036">
    <p class='ocr_par' dir='ltr' id='par_1_114' title="bbox 2730 4963 3131 5036">
     <span class='ocr_line' id='line_1_114' title="bbox 2730 4963 3131 5036; baseline 0.005 -18"><span class='ocrx_word' id='word_1_696' title='bbox 2730 4964 2914 5036; x_wconf 86' lang='lat' dir='ltr'><strong>(Anno</strong></span> <span class='ocrx_word' id='word_1_697' title='bbox 2947 4963 3131 5036; x_wconf 67' lang='lat'>4094).</span> 
     </span>
    </p>
   </div>
   <div class='ocr_carea' id='block_1_115' title="bbox 2535 5052 3322 5125">
    <p class='ocr_par' dir='ltr' id='par_1_115' title="bbox 2535 5052 3322 5125">
     <span class='ocr_line' id='line_1_115' title="bbox 2535 5052 3322 5125; baseline -0.003 -17"><span class='ocrx_word' id='word_1_698' title='bbox 2535 5053 2767 5125; x_wconf 76' lang='lat' dir='ltr'>[MANSI,</span> <span class='ocrx_word' id='word_1_699' title='bbox 2793 5052 2996 5108; x_wconf 83' lang='lat' dir='ltr'>Concil.</span> <span class='ocrx_word' id='word_1_700' title='bbox 3019 5053 3140 5122; x_wconf 86' lang='lat' dir='ltr'>XX,</span> <span class='ocrx_word' id='word_1_701' title='bbox 3171 5053 3322 5124; x_wconf 90' lang='lat'>708].</span> 
     </span>
    </p>
   </div>
   <div class='ocr_carea' id='block_1_116' title="bbox 2179 5137 3756 5214">
    <p class='ocr_par' dir='ltr' id='par_1_116' title="bbox 2179 5137 3756 5214">
     <span class='ocr_line' id='line_1_116' title="bbox 2179 5137 3756 5214; baseline -0.003 -14"><span class='ocrx_word' id='word_1_702' title='bbox 2179 5145 2455 5200; x_wconf 62' lang='lat' dir='ltr'>Unsaxus</span> <span class='ocrx_word' id='word_1_703' title='bbox 2485 5157 3025 5214; x_wconf 74' lang='lat' dir='ltr'>episcopus,servus</span> <span class='ocrx_word' id='word_1_704' title='bbox 3055 5157 3354 5198; x_wconf 89' lang='lat' dir='ltr'>servorum</span> <span class='ocrx_word' id='word_1_705' title='bbox 3385 5138 3509 5209; x_wconf 84' lang='lat' dir='ltr'>Dei,</span> <span class='ocrx_word' id='word_1_706' title='bbox 3525 5137 3756 5196; x_wconf 82' lang='lat' dir='ltr'>dilectis</span> 
     </span>
    </p>
   </div>
   <div class='ocr_carea' id='block_1_117' title="bbox 2107 5263 3752 5339">
    <p class='ocr_par' dir='ltr' id='par_1_117' title="bbox 2107 5263 3752 5339">
     <span class='ocr_line' id='line_1_117' title="bbox 2107 5263 3752 5339; baseline -0.004 -14"><span class='ocrx_word' id='word_1_707' title='bbox 2107 5269 2412 5326; x_wconf 89' lang='lat' dir='ltr'>Buchardo</span> <span class='ocrx_word' id='word_1_708' title='bbox 2445 5268 2514 5335; x_wconf 90' lang='lat' dir='ltr'>ll,</span> <span class='ocrx_word' id='word_1_709' title='bbox 2556 5265 3030 5322; x_wconf 86' lang='lat' dir='ltr'>Halberstadensi</span> <span class='ocrx_word' id='word_1_710' title='bbox 3071 5266 3363 5339; x_wconf 87' lang='lat' dir='ltr'>episcopo,</span> <span class='ocrx_word' id='word_1_711' title='bbox 3406 5281 3558 5339; x_wconf 81' lang='lat' dir='ltr'>anno</span> <span class='ocrx_word' id='word_1_712' title='bbox 3589 5263 3752 5339; x_wconf 63' lang='lat'>1088,</span> 
     </span>
    </p>
   </div>
   <div class='ocr_carea' id='block_1_118' title="bbox 2105 5334 3750 5410">
    <p class='ocr_par' dir='ltr' id='par_1_118' title="bbox 2105 5334 3750 5410">
     <span class='ocr_line' id='line_1_118' title="bbox 2105 5334 3750 5410; baseline -0.004 -13"><span class='ocrx_word' id='word_1_713' title='bbox 2105 5334 2506 5397; x_wconf 88' lang='lat' dir='ltr'>Thietmarum</span> <span class='ocrx_word' id='word_1_714' title='bbox 2549 5339 2860 5410; x_wconf 81' lang='lat' dir='ltr'>diaconum</span> <span class='ocrx_word' id='word_1_715' title='bbox 2911 5354 3046 5410; x_wconf 77' lang='lat' dir='ltr'>pars</span> <span class='ocrx_word' id='word_1_716' title='bbox 3085 5334 3373 5410; x_wconf 76' lang='lat' dir='ltr'>catholica</span> <span class='ocrx_word' id='word_1_717' title='bbox 3402 5334 3613 5410; x_wconf 78' lang='lat' dir='ltr'>elegit;</span> <span class='ocrx_word' id='word_1_718' title='bbox 3647 5335 3750 5390; x_wconf 90' lang='lat' dir='ltr'>sed</span> 
     </span>
    </p>
   </div>
   <div class='ocr_carea' id='block_1_119' title="bbox 2105 5406 3755 5483">
    <p class='ocr_par' dir='ltr' id='par_1_119' title="bbox 2105 5406 3755 5483">
     <span class='ocr_line' id='line_1_119' title="bbox 2105 5406 3755 5483; baseline -0.004 -14"><span class='ocrx_word' id='word_1_719' title='bbox 2105 5429 2170 5469; x_wconf 91' lang='lat' dir='ltr'>eo</span> <span class='ocrx_word' id='word_1_720' title='bbox 2201 5411 2402 5468; x_wconf 88' lang='lat' dir='ltr'>veneni</span> <span class='ocrx_word' id='word_1_721' title='bbox 2436 5409 2839 5483; x_wconf 81' lang='lat' dir='ltr'>propinatione</span> <span class='ocrx_word' id='word_1_722' title='bbox 2860 5406 3300 5483; x_wconf 79' lang='lat' dir='ltr'>aschismaticis</span> <span class='ocrx_word' id='word_1_723' title='bbox 3321 5407 3475 5483; x_wconf 82' lang='lat' dir='ltr'>haud</span> <span class='ocrx_word' id='word_1_724' title='bbox 3493 5406 3594 5462; x_wconf 82' lang='lat' dir='ltr'>diu</span> <span class='ocrx_word' id='word_1_725' title='bbox 3616 5412 3755 5483; x_wconf 74' lang='lat' dir='ltr'>post</span> 
     </span>
    </p>
   </div>
   <div class='ocr_carea' id='block_1_120' title="bbox 2104 5477 3755 5551">
    <p class='ocr_par' dir='ltr' id='par_1_120' title="bbox 2104 5477 3755 5551">
     <span class='ocr_line' id='line_1_120' title="bbox 2104 5477 3755 5551; baseline -0.004 -11"><span class='ocrx_word' id='word_1_726' title='bbox 2104 5483 2405 5551; x_wconf 82' lang='lat' dir='ltr'>exstincto,</span> <span class='ocrx_word' id='word_1_727' title='bbox 2437 5477 2512 5538; x_wconf 44' lang='lat' dir='ltr'>‘in</span> <span class='ocrx_word' id='word_1_728' title='bbox 2544 5477 2832 5551; x_wconf 59' lang='lat' dir='ltr'>&#39;eamdem.</span> <span class='ocrx_word' id='word_1_729' title='bbox 2864 5480 3202 5537; x_wconf 88' lang='lat' dir='ltr'>cathedram</span> <span class='ocrx_word' id='word_1_730' title='bbox 3249 5477 3574 5551; x_wconf 87' lang='lat' dir='ltr'>assumitur</span> <span class='ocrx_word' id='word_1_731' title='bbox 3616 5477 3755 5551; x_wconf 80' lang='lat' dir='ltr'>Her-</span> 
     </span>
    </p>
   </div>
   <div class='ocr_carea' id='block_1_121' title="bbox 2103 5548 3766 5623">
    <p class='ocr_par' dir='ltr' id='par_1_121' title="bbox 2103 5548 3766 5623">
     <span class='ocr_line' id='line_1_121' title="bbox 2103 5548 3766 5623; baseline -0.007 -12"><span class='ocrx_word' id='word_1_732' title='bbox 2103 5556 2348 5621; x_wconf 89' lang='lat' dir='ltr'>vaudus,</span> <span class='ocrx_word' id='word_1_733' title='bbox 2383 5548 2481 5623; x_wconf 83' lang='lat' dir='ltr'>qui</span> <span class='ocrx_word' id='word_1_734' title='bbox 2522 5557 2578 5608; x_wconf 88' lang='lat' dir='ltr'>et</span> <span class='ocrx_word' id='word_1_735' title='bbox 2629 5550 2960 5623; x_wconf 86' lang='lat' dir='ltr'>Stephanus</span> <span class='ocrx_word' id='word_1_736' title='bbox 3003 5548 3766 5623; x_wconf 83' lang='lat' dir='ltr'>abbasllsineburgensis;.</span> 
     </span>
    </p>
   </div>
   <div class='ocr_carea' id='block_1_122' title="bbox 2147 5621 3744 5695">
    <p class='ocr_par' dir='ltr' id='par_1_122' title="bbox 2147 5621 3744 5695">
     <span class='ocr_line' id='line_1_122' title="bbox 2147 5621 3744 5695; baseline -0.003 -12"><span class='ocrx_word' id='word_1_737' title='bbox 2147 5645 2277 5683; x_wconf 88' lang='lat' dir='ltr'>uem</span> <span class='ocrx_word' id='word_1_738' title='bbox 2313 5627 2368 5682; x_wconf 92' lang='lat' dir='ltr'>in</span> <span class='ocrx_word' id='word_1_739' title='bbox 2401 5621 2510 5680; x_wconf 89' lang='lat' dir='ltr'>hac</span> <span class='ocrx_word' id='word_1_740' title='bbox 2552 5621 2798 5694; x_wconf 85' lang='lat' dir='ltr'>epistola</span> <span class='ocrx_word' id='word_1_741' title='bbox 2833 5623 3118 5695; x_wconf 83' lang='lat' dir='ltr'>respicere</span> <span class='ocrx_word' id='word_1_742' title='bbox 3167 5621 3744 5695; x_wconf 42' lang='lat' dir='ltr'>Urbanumuéenseo.</span> 
     </span>
    </p>
   </div>
   <div class='ocr_carea' id='block_1_123' title="bbox 2155 5692 3531 5769">
    <p class='ocr_par' dir='ltr' id='par_1_123' title="bbox 2155 5692 3531 5769">
     <span class='ocr_line' id='line_1_123' title="bbox 2155 5692 3531 5769; baseline -0.004 -13"><span class='ocrx_word' id='word_1_743' title='bbox 2155 5717 2232 5756; x_wconf 87' lang='lat' dir='ltr'>ac</span> <span class='ocrx_word' id='word_1_744' title='bbox 2261 5695 2564 5769; x_wconf 87' lang='lat' dir='ltr'>desumpsi</span> <span class='ocrx_word' id='word_1_745' title='bbox 2586 5692 2664 5751; x_wconf 74' lang='lat' dir='ltr'>ex</span> <span class='ocrx_word' id='word_1_746' title='bbox 2687 5692 2990 5752; x_wconf 75' lang='lat' dir='ltr'>Annalists</span> <span class='ocrx_word' id='word_1_747' title='bbox 3019 5695 3243 5752; x_wconf 83' lang='lat' dir='ltr'>Saxone</span> <span class='ocrx_word' id='word_1_748' title='bbox 3271 5692 3531 5754; x_wconf 87' lang='lat' dir='ltr'>Eccardi.</span> 
     </span>
    </p>
   </div>
  </div>
