3950 6440
161 501 269 569 m
286 532 291 541 .

1311 498 1723 567 EPISTOLE
1758 490 1864 566 ET
1888 498 2032 564 ῬΜ
2043 499 2382 567 VILEGIA.

3420 498 3539 563 378

160 636 308 707 ﬁliis,
337 635 492 696 clero
522 652 597 696 ac
630 635 845 713 p'0pulo
896 634 1390 707 Halberstadensi,
1436 635 1685 694 salutem
1731 639 1789 692 et
1814 635 1872 705 Α
1899 634 2048 692 siliis
2077 636 2324 693 obedite.
2380 637 2530 694 Sane
2578 651 2706 709 qua
2762 604 3181 692 catholicorum
3242 634 3301 691 in
3330 635 3540 693 vestris

163 726 532 802 apostolicam
563 727 1046 784 benedictionem.

227 817 347 873 Non
374 816 586 890 exigua
629 815 838 872 salutis
884 819 1086 873 vestra
1128 816 1361 888 jactura
1416 815 1791 887 perpenditur

165 906 308 980 quod
342 904 551 961 tandiu
597 904 852 961 Ecclesia
898 910 1090 962 vestra
1141 903 1396 978 pastoris
1446 910 1536 960 est
1584 903 1791 959 solatio

165 995 452 1052 destituta.
466 992 826 1049 Venerabilis
857 992 1143 1065 siquidem
1177 993 1353 1048 frater
1381 997 1791 1064 noster,quem

166 1082 450 1141 communi
480 1098 775 1139 consensu
798 1083 1121 1139 secundum
1144 1088 1478 1138 sanctorum
1503 1098 1793 1137 canonum

167 1173 301 1230 scita
325 1171 387 1227 in
430 1171 769 1243 pontiﬁcem
819 1171 983 1227 vobis
1029 1170 1355 1244 elegeratis,
1388 1170 1794 1226 schismatico-

165 1276 286 1317 rum
312 1260 367 1315 vi
399 1264 665 1333 cogente,
695 1260 907 1332 partim
944 1258 1094 1315 dolis
1123 1262 1178 1315 et
1226 1258 1547 1326 blanditiis,
1582 1259 1794 1331 partim

165 1349 479 1407 terroribus
525 1352 584 1404 et
628 1348 887 1417 minis,a
928 1352 1121 1404 vestra
1163 1352 1253 1404 est
1296 1337 1554 1403 Ecclesia
1597 1352 1799 1403 contra

165 1437 489 1496 sanctiones
518 1437 829 1494 canonieas
859 1441 916 1493 et
945 1436 1395 1494 consuetudines
1444 1435 1794 1493 ecclesiasti-

163 1544 255 1584 cas
279 1526 681 1582 conturbatus.
700 1526 899 1598 Neque
920 1542 1054 1582 vero
1076 1525 1240 1581 licuit
1260 1532 1591 1598 susceptam
1615 1525 1795 1581 semel

156 1616 310 1689 justo
336 1618 399 1671 et
418 1614 701 1675 canonice
725 1631 830 1687 pro
861 1613 1190 1687 apostolica
1235 1615 1394 1670 sedis
1447 1613 1683 1671 licentia
1712 1614 1799 1670 vel

163 1703 543 1778 permissione
563 1703 851 1760 deserere.
877 1702 1149 1775 Respexit
1173 1709 1371 1759 tamen
1404 1719 1504 1759 vos
1533 1720 1798 1776 superna

166 1792 554 1850 miserationis
581 1791 1004 1865 dignatio,cum
1033 1809 1168 1848 eum
1201 1793 1275 1848 a'd
1306 1796 1644 1848 sanctorum
1668 1810 1801 1866 apo-

166 1881 447 1939 stolorum
478 1879 704 1947 limina,
736 1884 791 1937 et
821 1882 894 1937 ad
924 1882 1294 1954 prasentiam
1316 1886 1575 1937 nostram
1608 1883 1802 1939 venire

167 1969 479 2072 concessit;
515 1970 634 2026 Nos
665 1969 882 2071 igitur,
914 1970 1153 2069 quibus,
1176 1969 1338 2072 .licet
1384 1971 1668 2044 indignis,
1699 1989 1802 2045 pro
1832 2007 1882 2072 Β

171 2058 565 2135 apostolorum
593 2058 874 2132 principis
924 2059 1047 2115 vice
1079 2077 1145 2115 ac
1176 2059 1300 2115 loco
1330 2065 1674 2116 cunctarum
1706 2079 1808 2133 per

166 2150 364 2207 orbem
392 2151 681 2204 terrarum
712 2165 853 2203 cura
881 2164 948 2204 ac
979 2147 1285 2220 dispositio
1321 2149 1581 2204 cernitur
1609 2150 1804 2206 immi-

168 2254 319 2306 nere,
352 2237 542 2311 ipsius
579 2236 921 2294 electionem
964 2238 1191 2309 justam
1246 2242 1420 2309 atque
1467 2239 1807 2294 canonicam

169 2331 579 2402 cognoscentes
608 2327 1028 2399 praesentisque
1058 2327 1341 2399 temporis
1372 2326 1806 2397 necessitatem,

168 2417 323 2488 quod
348 2432 385 2471 a
415 2414 758 2488 Moguntina
784 2415 922 2471 sede
941 2415 1203 2488 accipere
1226 2416 1721 2472 consecrationem
1750 2416 1808 2472 in

169 2507 329 2562 tanta
357 2503 872 2560 schismaticorum
906 2507 1252 2577 tempestate
1283 2522 1397 2560 non
1431 2509 1645 2578 posset,
1674 2522 1811 2561 con-

173 2594 517 2661 siderantes,
546 2609 681 2649 eum
712 2593 774 2648 in
821 2593 1012 2666 prima
1054 2593 1379 2667 primorum
1411 2594 1810 2666 apostolorum

172 2681 454 2756 principis
497 2682 652 2751 sede,
687 2685 980 2737 annuente
1030 2682 1274 2738 Domino
1317 2684 1809 2752 consecravimus,

171 2774 575 2828 consecratum
606 2770 678 2827 ad
723 2787 825 2826 vos
874 2788 1009 2826 cum
1059 2771 1434 2843 prasentium
1484 2772 1812 2829 litterarum

173 2859 678 2917 commendatione
733 2859 1102 2916 remittimus.
1147 2861 1264 2917 Vos
1310 2860 1506 2933 itaque
1561 2861 1813 2934 antiqua

170 2948 307 3004 ﬁdei
335 2953 396 3003 et
445 2947 786 3004 obedientia
833 2964 1122 3005 memores
1168 2953 1330 3006 tanto
1382 2966 1517 3005 eum
1549 2951 1814 3007 devotius

172 3036 297 3093 illic
327 3052 517 3109 usque
548 3036 848 3109 suscipite,
888 3042 1107 3109 quanto
1166 3038 1419 3109 amplius
1462 3056 1565 3095 vos
1611 3044 1814 3096 vestra

174 3125 387 3184 salutis
407 3129 467 3181 et
484 3125 620 3181 ﬁdei
651 3130 854 3181 vestra
884 3126 1216 3198 apostolica
1235 3127 1498 3184 Ecclesia
1525 3128 1815 3185 debitores

170 3231 303 3272 esse
322 3214 696 3289 cognoscitis.
717 3218 939 3271 Sancta
959 3215 1251 3287 siquidem
1268 3217 1583 3283 memoria,
1619 3220 1821 3275 noster

169 3304 233 3359 in
260 3303 403 3360 sede
439 3302 757 3375 apostolica
812 3304 1203 3375 praedecessor
1258 3304 1569 3378 Gregorius
1617 3306 1667 3362 II
1698 3307 1815 3378 pri-

1899 725 2164 799 partibus
2193 727 2601 799 episcoporum
2661 741 2874 798 magna
2925 730 3014 782 est
3046 724 3279 795 raritas,
3309 726 3358 781 si
3399 726 3540 798 quid

1900 819 1958 871 et
1988 814 2047 869 in
2080 815 2284 871 alienis
2316 815 2608 887 parochiis
2640 815 3012 888 disposuerit,
3037 832 3104 871 ex
3129 814 3541 870 abundantiori

1902 903 2223 975 apostolica
2246 905 2468 977 gratia,
2492 909 2548 960 et
2570 908 2780 959 nostra
2806 902 3169 959 auctoritatis
3188 901 3544 974 disposuerit

1902 992 2285 1064 plenitudine,
2336 997 2531 1049 ratum
2593 992 3121 1064 inconvulsumque
3179 994 3539 1069 permaneat.

1903 1080 2282 1154 Omnipotens
2313 1083 2597 1139 Dominus
2629 1082 3023 1155 apostolorum
3042 1097 3283 1137 suorum
3315 1079 3542 1137 meritis

1901 1187 2005 1225 vos
2034 1187 2069 1226 a
2096 1172 2349 1244 peccatis
2393 1170 2675 1241 absolvat,
2706 1175 2764 1227 et
2794 1174 3020 1226 aterna
3071 1169 3200 1226 vita
3247 1174 3543 1226 consortes

1904 1259 2138 1315 efﬁciat.

2657 1375 2797 1433 CIII.

1910 1465 2117 1521 Urbani
2145 1465 2194 1519 II
2210 1466 2437 1537 epistola
2463 1464 2533 1520 ad
2581 1465 2872 1521 Fulconem
2912 1466 3219 1537 episcopum
3261 1465 3546 1537 Betriacen-

1976 1553 2109 1591 sem.
2145 1567 2211 1577 —
2240 1536 2410 1593 Multa
2454 1544 2506 1592 et
2545 1538 2741 1605 gravia
2788 1536 3025 1593 recenset
3050 1606 3059 1607 ί
3080 1536 3322 1607 capitula
3353 1538 3548 1606 quibus

1977 1609 2354 1665 accusabatur.
2385 1608 2645 1678 Praecipit
2691 1610 2749 1662 ut
2804 1606 3085 1678 purgandi
3124 1606 3213 1661 sui
3256 1623 3423 1663 causa
3450 1612 3549 1663 aut

1977 1680 2047 1733 ad
2078 1680 2460 1750 [Rainaldum]
2491 1679 2955 1751 archiepiscopum
2997 1679 3311 1734 Remensem
3355 1687 3452 1735 aut
3477 1679 3549 1736 ad

1980 1766 2092 1805 sese
2120 1750 2356 1805 accedat.

1980 1766 2092 1806 sese
2120 1754 2356 1807 accedat.

2530 1840 2718 1909 (Anno
2746 1838 2934 1909 4094.)

2180 1946 2346 2017 [Dom
2381 1946 2664 2011 Bouousr,
2699 1945 2933 2013 Rccucil,
2963 1943 3102 2012 XIV,
3136 1946 3286 2018 706.]

1984 2060 2263 2117 URBANUS
2293 2060 2623 2134 episcopus,
2658 2076 2861 2116 servus
2891 2077 3189 2116 servorum
3212 2060 3553 2129 Dei,dilecto

1914 2149 2075 2204 fratri
2112 2150 2381 2214 FULCONI,
2414 2147 2747 2204 Belvacensi
2778 2149 3070 2221 episcopo,
3103 2148 3374 2206 salutem.

1989 2238 2172 2294 Multa
2201 2243 2258 2295 et
2295 2237 2494 2311 gravia
2521 2238 2801 2294 adversus
2830 2238 3254 2294 fraternitatem
3287 2247 3450 2297 tuam
3481 2242 3583 2298 ad.

1918 2343 2343 2399 nospervenerc
2368 2327 2641 2400 capitula,
2669 2327 2824 2382 unde
2845 2327 2988 2383 satis
3009 2327 3208 2383 mirari
3242 2345 3356 2383 non
3389 2330 3554 2386 sufﬁ-

1919 2415 2108 2472 cimus
2138 2421 2194 2471 et
2222 2416 2472 2488 graviter
2501 2415 2901 2472 condolemus.
2934 2416 3047 2472 Nos
3101 2415 3254 2472 enim
3286 2434 3421 2473 cum
3453 2436 3556 2492 pro

1918 2510 2021 2560 tua
2038 2505 2634 2577 egregia-indole,tum
2665 2521 2770 2577 pro
2802 2505 3106 2560 monastici
3130 2506 3355 2562 ordinis
3383 2507 3556 2564 disci-

1922 2593 2100 2666 plina,
2133 2612 2249 2649 non
2278 2594 2588 2651 minimam
2621 2594 2691 2649 de
2720 2598 2777 2650 te
2798 2593 3209 2649 conﬁdentiam
3239 2594 3556 2669 gessimus,

1922 2685 2076 2757 quod
2117 2682 2459 2739 eruditionis
2516 2676 2816 2756 praeterita
2859 2682 3059 2755 regula
3123 2682 3558 2754 simplicitatem

1921 2778 2086 2829 tuam
2100 2790 2132 2829 a
2145 2771 2509 2828 sacularium
2525 2770 2885 2845 negotiorum
2902 2771 3287 2843 pravitatibus
3305 2772 3556 2830 cohibet.

1922 2862 2087 2917 Nunc
2114 2866 2328 2928 autem,
2349 2866 2554 2916 contra
2590 2860 2925 2933 opinionem
2960 2864 3240 2927 nostram,
3276 2861 3561 2918 nonnulla

1924 2950 2256 3007 audivimus
2272 2949 2649 3007 sacerdotalis
2666 2949 2886 3005 ordinis
2903 2948 3143 3020 puritati
3156 2947 3321 3004 valde
3333 2954 3560 3005 contra-

1923 3039 2255 3095 ria.Diceris
2267 3039 2421 3094 enim
2435 3039 2610 3112 (quod
2626 3037 2825 3109 absit!)
2839 3035 3170 3093 homicidiis
3187 3042 3242 3093 et
3255 3036 3560 3095 hominum

1925 3128 2353 3201 proditionibus
2383 3128 2767 3184 commisceri.
2801 3126 3140 3182 Commissa
3179 3141 3433 3198 namque
3453 3127 3562 3182 Ec-

1925 3216 2110 3272 clesia
2138 3221 2248 3272 tua
2280 3215 2473 3272 clerici
2532 3219 2990 3286 conqueruntur,
3024 3215 3177 3287 quod
3220 3215 3562 3282 Huhertum,

1923 3304 2370 3361 Silvanectensis
2398 3304 2655 3376 episcopi
2680 3305 2788 3376 (22)
2825 3304 3083 3371 fratrem,
3119 3304 3270 3358 infra
3299 3308 3563 3377 treugam

171 3407 340 3447 mum
368 3395 572 3447 vestra
603 3391 793 3465 gentis
823 3392 1329 3466 archiepiscopum
1380 3377 1616 3450 beatum
1646 3377 1813 3451 Boni-
1846 3377 1890 3445 C
1928 3395 2157 3450 Domini
2189 3411 2291 3466 pro
2318 3392 2734 3466 exspoliatione
2754 3392 3010 3466 pecunia
3041 3392 3100 3447 in
3123 3391 3353 3447 vincula
3372 3394 3564 3465 conje-

174 3480 393 3537 faoium
409 3479 585 3553 pallio
606 3481 852 3550 donans,
885 3485 943 3536 et
959 3481 1104 3538 vicis
1139 3500 1260 3538 sua
1299 3483 1661 3541 auctoritatis
1692 3501 1817 3541 cor-

171 3571 460 3627 roborans
489 3574 692 3626 vestra
742 3569 1016 3627 ecclesias
1073 3572 1353 3628 instruxit
1404 3572 1717 3645 religionis.
1749 3574 1821 3630 Et

169 3675 282 3715 nos
297 3657 482 3732 igitur
507 3656 847 3715 diuturnam
869 3662 1071 3715 vestra
1100 3659 1365 3716 Ecclesiae
1397 3661 1817 3718 desolationem

170 3764 281 3820 pro
299 3746 486 3803 nostri
506 3746 683 3803 ofﬁcii
731 3747 925 3803 debito
952 3748 1397 3820 perpendentes,
1429 3749 1585 3804 hunc
1615 3750 1685 3804 ad
1718 3767 1819 3806 vos

169 3836 616 3893 salutis-vestra
668 3834 980 3909 dirigimus
1022 3837 1452 3893 instructorem.
1489 3838 1670 3902 Quem
1717 3856 1819 3895 vos

165 3941 237 3982 eo
269 3923 630 3981 reverentius
677 3923 972 3996 suscipere
1019 3930 1079 3980 et
1131 3926 1494 3982 obedientius
1552 3929 1821 3984 convenit

166 4012 477 4083 exaudire,
503 4029 619 4086 quo
650 4028 785 4068 eum
816 4014 890 4068 ab
939 4013 1070 4085 ipso
1097 4013 1231 4068 ﬁdei
1279 4018 1338 4069 et
1383 4014 1592 4071 salutis
1612 4019 1817 4072 vestra

164 4101 331 4158 fonte
362 4100 701 4173 conspicitis
722 4101 1102 4157 destinatum.
1128 4102 1329 4158 Omnis
1347 4107 1539 4158 autem
1557 4103 1656 4176 qui
1683 4121 1817 4161 eum

163 4195 235 4247 ut
264 4194 565 4263 pastorem
614 4206 790 4247 suum
838 4190 1031 4247 debito
1062 4190 1283 4247 honore
1313 4196 1487 4264 atque
1517 4193 1819 4250 affectione

165 4278 532 4350 tractaverit,
563 4295 671 4335 nos
719 4278 1134 4352 omnipotentis
1166 4279 1267 4336 Dei
1322 4284 1378 4335 et
1421 4282 1817 4352 apostolorum

164 4368 302 4439 ejus
333 4368 627 4423 donamus
657 4367 1094 4436 benedictione;
1128 4368 1229 4440 qui
1266 4386 1406 4424 ivero
1438 4369 1574 4424 huic
1603 4370 1817 4426 consti-

164 4456 391 4513 tutioni
422 4459 635 4512 nostra
676 4456 905 4512 obviam
936 4457 1020 4513 ire
1068 4457 1396 4527 tentaverit,
1430 4458 1671 4515 clericos
1696 4459 1822 4531 qui-

166 4545 311 4601 dem
338 4562 375 4601 a
403 4544 715 4601 clericatus
752 4544 944 4601 ofﬁcio
997 4562 1362 4603 removemus
1390 4545 1592 4610 ;laicis
1623 4551 1819 4604 autem

164 4634 377 4709 gratia
407 4633 740 4707 apostolica
771 4636 1131 4691 consortium
1186 4636 1615 4692 interdicimus.
1648 4636 1818 4693 Illum

1929 3484 2099 3550 ceris,
2130 3488 2187 3538 et
2217 3482 2405 3554 ipsius
2435 3482 2610 3550 bona,
2644 3481 2893 3538 effractis
2916 3481 3209 3546 domibus,
3230 3480 3564 3554 diripueris,

1926 3572 2162 3628 tandem
2183 3571 2353 3644 regia
2378 3569 2687 3626 tradideris
2707 3571 2983 3642 captioni.
3017 3570 3405 3634 Quamobrem
3439 3569 3564 3626 Bel-

1928 3661 2191 3717 vacensis
2219 3659 2474 3715 Ecclesia
2493 3659 2620 3730 jam
2653 3659 2750 3715 diu
2786 3659 3067 3714 destituta
3086 3658 3293 3714 ofﬁciis
3318 3657 3568 3731 ingemi-

1930 3750 2040 3806 scit
2068 3750 2218 3822 quod
2272 3765 2521 3821 nequam
2569 3747 3268 3817 excommunicatiouibus
3307 3747 3482 3802 variis
3511 3751 3568 3803 te

1927 3837 2245 3893 immisceri
2276 3837 2577 3893 clamitant
2601 3855 2614 3905 ;
2647 3837 2797 3909 quod
2820 3835 3129 3892 anathema
3150 3853 3182 3892 a
3205 3834 3367 3909 regni
3382 3836 3567 3891 vestri

1929 3926 2216 3999 episcopis
2238 3943 2340 3999 pro
2362 3926 2659 3982 communi
2682 3942 2822 3998 pace
2861 3925 3152 3982 sancitum
3175 3925 3568 3998 parvipendis,

1928 4020 1986 4072 et
2015 4031 2049 4071 a
2069 4015 2378 4071 Parisiensi
2418 4013 2671 4070 Ecclesia
2714 4014 3283 4070 excommunicatum
3314 4015 3373 4069 in
3406 4029 3566 4070 com-

1928 4104 2269 4160 munionem
2293 4104 2704 4177 recipis,atque
2724 4103 2911 4175 ipsius
2933 4102 3261 4176 apostolica
3274 4102 3567 4159 memoria

1926 4194 2369 4266 pradecessoris
2399 4192 2583 4249 nostri
2629 4192 2888 4264 Gregorii
2937 4192 3007 4247 de
3051 4190 3234 4246 Odoni
3268 4190 3568 4247 castellani

1931 4283 2124 4348 rebus,
2158 4285 2443 4354 prasente
2473 4281 2893 4354 pradecessore
2924 4284 3024 4335 tuo
3051 4279 3334 4344 Guidone,
3357 4280 3565 4335 conﬁr-

1933 4375 2158 4426 matum
2178 4369 2521 4426 temerarius
2540 4368 2910 4442 intregisti.M
2919 4368 3071 4425 ultas
3091 4369 3247 4425 enim
3271 4369 3342 4425 de
3366 4369 3569 4426 eadem

1932 4459 2273 4517 castellanis
2302 4475 2404 4530 per
2423 4464 2478 4514 te
2494 4458 2606 4515 sibi
2626 4457 2818 4514 illatas
2838 4457 3085 4530 injurias
3109 4458 3263 4514 idem
3299 4458 3420 4514 Odo
3441 4475 3573 4514 con-

1930 4549 2214 4623 queritur.
2235 4550 2358 4603 Tuo
2379 4547 2534 4604 enim
2558 4546 2860 4616 instinctu,
2885 4548 2979 4603 sui
2999 4548 3147 4604 servi
3168 4564 3234 4603 ac
3256 4546 3572 4604 servientes

1930 4654 2063 4694 eum
2096 4641 2230 4692 ante
2261 4637 2502 4692 domum
2524 4635 2822 4708 propriam
2856 4640 2996 4692 sunt
3022 4635 3282 4709 aggressi
3309 4653 3323 4705 ;
3349 4639 3407 4691 et
3437 4651 3572 4691 cum

165 4722 488 4791 nimirum,
518 4723 620 4796 qui
651 4724 801 4779 sein
830 4728 1083 4780 vestram
1132 4723 1450 4781 Ecclesiam
1479 4730 1614 4798 post
1642 4726 1822 4798 hujus
1851 4747 1899 4813 D
1930 4725 2314 4783 homicidium
2345 4729 2402 4780 et
2431 4723 2819 4796 proditionem
2843 4725 3155 4796 perfecisse
3176 4741 3289 4780 non
3312 4728 3571 4797 possent,

163 4811 450 4868 catholici
472 4812 723 4885 pastoris
762 4812 1102 4870 electionem
1125 4819 1607 4886 prasumptuose,
1642 4832 1709 4870 ac
1739 4815 1822 4870 ir-

162 4903 511 4957 revenenter
536 4899 800 4974 ingessit,
833 4918 941 4958 nos
993 4918 1127 4958 cum
1174 4918 1279 4974 pro
1320 4919 1575 4974 persona
1606 4904 1825 4960 inutili-

163 4993 315 5058 tate,
340 4992 474 5045 tum
506 5006 609 5062 pro
638 4994 840 5047 vestra
870 4990 1135 5047 Ecclesia
1176 4991 1519 5047 necessitate
1547 4993 1620 5048 ab
1654 5010 1821 5049 usur-

160 5077 413 5149 patione
460 5077 725 5135 indebita
779 5096 884 5152 per
928 5080 1233 5152 prasentis
1282 5080 1497 5135 decreti
1549 5081 1822 5153 paginam

163 5165 467 5225 omnibus
489 5168 685 5231 modis
709 5174 1172 5240 sequestramus,
1204 5173 1262 5225 et
1289 5184 1492 5225 omnes
1522 5170 1621 5242 qui
1653 5171 1702 5226 ei
1731 5188 1823 5227 sa—

161 5259 481 5312 cramento
510 5256 964 5327 adstrictisunt,
998 5262 1290 5331 quatenus
1337 5259 1407 5313 ad
1452 5258 1823 5332 episcopatus

160 5343 465 5402 honorem
484 5345 561 5401 ab
588 5346 717 5417 ejus
738 5346 1015 5403 ﬁdelitate
1058 5347 1436 5403 absolvimus.
1470 5348 1633 5403 Hunc
1663 5366 1820 5421 ergo,

159 5431 549 5489 dilectissimi
570 5434 632 5489 in
666 5433 907 5491 Christo»
932 5436 1060 5504 ﬁlii,
1095 5440 1377 5507 tanquam
1407 5434 1682 5507 angelum
1713 5437 1822 5492 Do-

158 5520 325 5578 mini
345 5525 407 5578 et
435 5520 737 5581 catholica
761 5523 897 5579 ﬁdei
928 5524 1188 5597 legatum
1237 5523 1503 5595 excipite,
1535 5523 1672 5579 huic
1703 5529 1823 5580 tam

160 5607 229 5663 in
266 5608 609 5666 divinorum
630 5627 808 5683 quam
828 5612 887 5667 in
914 5612 1282 5669 saecularium
1305 5612 1671 5684 negotiorum
1693 5629 1825 5668 con-

238 5715 369 5860 (ἓέ
402 5718 538 5773 Erat
566 5721 706 5773 tunc
732 5700 1184 5776 Silvanectensis
1214 5719 1524 5791 episcopus
1566 5719 1754 5775 Ursio.

235 5788 255 5859 (
390 5787 766 5860 Lancelinus,
798 5791 1029 5847 Domini
1060 5791 1292 5847 Martini
1323 5790 1713 5860 (Dammartin)
1741 5807 1754 5847 (

1931 4816 2086 4888 apud
2118 4819 2174 4870 te
2204 4813 2477 4870 facinoris
2510 4812 2599 4869 sui
2635 4816 2898 4867 tutamen
2929 4817 3067 4867 sunt
3096 4813 3571 4884 adepti.Euntem

1931 4904 2104 4960 etiam
2130 4903 2201 4959 ad
2225 4903 2533 4974 conjugem
2565 4900 2966 4957 deducendam
3000 4901 3176 4957 frater
3205 4903 3316 4973 (23)
3348 4907 3486 4957 tuus
3517 4906 3575 4958 et

1932 4991 2145 5048 milites
2176 4990 2407 5046 insidiis
2455 4988 2872 5045 circumvenire
2919 4987 3108 5043 moliti
3141 4995 3303 5057 sunt;
3339 4991 3442 5046 sed
3472 5007 3574 5062 spe

1932 5082 2230 5151 frustrata,
2263 5078 2404 5152 quia
2433 5078 2547 5133 alia
2576 5077 2686 5134 iste
2724 5076 2816 5132 via
2863 5092 3166 5150 regressus
3191 5083 3299 5146 est,
3330 5083 3387 5134 te
3416 5084 3575 5135 tuto-

1932 5184 2076 5237 rem,
2100 5174 2156 5225 te
2186 5174 2498 5242 patronum
2529 5171 2707 5223 tanta
2733 5164 3006 5237 nequitia
3026 5165 3377 5223 habuerunt.
3404 5168 3573 5224 Sexto

1932 5263 2209 5331 praterea
2238 5263 2373 5312 ante
2397 5255 2757 5311 nativitatem
2804 5255 3166 5310 Dominicam
3213 5254 3327 5321 die,
3361 5256 3574 5312 domus

1932 5349 2061 5419 ejus
2085 5348 2235 5401 fores
2267 5344 2518 5400 obsideri
2538 5344 2725 5399 fecisti
2751 5363 2763 5413 ;
2798 5348 2854 5400 et
2875 5345 3011 5416 quia
3047 5344 3127 5399 ibi
3164 5347 3301 5397 tunc
3333 5345 3460 5417 capi
3491 5344 3575 5401 in-

1933 5436 2233 5508 terﬁcique
2263 5450 2379 5489 non
2411 5433 2789 5505 potuit,urhis
2818 5434 2994 5490 etiam
3024 5435 3241 5507 portas,
3275 5448 3348 5488 ne
3378 5434 3572 5506 egredi

1933 5528 2149 5598 posset,
2180 5523 2478 5580 observari
2509 5538 2698 5595 usque
2735 5522 2796 5578 in
2844 5524 2955 5579 diei
3002 5523 3239 5580 alterius
3269 5520 3572 5577 meridiem

1931 5612 2280 5687 praecepisti,
2321 5616 2624 5684 portarum
2675 5610 2883 5680 claves,
2916 5629 3064 5685 quas
3122 5612 3244 5687 ipse
3298 5626 3367 5667 ex
3412 5624 3572 5667 more

390 5787 766 5860 Lancelinus,
798 5791 1029 5847 Domini
1060 5787 1292 5847 Martini
1323 5787 1713 5863 (Dahnmartin)
1741 5807 1956 5851 comes.
