3950 6372
337 391 455 457 379

1571 470 1581 480 _
1655 391 1729 457 B.
1775 390 2071 457 uanam
2111 390 2165 457 ιι
2207 392 2466 458 eam.

3612 387 3737 453 380

335 530 623 601 tenuerat,
656 525 928 588 ademisti
959 546 971 600 ;
1003 526 1410 588 Ancelbertum
1440 527 1566 602 ejus
1596 525 1978 597 famulum,et
2004 527 2061 596 Α
2089 528 2355 602 ejusdem
2384 525 2744 603 militis,quaa
2766 525 2827 586 in
2859 522 3286 603 querimoniam
3306 525 3585 584 venerant
3607 522 3736 583 uni-

338 621 646 680 Isabellam
667 619 870 676 famuli
888 621 1016 692 conj
1028 621 1416 693 ugem,ipsius
1437 618 1804 689 ancillam,ac
1827 616 1976 674 Heli-

338 713 600 768 nandum
622 709 876 766 lsabellae
899 710 1156 776 fratrem,
1177 709 1276 782 qui
1310 725 1442 765 eum
1473 709 1578 764 tibi
1609 708 1851 781 prodere
1881 725 1976 762 co-

337 800 458 856 nati
492 799 1131 865 sunt,cumhaeredibus
1155 799 1278 855 suis
1292 798 1572 855 violenter
1584 799 1655 854 ab
1679 814 1744 853 eo
1764 797 1975 852 liberos

335 894 392 945 et
436 889 729 944 immunes
777 888 899 943 ﬁeri
939 887 1312 960 compulisti;
1347 887 1712 961 capellanum
1762 885 1971 959 ipsius,

336 977 436 1050 qui
469 976 856 1050 proditionem
885 978 1014 1049 ejus
1054 977 1367 1034 meditatus
1403 978 1608 1044 fuerat,
1642 976 1759 1031 tuis
1790 975 1976 1031 subsi-

334 1067 447 1122 diis
468 1067 644 1136 foves,
679 1070 777 1121 tuo
809 1066 1136 1122 munimine
1167 1067 1334 1138 quasi
1371 1067 1661 1122 insontem
1696 1063 1970 1136 protegis.

332 1156 499 1211 Nunc
529 1155 707 1228 igitur
736 1154 1107 1227 praesentium
1131 1153 1234 1209 tibi
1269 1153 1594 1209 litterarum
1624 1153 1972 1208 auctoritate

333 1243 725 1316 praecipimus,
754 1247 838 1312 ut,
867 1242 1008 1298 visis
1039 1242 1130 1297 his
1169 1241 1400 1306 litteris,
1436 1242 1586 1296 infra
1635 1240 1969 1312 quindecim

332 1333 458 1388 dies
488 1349 626 1388 suos
662 1332 713 1387 ei
745 1347 942 1386 servos
974 1331 1029 1384 in
1083 1329 1376 1402 prepriam
1409 1331 1683 1386 restituas
1717 1333 1967 1400 potesta-

328 1426 467 1477 tem.
504 1420 739 1476 Nullum
771 1420 927 1474 enim
961 1420 1155 1475 invitis
1187 1419 1443 1474 dominis
1479 1418 1728 1474 liberum
1761 1418 1883 1473 ﬁeri
1915 1421 1972 1472 et

329 1508 621 1582 regalibus
643 1514 699 1564 et
720 1507 1013 1564 canonicis
1035 1508 1335 1580 provisum
1359 1512 1447 1563 est
1467 1507 1772 1562 institutis.
1805 1506 1967 1570 Quod

328 1598 376 1654 si
408 1615 511 1670 pro
543 1598 762 1654 eisdem
787 1597 970 1652 servis
1000 1597 1182 1653 abbas
1229 1598 1288 1653 S.
1320 1597 1474 1652 Petri
1507 1597 1577 1653 de
1606 1595 1870 1668 Dimegio
1898 1599 1966 1667 (Γ.

324 1688 608 1758 Jumiége),
634 1686 726 1742 cui
759 1703 857 1742 eos
888 1686 1145 1757 captiose
1177 1685 1798 1752 subdidisti,adversus
1813 1684 1970 1740 hunc

324 1791 494 1849 agere
513 1773 981 1841 voluerit,ccram
997 1773 1268 1830 Remensi
1302 1773 1736 1846 archiepiscopo
1767 1777 1964 1844 agant,

2087 637 2252 676 versa
2272 619 2527 676 restituit
2547 637 2558 674 :
2579 620 2732 692 quod
2750 621 2944 692 ipsum
2967 619 3218 674 domnus
3240 614 3602 690 apostolicus
3623 632 3735 674 sua

2085 710 2430 766 auctoritate
2478 709 2749 774 ﬁrmavit,
2784 708 3146 765 constituens
3195 711 3280 773 ut,
3316 706 3365 761 si
3419 705 3555 777 quis
3601 719 3731 760 eam

2083 798 2407 855 inturbaret
2437 797 2856 865 deﬁnitionem,
2873 801 2930 854 et
2946 795 3162 852 Odonis
3183 793 3495 852 Castellani
3517 810 3611 850 res
3629 810 3734 865 per

2083 888 2200 942 vim
2235 887 2536 954 obtineret,
2559 887 2756 958 etipse
2801 889 2857 942 et
2877 885 3064 959 ipsius
3104 886 3364 941 fautores
3394 899 3729 939 excommu-

2082 975 2256 1031 nicati
2281 976 2624 1042 habeantur,
2658 979 2714 1030 et
2743 975 2886 1030 dum
2917 974 2976 1030 in
3009 975 3152 1030 urbe
3183 971 3271 1028 vel
3293 972 3352 1027 in
3385 976 3573 1028 castro
3603 971 3729 1027 fue-

2082 1065 2216 1131 rint,
2233 1065 2494 1120 divinum
2516 1064 2637 1119 illic
2665 1080 2780 1119 non
2803 1062 3124 1119 celebretur
3145 1060 3623 1128 ofﬁcium,donec
3653 1061 3728 1116 ad

2081 1153 2538 1209 satisfactionem
2571 1153 2826 1208 redeant.
2860 1153 2928 1207 Et
2960 1169 3063 1208 nos
3112 1166 3342 1224 quoque
3377 1151 3485 1206 sub
3520 1150 3726 1206 eadem

2078 1241 2680 1298 excommunicatione
2723 1241 2989 1296 eamdem
3016 1239 3416 1296 castellaniam
3448 1237 3725 1311 praedicto

2079 1331 2252 1387 militi
2292 1335 2350 1386 et
2397 1332 2524 1403 ejus
2571 1329 2898 1385 haeredibus
2943 1330 3384 1397 conﬁrmamus,
3419 1328 3530 1383 nisi
3581 1328 3728 1384 forte

2077 1419 2216 1492 quid
2249 1419 2607 1475 commiserit
2638 1424 2871 1491 propter
2918 1419 3073 1490 quod
3106 1416 3506 1475 castellaniam
3543 1416 3724 1472 amit-

2077 1513 2199 1564 tere
2237 1509 2296 1563 in
2330 1509 2634 1565 Remensis
2683 1507 2938 1580 episcopi
2989 1508 3077 1563 vel
3142 1505 3387 1563 Romani
3431 1504 3726 1579 pontiﬁcis

2078 1596 2388 1670 praesentia
2407 1596 2728 1667 judicetur.

2149 1686 2361 1741 Datum
2389 1686 2603 1752 Romae,
2634 1687 2745 1740 etc.

2839 1789 2948 1844 CV.

324 1869 392 1920 ut
420 1881 552 1920 cum
587 1867 720 1918 ante
737 1862 831 1917 hic
853 1863 1072 1918 omissa
1091 1863 1462 1935 possessione
1484 1867 1716 1918 maneat
1738 1862 1967 1917 investi-

2144 1882 2378 1938 Urbanus
2409 1883 2463 1936 II
2483 1881 2807 1962 monasterii
2829 1879 3237 1962 Vindpcinensis
3270 1878 3406 1950 jura
3444 1882 3494 1935 et
3512 1893 3720 1950 posses-

323 1957 456 2021 tus;
489 1953 688 2006 vinum
712 1955 769 2007 et
801 1953 956 2024 quod
988 1953 1115 2022 ejus
1146 1952 1318 2006 domo
1350 1951 1729 2023 diripuisti,et
1759 1955 1970 2007 caetera

325 2059 454 2115 quae
475 2041 692 2112 injuste
714 2041 826 2095 sibi
850 2039 1043 2096 ablata
1065 2039 1411 2112 probaverit,
1432 2039 1516 2096 vel
1548 2040 1787 2112 ipsa,vel
1813 2041 1965 2112 quod

324 2131 695 2186 tantumdem
711 2128 917 2198 valeat,
946 2128 1097 2184 infra
1115 2128 1504 2201 prescriptum
1532 2130 1852 2185 terminum
1886 2146 1971 2184 re-

325 2218 622 2276 stituenda
636 2223 1029 2288 censemus,et
1051 2217 1312 2275 Ecclesiae
1328 2219 1543 2274 ostium
1561 2220 1832 2275 reserand
1847 2237 1966 2284 um,

324 2309 480 2380 quod
503 2309 630 2380 ejus
652 2307 783 2363 odio
805 2308 950 2364 seris
971 2312 1028 2362 et
1049 2307 1341 2380 lapidibus
1372 2308 1732 2364 obstruxisti.
1766 2307 1964 2378 Capel-

322 2396 440 2454 lani
462 2413 594 2453 vero
623 2396 943 2469 supradicti
965 2413 1142 2452 causa
1170 2414 1366 2452 coram
1389 2396 1826 2470 archiepiscopo
1859 2397 1964 2451 Re-

323 2486 512 2542 mensi
559 2485 922 2542 convenienti
969 2489 1229 2558 tempore
1277 2489 1696 2558 pertractetur:
1732 2487 1802 2542 de
1851 2502 1966 2558 quo

321 2574 554 2632 interim
584 2579 641 2630 te
691 2575 1010 2630 sollicitum
1065 2591 1193 2631 esse
1251 2575 1538 2643 convenit,
1570 2591 1641 2630 ne
1673 2575 1964 2646 judicium

321 2664 758 2737 subterfugiens
790 2663 905 2720 alio
957 2665 1206 2728 secedat,
1239 2669 1297 2720 et
1327 2664 1540 2736 quibus
1588 2664 1736 2719 liber
1765 2667 1852 2719 est
1883 2663 1966 2719 eis

320 2751 598 2808 inimicus
629 2752 1085 2808 adhaereat.Post
1107 2769 1302 2808 rerum
1322 2756 1516 2807 autem
1541 2769 1781 2808 suarum
1805 2753 1968 2807 resti-

321 2841 630 2908 tutionem,
653 2841 805 2895 infra
826 2840 950 2896 dies
974 2841 1307 2913 quindecim
1330 2841 1605 2896 confratri
1629 2845 1825 2896 nostro
1857 2840 1964 2896 Re-

327 2929 517 2984 mensi
552 2928 985 3000 archiepiscopo
997 2933 1050 2983 te
1065 2929 1302 2984 omnino
1316 2935 1668 3002 praesentare
1685 2933 1967 2996 curato,et

326 3018 397 3072 de
429 3016 775 3072 clericorum
807 3015 1057 3088 querelis
1088 3021 1143 3072 et
1173 3018 1352 3088 hujus
1381 3018 1615 3088 injuriis
1640 3019 1810 3090 juxta
1838 3021 1966 3091 ejus

316 3105 611 3178 judicium
644 3105 1193 3174 satisfacturus,nisi
1224 3107 1368 3163 forte
1389 3123 1521 3163 eum
1544 3111 1707 3163 tanta
1727 3108 1967 3164 inﬁrmi-

325 3197 414 3250 tas
443 3193 810 3267 impediverit
828 3199 891 3249 ut
910 3194 1250 3267 hujusmodi
1271 3195 1563 3268 negotium
1578 3197 1830 3252 difﬁnire
1849 3215 1963 3252 non

2636 1954 2814 2007 siones
2843 1952 3152 2022 conﬁrmat.

2694 2041 2880 2111 (Anno
2913 2039 3098 2111 1094.)

2174 2130 2461 2202 [RUINART
2490 2127 2547 2184 in
2585 2105 2713 2185 Vita
2747 2105 3247 2202 Urbaniu—‘MABL
3281 2130 3338 2182 et
3368 2128 3633 2184 RUINART

2545 2202 2707 2257 Ouvr.
2736 2201 2939 2272 posth.,
2969 2199 3066 2272 IlI,
3100 2200 3247 2271 151.]

2836 2307 2971 2363 CVI.

2077 2400 2282 2457 Urbani
2310 2398 2360 2453 II
2387 2396 2612 2469 epistola
2653 2396 2722 2450 ad
2768 2397 3116 2452 Lambertam
3161 2397 3568 2469 Atrebatensem
3608 2395 3721 2466 epi-

2157 2467 2540 2542 scopum,’sive
2563 2469 2920 2540 privilegium
2948 2469 3314 2523 Atrebatensis
3342 2467 3632 2524 Ecclesiae.

2688 2557 2875 2627 (Anno
2910 2557 3092 2628 1094.)

2480 2647 2711 2718 [ΜΑΝει,
2747 2645 2972 2713 Concil.,
3006 2645 3119 2714 XX,
3155 2646 3308 2717 668.]

2142 2755 2420 2811 URBANUS
2451 2752 2779 2825 episcOpus,
2813 2769 3013 2808 servus
3045 2769 3344 2808 servorum
3376 2751 3719 2821 Dei,dilecto

2072 2844 2132 2899 in
2164 2842 2391 2898 Christo
2446 2842 2609 2897 fratri
2661 2841 2987 2910 LAMBERTO,
3033 2841 3396 2898 Atrebatensi
3445 2841 3720 2914 episcopo

2074 2932 2290 2988 nostris
2323 2929 2596 2986 manibus
2627 2934 2983 2996 consecrato,
3003 2931 3249 3001 ejusque
3278 2929 3721 2988 successoribus

2074 3019 2351 3077 canonice
2371 3017 2798 3074 substituendis
2829 3019 2887 3074 in
2920 3023 3287 3091 perpetuum.

2146 3108 2354 3180 Liquet
2395 3111 2731 3163 sanctorum
2775 3124 3068 3163 canonum
3111 3107 3398 3164 institutis
3428 3108 3720 3181 integram

2074 3214 2201 3254 esse
2233 3195 2612 3269 provinciam,
2641 3200 2697 3250 et
2733 3195 3247 3268 metropolitanum
3279 3197 3584 3268 proprium
3616 3198 3718 3253 de-

323 3283 529 3357 possit.
562 3284 723 3348 Quod
757 3283 804 3338 si
832 3284 978 3339 forte
1008 3283 1330 3356 contigerit,
1355 3267 1471 3340 nos
1510 3289 1564 3341 te
1601 3285 1755 3341 infra
1783 3287 1962 3342 trium
1995 3267 2038 3333 (ἶ
2076 3286 2210 3341 bere
2234 3267 2458 3353 sortiri,
2491 3301 2616 3355 quae
2648 3267 2956 3339 duodecim
3001 3288 3228 3339 constat
3256 3267 3714 3357 episcopatibus.

323 3370 619 3428 mensium
651 3372 905 3444 spatium
949 3372 1018 3426 ad
1055 3376 1314 3428 nostram
1355 3373 1711 3429 audientiam
1750 3373 1958 3431 invita-

324 3461 768 3516 mus.Caeterum
792 3460 839 3515 si
860 3463 1176 3532 utrumque
1200 3460 1962 3535 neglexeris,ethujusmodi

323 3549 559 3623 ﬂagitiis
577 3553 737 3604 tuam
757 3549 1058 3622 cognoscis
1076 3550 1489 3606 conscientiam
1505 3551 1960 3623 coinquinatam,

321 3657 356 3695 a
381 3638 723 3694 sacerdotali
745 3642 800 3694 te
823 3638 1088 3694 convenit
1121 3639 1310 3694 ofﬁcio
1347 3639 1658 3696 abstinere.
1691 3640 1864 3696 Porro
1895 3641 1964 3696 il-

319 3727 420 3783 lud
443 3731 498 3782 te
515 3727 746 3798 expedit
766 3726 1010 3783 sollicite
1028 3727 1370 3783 meminisse
1387 3729 1542 3800 quod
1565 3729 1622 3783 in
1641 3747 1852 3785 manus
1870 3747 1966 3784 no-

321 3819 496 3885 stras,
513 3832 646 3871 cum
673 3819 724 3869 te
745 3817 804 3869 in
828 3815 1178 3887 episcopalis
1201 3817 1375 3871 ofﬁcii
1396 3817 1818 3889 plenitudinem
1844 3835 1962 3874 res-

320 3902 964 3974 tituimus,promisisti,
982 3905 1137 3976 quod
1159 3904 1425 3961 videlicet
1445 3907 1796 3979 quandoque
1814 3906 1967 3964 tibia

323 3991 492 4048 nobis
516 3995 864 4064 praeceptum
891 3992 1080 4061 fuerit,
1103 3993 1175 4048 ab
1200 3994 1511 4067 episcopali
1535 3994 1617 4050 sis
1638 3995 1826 4051 ofﬁcio
1847 4013 1966 4052 ces-

323 4084 583 4137 saturus.
619 4080 702 4134 Ita
730 4097 866 4152 ergo
895 4081 1183 4152 prmterita
1228 4083 1472 4155 corrige,
1496 4087 1552 4138 et
1598 4083 1792 4140 futura
1823 4103 1964 4157 prae-

323 4186 479 4236 cave,
512 4185 583 4224 ne
613 4170 766 4240 quod
802 4175 1006 4241 sponte
1039 4170 1331 4242 pollicitus
1363 4189 1445 4238 es,
1474 4171 1692 4229 invitus
1733 4191 1966 4246 quoque
2001 4214 2006 4217 -

324 4259 499 4331 (quod
531 4257 749 4325 absit!)
784 4257 1022 4329 implere
1048 4259 1294 4331 cogaris.

393 4347 603 4402 Datum
637 4363 692 4401 v1
717 4344 840 4402 Kal.
877 4346 1088 4402 Martii.

325 4543 532 4600 Urbani
561 4542 608 4598 II
633 4557 796 4614 papw
818 4544 1044 4616 epistola
1073 4453 1410 4616 ίῗιένίὲὶενιιηιΔ
1437 4543 1805 4616 populumque
1833 4547 1963 4602 Bel-

2071 3373 2398 3430 Secundam
2421 3372 2600 3445 igitur
2621 3371 2904 3444 Belgicam
2925 3375 3152 3428 constat
3181 3372 3571 3446 integritatem
3588 3391 3718 3446 pro-

2070 3462 2271 3519 vinciae
2321 3461 2604 3528 obtinere,
2637 3476 2763 3532 quae
2821 3460 3128 3517 duodecim
3187 3463 3484 3533 quondam
3527 3463 3721 3518 scitur

2071 3551 2374 3624 episcopos
2403 3550 2699 3615 habuisse,
2733 3553 2789 3606 et
2838 3551 3184 3606 Remensem
3239 3549 3554 3607 Ecclesiam
3577 3552 3717 3622 jure

2071 3639 2580 3712 metropolitanam
2611 3638 2974 3710 haberique
3005 3643 3091 3694 tot
3121 3638 3304 3696 soleat
3329 3640 3720 3712 suﬁ‘raganeis

2071 3728 2346 3787 eminere.
2374 3730 2655 3784 Caeterum
2682 3727 2934 3798 peccatis
2969 3728 3335 3800 exigentibus
3363 3728 3718 3796 accolarum,

2072 3836 2206 3875 cum
2237 3817 2597 3873 irruentibus
2645 3817 2910 3872 barbaris
2961 3817 3136 3873 urbes
3186 3818 3453 3890 quaedam
3497 3818 3722 3873 detritaa

2073 3926 2140 3964 su
2151 3913 2229 3975 nt,
2245 3906 2629 3962 duodecimus
2650 3904 2746 3961 ille
2768 3923 3049 3962 numerus
3071 3907 3421 3964 imminutus
3434 3913 3542 3964 est.
3566 3908 3727 3963 Inter

2074 4013 2221 4069 quas
2242 3994 2637 4050 Atrebatensis
2659 3994 2872 4051 nobilis
2886 3996 3182 4068 quondam
3204 4001 3260 4052 et
3281 3995 3568 4068 populosa
3590 3996 3726 4052 civi-

2073 4089 2317 4156 tas,quae
2340 4101 2442 4155 per
2467 4088 2528 4138 B.
2559 4083 2888 4156 Remigium
2914 4084 3429 4157 episc.Vedastum
3447 4085 3727 4157 obtinuit,

2072 4177 2207 4246 post
2229 4171 2645 4228 nonnullorum
2666 4172 2995 4230 antistitum
3019 4173 3246 4229 obitum
3269 4173 3618 4247 episcopalis
3635 4190 3730 4231 ca-

2072 4262 2290 4318 thedrae
2315 4261 2567 4334 perdidit
2587 4260 3016 4334 dignitatem,et
3035 4278 3138 4333 per
3162 4261 3725 4335 nonnullatempora

2073 4349 2476 4407 Cameracensi
2488 4350 2757 4422 episcopo
2772 4351 3007 4406 subdita
3019 4350 3289 4407 obedivit.
3312 4351 3486 4406 Porro
3504 4352 3724 4408 nostris

2073 4439 2436 4511 temporibus
2459 4456 2526 4495 su
2535 4456 2724 4512 pernae
2751 4439 3143 4496 miserationis
3165 4453 3431 4512 respectu
3447 4440 3727 4512 prmdicta

2073 4528 2278 4584 civitas
2299 4527 2358 4584 in
2391 4528 2680 4599 ejusmodi
2716 4531 2932 4584 statum
2956 4529 3197 4585 reducta
3231 4535 3337 4594 est,
3363 4533 3428 4584 ut
3443 4533 3499 4585 et
3521 4527 3723 4602 pepuli

392 4613 742 4702 lavacensem.
893 4615 1283 4702 ‘Castellcnz'am
1337 4613 1508 4670 Odoni
1561 4613 1732 4672 militi
1774 4635 1808 4673 a
1853 4634 1966 4674 sese
1995 4637 2042 4702 D
2074 4618 2402 4690 frequentia
2422 4623 2478 4673 et
2498 4617 2832 4673 divitiarum
2857 4617 3217 4676 abundantia
3245 4619 3724 4676 Cameracensem

394 4694 658 4742 assertum
684 4688 926 4741 nuntiat.

947 4776 1134 4842 (Anno
1169 4774 1350 4843 1094.)

588 4865 900 4935 [Βουοοετ,
935 4864 1169 4932 Recueii,
1202 4867 1345 4918 tom.
1379 4862 1450 4933 II,
1483 4879 1540 4936 p.
1571 4865 1720 4936 707.]

399 4970 676 5028 URBANUS
707 4971 1245 5043 episcopus,servus
1276 4986 1575 5026 servorum
1605 4971 1969 5039 Dei,dilectis

329 5059 467 5115 ﬁliis
489 5058 640 5115 clero
672 5063 729 5115 et
759 5058 972 5132 populo
1004 5057 1618 5125 Belvaccnsi,salutem
1649 5065 1706 5116 et
1737 5066 1964 5134 aposto-

328 5149 503 5205 licam
534 5148 1015 5205 benedictionem.

401 5239 480 5294 Ex
511 5237 837 5310 apostolicae
884 5237 1176 5292 memoriae
1220 5237 1476 5310 Gregorii
1527 5240 1968 5310 praedecessoris

332 5327 516 5384 nostri
544 5327 753 5383 litteris
792 5327 1062 5382 novimus
1103 5326 1452 5380 discordiam
1494 5328 1807 5398 quamdam
1828 5327 1967 5383 ctli-

331 5422 449 5473 tem
464 5417 533 5473 de
567 5415 907 5472 castellania
935 5415 1084 5469 inter
1119 5414 1463 5482 Guidonem,
1493 5421 1696 5472 vestrae
1720 5416 1969 5472 civitatis

331 5504 752 5577 episc0pum,et
765 5504 1023 5560 Odonem
1039 5501 1604 5561 castellanumfuisse
1619 5509 1966 5577 promotam,

332 5611 459 5665 quae
492 5593 758 5648 videlicet
786 5592 860 5648 lis
910 5593 965 5648 in
1019 5595 1329 5665 conspectu
1375 5595 1637 5665 ejusdem
1669 5592 1970 5667 apostolici

331 5687 738 5739 consummata
783 5685 887 5739 est.
920 5681 1104 5737 Guido
1154 5681 1310 5736 enim
1355 5681 1664 5756 episcopus
1701 5683 1758 5738 in
1792 5699 1970 5739 manu

2077 4709 2312 4779 superet
2333 4705 2648 4762 civitatem.
2682 4705 2932 4778 Dignum
2972 4707 3150 4779 igitur
3173 4705 3414 4780 Spiritui
3435 4711 3637 4764 sancto
3668 4711 3728 4764 et

2077 4795 2409 4852 auctoritati
2454 4795 2781 4867 apostolica
2804 4795 2995 4851 visum
3018 4799 3106 4851 est
3130 4799 3194 4851 ut
3220 4796 3584 4852 Atrebatensi
3616 4798 3726 4852 Ec-

2076 4884 2265 4941 clesiae
2319 4883 2634 4940 cardinalis
2681 4884 3085 4940 restitueretur
3133 4885 3398 4942 antistes.
3441 4886 3724 4942 Sanctum

2076 4973 2234 5030 enim
2267 4973 2607 5029 Sardicense
2629 4972 2938 5029 concilium
2985 4973 3192 5030 statuit
3215 4992 3328 5030 non
3353 4975 3573 5047 passim
3605 4975 3726 5047 epi-

2077 5077 2320 5134 scopum
2351 5060 2748 5129 ordinari,nisi
2780 5066 2882 5118 aut
2902 5062 2961 5117 in
2985 5063 3320 5119 civitatibus
3345 5079 3472 5135 quae
3503 5063 3725 5136 episco-
3791 5097 3804 5101 —

2077 5167 2182 5224 pos
2214 5150 2564 5218 habuerunt,
2597 5154 2698 5206 aut
2727 5167 2853 5222 quae
2885 5155 3004 5207 tam
3037 5151 3332 5225 populosae
3365 5157 3503 5208 sunt
3525 5157 3590 5208 ut
3617 5152 3722 5210 ha-

2076 5241 2210 5296 bere
2233 5243 2570 5295 mereantur
2599 5241 3030 5312 episcOpum.In
3055 5243 3307 5298 secundo
3327 5258 3561 5314 quoque
3583 5258 3720 5298 cen-

2077 5328 2208 5383 cilio
2249 5328 2520 5384 Africano
2551 5329 2900 5398 decernitur,
2933 5333 2998 5384 ut
3039 5329 3142 5386 illa
3167 5329 3431 5387 dioecesis
3463 5347 3590 5402 qum
3614 5329 3720 5386 ali-

2081 5418 2314 5490 quando
2331 5417 2534 5474 habuit
2564 5418 2923 5490 episcopum,
2955 5418 3166 5475 habeat
3213 5419 3536 5492 proprium.
3572 5421 3639 5476 Et
3670 5421 3724 5478 si

2079 5507 2383 5562 accedente
2405 5511 2683 5577 tempore,
2703 5512 2996 5563 crescente
3019 5509 3130 5564 ﬁde
3160 5507 3262 5564 Dei
3283 5507 3538 5581 populus
3568 5509 3722 5566 mul-

2079 5595 2377 5667 tiplicatus
2409 5595 2824 5651 desideraverit
2844 5596 3059 5652 habere
3082 5597 3383 5670 proprium
3414 5601 3721 5668 rectorem,

2082 5685 2210 5756 ejus
2239 5683 2506 5742 videlicet
2536 5683 2828 5742 voluntate
2859 5685 2917 5742 in
2949 5687 3116 5758 cujus
3145 5690 3431 5759 potestate
3460 5691 3548 5744 est
3578 5689 3726 5746 dice-
