3950 6422
295 489 408 558 381

1463 491 1869 558 ΕΡῙΞΤΟῙΛΕ
1909 488 2013 556 ET
2049 489 2528 557 PRIVILEGIA.

295 627 444 687 cesis
474 629 811 698 constituta,
854 626 1068 687 habeat
1113 626 1414 703 proprium
1459 628 1820 702 episcOpum.
1870 626 1934 684 Β.
1966 628 2022 695 Α
2049 628 2174 683 ditu
2206 627 2603 685 collaudatum
2632 630 2691 686 et
2728 628 3136 687 conﬁrmatum
3179 632 3267 689 est
3295 630 3352 687 Iv
3399 631 3687 691 Kalendas
3730 630 3737 637 ’

298 726 532 792 quoque
552 719 866 793 Gregorius
885 719 945 775 in
968 718 1237 775 Sardinia
1252 718 1405 791 apud
1430 716 1823 773 Phausianam
1840 734 1939 789 op-

293 808 501 882 pidum
522 809 845 865 secundum
862 809 1176 881 pristinum
1194 808 1437 863 modum
1457 806 1775 863 reordinari
1793 823 1936 878 prae-

294 897 449 970 cepit
472 897 814 965 antistitem,
847 903 903 954 et
933 914 1038 954 nos
1068 913 1204 970 ergo
1231 896 1633 953 Atrebatensis
1671 895 1937 951 Ecclesiae

293 985 671 1054 restitutioni,
697 985 1070 1043 etRemensis
1085 985 1424 1057 metropolis
1460 982 1939 1057 redintegrationi

292 1091 400 1148 pro
422 1075 605 1131 nostri
630 1074 806 1131 officii
831 1074 1022 1130 debito
1060 1074 1452 1141 imminentes,
1496 1076 1550 1129 te
1591 1074 1767 1128 frater
1803 1072 1938 1127 cha-

295 1163 528 1221 rissima
553 1165 858 1221 Lamberte
890 1162 1026 1219 cleri
1060 1162 1363 1235 plebisque
1383 1179 1672 1219 consensu
1694 1160 1940 1218 electum

296 1254 581 1324 unanimi,
614 1258 677 1310 B.
716 1253 968 1309 Vedasto
1017 1255 1074 1308 et
1106 1252 1323 1308 sanctis
1372 1250 1472 1324 qui
1514 1251 1575 1306 in
1623 1252 1766 1306 urbe
1815 1250 1943 1322 ipsa

296 1343 595 1416 quondam
642 1342 963 1415 praesedere
1011 1340 1302 1414 pontiﬁcis
1356 1340 1769 1395 constituimus
1809 1355 1939 1394 suc-

296 1449 609 1489 cessorem.
641 1432 749 1488 Per
778 1430 1080 1503 praesentis
1106 1429 1304 1502 itaque
1350 1428 1636 1501 privilegii
1668 1428 1941 1502 paginam

298 1519 627 1595 legitimum
657 1523 1006 1593 perpetuum
1059 1517 1395 1585 statuimus,
1429 1522 1495 1572 ut
1544 1516 1943 1574 Atrebatensis

296 1609 557 1667 Ecclesia
567 1608 840 1681 deinceps
853 1606 1207 1664 cardinalem
1230 1604 1809 1678 semperepiscOpum
1828 1622 1947 1661 sor-

297 1698 502 1755 tiatur.
530 1697 824 1769 Quidquid
874 1699 1069 1752 autem
1101 1694 1387 1767 praedictis
1418 1693 1685 1750 Ecclesiae
1718 1694 1779 1749 B.
1836 1694 1943 1749 Re-

299 1786 516 1860 migius
535 1785 802 1848 contulit,
831 1783 1118 1858 quidquid
1139 1782 1398 1855 antiquis
1420 1783 1781 1854 temporibus
1804 1782 1945 1839 dum

298 1874 613 1950 episcOpali
643 1874 927 1947 dignitate
957 1871 1198 1945 polleret
1226 1888 1355 1928 eam
1402 1873 1701 1944 possidere
1732 1871 1945 1926 consli-

300 1965 458 2035 terit,
479 1963 657 2021 salvis
676 1962 963 2036 legalibus
992 1960 1278 2016 institutis
1303 1964 1359 2016 et
1390 1960 1660 2016 Romana:
1692 1959 1944 2015 ecclesia:

299 2053 638 2128 privilegiis,
671 2035 862 2108 ratum
895 2050 1000 2106 tibi
1032 2067 1099 2106 ac
1128 2049 1247 2105 tuis
1271 2048 1715 2105 ‘successoribus
1756 2035 1945 2104 sanci-

302 2160 439 2200 mus
470 2157 827 2216 permanere.
863 2141 925 2195 In
955 2138 1172 2211 quibus
1198 2137 1542 2194 nominatim
1588 2137 1946 2193 archidiaco-

304 2233 434 2289 nias
464 2232 632 2299 duas,
666 2246 917 2303 quarum
952 2245 1069 2283 una
1096 2225 1715 2292 Atrebatensis,'altera
1735 2226 1950 2282 dicitur

303 2319 802 2385 Obstrevadensis,
836 2317 1084 2391 praefata
1124 2316 1391 2372 Ecclesia:
1423 2315 1859 2384 confirmamus,
1894 2319 1951 2370 et

302 2410 437 2467 illos
467 2410 706 2466 omnino
737 2407 952 2463 limites
976 2407 1124 2462 inter
1142 2406 1582 2462 Atrebatensem
1605 2409 1661 2460 et
1688 2405 1950 2461 Camera-

302 2514 537 2556 censem
569 2496 857 2554 Ecclesiae
889 2496 1009 2552 fore
1038 2494 1427 2567 praecipimus,
1448 2510 1594 2565 quos
1625 2493 1950 2566 antiquitus

302 2588 490 2645 fuisse
517 2586 604 2643 vel
637 2586 987 2659 scriptorum
1012 2583 1391 2641 monimentis
1416 2582 1504 2638 vel
1524 2582 1951 2638 territoriorum

304 2677 710 2750 diremptione,
750 2673 839 2731 vel
887 2674 1060 2730 certis
1100 2672 1397 2745 aliquibus
1455 2672 1686 2728 indiciis
1744 2673 1955 2745 poterit

303 2766 692 2839 comprobari,
716 2768 783 2820 ut
803 2766 1094 2819 annuente
1113 2762 1229 2817 Deo
1250 2760 1638 2816 Ecclesiarum
1657 2778 1768 2832 pax
1794 2761 1955 2816 nulla

305 2855 609 2913 occasione
638 2854 927 2920 turbetur,
959 2855 1017 2908 et
1046 2868 1174 2923 quae
1207 2867 1309 2922 pro
1340 2849 1602 2905 ﬁdelium
1634 2849 1821 2906 salute
1841 2854 1955 2905 sta-

302 2948 434 3001 tuta
461 2947 623 3011 sunt,
656 2941 896 3015 perenni
933 2946 1195 3013 tempore
1249 2937 1592 2994 inconvulsa
1638 2938 1954 2995 stabilitate

304 3032 792 3107 persistsnt.8ane
812 3030 862 3086 si
885 3029 1019 3103 quis
1037 3030 1093 3085 in
1116 3028 1438 3085 crastinum
1460 3027 1952 3100 archiepiscOpus,

307 3124 641 3197 episcopus,
673 3121 991 3193 imperator
1048 3124 1148 3173 aut
1176 3134 1295 3185 rex,
1355 3117 1627 3189 princeps
1682 3121 1784 3172 aut
1814 3118 1951 3185 dux,

307 3227 505 3270 comes
537 3214 640 3266 aut
666 3211 1008 3276 vicecomes,
1035 3207 1219 3279 judex
1249 3210 1351 3262 aut
1396 3222 1644 3278 persona
1682 3205 1957 3278 quaelibet

2046 716 2378 773 Decembris
2407 718 2722 776 indiCtione
2750 736 2824 787 1v,
2845 737 2996 775 anno
3019 719 3321 776 dominicas
3344 722 3691 780 Incarnatio-

2047 805 2139 862 nis
2178 823 2351 873 δίκον,
2376 807 2748 878 pontiﬁcatus
2769 813 2960 865 autem
2982 808 3179 865 domni
3204 809 3415 866 Urbani
3438 828 3598 884 papas
3617 814 3685 869 ll.

2790 898 2953 953 CVII.

2051 985 2257 1058 Urbani
2285 987 2585 1058 (Ifepistola
2608 987 2678 1042 ad
2705 987 2970 1043 Alardum
3001 989 3420 1058 Atrebatensem,
3452 994 3689 1048 Bernar-

2117 1056 2250 1111 dum
2280 1056 2787 1114 Obstrevandensem
2817 1061 3280 1126 archidiaconum,
3313 1056 3421 1117 etc.
3446 1093 3515 1104 —
3552 1065 3690 1120 Hor-

2120 1130 2276 1215 igitur
2435 1130 2717 1185 Lamberto
2770 1132 3014 1215 episcopo
3062 1133 3401 1190 Atrebatemi
3444 1133 3692 1208 deinceps

2120 1198 2388 1255 obedient.

2651 1274 2854 1345 (Anno.
2906 1274 3088 1345 1094.)

2479 1343 2685 1412 [MANSI
2720 1343 2924 1400 Concil.
2965 1343 3077 1413 XX,
3118 1347 3269 1419 674.]

2121 1428 2398 1485 Uasaxus
2414 1431 2743 1502 episcopus,
2763 1449 2965 1488 servus
2985 1450 3282 1491 servorum
3315 1436 3436 1504 Dei,
3469 1437 3696 1496 dilectis

2052 1517 2188 1574 filiis
2206 1520 2437 1574 ALARDO
2448 1519 2834 1587 Atrebatensi,
2850 1521 3161 1579 Bsnuanno
3186 1524 3693 1593 Obstrevandensi,

2053 1607 2498 1676 archidiaconis,
2531 1611 2588 1663 et
2616 1609 2888 1665 omnibus
2904 1611 3230 1683 praepositis
3259 1618 3433 1685 atque
3459 1615 3696 1672 decanis

2053 1712 2185 1752 cum
2219 1696 2494 1751 omnibus
2525 1696 2747 1753 clericis
2776 1698 2871 1768 qui
2906 1699 2964 1753 in
3006 1700 3294 1771 praedictis
3333 1702 3695 1761 archidiaco-

2054 1785 2169 1840 niis
2201 1789 2356 1850 sunt,
2391 1785 2641 1842 salutem
2683 1790 2740 1842 et
2786 1788 3162 1859 apostolicam
3211 1790 3695 1849 benedictionem.

2123 1874 2464 1947 Apostolicze
2496 1875 2654 1931 sedis
2684 1892 2791 1931 nos
2813 1876 3110 1948 compellit
3128 1880 3444 1936 auctoritas
3473 1882 3701 1938 univer-

2056 1962 2136 2018 sis
2166 1979 2268 2035 per
2297 1965 2495 2019 orbem
2526 1967 2813 2019 terrarum
2846 1965 3122 2021 Ecclesiis
3153 1968 3471 2039 providere,
3505 1974 3563 2026 et
3591 1988 3701 2028 sua

2047 2053 2187 2123 jura
2218 2053 2595 2123 poscentibus
2629 2058 2867 2126 paterna
2907 2055 3310 2127 compassione
3340 2074 3698 2116 succurrere.

2056 2141 2203 2206 Quia
2224 2141 2400 2213 igitur
2420 2142 2819 2199 Atrebatensis
2841 2143 3098 2199 Ecclesia
3120 2145 3325 2201 multis
3337 2145 3464 2217 jam
3485 2151 3703 2221 tempo-

2057 2230 2221 2286 ribus
2250 2229 2485 2303 propria
2511 2247 2714 2287 carens
2745 2231 3029 2304 dignitate
3060 2232 3496 2291 Cameracensis
3517 2236 3704 2292 Eccle-

2058 2318 2152 2374 sia:
2175 2320 2383 2390 jugum
2418 2318 2672 2391 pertulit,
2729 2319 2972 2392 dignum
3018 2322 3274 2393 profecto
3329 2323 3603 2380 duximus
3641 2330 3705 2381 ut

2058 2407 2407 2479 propitiante
2441 2407 2685 2464 Domino
2708 2409 2927 2465 amissa
2955 2409 3276 2483 eidignitas
3293 2429 3360 2466 ex
3373 2412 3702 2484 apostolicae

2060 2497 2216 2552 sedis
2246 2496 2523 2563 dignitate
2547 2498 2968 2553 restitueretur.
2994 2500 3189 2571 Neque
3211 2500 3363 2557 enim
3396 2503 3703 2574 subjectio-

2060 2601 2192 2640 nem
2224 2586 2619 2641 Atrebatensis
2650 2586 2916 2643 Ecclesiae
2948 2587 3183 2660 aliquod
3208 2589 3481 2646 Romanis
3512 2596 3705 2648 aucto-

2062 2673 2253 2729 ritatis
2282 2673 2734 2746 chirographum
2778 2676 3294 2732 Cameracensihus
3325 2677 3596 2746 vindicat,
3648 2684 3706 2736 et

2060 2762 2458 2818 Atrebatensis
2482 2761 2642 2818 urbis
2664 2763 3025 2835 populositas
3038 2764 3377 2837 longeillam
3401 2750 3493 2821 cui
3516 2767 3705 2823 hacte-

2064 2868 2175 2906 nus
2206 2849 2441 2906 subdita
2481 2851 2670 2907 fuerat
2721 2852 3023 2908 antecedit.
3056 2854 3125 2908 Et
3165 2870 3457 2911 canonum
3507 2855 3705 2929 itaque

2063 2938 2331 3005 decretis,
2390 2944 2446 2994 et
2503 2940 2993 3012 praedecessorum
3053 2946 3383 2998 nostrorum
3423 2945 3706 3017 exemplis

2064 3027 2212 3095 freti,
2238 3029 2642 3084 nunctandem
2660 3034 2952 3085 annuente
2964 3030 3212 3086 Domino
3232 3032 3704 3090 Atrebatensium

2060 3116 2209 3172 votis
2218 3117 2243 3188 j
2252 3116 2400 3172 ustis
2424 3122 2481 3172 et
2492 3116 2867 3189 petitionibus
2882 3118 3234 3190 importunis
3247 3119 3519 3176 effectum
3545 3121 3707 3177 dedi-

2066 3222 2215 3273 mus,
2273 3211 2329 3261 et
2384 3205 2771 3262 venerabilem
2818 3206 3005 3263 virum
3067 3208 3461 3278 Lambertum,
3531 3227 3706 3283 quem

309 3316 519 3373 magna
550 3297 637 3354 vel
669 3314 847 3372 parva
875 3296 1054 3368 hujus
1094 3294 1277 3352 nostri
1336 3292 1621 3367 privilegii
1682 3293 1955 3367 paginam
1995 3365 2027 3373 _
2065 3293 2364 3350 communi
2396 3310 2641 3351 assensu
2673 3295 2920 3351 electum
2969 3297 3041 3351 ad
3077 3314 3181 3353 nos
3229 3314 3362 3353 cum
3411 3298 3708 3354 communi

308 3389 520 3456 sciens,
541 3392 743 3444 contra
762 3404 891 3443 eam
908 3391 1127 3442 temere
1145 3384 1340 3440 venire
1357 3383 1683 3453 tentaverit,
1699 3385 1953 3439 secundo
1985 3365 2028 3433 (ἶ
2067 3383 2298 3438 decreto
2328 3382 2706 3449 deduxerant,
2739 3383 2797 3439 in
2830 3384 3167 3457 episcopum
3214 3386 3706 3443 consecravimus.

306 3478 549 3535 tertiove
577 3475 990 3543 commonitus,
1021 3475 1073 3530 si
1110 3490 1225 3529 non
1276 3471 1672 3529 satisfactione
1703 3489 1960 3545 congrua

307 3565 719 3632 emendaverit,
744 3565 1047 3638 potestatis
1068 3563 1423 3634 honorisque
1443 3561 1534 3617 sui
1565 3561 1846 3635 dignitate
1868 3579 1959 3617 ca-

309 3659 452 3725 reat,
468 3670 752 3727 reumque
763 3669 825 3710 se
837 3652 1031 3708 divino
1042 3651 1266 3723 judicio
1284 3651 1528 3707 existere
1544 3650 1613 3705 de
1630 3654 1959 3723 perpetrata

307 3745 620 3818 iniquitate
649 3746 980 3816 cognoscat,
1029 3746 1086 3796 et
1115 3758 1148 3796 a
1179 3740 1578 3797 sacratissimo
1636 3755 1873 3811 corpore
1901 3744 1959 3796 et

308 3833 598 3908 sanguine
628 3832 728 3888 Dei
759 3847 827 3886 ac
873 3829 1099 3885 Domini
1148 3827 1554 3900 Redemptoris
1602 3827 1783 3882 nostri
1815 3827 1956 3883 Jesu

310 3923 527 3979 Christi
561 3920 787 3977 alienus
822 3919 941 3987 ﬁat,
974 3924 1150 3990 atque
1172 3918 1229 3973 in
1275 3921 1531 3973 extremo
1561 3916 1825 3972 examine
1869 3916 1956 3971 di-

311 4012 528 4070 stricta:
556 4009 764 4066 ultioni
800 4008 1117 4079 subiaceat.
1150 4006 1386 4062 Cunctis
1443 4006 1632 4061 eidem
1683 4005 1796 4060 ista
1832 4005 1957 4061 loco

310 4098 683 4160 servantibus
694 4099 774 4155 sit
794 4115 904 4170 pax
929 4096 1156 4153 Domini
1176 4095 1401 4151 nostriJ
1407 4111 1511 4150 esu
1523 4093 1956 4166 Christi,quate-

309 4206 428 4247 nus
453 4193 512 4245 et
529 4187 625 4243 hic
646 4187 902 4242 fructum
924 4186 1087 4242 bonas
1109 4184 1353 4241 actionis
1376 4183 1776 4256 percipiant,et
1804 4183 1959 4255 apud

308 4278 643 4336 districtum
664 4275 927 4348 judicem
949 4274 1191 4349 prazmia
1210 4278 1424 4330 aaterna
1447 4273 1608 4345 pacis
1638 4272 1958 4329 inveniant.

382 4367 700 4424 Benedictus
728 4367 869 4421 Deus
1010 4364 1306 4435 Scriptum
1346 4379 1449 4434 per
1498 4378 1734 4418 manum
1783 4361 1963 4417 Boni-

486 4459 542 4511 et
594 4456 760 4512 Pater
940 4452 1199 4509 hominis
1251 4450 1539 4508 scriniarii
1595 4450 1744 4506 sacri
1801 4449 1960 4523 pala-

452 4547 508 4601 S.
727 4544 783 4600 S.
937 4543 1024 4598 tii.
1074 4545 1287 4597 Datum
1320 4540 1518 4597 Romae
1558 4556 1662 4612 per
1716 4556 1960 4595 manum

389 4637 580 4691 Petrus
652 4634 860 4689 Paulus
932 4631 1200 4697 Joannis,
1237 4631 1302 4686 R.
1337 4631 1395 4686 S.
1449 4630 1510 4685 Ε.
1555 4628 1787 4685 diaconi
1836 4645 1959 4684 car-

505 4723 750 4781 Urbanus

450 4815 563 4870 PP.
732 4813 800 4868 II.
950 4810 1201 4866 dictione
1232 4826 1291 4877 1|,
1327 4825 1478 4864 anno
1520 4807 1831 4863 Dominicae
1866 4808 1960 4862 ln-

406 4903 630 4961 Domim'
681 4903 856 4959 nostri
956 4898 1499 4956 carnationis'lO93
1544 4898 1685 4969 (24),
1726 4896 1959 4969 pontiﬁ-

436 4995 561 5049 Jesu
592 4992 815 5048 Christi.
951 4994 1115 5046 catus
1148 4992 1343 5044 autem
1392 4985 1615 5042 domini
1661 4984 1879 5041 Urbani
1913 4982 1963 5039 II

952 5095 1113 5150 papae
1146 5076 1416 5149 septimo.

386 5169 710 5227 Recitatum
725 5172 816 5226 est
828 5171 1025 5224 autem
1038 5167 1146 5223 hoc
1161 5164 1532 5240 privilegium
1552 5164 1610 5219 in
1637 5163 1968 5219 Claromon-

314 5260 468 5316 tonsi
497 5258 743 5316 concilio
765 5275 832 5314 ex
846 5261 1134 5331 praecepto
1152 5256 1351 5312 domni
1375 5254 1590 5311 Urbani
1617 5254 1688 5321 ll,
1717 5252 1808 5308 cui
1840 5251 1966 5324 ipse

315 5349 607 5422 praesedit,
642 5352 698 5404 et
736 5363 868 5403 cum
903 5363 969 5403 eo
1005 5345 1330 5402 cardinales
1378 5342 1648 5408 Romani,
1684 5339 1965 5413 archiepi-

318 5438 479 5511 scopi
510 5454 631 5507 xm,
665 5436 920 5510 episcopi
969 5452 1165 5501 ccxxv,
1212 5435 1453 5490 abhates
1498 5449 1630 5489 vero
1690 5449 1758 5486 xc
1790 5436 1844 5485 et
1902 5448 1967 5486 eo

319 5525 611 5599 amplius;
654 5525 908 5598 exceptis
943 5522 1206 5580 honestis
1230 5528 1286 5579 et
1305 5521 1590 5594 religiosis
1609 5520 1970 5575 diversarum

319 5616 623 5689 regionum
638 5619 697 5671 et
715 5613 1145 5688 provinciarum
1169 5612 1392 5668 clericis
1404 5616 1461 5667 et
1479 5609 1970 5666 laicis.Etintente

318 5709 376 5761 et
403 5705 509 5762 sub
533 5720 746 5777 magno
767 5702 996 5761 silentio
1028 5702 1099 5758 ab
1132 5701 1291 5757 omni
1312 5717 1591 5757 concessu
1615 5697 1848 5755 concilii
1874 5716 1972 5755 au-

398 5794 510 5866 (24)
545 5792 714 5850 Falsa
746 5792 963 5849 notatio
996 5790 1295 5864 temporis.
1323 5789 1506 5847 Hann.

2063 3472 2133 3527 Et
2163 3487 2406 3543 quaeque
2438 3472 2510 3526 ad
2538 3471 2977 3529 Atrebatensem
3006 3473 3340 3546 parochiam
3381 3475 3708 3548 antiquitus

2064 3560 2419 3633 pertinuisse
2444 3566 2790 3627 noscuntur,
2826 3562 2939 3633 ipsi
2969 3569 3025 3617 et
3055 3563 3241 3635 ipsius
3271 3565 3710 3621 successoribus

2064 3653 2343 3723 perpetuo
2402 3649 2675 3722 regenda,
2707 3654 2766 3704 et
2820 3650 3134 3722 episcopali
3180 3654 3314 3722 jure
3357 3652 3713 3723 possidenda

2067 3736 2358 3810 privilegii
2390 3738 2735 3795 auctoritate
2764 3740 3088 3795 firmamus.
3123 3739 3479 3795 Nominatim
3520 3740 3709 3797 archi-

2065 3827 2363 3882 diaconias
2392 3826 2560 3894 duas,
2595 3843 2845 3899 quarum
2893 3845 3011 3883 una
3051 3829 3471 3897 Atrebatcnsis,
3531 3828 3713 3887 altera

2068 3915 2281 3971 dicitur
2309 3915 2847 3972 Obstrevandcnsis.
2878 3917 3143 3973 Vestram
3175 3934 3311 3991 ergo
3342 3917 3710 3975 dilectionem

2065 4003 2277 4060 litteris
2302 4005 2689 4076 praesentibus
2716 4006 3103 4062 admonemus
3134 4011 3309 4079 atque
3338 4005 3710 4080 pracipimus

2069 4096 2133 4149 ut
2152 4092 2203 4149 ei
2228 4092 2500 4165 deinceps
2526 4098 2807 4166 tanquam
2833 4095 3113 4151 cardinali
3131 4095 3710 4169 episcopo,tanquam

2068 4183 2132 4238 B.
2165 4182 2317 4238 Petri
2378 4183 2653 4240 manibus
2703 4191 3041 4241 consecrato
3087 4187 3329 4242 subesse
3377 4190 3434 4241 et
3479 4185 3713 4242 obedire

2071 4273 2305 4328 curetis.
2339 4272 2501 4328 Unde
2530 4277 2588 4329 et
2639 4290 2741 4329 vos
2769 4278 2827 4330 et
2879 4272 3120 4330 cleridos
3175 4274 3475 4331 universos
3514 4274 3613 4347 qui
3651 4274 3712 4330 in

2070 4362 2362 4433 praedictis
2392 4361 2841 4419 archidiaconiis
2874 4369 3032 4433 sunt,
3066 4382 3100 4419 a
3132 4364 3489 4436 professione
3521 4363 3715 4421 Eccle-

2073 4451 2171 4506 sia
2201 4450 2635 4507 Cameracensis
2660 4451 3043 4509 absolvimus.
3077 4453 3136 4508 Si
3169 4454 3268 4525 qui
3291 4470 3421 4509 vero
3444 4453 3596 4509 inter
3614 4470 3717 4508 vos

2071 4539 2251 4610 hujus
2279 4544 2495 4596 nostra;
2528 4543 2963 4598 constitutionis
2993 4546 3189 4598 tenore
3229 4547 3528 4615 perspecto
3567 4559 3718 4614 prae-

2071 4628 2224 4683 dicto
2253 4629 2528 4683 conl‘ralri
2560 4636 2759 4686 nostro
2791 4631 3156 4687 Atrebatensi
3188 4630 3456 4704 episcopo
3487 4631 3720 4687 obedire

939 4719 1175 4788 dinalis,
1208 4738 1244 4775 x
1296 4719 1529 4775 Kalend.
1584 4716 1822 4791 Aprilis,
1865 4717 1953 4773 in-
1986 4729 2033 4794 D
2064 4716 2538 4788 contempserint,
2577 4735 2992 4791 quamcunque
3020 4720 3078 4774 in
3102 4736 3201 4776 eos
3228 4719 3576 4775 sententiam
3599 4720 3724 4792 ipse

2069 4803 2383 4878 episcopali
2414 4806 2813 4863 moderatione
2842 4809 3163 4877 dictaverit,
3198 4807 3560 4864 auctoritatis
3590 4823 3722 4864 nos-

2069 4898 2173 4950 true
2203 4894 2456 4965 pondere
2487 4894 2660 4950 ﬁrma
2683 4902 3040 4967 permaneat.

2148 4984 2288 5040 Data
2317 4983 2510 5038 Romae
2541 5000 2597 5038 Ix
2627 4984 2753 5039 Kal.
2786 4984 3020 5057 Aprilis.

2809 5074 3003 5130 CVIII.

2078 5162 2284 5219 Urbani
2304 5164 2354 5218 II
2383 5162 2615 5233 epistola
2644 5162 2714 5218 ad
2742 5162 2994 5219 Aloldum
3024 5163 3078 5217 S.
3120 5163 3349 5233 Vcdasti,
3390 5162 3724 5221 Richardum

2145 5233 2590 5302 Μανείαηθηδεηι,
2633 5236 2911 5291 Atbertum
2964 5237 3421 5304 Hasnoniensem,
3470 5236 3721 5291 "amri—

2148 5321 2271 5379 cum
2299 5306 2785 5379 Aquicz'nctenscm,
2835 5307 3149 5379 abbates,“
3185 5308 3243 5361 S.
3292 5306 3643 5379 Rugenfredis
3671 5308 3722 5361 et

2148 5377 2516 5433 Strumensem
2565 5378 2884 5434 abbatissas.
2914 5410 2978 5419 ——
3032 5378 3157 5434 Illos
3202 5394 3397 5449 parcre
3442 5377 3721 5433 Lamberto

2147 5449 2390 5520 episcopo
2410 5451 2750 5505 Atrebate-nsi
2763 5453 2949 5520 jubet.

2704 5540 2890 5611 (Anno
2922 5522 3107 5605 4094.)

2326 5610 2582 5681 [ΒΑιυΖ.,
2615 5609 2835 5669 Misce”.
2885 5612 3023 5668 edit.
3058 5612 3192 5669 Luc.
3224 5610 3293 5679 ΙΙ,
3329 5609 3473 5681 133.]

2150 5697 2426 5755 Unsxaus
2448 5701 2780 5774 episcopus,
2805 5718 3007 5759 servus
3024 5717 3321 5759 servorum
3352 5698 3473 5768 Dei,
3495 5695 3721 5756 dilectis
