3950 6420
235 445 354 514 3⁸8

1529 443 1611 512 B.’
1646 444 1943 514 URBANI
1966 443 2041 511 ἸῙ
2082 445 2342 512 ΡΑΡΑΞ.

3516 447 3635 514 384

234 582 375 643 filiis
402 585 630 641 Amano
650 581 849 640 Sancti
867 578 1125 652 Vedasti,
1150 580 1439 641 Richardo
1468 582 1875 653 Marcianensi,
1905 582 1962 650 Α
1990 581 2284 656 prosequi,
2316 584 2383 639 ut
2413 580 2750 655 quicunque
2776 579 2839 638 in
2888 579 3133 640 duabus.
3161 579 3637 653 archidiaconiis,

232 673 473 731 Alberto
494 672 875 740 Hasnonensi,
907 672 1211 729 Hamerico
1249 672 1624 746 Aquicinensi
1655 674 1879 730 abbati-

233 763 384 830 bus;
416 762 552 818 item
588 761 895 817 abbatissa
927 762 1151 818 Sanctae
1182 762 1583 834 Ragenfredis,
1614 768 1672 818 et
1702 763 1877 819 abba-

231 850 388 908 tissa
418 850 768 920 Strumensi,
801 849 1051 907 salutem
1083 855 1143 907 et
1186 851 1566 924 apostolicam
1608 852 1876 909 benedic-

229 941 471 997 tionem.

300 1028 638 1102 Apostolica
665 1028 845 1094 sedis,
898 1033 1031 1097 etc.,
1092 1032 1151 1085 ut
1191 1047 1360 1102 supra
1413 1047 1583 1103 usque
1628 1031 1873 1104 dignum

228 1118 504 1174 duximus
534 1123 601 1174 ut
629 1119 892 1191 ejusdem
922 1117 1188 1174 Ecclesia
1220 1118 1356 1175 filiis
1401 1119 1682 1176 amissam
1712 1137 1872 1192 repe-

227 1207 488 1263 tentibus
517 1207 881 1280 dignitatem,
917 1212 1129 1263 nostra
1159 1207 1534 1280 benignitatis
1565 1208 1869 1264 inclinare-

227 1312 364 1352 mus
395 1306 722 1353 assensum.
755 1297 951 1367 Neque
1002 1295 1180 1363 enim,
1212 1301 1343 1365 etc.,
1378 1301 1439 1352 ut
1488 1313 1657 1368 supra
1701 1314 1871 1368 usque

226 1385 540 1458 episcopali
562 1386 698 1454 jure
718 1385 1071 1456 possidenda
1089 1386 1472 1451 ﬁrmavimus,
1496 1386 1865 1453 nominatim,

224 1483 356 1541 etc.,
388 1481 452 1529 ut
494 1489 666 1544 supra
706 1489 876 1545 usque
928 1472 1233 1529 dictaverit
1286 1474 1458 1529 ﬁrma
1508 1482 1863 1547 permaneat.

224 1562 458 1630 Datum,
491 1566 551 1617 ut
577 1578 764 1634 supra.

967 1668 1104 1725 CIX.

226 1758 432 1817 Urbani
484 1757 534 1813 11
584 1758 815 1833 epistola
869 1758 973 1833 ad__
1004 1758 1338 1814 hainaldum
1386 1761 1870 1833 archiepiscopum

293 1832 609 1905 Rememem
635 1837 687 1905 et
711 1830 827 1898 ejus
856 1830 1249 1905 sum-agonem.
1280 1860 1346 1872 —-
1376 1830 1867 1905 Lambertum'epi-

291 1916 512 1973 scopum
537 1900 941 1956 Atrebatensem
968 1901 1087 1956 illis
1113 1901 1464 1959 commendat.

862 1989 1048 2061 (Anno
1075 1990 1258 2061 1094.)

679 2077 887 2151 [ΜΑΝει
920 2078 1126 2135 Concil.
1157 2079 1270 2149 XX,
1297 2081 1450 2153 673.]

292 2182 573 2241 Uasmus
595 2184 923 2257 episcopus,
944 2201 1147 2242 servus
1165 2200 1461 2243 servorum
1483 2188 1607 2256 Dei,
1640 2189 1868 2247 dilectis

221 2272 501 2329 fratribus
532 2278 589 2329 et
616 2274 975 2347 coepiscopis
1004 2275 1310 2332 RAYNALDO
1341 2277 1614 2333 Remensi
1657 2284 1715 2334 et
1744 2281 1867 2335 suf-

219 2361 513 2434 fraganeis
542 2363 690 2435 ejus,
724 2362 972 2419 salutem
1003 2368 1059 2421 et
1085 2364 1465 2437 apostolicam
1512 2367 1865 2424 benedictio-

222 2467 357 2506 nem
366 2491 379 2505 .

291 2540 436 2596 Cum
467 2540 878 2597 Atrebatenses
907 2540 1099 2599 clerici
1126 2541 1379 2600 electum
1402 2562 1577 2601 suum
1609 2562 1743 2601 cum
1773 2548 1865 2604 de-

219 2631 373 2684 creto
403 2628 702 2684 communi
725 2630 1040 2702 prasentia
1063 2635 1275 2687 nostra
1305 2632 1728 2702 exhibuissent,
1758 2652 1865 2692 nos

217 2733 317 2772 eos
358 2718 513 2789 apud
563 2734 669 2773 nos
713 2717 938 2791 integro
992 2719 1214 2776 mensis
1252 2721 1441 2793 spatio
1489 2723 1860 2793 retinuimus,

216 2804 749 2874 Cameracensium,
790 2807 1190 2880 prastolantes
1247 2811 1581 2879 adventum,
1638 2812 1686 2868 si
1719 2813 1865 2869 forte

216 2893 455 2965 aliquod
471 2895 905 2952 munimentum
921 2896 1192 2953 afferrent
1205 2914 1307 2969 per
1318 2899 1471 2970 quod
1484 2900 1860 2958 Cameracen-

215 2982 264 3038 si
287 2983 549 3039 Ecclesia
570 2984 970 3040 Atrebatensis
992 2986 1286 3041 videretur
1297 3002 1421 3043 esse
1439 2988 1720 3059 subjecta.
1740 2991 1859 3062 Ipsi

215 3075 410 3127 autem
441 3072 593 3129 sicut
621 3074 679 3128 in
710 3073 1016 3146 prateritis
1044 3073 1330 3143 terminis,
1366 3075 1447 3131 ita
1474 3080 1531 3132 et
1568 3081 1708 3134 tunc
1742 3096 1857 3136 non

211 3166 507 3230 venerunt,
541 3179 647 3217 nec
670 3177 895 3230 causas,
924 3178 1028 3217 cur
1055 3179 1171 3219 non
1199 3168 1475 3220 venerant
1501 3166 1854 3224 direxerunt.

1988 670 2256 728 videlicet
2273 671 2638 729 Atrebatensi
2663 670 3238 739 etObStrevandensi,
3258 671 3451 729 clerici
3470 678 3631 742 sunt,

1988 776 2022 815 a
2052 760 2407 832 professione
2437 759 2872 817 Cameracensis
2919 758 3186 817 Ecclesia
3235 761 3630 819 absolvantur.

1987 847 2048 904 Si
2078 852 2181 921 qui
2210 866 2343 905 vero
2372 850 2607 905 obedire
2622 850 3102 921 cdntempserint,
3133 852 3548 923 quamcunque
3566 851 3640 909 in-

1985 953 2084 994 eos
2113 937 2464 994 sententiam
2497 938 2622 1009 ipse
2650 938 2965 1010 episcopali
3004 938 3401 996 moderatione
3447 940 3633 996 dic‘ta-

1983 1026 2133 1082 veris
2163 1027 2335 1082 firma
2363 1030 2723 1099 permaneat;

2052 1114 2200 1171 Data
2229 1115 2424 1171 Roma
2453 1132 2550 1171 vm
2580 1114 2871 1172 Kalendas
2897 1114 3132 1187 Aprilis.

2752 1230 2839 1288 CX

1984 1316 2189 1373 Urbani
2215 1318 2270 1374 II
2292 1320 2519 1390 epistola
2557 1320 2626 1375 ad
2661 1319 3012 1376 Guitlelmum
3056 1320 3495 1378 Pictavien'sium'
3539 1338 3626 1379 co-

2045 1389 2251 1444 mitem.
2284 1389 2352 1431 -ὲ
2380 1392 2642 1447 Hortatur
2669 1395 2729 1447 ut
2764 1393 2949 1447 ablata
2994 1395 3322 1448 monasterio
3358 1393 3627 1450 Vindoci-

2046 1462 2205 1516 nensi
2225 1461 2432 1517 reddat.

2598 1550 2783 1623 (Anno
2812 1551 2996 1625 4094.)

1979 1636 2146 1710 [0pp.
2204 1638 2498 1696 Godefridi
2547 1640 3002 1784 Vinciocinbiet}.
3061 1641 3382 1708 Sirmond.,
3441 1640 3624 1713 in-IZ,

2595 1729 2668 1768 no
2701 1755 2737 1778 .,
2768 1730 2825 1784 p.
2930 1750 2945 1766 .

2595 1729 2737 1778 non,
2768 1730 2825 1785 p.
2857 1729 2945 1767 υι.

2048 1824 2328 1882 υιιΒΑΝυε
2348 1825 2679 1899 eqiscopus,
2712 1842 2914 1884 servus
2934 1843 3237 1884 servorum
3259 1827 3382 1896 Dei,
3418 1827 3628 1886 dilecto

1978 1911 2098 1969 ﬁlio
2129 1914 2463 1971 GUILLELMO
2494 1914 2944 1973 Pictaviensium
3002 1915 3227 1988 comiti,
3267 1916 3520 1975 salutem
3569 1924 3631 1977 et

1979 2001 2355 2074 apostolicam
2386 2004 2872 2060 benedictionem.

2048 2092 2210 2164 Sape
2237 2096 2403 2149 tuam
2447 2091 2708 2148 indolem
2766 2093 3243 2151 commonuimus
3299 2098 3375 2150 ut'
3404 2095 3627 2169 egregii

1977 2180 2257 2253 principis
2278 2182 2461 2254 patris
2489 2181 2577 2237 tui
2606 2181 2970 2238 devotionem
3020 2186 3197 2255 atque
3251 2184 3623 2256 prudentiam

1976 2268 2245 2325 imiteris.
2270 2270 2401 2342 Ipse
2425 2270 2788 2342 principatus
2825 2271 2916 2326 sui
2940 2270 3216 2326 ecclesias
3246 2272 3625 2330 devotissime

1975 2357 2174 2427 coluit,
2199 2357 2395 2430 plures
2422 2359 2596 2415 rebus
2629 2359 2753 2416 suis
2778 2358 3003 2426 ditavit,
3035 2376 3212 2417 novas
3234 2360 3410 2417 etiam
3433 2378 3468 2417 a
3488 2361 3615 2418 fun-

1975 2447 2267 2504 damentis
2293 2447 2594 2504 exstruxit.
2630 2448 2711 2504 De
2738 2452 2794 2505 te
2823 2464 2957 2504 vero
2988 2449 3320 2506 miramur:
3355 2450 3454 2522 qui
3483 2467 3622 2508 cum

1974 2534 2105 2591 aliis
2136 2535 2307 2593 bonis
2336 2537 2550 2594 studiis
2582 2543 2869 2610 quantum
2899 2539 2972 2593 ad
3005 2536 3251 2594 militem
3280 2537 3527 2611 polleas,
3557 2540 3631 2597 in’

1973 2624 2082 2680 hoc
2110 2641 2147 2680 a
2175 2625 2360 2697 patris
2390 2625 2475 2681 tui
2518 2626 2806 2698 probitate
2865 2625 3220 2699 degenerare
3254 2626 3620 2700 'perhiberis,

1973 2713 2127 2785 quod
2156 2712 2532 2769 ecclesiarum
2551 2715 2687 2785 jura
2707 2715 3035 2786 perturbes,
3066 2719 3123 2770 et
3152 2731 3300 2788 quas
3331 2715 3431 2772 ille
3478 2717 3617 2773 fun-
3678 2762 3684 2769 .

1971 2802 2129 2857 davit
2158 2802 2464 2874 exspolies.
2498 2802 2764 2858 Pervenit
2792 2803 2865 2858 ad
2898 2820 3004 2858 nos
3055 2805 3210 2875 quod
3262 2806 3618 2863 monasterio

1969 2889 2382 2948 Vindocinensi
2413 2890 2719 2948 ecclesiam
2750 2891 2910 2947 Beati
2964 2891 3216 2966 Georgii,
3251 2893 3311 2948 in
3350 2892 3619 2953 Oleronis

1969 2977 2163 3035 insula
2192 2980 2387 3047 sitam,
2415 2996 2550 3036 cum
2581 2981 2837 3052 quadam
2854 2979 3078 3053 optima
3097 2984 3251 3037 terra
3279 2981 3610 3040 abstuleris.

1968 3067 2275 3139 Teitaque,
2300 3067 2644 3124 charissima
2663 3067 2766 3138 ﬁli,
2781 3068 3168 3141 prasentibus
3188 3068 3398 3126 litteris
3417 3072 3617 3128 admo-

1967 3172 2176 3212 nemus
2206 3160 2272 3212 ut
2296 3156 2447 3213 sicut
2475 3161 2808 3213 sanctorum
2839 3157 3237 3229 apostolorum
3261 3163 3324 3215 et
3352 3164 3615 3218 nostram

208 3247 326 3306 Nos
355 3249 536 3322 igitur
556 3252 784 3322 justam
819 3251 1057 3308 omnino
1102 3268 1341 3308 causam
1384 3255 1855 3314 Atrebatensium
1963 3245 2212 3317 εταιίειω
2243 3245 2459 3318 diligis»
2493 3245 2797 3302 θθοῙθείδω
2828 3245 2992 3302 illam
3014 3251 3072 3302 et
3091 3251 3446 3321 mntem-qua
3471 3249 3616 3306 Vi‘n‘

208 3339 650 3411 perpendentes,
665 3344 723 3395 et
740 3339 969 3396 labores
991 3357 1096 3412 pro
1117 3340 1384 3399 Ecclesia
1407 3360 1525 3398 suae
1537 3345 1855 3403 restitutio-
1883 3324 1926 3392 C
1966 3334 2380 3391 docinensibus
2396 3335 2698 3392 monachis
2719 3334 3040 3399 abstulisti,
3054 3335 3114 3391 in
3132 3352 3332 3392 eorum
3353 3341 3614 3411 potesta-

207 3443 281 3483 ne
292 3428 419 3499 jam
447 3427 710 3484 diutinos
730 3428 1048 3500 apostolica
1068 3431 1518 3488 mansuetudine
1538 3434 1854 3507 respicien-

206 3521 314 3583 tes,
337 3520 672 3573 sanctorum
691 3533 983 3573 canonum
1000 3518 1247 3575 decretis
1263 3524 1322 3575 et
1344 3522 1672 3592 apostolica
1694 3526 1851 3581 sedis

203 3604 543 3661 auctoritate
569 3604 801 3673 muniti,
835 3605 1178 3679 religiosum
1208 3624 1275 3664 ac
1306 3610 1631 3681 sapientem
1660 3612 1851 3670 virum

202 3694 602 3762 Lambertum,
638 3711 814 3767 quem
847 3695 919 3751 ad
950 3713 1057 3751 nos
1087 3697 1463 3768 deduxerant,
1508 3700 1570 3755 B.
1605 3701 1851 3759 Vedasto

200 3787 258 3838 et
286 3782 510 3839 sanctis
527 3782 657 3839 aliis
680 3783 1056 3855 pontiﬁcibus
1073 3786 1173 3857 qui
1205 3786 1641 3845 inAtrebatensi
1662 3790 1850 3847 Eccle-

200 3870 289 3927 sia
309 3872 604 3944 quondam
624 3874 1042 3944 prasederunt,
1058 3873 1295 3930 tandem
1313 3874 1594 3949 largiente
1605 3880 1850 3936 Domino

200 3960 571 4016 instituimus
590 3978 1007 4019 successorem.
1034 3963 1204 4020 Salva
1222 3964 1282 4019 in
1304 3966 1580 4024 omnibus
1603 3968 1850 4025 Remen-

199 4050 281 4105 sis
299 4050 636 4123 metropolis
651 4051 989 4117 reverentia,
1005 4068 1184 4124 quam
1198 4053 1463 4111 videlicet
1476 4055 1680 4113 multis
1697 4061 1849 4113 retro

197 4139 563 4211 temporibus
586 4139 980 4208 imminutam,
998 4157 1154 4197 nunc
1175 4143 1408 4199 tandem
1432 4161 1536 4215 per
1556 4145 1853 4203 humilita-

196 4232 318 4283 tem
347 4231 611 4284 nostram
642 4228 1012 4301 omnipotens
1046 4230 1194 4285 Deus
1224 4230 1285 4285 in
1315 4237 1477 4302 parte
1506 4233 1617 4290 hac
1656 4235 1847 4291 redin-

196 4320 423 4389 tegrare
444 4317 721 4388 dignatus
740 4322 848 4374 est.
877 4319 1023 4374 Eum
1047 4319 1239 4389 itaque
1268 4321 1340 4376 ad
1358 4338 1461 4378 vos
1482 4339 1613 4378 cum
1639 4323 1849 4380 litteris

194 4404 580 4476 praesentibus
620 4405 985 4463 remittentes
1013 4407 1282 4464 charitati
1314 4415 1517 4466 vestra
1568 4412 1849 4470 attentius

196 4495 703 4563 commendamus,
736 4501 1008 4569 rogantes
1041 4514 1106 4552 ac
1136 4498 1541 4570 praecipientes
1589 4504 1655 4555 ut
1691 4501 1743 4556 ei
1775 4503 1848 4559 ad

193 4582 715 4656 redintegrandum
738 4585 1064 4643 commissa
1080 4586 1193 4642 sibi
1209 4587 1477 4642 Ecclesia
1492 4593 1711 4647 statum
1724 4594 1849 4647 tan-

196 4688 370 4743 quam
391 4673 669 4730 ooniratri
692 4678 749 4730 et
771 4675 1111 4765 coepiscopo
1133 4674 1379 4732 sollicite
1401 4676 1709 4736 assistatis.
1729 4680 1848 4738 Nos
1876 4700 1925 4765 Β

194 4761 488 4833 siquidem
519 4767 754 4820 auctore
784 4765 901 4821 Deo
922 4763 1254 4837 legitimum
1286 4766 1711 4837 sempiternum
1735 4774 1847 4827 sta-

192 4850 438 4919 tuimus,
471 4856 536 4907 ut
563 4853 963 4910 Atrebatensis
992 4853 1250 4911 Ecclesia
1271 4854 1554 4911 cardinali
1571 4857 1845 4932 deinceps

194 4938 451 5009 potiatur
488 4940 780 5011 episcopo.
814 4941 977 5005 Quod
1000 4945 1294 4998 annuente
1326 4943 1439 4998 Deo
1470 4946 1527 4999 et
1547 4944 1845 5019 religionis

196 5032 509 5099 augmento
540 5032 598 5083 et
627 5029 957 5086 animarum
989 5029 1184 5096 saluti,
1226 5035 1283 5086 et
1310 5032 1618 5103 temporali
1657 5035 1845 5108 ipsius

194 5115 460 5171 Ecclesia
507 5117 840 5175 revelationi
880 5118 1203 5191 plurimum
1243 5119 1541 5178 credimus
1582 5125 1844 5193 prolutu-

195 5204 520 5260 rum.Nunc
542 5210 650 5261 tua
670 5206 1083 5262 sollicitudinis
1106 5206 1717 5273 interest,charissime
1729 5215 1845 5271 fra-

192 5297 281 5349 ter
295 5293 595 5362 Rainolde,
614 5296 713 5368 qui
738 5302 858 5351 tam
880 5295 1248 5352 Atrebatensi
1265 5296 1530 5354 Ecclesia
1550 5318 1726 5373 quam
1744 5304 1849 5359 Ca-

195 5384 517 5440 meracensi
549 5384 978 5457 metrOpolitani
1012 5384 1352 5441 auctoritate
1384 5389 1694 5459 praesidere
1754 5410 1850 5448 co-

194 5472 512 5544 gnosceris,
548 5489 646 5528 eos
677 5489 883 5529 omnes
903 5472 1004 5544 qui
1035 5474 1363 5530 secundum
1396 5476 1685 5552 privilegii
1716 5498 1850 5537 nos-

192 5560 266 5616 tri
284 5564 547 5618 tenorem
563 5563 638 5618 ad
650 5562 1086 5618 Atrebatensem
1101 5561 1375 5619 videntur
1385 5565 1674 5636 pertinere
1688 5586 1853 5642 paro-

192 5648 407 5718 chiam,
433 5651 504 5706 ad
519 5649 775 5722 episcopi
796 5650 1193 5709 Atrebatensis
1209 5651 1602 5713 obedientiam
1616 5658 1733 5715 tuis
1755 5658 1850 5715 lit-

193 5737 331 5795 teris
355 5738 620 5807 invitare,
654 5742 713 5796 et
745 5739 1096 5798 sententiam
1119 5745 1380 5800 nostram
1412 5744 1533 5802 tuis
1555 5747 1850 5822 suffragiis

1963 3426 2079 3480 tem
2110 3422 2348 3480 omnino
2379 3423 2673 3481 restituas.
2708 3425 2818 3481 Res
2848 3425 3006 3481 enim
3047 3441 3267 3481 eorum
3302 3431 3625 3498 parentum

1961 3516 2200 3568 tuorum
2238 3511 2617 3587 eleemosyna
2653 3518 2793 3570 sunt
2829 3518 2888 3569 et
2925 3512 3255 3586 apostolica
3278 3515 3453 3571 sedis
3490 3515 3613 3572 alo-

1960 3602 2314 3668 dium.Quod
2329 3602 2377 3657 si
2392 3602 2544 3658 infra
2557 3602 2682 3659 dies
2699 3601 2941 3674 triginta
2960 3602 3099 3659 visis
3112 3602 3205 3659 his
3228 3602 3612 3676 litteris'quod

1961 3691 2313 3747 mandamus
2335 3690 2655 3764 adimplere
2687 3692 3132 3763 contempseris,
3166 3696 3224 3748 et
3247 3692 3611 3766 indignatio-

1960 3796 2095 3835 nem
2118 3784 2379 3836 nostram
2400 3779 2719 3846 incurristi,
2742 3784 2798 3836 et
2819 3779 3151 3853 apostolica
3181 3782 3351 3838 sedis
3369 3781 3611 3838 anathe-

1960 3872 2115 3924 mate
2137 3873 2192 3924 te
2223 3884 2567 3940 percussum
2604 3868 3010 3926 indubitanter
3030 3874 3337 3942 agnoscas.
3376 3871 3610 3927 Monas-

1957 3956 2176 4012 terium
2206 3955 2637 4012 Vindocinense
2656 3961 2713 4012 et
2732 3974 2825 4015 res
2842 3959 2914 4013 ad
2938 3959 3137 4032 ipsum
3155 3959 3512 4032 pertinentes
3527 3960 3612 4017 ita

1878 4046 1881 4051 ’
1959 4043 2280 4117 apostolica
2309 4045 2653 4102 auctoritate
2681 4048 3063 4104 corroborata
3093 4052 3435 4117 noscuntur,
3464 4049 3625 4105 utsii

1959 4133 2101 4205 quid
2133 4133 2254 4189 inte
2285 4134 2546 4191 ablatum
2575 4135 2662 4192 vel
2695 4135 3050 4193 distractum
3072 4155 3107 4194 a
3131 4140 3447 4210 quoquam
3481 4138 3626 4194 Γαθε-

1959 4222 2055 4289 rit,
2093 4240 2128 4278 a
2179 4222 2703 4294 pradecessoribus
2762 4225 2980 4284 nostris
3038 4227 3630 4284 excommunicatum-

1959 4329 2075 4368 non
2105 4311 2376 4381 dubites;
2411 4318 2468 4368 et
2497 4330 2670 4386 quem
2699 4315 2853 4370 beati
2890 4314 2975 4370 illi
3004 4314 3111 4370 viri
3141 4316 3610 4372 etcommunica-

1956 4405 2166 4457 verunt
2195 4419 2308 4457 non
2341 4419 2656 4475 possumus
2700 4403 2942 4471 solvere,
2991 4421 3097 4461 nec
3128 4405 3415 4462 debemus
3445 4422 3459 4461 :
3507 4407 3610 4464 sed

1958 4491 2113 4563 quod
2143 4489 2423 4558 iecerunt,
2458 4509 2566 4549 nos
2597 4494 2800 4550 eadem
2831 4493 3536 4553 auctoritate'ﬁrmamus.

2028 4583 2238 4636 Datum
2272 4581 2465 4638 Roma
2498 4600 2535 4638 ιι
2565 4583 2856 4640 Kalendas
2880 4582 3122 4657 Aprilis.

2724 4708 2860 4765 CXI.

1960 4794 2207 4871 Urbanus
2234 4799 2284 4854 Ιι
2320 4819 2361 4871 «ί
2379 4797 2588 4871 Amata,
2623 4799 2799 4871 legato
2823 4800 3152 4871 apostolicae
3172 4799 3350 4871 "sedis,
3379 4798 3616 4871 atiisque

2023 4867 2226 4941 duobus
2273 4869 2535 4941 episcopis
2583 4867 2826 4941 injungit
2855 4867 2917 4926 ut
2945 4869 3300 4927 Guilletmum
3332 4867 3612 4941 (comitem

2023 4940 2436 5008 Pictaviensem)
2469 4957 2569 5011 pro
2597 4940 3004 4998 eacomunieato
3028 4942 3283 5009 habeant,
3313 4940 3428 4997 nisi
3458 4943 3613 4997 intra

2023 5012 2231 5082 tempus
2261 5029 2295 5066 (ι
2321 5028 2380 5067 se
2402 5014 2743 5083 praﬁnitum
2771 5014 2910 5068 bona
2967 5013 3444 5070 Vindocinensibus
3490 5030 3606 5070 m0-

2025 5083 2218 5138 nachis
2247 5084 2431 5139 ablata
2455 5085 2763 5152 restituere,
2796 5086 2988 5156 faciat.
3020 5105 3048 5138 ι

2584 5175 2770 5234 (Anno
2803 5174 2987 5245 1094.)

1963 5261 2247 5327 [Romam
2271 5261 2332 5317 in
2386 5262 2501 5319 Vita
2560 5263 2782 5320 Urbani.
2818 5294 2884 5305 ——
2917 5262 3067 5319 Man.
3115 5267 3173 5320 et
3213 5263 3385 5320 RUIN.
3438 5261 3604 5319 Ouvr.

2556 5334 2737 5408 posth.
2772 5334 2868 5404 ΙΙΙ,
2905 5334 2997 5390 151
3014 5335 3054 5407 .]
