3950 6380
347 383 465 448 385

1102 518 1262 577 CXII.

354 609 560 672 Urbani
591 609 642 666 II
666 609 892 674 epistola
921 608 989 663 ad
1015 587 1347 674 Rolbcrtum,
1378 607 1802 664 Flandrcnsium
1829 606 1996 661 comi-

424 689 650 735 tcm.'—
678 679 772 736 Illi
806 681 1101 736 Ecclesium
1149 686 1201 736 et
1248 683 1553 752 episcopum
1599 679 2001 734 Alrebatensem

422 753 778 808 commendat.

981 842 1164 914 (Anno
1197 841 1380 911 1094.)

779 931 1008 1001 [Manen
1045 931 1256 988 Concil.
1284 930 1395 999 XX,
1423 929 1571 1000 674.]

428 1036 705 1092 Uasmus
731 1035 1061 1109 episcopus,
1087 1053 1288 1094 servus
1317 1052 1615 1093 servorum
1649 1034 1770 1100 Dei,
1795 1032 2002 1089 dilecto

355 1125 475 1182 ﬁlio
528 1126 847 1192 Romsa'ro,
881 1125 1327 1183 Flandrensium
1377 1125 1597 1195 comiti,
1641 1124 1888 1180 salutem
1947 1126 2004 1178 et

355 1215 736 1288 apostolicam
767 1215 1254 1272 benedictionem.

427 1305 637 1375 Magna
663 1302 769 1359 tibi
819 1302 1203 1359 exsultatione
1242 1303 1658 1377 gratulandum
1709 1307 1799 1357 est
1847 1302 2002 1374 quod

354 1391 612 1448 ecclesiae
644 1409 770 1465 quae
801 1393 859 1447 in
903 1397 1006 1448 tua
1048 1393 1264 1448 ditione
1294 1395 1434 1448 sunt
1477 1393 1596 1448 tuis
1642 1391 2004 1464 temporibus

356 1482 638 1548 amissam
687 1481 978 1554 recipiunt
1016 1482 1380 1555 dignitatem.
1414 1483 1556 1537 Ecce
1599 1481 1756 1536 enim
1803 1481 2005 1535 civitas

357 1570 780 1637 Atrebatensis,
814 1588 940 1643 quae
970 1571 1029 1625 in
1071 1571 1349 1626 comitatu
1388 1575 1488 1626 tuo
1529 1568 1865 1642 principalis
1896 1572 2006 1637 est,

359 1677 428 1716 ex
469 1659 794 1732 apostolica
853 1660 1009 1716 sedis
1040 1659 1324 1732 dignitate
1383 1659 1732 1715 cardinalem
1795 1657 2010 1729 recepit

358 1749 721 1821 episcopum.
772 1749 919 1804 Eum
979 1765 1115 1819 ergo
1173 1752 1229 1804 et
1276 1749 1325 1803 ei
1381 1748 1756 1802 commissam
1817 1747 2006 1800 Eccle-

357 1837 507 1894 siam
540 1836 828 1894 nobilitati
873 1842 983 1893 tuae
1033 1837 1247 1892 littoris
1278 1837 1660 1910 prmsentibus
1708 1840 2008 1891 commen-

359 1926 600 1993 damus,
661 1931 717 1982 et
767 1926 827 1980 in
884 1932 1251 1999 peccatorum
1311 1931 1546 1981 tuorum
1602 1924 2003 1980 remissionem

357 2015 759 2088 praecipientes
791 2020 856 2070 ut
901 2032 1035 2071 eum
1085 2017 1281 2071 debita
1309 2015 1645 2074 obedientia
1693 2013 2004 2080 venereris,

357 2094 598 2173 tuearis,
633 2104 892 2175 adjuves,
915 2109 1089 2176 atque
1121 2106 1192 2160 ad
1227 2105 1587 2160 restituenda
1609 2103 1795 2176 ipsius
1825 2102 2011 2158 Eccle-

358 2191 458 2247 siae
485 2193 638 2248 bona
665 2192 864 2248 auxilii
897 2192 980 2248 tui
1011 2193 1316 2249 brachium
1349 2193 1538 2248 modis
1569 2192 1844 2248 omnibus
1878 2209 2010 2264 por-

359 2281 540 2354 rigas.

395 2365 398 2368 ’
430 2370 578 2427 Data
607 2360 802 2427 Romae
835 2389 873 2426 η
907 2371 1146 2428 Kalend.
1179 2371 1412 2443 Aprilis.

1091 2477 1278 2533 CXIII.

438 2566 646 2623 Urbani
670 2581 832 2639 papa?
860 2568 929 2631 ΙΙ,
961 2567 1230 2639 senlcntia
1258 2565 1322 2621 de
1345 2565 1668 2637 sulijcctz'onc
1696 2565 1942 2620 Dolensis

805 2640 1054 2694 Ecclesiae
1085 2638 1154 2692 ad
1186 2640 1565 2692 Turonensem.

990 2727 1174 2798 (Anno
1206 2727 1390 2796 1094.)

617 2816 901 2887 [Murram
938 2815 1222 2870 Thesaur.
1255 2815 1449 2870 Anccd.
1486 2815 1582 2882 IIl,
1615 2815 1764 2885 879.]

434 2920 711 2990 URBANUS
741 2923 1072 2995 episcopus,
1098 2939 1302 2977 servus
1326 2939 1622 2978 servorum
1662 2921 1778 2990 Dei,
1803 2920 2012 2977 dilecto

365 3008 530 3065 fratri
589 3010 923 3080 RADULPHO,
975 3010 1299 3066 Turonensi
1361 3010 1818 3082 archiepiscopo,
1864 3013 2015 3082 ejus-

366 3114 479 3171 que
521 3101 960 3162 successoribus
1009 3100 1286 3154 canonice
1335 3099 1764 3155 substituendis
1792 3099 1850 3154 in
1885 3116 2013 3172 per-

365 3191 633 3260 petuum.

1523 380 1925 446 EPISTOL/E
1966 376 2068 462 ET
2113 375 2586 468 PRIVI‘LEGIA.

2026 515 2081 583 Α
2110 531 2288 570 causa
2310 513 2616 570 sollicitius
2637 515 2974 584 agitaretur,
2989 518 3046 568 et
3065 512 3358 584 siquidem
3379 532 3479 588 per
3499 515 3750 587 alicujus

2035 1883 2086 1949 B

3632 382 3749 443 386

2106 603 2377 658 catholici
2406 607 2463 658 et
2493 601 2696 674 legalis
2727 619 2887 674 papas
2918 602 3320 659 auctoritatem
3356 603 3750 661 authenticam

2109 707 2169 746 se
2198 691 2348 746 tueri
2393 691 2660 746 Dolensis
2689 690 2958 762 nequiret
2999 690 3336 762 episcopus;
3370 693 3440 747 de
3464 697 3664 748 caetero
3695 698 3753 749 et

2107 779 2233 852 ipse
2281 783 2338 834 et
2390 780 2578 834 caeteri
2638 779 3052 836 Britannorum
3085 779 3396 836 antistites
3454 781 3753 838 Turonicae

2110 867 2375 923 Ecclesiae
2427 871 2708 939 tanquam
2764 868 3068 940 metropoli
3130 869 3376 941 propriae
3431 870 3756 939 obedirent,

2110 956 2298 1028 ipsius
2328 973 2559 1028 quoque
2590 958 2649 1012 in
2682 956 3018 1029 episcopatu
3055 974 3423 1014 successores
3454 975 3756 1030 nunquam

2111 1045 2357 1101 ulterius
2378 1045 2624 1117 pallium
2651 1045 2996 1102 obtinerent.
3013 1050 3260 1102 Ostensa
3279 1052 3367 1102 est
3397 1047 3571 1103 etiam
3601 1046 3759 1119 lega-

2110 1138 2303 1188 torum
2323 1133 2424 1206 qui
2446 1134 2504 1189 in
2527 1134 2823 1205 provincia
2843 1134 3154 1189 concilium
3174 1139 3410 1207 egerant
3430 1140 3762 1209 perpetrata

2112 1222 2394 1288 deﬁnitio,
2419 1223 2519 1294 qui
2547 1239 2681 1278 cum
2705 1223 2967 1278 Dolensis
2999 1223 3161 1278 nulla
3185 1240 3426 1280 causam
3457 1241 3625 1280 suam
3659 1242 3759 1280 au-

2111 1310 2370 1365 thentica
2399 1310 2742 1365 auctoritate
2781 1312 3067 1382 potuisset
3101 1312 3430 1380 defendere,
3451 1313 3762 1385 Gregorius

2112 1413 2264 1468 papa
2292 1398 2662 1452 sententiam.
2693 1438 2705 1451 .
2733 1439 2746 1452 .
2774 1441 2786 1452 .
2816 1439 2828 1452 .
2863 1399 3099 1468 scriptis
3137 1404 3194 1453 et
3231 1399 3763 1473 subscriptionibus

2114 1485 2470 1540 omnimodis
2513 1489 2864 1550 statuerunt,
2901 1492 2965 1541 ut
3013 1487 3446 1542 videlicetetam
3498 1488 3763 1544 Dolensis

2116 1591 2292 1646 quam
2324 1573 2510 1628 czeteri
2544 1574 2952 1630 Britannorum
2985 1574 3242 1648 episcopi
3278 1574 3576 1631 Turonicaa
3611 1593 3762 1632 sem-

2117 1679 2218 1734 per
2246 1661 2511 1716 Ecclesiae
2542 1662 2927 1732 subjacerent.
2952 1668 3091 1718 (lum
3120 1664 3190 1716 ad
3221 1663 3340 1718 haac
3359 1663 3764 1736 Dolensis,qui

2119 1751 2308 1806 adhuc
2367 1752 2586 1818 aderat,
2621 1751 2995 1822 responderet
3052 1767 3113 1806 se
3169 1768 3286 1807 non
3340 1753 3413 1808 ad
3471 1753 3763 1825 agendum

2117 1840 2365 1907 venisse,
2391 1848 2661 1911 paratum
2704 1845 2898 1894 tamen
2946 1857 3079 1894 cum
3125 1842 3413 1913 episcopis
3459 1842 3764 1913 provinciae

2117 1945 2374 1999 congruo
2405 1933 2663 1999 tempore
2695 1931 3065 1999 respondere,
3089 1945 3216 1994 nos,
3250 1935 3496 2001 utroque
3526 1947 3767 1988 consen-

2118 2020 2319 2087 tiente,
2351 2017 2754 2090 disposuimus
2786 2025 2849 2072 ut
2878 2019 2934 2071 in
2963 2019 3209 2088 proximi
3243 2018 3380 2074 anni
3411 2019 3604 2076 media
3624 2023 3769 2086 Qua-

2117 2107 2451 2180 dragesima
2483 2111 2727 2178 uterque
2772 2112 2969 2161 nostro
3021 2124 3082 2162 se
3131 2108 3466 2179 conspectui
3514 2125 3767 2180 praesen-

2118 2201 2308 2252 tarent
2341 2213 2352 2249 :
2389 2196 2489 2267 qui
2522 2199 2716 2250 autem
2747 2212 2807 2250 se
2850 2200 2988 2249 tunc
3039 2196 3164 2249 sine
3212 2196 3491 2252 canonico
3520 2197 3768 2270 impedi-

2120 2291 2314 2340 mento
2345 2284 2712 2340 subtraheret
2740 2287 2842 2339 aut
2865 2284 3152 2352 deﬁceret,
3183 2302 3422 2341 causam
3454 2287 3765 2342 amitteret.

2121 2375 2349 2430 Statuto
2382 2378 2578 2429 autem
2620 2377 2900 2444 tempore,
2931 2389 3065 2427 cum
3113 2389 3218 2428 nos
3245 2374 3305 2429 in
3337 2373 3486 2429 Urbe
3513 2391 3767 2431 morare-

2121 2481 2273 2528 mur,
2337 2461 2600 2518 Dolensis
2656 2461 2998 2532 neutiquam
3045 2463 3220 2529 venit,
3281 2468 3384 2518 tua
3439 2463 3771 2519 fraternitas

2121 2556 2329 2625 praesto
2360 2551 2488 2606 fuit.
2513 2549 2763 2616 Quaesita
2800 2554 2890 2604 est
2919 2549 2977 2603 in
3010 2550 3254 2622 registro
3287 2553 3343 2606 Β.
3375 2551 3634 2625 Gregorii
3667 2569 3768 2625 pa-

2120 2659 2204 2713 pae
2236 2641 2337 2695 VII
2370 2639 2676 2695 sententia.
2711 2639 2780 2693 Et
2816 2639 2897 2694 ita
2942 2638 3180 2692 omnino
3212 2640 3366 2695 sicut
3394 2640 3770 2698 audieramus

2121 2732 2371 2786 inventa.
2408 2728 2654 2784 Ostensa
2713 2733 2851 2782 sunt
2907 2729 3083 2782 etiam
3138 2728 3356 2783 Nicolai
3414 2734 3472 2784 et
3525 2731 3771 2786 Joannis

2122 2821 2517 2874 Romanorum
2550 2816 2892 2888 pontificum
2937 2817 3298 2872 monimenta
3324 2817 3383 2873 id
3415 2820 3768 2888 astruentia;

2124 2909 2334 2964 Leonis
2364 2922 2594 2978 quoque
2626 2905 2699 2960 IX
2730 2905 3028 2960 decretum
3073 2905 3339 2961 eamdem
3388 2923 3628 2963 causam
3661 2907 3772 2963 sub

2123 2995 2512 3053 anathematis
2552 2993 2846 3049 additione
2886 2996 3258 3050 conlirmans.
3292 2996 3515 3073 Audita:
3547 3001 3687 3052 sunt
3715 3002 3772 3052 et

2124 3086 2320 3142 fratris
2351 3084 2535 3140 nostri
2565 3082 2831 3138 Dolensis
2859 3083 3115 3155 epiSCOpi
3147 3101 3250 3155 per
3281 3086 3597 3155 quemdam
3629 3101 3775 3141 nun-

2123 3175 2273 3230 tium
2311 3173 2752 3228 excusationes:
2779 3188 2891 3226 non
2924 3177 3062 3226 tunc
3093 3171 3368 3243 legitimae
3405 3172 3770 3228 videbantur.

434 3281 778 3334 Sanctorum
796 3294 1086 3333 canonum
1121 3278 1380 3332 decernit
1399 3279 1715 3333 auctoritas
1736 3281 1801 3332 ut
1831 3278 2013 3348 majo-
2044 3247 2088 3316 (ἶ
2127 3263 2413 3321 Omnibus
2430 3263 2627 3333 itaque
2643 3260 3030 3332 pertractatis,
3046 3261 3398 3317 inconcussu
3417 3264 3774 3319 confratrum

366 3382 458 3422 res
482 3365 860 3434 ecclesiarum
884 3383 1070 3421 causae
1093 3365 1423 3437 apostolica:
1443 3367 1596 3422 sedis
1613 3366 1836 3437 judicio
1859 3367 2016 3421 deci-

367 3455 600 3510 dantur.
627 3454 886 3520 Qualiter
914 3455 1093 3526 igitur
1120 3455 1478 3508 Turonensis
1520 3455 1783 3510 Ecclesizs
1816 3460 2018 3510 contra

373 3542 676 3600 Dolensem
697 3543 1038 3616 episcopum
1062 3542 1300 3614 querela
1321 3542 1536 3598 nostris
1556 3543 1634 3598 sit
1656 3544 2015 3614 temporibus

369 3633 744 3703 pertractata,
763 3635 819 3686 et
847 3630 1218 3703 praesentium
1241 3629 1514 3684 volumus
1547 3628 1762 3685 notitia:
1793 3635 2016 3685 certum

369 3719 607 3787 ﬁeri,'et
637 3721 968 3775 futurorum
1003 3717 1344 3774 memoriam
1379 3736 1492 3774 non
1524 3717 1720 3774 latere.
1753 3718 2018 3774 Dolensis

368 3808 662 3879 siquidem
682 3809 992 3880 episcopus
1013 3803 1312 3862 Bolandus
1329 3823 1480 3862 anno
1498 3806 1809 3862 Dominicze
1832 3808 2020 3862 Incar-

367 3897 624 3952 nationis
659 3897 796 3951 1093
827 3897 896 3951 ad
929 3902 1192 3951 nostram
1221 3894 1586 3967 praesentiam
1618 3895 1875 3964 veniens,
1895 3895 2018 3967 pal-

371 3985 514 4040 lium
547 3986 714 4058 quasi
761 3986 1171 4040 Britannorum
1215 3984 1688 4056 archiepiscopus
1729 3985 2017 4057 expetivit.

369 4075 550 4145 Cujus
579 4091 712 4129 cum
751 4091 950 4146 preces
982 4073 1204 4128 diutius
1236 4089 1655 4141 aversaremur,
1691 4073 2020 4145 apostolicae

371 4163 666 4218 memoriae
693 4163 951 4236 Gregorii
984 4161 1219 4234 septimi
1251 4161 1478 4216 litteras
1510 4163 1866 4233 praeferebat,
1893 4165 2023 4236 qui-

376 4253 489 4307 bus
511 4253 930 4308 ostendebatur
949 4252 1120 4307 Ivano
1141 4250 1371 4306 cuidam
1402 4249 1634 4306 Dolensi
1661 4252 1933 4325 episcopo
1968 4258 2027 4309 et

370 4341 502 4412 ejus
522 4341 961 4397 successoribus
985 4339 1228 4413 pallium
1248 4340 1318 4395 ab
1337 4340 1538 4395 eodem
1557 4341 1872 4412 apostolico
1895 4359 2026 4398 con-

369 4430 680 4494 tributum,
698 4429 856 4486 salva
878 4434 1072 4484 tamen
1097 4427 1333 4500 querela
1351 4429 1708 4485 Turonensis
1733 4429 2024 4504 Ecclesiae,

371 4523 443 4574 ut
465 4520 514 4574 si
537 4520 773 4590 quando
795 4520 1022 4574 actione
1043 4518 1301 4590 legitima
1329 4518 1616 4589 potuisset
1647 4520 1891 4590 probare
1911 4520 2024 4577 Do-

2126 3361 2458 3408 nostrorum
2501 3349 2743 3406 Joannis
2788 3349 3145 3420 Portuensis,
3178 3349 3383 3406 Ubaldi
3413 3350 3776 3417 Sabinensis,

2124 3441 2366 3499 Joannis
2380 3437 3153 3504 Tusculanensis,Brunonis
3166 3438 3778 3511 Signiensis,Daiberti

2128 3530 2341 3598 Pisani,
2367 3528 2655 3584 Lamberti
2677 3528 3072 3582 Atrebatensis
3094 3528 3524 3599 episcoporum,
3549 3533 3607 3584 et
3636 3546 3778 3584 non-

2128 3620 2421 3676 nullorum
2457 3622 2664 3672 nostris
2693 3615 2956 3670 Ecclesiae
2983 3615 3347 3683 clericorum,
3377 3617 3774 3673 Romanorum

2128 3725 2359 3783 quoque
2383 3706 2651 3779 judicum
2678 3709 2733 3759 et
2776 3704 3022 3759 aliorum
3055 3705 3453 3760 consularium
3481 3722 3492 3761 :
3523 3723 3591 3761 ex
3618 3723 3780 3762 com-

2128 3799 2292 3855 muni
2321 3795 2563 3852 consilio
2588 3795 2779 3848 visum
2813 3799 2900 3848 est
2930 3793 3138 3848 harum
3171 3809 3389 3864 rerum,
3404 3810 3530 3866 quae
3563 3811 3666 3867 per
3693 3799 3782 3850 tot
3875 3815 3880 3821 '

2128 3885 2479 3961 apostolicos
2511 3883 2816 3956 pontiﬁces
2844 3883 3197 3938 confirmata:
3226 3886 3474 3951 fuerant,
3501 3884 3781 3940 deﬁnitio-

2130 3995 2263 4034 nem
2294 3975 2525 4048 plenam
2567 3990 2682 4028 non
2715 3972 2921 4027 debere
2962 3971 3201 4042 dilferri,
3235 3989 3339 4027 nec
3366 3971 3534 4028 illum
3564 3973 3778 4030 lucrari

2132 4068 2340 4123 debere
2361 4062 2706 4128 absentiam,
2723 4061 2823 4132 qui
2845 4076 2906 4115 se
2923 4065 3131 4132 arguta
3148 4061 3462 4117 calliditate
3484 4062 3779 4126 subtraxe-

2134 4157 2226 4211 rit.
2259 4156 2329 4210 Et
2381 4170 2488 4208 nos
2545 4151 2724 4224 igitur
2780 4156 3138 4217 sanctorum,
3174 4167 3322 4221 quos
3380 4151 3776 4223 pradiximus,

2133 4246 2625 4318 praedecessorum
2659 4244 2994 4296 nostrorum
3026 4243 3249 4294 statuta
3280 4240 3603 4308 ﬁrmantes,
3637 4258 3781 4312 prae-

2135 4334 2288 4391 senti
2319 4333 2548 4388 decreto
2579 4329 2878 4386 sancimus
2910 4333 2992 4395 ut,
3012 4328 3164 4383 sicut
3203 4329 3275 4384 ab
3308 4329 3452 4400 ipsis
3483 4330 3782 4386 decretum

2135 4429 2242 4493 est,
2257 4429 2378 4478 tam
2397 4419 2664 4477 Dolensis
2682 4435 2857 4489 quam
2876 4417 3066 4472 caeteri
3083 4416 3357 4489 deinceps
3370 4416 3783 4474 Britannorum

2135 4511 2393 4585 episcopi
2424 4512 2825 4565 Turonensem
2855 4505 3174 4562 Ecclesium
3209 4523 3377 4562 suam
3410 4523 3539 4564 esse
3569 4511 3782 4563 metro-

370 4607 594 4663 lensem
629 4612 984 4678 caeterosque
1024 4606 1332 4661 Britannia:
1383 4606 1667 4663 citerioris
1721 4609 2103 4682 episcoposD
2137 4600 2314 4673 polim
2372 4601 2810 4669 recognoscant,
2861 4600 2917 4648 et
2974 4595 3230 4650 debitam
3289 4597 3340 4650 ei
3399 4595 3783 4652 reverentiam

370 4695 580 4752 debere
633 4695 938 4767 metropoli
977 4695 1276 4750 Turonicae
1324 4695 1555 4766 subjici,
1598 4697 2027 4767 subjicerentur

371 4785 631 4858 quidem,
659 4783 925 4839 Dolensis
957 4789 1152 4840 tamen
1176 4801 1347 4838 usum
1384 4783 1540 4855 pallii
1582 4785 1884 4841 obtineret.
1911 4787 2024 4842 Has

367 4873 596 4928 litteras
622 4873 881 4946 Gregorii
903 4890 1064 4944 papa:
1092 4889 1196 4928 nec
1230 4873 1426 4928 minus
1445 4889 1549 4927 nec
1571 4874 1824 4945 amplius
1844 4892 2023 4946 quam

373 4979 524 5034 papa
545 4954 806 5034 jusserat
835 4963 1152 5030 continere,
1176 4978 1310 5016 cum
1343 4962 1521 5016 frater
1546 4967 1742 5018 noster
1763 4961 2026 5020 Dolensis

373 5050 684 5124 episcopus
706 5051 1094 5123 jurejurando
1118 5052 1428 5117 firmasset,
1449 5067 1556 5106 nos
1577 5052 1626 5106 ei
1652 5051 1890 5124 pallium
1916 5054 2026 5108 sub

375 5140 580 5196 eadem
611 5139 942 5196 conditione
983 5141 1404 5195 concessimus.
1432 5139 1684 5195 Veniens
1729 5146 1860 5213 post
1908 5141 2026 5196 hanc

376 5227 446 5284 ad
479 5244 587 5284 nos
607 5228 750 5284 dum
772 5227 1082 5284 Beneventi
1107 5244 1374 5283 essemus
1391 5232 1491 5283 tua
1522 5230 1862 5297 strenuitas,
1887 5230 2024 5286 cha-

377 5316 612 5372 rissima
659 5318 837 5373 frater
880 5316 1127 5372 Radulfe
1157 5317 1519 5373 Turonensis
1571 5317 2024 5392 archiepiscope,

375 5406 640 5478 ejusdem
671 5423 832 5478 papae
885 5405 1149 5479 Gregorii
1203 5410 1404 5462 nostro
1453 5406 1761 5461 conventui
1806 5406 2027 5464 litteras

373 5496 906 5568 prmsentavit,quaz
939 5495 1350 5568 signiﬁcabant
1377 5511 1614 5550 causam
1648 5495 1796 5551 hanc
1833 5497 2026 5553 Roma

373 5583 434 5638 in
488 5583 734 5640 concilio
793 5587 1190 5652 retractatam,
1251 5584 1351 5639 ubi
1410 5589 1543 5656 post
1599 5585 2026 5643 discussionem

373 5672 668 5729 diutinam
700 5673 1055 5748 dispositum
1089 5673 1278 5730 fuerat
1308 5677 1372 5730 ut
1401 5691 1435 5730 a
1462 5673 1670 5749 legatis
1697 5674 1853 5732 sedis
1891 5693 2028 5750 apo-

374 5760 593 5830 stolicae
625 5760 936 5840 concilium
968 5763 1028 5822 in
1061 5763 1359 5839 provincia
1391 5768 1794 5838 convocarent,
1821 5765 1879 5826 in
1913 5783 2027 5842 quo

2134 4703 2365 4758 semper
2396 4684 2707 4740 exhibeant
2739 4700 2749 4737 :
2786 4699 2888 4737 nec
2920 4682 3037 4738 ullo
3074 4683 3320 4738 ulterius
3351 4688 3610 4756 tempore
3653 4691 3786 4758 post

2135 4774 2380 4833 Rolandi
2424 4773 2646 4827 obitum
2697 4772 2768 4826 ad
2818 4769 2977 4841 pallii
3029 4788 3202 4826 usum
3254 4772 3521 4828 Dolensis
3569 4773 3786 4846 aspiret

2134 4866 2461 4938 episcopus.
2505 4861 2692 4915 Tuam
2734 4859 2931 4930 itaque
2984 4859 3457 4930 sollicitudinem,
3501 4862 3677 4918 frater
3724 4864 3783 4918 in

2135 4955 2362 5012 Christo
2385 4947 2750 5015 charissima,
2775 4947 3180 5015 adhortamur,
3201 4954 3265 5006 ut
3285 4955 3457 5006 tantae
3480 4951 3783 5024 dignitatis

2136 5045 2322 5119 gratia
2353 5041 2589 5114 dignam
2622 5055 2682 5092 se
2714 5053 2944 5108 semper
2985 5041 3217 5094 studeat
3251 5040 3540 5096 exhibere.
3560 5044 3784 5108 Quanto

2137 5135 2312 5190 altius
2335 5128 2686 5204 praeeminet,
2704 5132 2864 5182 tanto
2884 5126 3058 5182 altius
3081 5128 3368 5184 bonorum
3393 5147 3635 5202 operum
3658 5129 3785 5186 luce

2136 5221 2496 5297 praefulgeat.
2525 5219 2725 5274 Pacem
2770 5232 2904 5271 cum
2936 5217 3213 5272 omnibus
3256 5224 3536 5290 sequatur
3563 5224 3619 5274 et
3650 5236 3784 5274 san-

2138 5311 2476 5368 ctimoniam
2510 5325 2523 5362 :
2558 5307 2615 5361 in
2667 5305 2962 5377 prosperis
2993 5305 3257 5373 humilis,
3291 5312 3348 5361 et
3393 5308 3452 5363 in
3504 5309 3782 5376 adversis,

2137 5403 2186 5458 si
2219 5400 2454 5473 quando
2484 5395 2777 5463 eveniunt,
2810 5395 3136 5450 inveniatur
3164 5411 3296 5450 cum
3333 5397 3568 5467 justitia
3597 5404 3786 5454 erecta

2140 5491 2328 5547 amica
2360 5487 2549 5555 bonis,
2583 5487 2868 5559 perversis
2911 5483 3220 5553 contraria,
3256 5485 3476 5541 nullius
3520 5504 3784 5559 unquam

2137 5583 2345 5640 faciem
2372 5583 2572 5635 contra
2603 5577 2904 5634 veritatem
2935 5575 3238 5649 recipiens,
3271 5575 3492 5632 nullius
3525 5593 3787 5649 unquam

2138 5673 2343 5729 faciem
2376 5685 2480 5741 pro
2512 5668 2751 5724 veritate
2781 5667 3116 5740 loquentem
3147 5682 3435 5740 premens.
3469 5666 3793 5723 Misericor-

2137 5763 2243 5824 dia
2271 5759 2545 5839 operibus
2563 5759 2733 5832 juxta
2749 5758 3026 5818 virtutem
3047 5757 3389 5819 substantia:
3411 5756 3712 5834 insistens,
3729 5762 3789 5826 et
