3950 6424
169 442 284 499 387

1466 428 1534 493 B.
1583 422 1880 494 URBANI
1925 431 1976 492 II
2019 419 2274 492 PAPAE.

3456 427 3576 488 388

165 576 365 630 tamen
395 568 668 626 insistere
716 585 896 642 supra
918 567 1194 624 virtutem
1246 564 1508 639 cupiens,
1559 564 1812 620 inﬁrmis
1840 567 1894 630 Α
1924 580 2134 620 norum
2185 578 2363 636 quam
2423 561 2691 634 judicum
2747 566 2806 618 et
2859 559 3111 618 aliorum
3170 558 3572 618 consularium

169 659 555 734 compatiens,
575 659 722 715 bene
749 657 1081 724 volentibus
1101 655 1497 729 congaudens,
1513 653 1584 709 de
1611 653 1819 709 alienis

167 749 400 823 gaudiis
447 755 731 820 tanquam
763 747 835 802 de
881 747 1135 820 propriis
1180 743 1500 810 exsultans,
1532 742 1592 797 in
1639 741 1816 798 corri-

168 839 374 912 gendis
402 837 562 894 vitiis
591 837 684 910 pie
705 837 966 902 saeviens,
992 835 1051 892 in
1090 833 1352 891 fovendis
1376 831 1691 888 virtutibus
1723 849 1821 886 au-

167 929 426 984 ditorum
456 926 722 983 animum
755 923 1118 991 demulcens,
1152 923 1210 978 in
1251 923 1339 977 ira
1365 921 1656 994 judicium
1692 919 1820 976 sine

166 1017 255 1072 ira
283 1020 509 1083 tenens,
534 1013 592 1069 in
617 1011 1038 1086 tranquillitate
1067 1010 1392 1068 severitatis
1411 1011 1587 1080 justas
1609 1025 1816 1064 censu-

167 1122 292 1162 ram
343 1121 455 1160 non
518 1105 814 1168 deserens,
850 1106 931 1158 ut
971 1099 1228 1157 ofﬁcium
1280 1099 1434 1172 quod
1493 1097 1820 1154 forinsecus

166 1193 579 1260 administras,
652 1189 896 1246 interius
963 1206 1158 1245 coram
1217 1186 1423 1243 divina:
1491 1185 1818 1258 majestatis

167 1282 354 1340 oculis
383 1281 647 1354 impleas.
673 1278 1117 1336 Frateznitatem
1147 1281 1312 1333 tuam
1343 1291 1600 1348 superna
1621 1274 1821 1347 digna-

165 1372 246 1428 tio
275 1388 378 1444 per
406 1374 671 1442 tempora
712 1367 887 1440 longa
925 1369 1226 1422 conservet
1255 1364 1631 1420 incolumem.
1663 1363 1814 1418 Scri-

165 1465 332 1534 ptum
363 1476 463 1532 per
493 1472 733 1514 manum
766 1455 916 1512 Petri
945 1454 1234 1512 scriniaril
1265 1453 1412 1510 sacri
1445 1451 1670 1524 palatii.

236 1550 295 1605 S.
327 1549 551 1604 Petrus.
587 1547 644 1602 S.
677 1544 914 1600 Paulus.

234 1637 504 1693 Urbanus
537 1639 687 1708 papa
718 1633 788 1689 Il.

637 1725 802 1778 Locus
830 1722 1336 1793 monogrammatis.

253 1829 602 1870 BENEDICTUS
641 1827 788 1867 DEUS
827 1827 893 1866 ET
931 1827 1111 1864 PATER
1148 1825 1354 1864 DOMINI
1394 1823 1552 1864 NOSTI
1591 1823 1726 1862 JESU

413 1921 419 1925 -
515 1907 518 1910 ’
860 1896 1104 1936 CHRISTI.

235 1979 444 2031 Datum
478 1974 670 2030 Romae
721 1987 823 2042 per
861 1985 1102 2024 manum
1148 1967 1390 2028 Joannis
1436 1970 1648 2023 sanctae
1698 1964 1808 2020 Ro-

163 2081 349 2120 manae
400 2060 665 2118 Ecclesiae
697 2049 927 2114 diaconi
978 2057 1312 2123 cardinalis,
1340 2056 1522 2112 Nonis
1568 2053 1808 2126 Aprilis,

161 2152 476 2209 indictione
506 2166 568 2216 II,
601 2164 754 2204 anno
804 2146 1117 2202 Dominicze
1171 2143 1613 2212 Incarnationis,
1648 2143 1806 2210 1094,

160 2241 540 2315 pontiﬁcatus
570 2251 704 2294 vero
735 2234 936 2292 domni
965 2233 1179 2290 Urbani
1211 2234 1258 2289 II
1290 2250 1452 2306 papae
1478 2233 1747 2306 septimo.

896 2323 1079 2380 CXIV.

163 2419 370 2476 Urbani
411 2432 567 2489 papa
614 2416 664 2472 ll
709 2412 938 2489 cpistola
971 2411 1041 2468 ad
1087 2413 1368 2489 universos
1414 2411 1685 2489 episcopos
1708 2426 1810 2489 per

230 2482 578 2544 Britanniam
631 2482 964 2540 constitutos.
1019 2514 1087 2522 ——
1151 2483 1446 2554 Conﬁrmat
1515 2482 1809 2536 sententias

229 2561 467 2615 aliorum
504 2573 842 2613 summorum
869 2554 1210 2626 pontiﬁcum,
1237 2555 1600 2626 praecipilque
1637 2555 1718 2609 eis
1745 2557 1809 2608 ut

230 2631 524 2687 Turonensi
551 2628 952 2700 archiepispr
976 2633 1237 2699 tanquam
1265 2626 1680 2696 metroliolitano
1702 2641 1804 2696 pa-

229 2705 406 2758 reant.

781 2787 967 2859 (Anno
1003 2785 1186 2857 1094.)

483 2878 768 2949 [Mauram
803 2875 949 2930 Thes.
983 2874 1181 2930 Anecd.
1217 2874 1311 2942 III,
1341 2873 1493 2950 881.]

231 2971 336 3026 Pro
365 2965 676 3024 confratris
697 2963 884 3020 nostri
912 2962 1179 3018 Dolensis
1200 2960 1458 3034 episcopi
1479 2965 1537 3016 et
1557 2960 1805 3016 aliorum

156 3077 226 3115 ex
245 3057 410 3114 vobis
431 3054 820 3129 quorumdam
843 3050 1172 3108 obedientia
1191 3050 1516 3106 Turonensi
1537 3049 1804 3105 Ecclesiae

155 3150 458 3220 denegata,
475 3145 806 3215 frequentes
829 3139 1096 3213 querelas
1115 3139 1186 3196 ad
1211 3139 1408 3194 sedem
1427 3137 1804 3210 apostolicam

155 3235 510 3308 provenisse,
539 3231 755 3288 multas
775 3230 1039 3302 ejusdem
1071 3228 1152 3284 rei
1179 3227 1576 3283 discessiones
1606 3243 1804 3299 perpe-

1840 1927 1888 1991 B

1926 652 2326 724 adjudicatum
2357 656 2465 719 est,
2497 651 2708 708 harum
2758 668 2952 708 rerum
2983 668 3111 723 quae
3150 667 3255 724 per
3298 652 3387 707 tot
3431 667 3576 724 apo-

1926 741 2166 798 stolicos
2223 740 2528 814 pontiﬁces
2575 740 2931 796 conﬁrmatae
2982 741 3236 808 fuerant,
3285 737 3575 797 deﬁnitio-

1927 847 2060 885 nem
2113 829 2346 902 plenam
2403 845 2520 884 non
2579 827 2787 884 debere
2841 829 3079 886 differri.
3114 827 3298 902 Igitur
3353 831 3412 884 et
3467 844 3579 886 nos

1925 935 2128 976 eorum
2159 921 2380 974 statuta
2420 917 2742 986 ﬁrmantes,
2773 917 3151 990 praesentium
3179 915 3345 973 vobis
3376 919 3574 972 aucto-

1926 1009 2096 1064 ritate
2150 1007 2522 1080 praecipimus
2578 1009 2672 1072 ut,
2722 1006 2876 1062 sicut
2935 1007 3008 1064 ab
3063 1006 3210 1079 ipsis
3274 1006 3572 1062 decretum

1925 1101 2034 1162 est,
2081 1095 2407 1152 Turonensi
2437 1095 2712 1167 deinceps
2761 1095 3195 1168 archiepiscopo
3243 1111 3394 1165 eam,
3445 1111 3572 1168 qua

1926 1184 2438 1258 metropolitanum
2487 1183 2670 1251 decet,
2717 1185 3110 1240 obedientiam
3155 1183 3426 1240 exhibere
3473 1200 3573 1240 cu-

1925 1275 2088 1330 retis.

1996 1364 2209 1419 Datum
2241 1363 2435 1418 Romae
2469 1380 2530 1418 ιιι
2563 1363 2701 1418 ldus
2731 1361 2968 1434 Aprilis.

2672 1451 2834 1507 CXV.

1927 1542 2132 1600 Urbani
2161 1542 2212 1596 ΙΙ
2235 1541 2464 1613 epistola
2481 1539 2562 1613 ind
2594 1539 2921 1596 Rainaldum
2952 1541 3266 1596 Remensem
3295 1541 3570 1612 archiepi-

1991 1629 2228 1684 scopum.
2251 1612 2318 1652 έ-
2341 1612 2488 1680 Quod
2519 1613 2808 1666 Futconem
2846 1613 3224 1668 Belvacemem
3264 1613 3574 1684 episcoPum

1991 1683 2174 1739 eorum
2196 1699 2253 1738 se
2277 1686 2573 1754 purgatum
2597 1701 2631 1738 a
2649 1685 2882 1738 crimine
2902 1684 3104 1738 iterum
3123 1684 3362 1755 purgari
3387 1683 3570 1740 volue-

1992 1757 2089 1822 rit,
2122 1757 2390 1825 queritur.

2537 1825 2726 1895 (Anno
2761 1825 2941 1891 1094).

2349 1895 2578 1967 [ΜΑΝει,
2609 1896 2812 1952 Concil.
2849 1897 2957 1964 XX,
2988 1897 3142 1968 711.]

1991 1985 2268 2042 URBANUS
2315 1985 2645 2059 episcopus,
2678 2003 2880 2042 servus
2929 2002 3229 2042 servorum
3279 1985 3570 2054 Dei,cha-

1918 2073 2171 2131 rissimis
2219 2075 2498 2130 fratribus
2545 2074 2610 2130 Β.
2646 2075 2919 2131 Remensi
2959 2075 3398 2148 archiepiscopo
3445 2076 3569 2147 ejus

1917 2181 2064 2237 sque
2095 2163 2480 2236 sulfraganeis
2510 2163 2762 2220 salutem
2791 2167 2850 2220 et
2887 2161 3264 2236 apostolicam
3297 2163 3568 2221 benedic-

1919 2253 2161 2310 tionem.

1989 2341 2356 2398 Fraternitati
2385 2345 2587 2397 vestrae
2619 2341 2996 2398 notissimum
3039 2340 3336 2398 credimus
3367 2356 3571 2413 quem-

1917 2431 2235 2486 admodum
2266 2447 2418 2485 anno
2457 2430 2745 2502 praeterito
2790 2429 2862 2486 ad
2913 2429 3313 2500 apostolorum
3365 2427 3574 2486 limina

1918 2519 2092 2576 Fulco
2124 2517 2488 2574 Belvacensis
2525 2518 2834 2590 episcopus
2862 2517 3100 2575 veniens
3132 2517 3288 2574 ultro
3339 2519 3398 2574 in
3449 2535 3574 2574 ma-

1916 2609 2092 2664 nibus
2125 2608 2343 2663 nostris
2363 2607 2761 2680 episcopatum
2789 2623 2856 2662 ex
2887 2607 3112 2680 integro
3136 2608 3426 2664 refutavit.
3451 2607 3569 2664 Nos

1917 2702 2112 2754 autem
2151 2695 2480 2752 necessitati
2527 2695 2934 2752 ecclesiasticae
2964 2696 3406 2769 dispensatione
3431 2714 3572 2770 apo-

1915 2785 2122 2842 stolica
2168 2785 2556 2858 providentes,
2599 2785 2785 2840 eidem
2831 2785 2993 2841 fratri
3041 2784 3260 2842 nolenti
3309 2791 3367 2842 et
3413 2786 3572 2842 reni-

1913 2876 2058 2930 tenti
2081 2875 2450 2948 epsicOpatus
2481 2890 2679 2929 curam
2713 2874 3100 2946 injunximus,
3125 2878 3348 2931 retenta
3373 2878 3570 2931 tamen

1915 2963 2270 3036 pontiﬁcalis
2321 2962 2496 3018 ofﬁcii
2553 2962 2947 3034 plenitudine;
3001 2964 3280 3036 quoniam
3330 2964 3570 3036 quidem

1913 3057 2136 3126 patrem
2160 3053 2286 3124 ejus
2309 3069 2413 3124 pro
2434 3051 2622 3125 ipsius
2643 3051 2924 3110 electione
2946 3052 3257 3124 pecuniam
3283 3051 3569 3109 obtulisse

1915 3159 2116 3198 rumor
2143 3141 2458 3197 exstiterat.
2480 3141 2762 3197 Caeterum
2795 3145 2926 3214 post
2951 3139 3320 3212 aliquantum
3342 3144 3570 3214 tempo—

1914 3231 1998 3288 ris
2029 3236 2084 3287 et
2113 3235 2277 3303 pater
2304 3231 2432 3302 ejus
2463 3234 2520 3286 et
2547 3229 2670 3286 Odo
2712 3233 2770 3286 et
2797 3229 3172 3286 venerablilis
3203 3229 3570 3287 Belvacensis

155 3329 336 3380 tratas
393 3339 542 3392 esse,
594 3318 1017 3376 fraternitatem
1061 3322 1312 3374 vestram
1371 3315 1637 3388 ignorare
1687 3332 1802 3372 non
1834 3292 1876 3360 C
1918 3318 2185 3376 Ecclesiae
2216 3319 2532 3376 canonicus
2562 3319 2634 3374 ad
2667 3323 2927 3375 nostram
2968 3319 3336 3392 prmsentiam
3371 3335 3571 3393 pervef

157 3413 488 3469 credimus:
513 3426 648 3465 cum
689 3409 947 3464 sciamus
979 3406 1423 3478 przedecessoris
1456 3405 1638 3460 nostri
1671 3404 1809 3460 Gre-

157 3501 303 3574 gorii
352 3515 516 3572 papa:
543 3497 808 3570 duplices
838 3497 908 3552 ad
941 3512 1044 3552 vos
1091 3494 1317 3550 litteras
1365 3511 1544 3567 super
1574 3492 1683 3548 hoc
1713 3510 1811 3549 ne-

157 3590 312 3665 gntio
343 3589 687 3656 destinatas,
721 3587 864 3659 quin
911 3585 1086 3641 etiam
1137 3583 1521 3640 Sanctonensi
1567 3581 1812 3638 concilio

159 3680 464 3754 plerosque
495 3682 750 3743 vestrum
773 3673 1113 3730 interfuisse
1142 3673 1574 3739 existimamus,
1601 3672 1662 3726 in
1697 3688 1812 3754 quo

159 3751 193 3824 ξι
221 3766 426 3841 legatis
457 3766 722 3838 ejusdem
769 3763 1074 3836 apostolici
1105 3779 1284 3819 causa
1312 3761 1516 3818 eadem
1547 3751 1814 3834 diligenti

157 3856 599 3929 investigatione
645 3854 932 3918 discussa,
968 3851 1066 3906 ubi
1108 3869 1242 3908 cum
1275 3849 1542 3906 Dolensis
1572 3866 1811 3905 causam

157 3963 326 4003 suam
358 3944 522 4000 nulla
552 3941 839 4014 potuisset
878 3939 1216 3997 authentica
1249 3939 1595 3995 auctoritate
1621 3937 1818 3994 defen-

155 4037 310 4103 dere,
345 4033 671 4089 secundum
719 4029 939 4102 prmfati
985 4046 1146 4102 papae
1177 4027 1531 4084 sententiam
1575 4027 1814 4084 omnino

157 4126 444 4180 statutum
465 4126 553 4176 est
573 4124 638 4174 ut
662 4124 782 4174 tam
802 4117 1066 4177 Dolensis
1090 4136 1267 4190 quam
1291 4117 1486 4174 caeteri
1516 4116 1816 4194 Britanno_

157 4229 288 4268 rum
320 4209 578 4283 episcopi
607 4207 934 4264 Turonensi
974 4224 1206 4280 semper
1244 4205 1512 4263 Ecclesia
1543 4203 1814 4275 subjace_

157 4305 304 4356 rent.
329 4297 590 4364 Qualiter
609 4299 806 4353 autem
830 4313 936 4352 nos
958 4314 1110 4352 anno
1132 4297 1421 4368 praeterito
1439 4293 1672 4351 Dolensi
1694 4293 1818 4366 epi.

155 4406 331 4462 scopo
351 4387 596 4460 pallium
622 4385 1066 4452 indulserimus,
1091 4386 1310 4444 nostris
1338 4389 1478 4439 tunc
1502 4383 1696 4438 fuistis
1719 4381 1817 4437 lit-

157 4478 294 4535 teris
315 4475 633 4532 informati.
661 4475 834 4531 Porro
859 4480 978 4531 tam
1009 4474 1122 4546 ipsi
1155 4491 1332 4547 quam
1366 4471 1694 4528 Turonensi
1729 4487 1794 4526 ar

155 4567 523 4640 (-hiepiscopo
545 4565 862 4621 terminum
886 4563 1458 4634 constituimus,quo
1483 4566 1727 4632 uterque
1748 4577 1813 4618 se

1921 3408 2166 3476 nientes,
2213 3408 2390 3464 tactis
2445 3407 2832 3465 sacrosanctis
2889 3407 3219 3482 Evangeliis
3275 3407 3347 3464 ab
3409 3407 3571 3463 omni

1919 3514 2055 3554 eum
2089 3497 2430 3554 Simoniacae
2462 3497 2764 3570 pravitatis
2795 3496 3128 3570 suspicione
3159 3496 3408 3553 liberum
3441 3497 3571 3552 red-

1921 3587 2214 3643 diderunt.
2248 3587 2334 3642 Ita
2377 3603 2484 3643 nos
2513 3585 2780 3644 Ecclesiae
2829 3591 3038 3642 nostrae
3088 3585 3370 3642 fratribus
3399 3585 3572 3642 satis-

1923 3678 2137 3734 factum
2153 3676 2400 3748 justitizs
2421 3675 2850 3748 judicantibus,
2877 3675 3304 3748 plenitudinem
3328 3674 3411 3731 illi
3436 3691 3576 3748 pon-

1921 3765 2157 3822 tiﬁcalis
2187 3765 2363 3822 ofﬁcii
2399 3765 2788 3821 restituimus.

1992 3857 2135 3910 Cum
2152 3854 2335 3927 igitur
2357 3853 2574 3909 nemini
2600 3871 2859 3925 unquam
2880 3853 3207 3925 apostolicis
3224 3852 3382 3910 sedis
3402 3851 3576 3910 liceat

1923 3947 2235 3999 retractare
2257 3941 2570 4011 judicium,
2605 3957 2735 3996 cum
2789 3942 3006 3998 nemini
3053 3943 3124 3998 de
3172 3959 3235 3998 se
3281 3943 3572 4000 confessio

1923 4031 2077 4087 credi
2133 4031 2368 4098 debeat;
2401 4046 2531 4084 cum
2582 4030 2652 4085 ad
2709 4031 2884 4086 unius
2915 4031 3347 4102 accusationem
3398 4048 3572 4088 nemo

1921 4120 2111 4176 valeat
2137 4117 2394 4192 legitime
2418 4119 2812 4189 condemnari,
2839 4119 3126 4176 miramur
3149 4136 3265 4192 qua
3295 4137 3572 4193 praesum-

1923 4210 2122 4282 ptione
2152 4211 2283 4282 post
2311 4209 2506 4264 datam
2539 4225 2572 4264 a
2603 4208 2752 4264 Petri
2789 4209 3004 4266 vicario
3043 4211 3393 4265 sententiam
3425 4226 3571 4282 prae-
3648 4203 3654 4205 ’

1917 4296 2673 4371 judicium'intulistis,quo
2716 4297 2927 4370 spiritu
2967 4299 3310 4372 praedictum
3343 4299 3570 4355 confra-

1923 4392 2070 4444 trem
2103 4391 2162 4442 et
2193 4386 2600 4459 coepisc0pum
2636 4393 2903 4444 nostrum
2935 4389 3007 4444 ob
3039 4389 3217 4444 unius
3249 4387 3570 4445 accusatio-

1925 4493 2057 4533 nem
2089 4474 2346 4532 hominis
2390 4475 2714 4544 addixistis,
2747 4493 2864 4548 qua
2894 4477 3218 4534 temeritate
3247 4477 3436 4533 eidem
3467 4477 3571 4533 uni

1923 4564 2304 4636 semetipsum
2330 4565 2724 4620 Simoniacum
2753 4565 3049 4621 accusanti
3079 4565 3357 4620 adversus
3388 4563 3571 4621 alium

155 4673 289 4710 cum
319 4673 438 4712 suae
472 4653 741 4720 Ecclesiae
782 4651 1166 4708 munimentis
1194 4667 1299 4723 pro
1330 4647 1580 4722 querela:
1633 4648 1808 4719 hujus
1837 4659 1884 4724 Β
1915 4655 2058 4710 adeo
2079 4652 2462 4721 credideritis,
2489 4659 2747 4726 utquem
2772 4654 2842 4710 de
2867 4671 3045 4710 causa
3065 4655 3269 4710 eadem
3293 4654 3571 4711 canonico

155 4744 444 4801 decisione
465 4752 661 4801 nostro
679 4741 1017 4814 conspectui
1037 4739 1588 4813 praesentaretﬂum
1605 4737 1808 4794 Dolen-

155 4835 234 4890 sis
267 4851 380 4890 non
410 4833 652 4900 veniret,
674 4831 1038 4888 Turonensis
1061 4829 1118 4884 in
1139 4834 1399 4901 tempore
1427 4831 1638 4900 praesto
1671 4827 1798 4882 fuit.

155 4925 316 4978 Tunc
348 4923 406 4976 in
438 4921 737 4977 audientis
776 4921 1122 4976 clericorum
1171 4917 1350 4974 simul
1407 4921 1464 4972 et
1518 4915 1802 4971 laicorum

157 5013 426 5066 Romanae
483 5009 747 5065 Ecclesiae
797 5013 1106 5064 retractata
1135 5012 1294 5074 sunt,
1329 5022 1453 5078 quae
1485 5004 1570 5059 vel
1604 5008 1802 5058 nostro

152 5100 237 5154 vol
271 5097 528 5172 Gregorii
571 5114 728 5170 papae
772 5103 1030 5170 tempore
1062 5113 1240 5168 super
1281 5096 1389 5150 hoc
1433 5092 1662 5165 negotio
1704 5109 1800 5166 ge-

151 5196 240 5243 sta
273 5190 672 5254 recurrerunt;
715 5189 954 5242 recitata
999 5191 1138 5240 sunt
1181 5184 1355 5239 etiam
1404 5183 1801 5238 Romanorum

153 5277 494 5350 pontiﬁcum
526 5273 768 5344 Nicolai,
799 5275 1042 5331 Joannis
1074 5277 1130 5330 et
1164 5273 1372 5329 Leonis
1401 5269 1638 5342 scripta,
1671 5271 1800 5342 qui-

153 5369 260 5422 bus
292 5368 590 5422 decretum
623 5367 711 5420 est
765 5369 830 5420 ut
883 5363 1139 5420 universi
1191 5361 1604 5418 Britannorum
1653 5359 1802 5432 epis-

150 5457 279 5528 copi
311 5455 609 5512 Turonicac
653 5454 902 5511 debeant
948 5451 1254 5526 metropoli
1305 5451 1626 5522 subjacere.
1659 5449 1800 5514 Qui-

153 5547 186 5602 b
235 5564 262 5601 s
305 5545 584 5602 omnibus
635 5542 978 5618 diligentius
1027 5541 1354 5614 exquisitis,
1387 5557 1456 5596 ex
1503 5539 1799 5596 communi

150 5634 392 5692 consilio
441 5639 562 5692 tam
601 5634 962 5690 confratrum
1009 5635 1344 5690 nostrorum
1394 5628 1798 5703 episcoporum

150 5730 207 5788 et
235 5724 655 5796 nonnullorum
687 5729 896 5788 nostrae
923 5720 1191 5789 Ecclesiae
1221 5721 1567 5784 clericorum
1593 5719 1801 5780 Roma-

1917 4741 2118 4797 ordine
2148 4742 2483 4797 discussum
2511 4742 2766 4798 Ecclesia
2794 4743 3053 4801 Romana
3084 4743 3433 4813 absolverat,
3465 4760 3570 4800 vos

1909 4830 1968 4885 in
2008 4832 2138 4902 ejus
2170 4830 2450 4903 injuriam
2493 4831 2700 4888 iterato
2749 4831 2918 4888 illum
2961 4831 3186 4904 judicio
3233 4832 3570 4906 purgationi

1913 4920 2202 4976 canonicis
2252 4919 2638 4990 subjiceretis.
2658 4921 2804 4986 Quia
2832 4938 2967 4994 ergo
3007 4923 3288 4978 adversus
3319 4925 3568 4978 matrem

1911 5013 2159 5064 vestram
2182 5009 2506 5064 Romanam
2530 5010 2848 5066 Ecclesiam
2872 5010 3177 5066 brachium
3199 5009 3566 5078 extendistis,

1910 5114 2126 5170 magna
2155 5097 2297 5154 estis
2341 5097 2843 5156 animadversione
2872 5099 3229 5172 dignissimi,
3257 5101 3474 5172 quippe
3505 5103 3566 5155 ut

1911 5189 2316 5242 auctoritatem
2349 5193 2684 5244 sanctorum
2719 5205 3008 5246 canonum
3032 5189 3464 5246 conculcantes.
3485 5189 3566 5244 Te

1910 5275 2218 5348 praecipue,
2253 5276 2596 5334 charissima
2645 5295 2712 5334 ac
2753 5279 3235 5336 reverendissime
3279 5278 3460 5334 frater
3489 5277 3556 5334 Η.

1911 5365 2216 5420 Remensis
2263 5365 2718 5440 arcbiepiscope,
2751 5368 2912 5424 salva
2958 5367 3287 5424 dilectionis
3331 5364 3559 5441 inclyta!

1909 5454 2248 5522 reverentia,
2272 5460 2327 5512 te
2358 5473 2534 5530 super
2562 5457 2670 5514 hoc
2699 5458 2972 5514 ducimus
2994 5457 3382 5532 arguendum,
3407 5455 3564 5528 quod

1910 5543 1968 5597 in
2001 5549 2316 5616 conspectu
2349 5550 2448 5603 tuo
2478 5551 2702 5603 tantam
2734 5546 2856 5620 pati
2878 5547 3140 5620 potueris
3166 5543 3565 5620 apostolorum

1911 5630 2159 5706 principi
2184 5633 2462 5708 injuriam
2484 5635 2751 5711 irrogari.
2775 5635 2891 5693 Nos
2913 5637 3110 5710 itaque
3129 5633 3563 5694 accusationem

1909 5720 2096 5799 illam,
2120 5726 2177 5789 et
2205 5725 2557 5792 sententiam
2589 5725 2754 5786 illam
2786 5729 2989 5788 contra
3017 5729 3358 5791 sanctorum
3389 5739 3563 5804 cano:
