3950 6400
229 430 346 491 389

228 578 372 617 num
421 559 694 618 instituta
731 561 957 634 prolata
995 563 1234 620 omnino
1266 564 1489 621 irritam
1511 583 1638 622 esse
1669 584 1865 624 cense-
1894 569 1951 635 Α

226 667 382 719 mus,
405 654 462 705 et
501 650 906 708 Belvacensem
956 653 1296 726 episcopum
1329 653 1610 728 religiosae
1639 660 1696 712 et
1725 657 1869 713 sim-

225 737 400 811 plicis
438 740 567 794 vitaa
602 741 792 795 virum
817 739 940 796 loco
966 757 1073 797 suo
1104 746 1160 799 et
1189 742 1378 798 officio
1400 743 1735 800 restitutum
1767 745 1867 800 fir-

224 820 480 885 mamus.
514 829 665 885 Sane
711 829 1044 902 quicunque
1092 848 1160 886 ex
1201 832 1365 888 vobis
1414 833 1692 890 adversus
1731 850 1866 890 eum

230 934 345 973 non
363 917 799 988 judicium,sed
840 919 1243 990 przejudicium
1275 921 1664 992 protulerunt,
1697 938 1868 978 nove-

226 1006 344 1062 rint
373 1024 434 1062 se
468 1011 704 1063 auctore
740 1007 904 1063 Petro
925 1011 981 1064 et
997 1008 1290 1079 judicium
1327 1027 1513 1082 usque
1535 1012 1606 1066 ad
1639 1011 1870 1067 satisfa-

226 1096 478 1151 ctionem
530 1111 852 1167 congruam
903 1096 1220 1166 subituros,
1266 1102 1324 1154 et
1344 1098 1639 1169 jacturam
1691 1115 1870 1171 quam

228 1185 407 1240 frater
429 1183 524 1240 ille
546 1200 859 1256 perpessus
890 1190 998 1251 est,
1018 1185 1400 1243 aestimatione
1418 1187 1682 1260 legitima
1713 1187 1870 1245 solu-

231 1277 417 1328 turos.
450 1271 622 1328 Illum
655 1280 852 1329 autem
890 1273 972 1328 ita
1002 1274 1337 1331 absolutum
1387 1292 1514 1332 esse
1543 1293 1870 1344 censemus,

226 1366 294 1418 ut
325 1362 374 1418 si
407 1378 525 1433 qua
552 1361 612 1417 in
644 1378 777 1417 eum
811 1363 1083 1435 deinceps
1114 1364 1355 1436 quaestio
1397 1366 1714 1432 emerserit,
1749 1365 1870 1422 solo

229 1451 503 1506 Romanis
555 1450 711 1507 sedis
759 1451 983 1521 judicio
1016 1454 1380 1508 terminatur.
1413 1454 1492 1509 De
1523 1459 1723 1510 caetero
1778 1472 1872 1510 ro-

225 1556 437 1612 gamus
466 1544 543 1607 te,
579 1541 1058 1596 reverendissime
1091 1543 1267 1597 frater
1309 1543 1613 1599 Remensis
1643 1543 1871 1599 archie-

226 1627 484 1700 piscope,
526 1633 590 1684 ut
620 1628 1022 1686 Belvacensem
1056 1631 1396 1701 episcopum
1431 1635 1639 1686 nostras
1672 1633 1870 1703 gratias

228 1716 656 1789 plenitudinem
689 1717 1049 1773 obtinentem
1079 1719 1136 1772 in
1160 1719 1284 1773 suis
1317 1726 1435 1774 tam
1466 1720 1871 1791 spiritualibus

229 1823 409 1878 quam
439 1806 840 1878 corporalibus
871 1807 1408 1878 opportunitatibus
1439 1809 1748 1879 adjuvetis.

299 1896 446 1951 Data
475 1896 770 1951 Lateranis
801 1912 864 1950 ιιι
897 1896 1032 1951 ldus
1063 1897 1218 1952 Maii.

948 2038 1084 2094 CXV
1093 2040 1132 2094 l.

233 2128 440 2184 Urbani
498 2129 550 2183 II
609 2128 864 2204 epistola_
896 2128 984 2204 ad_
1029 2133 1311 2197 Hugonem
1402 2130 1873 2204 archiepiscopum

833 2199 1267 2269 Lugdunensem.

849 2305 1032 2377 (Anno
1065 2306 1248 2378 1094.)

229 2413 317 2484 [Β.
378 2411 660 2479 Harmar,
721 2413 837 2468 Vita
899 2412 1122 2484 Urbani.
1185 2412 1334 2484 Man.
1393 2417 1451 2469 et
1498 2414 1668 2471 RUIN.
1705 2417 1868 2473 Ouvr.

793 2483 968 2554 post/2.
1007 2483 1100 2551 ΙΙΙ,
1127 2483 1281 2557 359.]

298 2608 580 2663 URBANUS
608 2607 938 2679 episcopus,
964 2624 1164 2663 servus
1193 2625 1492 2665 servorum
1523 2610 1874 2678 Dei,dilecto

228 2697 397 2753 fratri
431 2696 703 2768 episcopo
736 2696 960 2752 Hucom
1003 2697 1401 2769 Lugdunensi,
1422 2704 1478 2754 et
1518 2706 1732 2756 sanctae
1764 2703 1874 2758 Ro-

233 2802 421 2842 manae
454 2785 721 2841 Ecclesiae
754 2784 964 2858 legato,
996 2785 1244 2843 salutem
1277 2793 1334 2843 et
1363 2788 1743 2860 apostolicam
1775 2791 1876 2847 be-

237 2874 648 2932 nedictionem.

307 2961 735 3018 Sollicitudinis
757 2967 968 3018 nostra;
1007 2963 1180 3032 vices,
1206 2969 1262 3019 et
1291 2968 1649 3038 agendorum
1681 2969 1877 3024 consi-

236 3051 452 3107 liorum
472 3051 895 3123 providentiam
920 3051 1250 3107 strenuitati
1280 3058 1392 3108 tuae
1424 3073 1566 3127 pure
1597 3056 1877 3128 simplici-

235 3144 441 3212 terque
473 3139 898 3196 commisimus.
927 3142 1034 3196 Sed
1095 3158 1197 3212 pro
1228 3145 1624 3200 conservanda
1655 3163 1794 3218 pace
1823 3150 1881 3202 et

238 3229 470 3302 negotio
484 3229 713 3284 facilius
729 3231 1078 3302 peragendo,
1093 3230 1298 3286 utilius
1310 3233 1731 3290 aestimavimus
1743 3252 1877 3290 con-

1398 428 1810 497 EPISTOLE
1852 432 1952 497 ET
1995 429 2465 498 PRIVILEGIA.

3505 435 3626 500 390

2687 567 2896 625 CXVII.

1980 657 2185 715 Urbani
2226 659 2275 713 II
2315 657 2544 729 epistola
2574 658 2672 730 ad
2710 660 3007 730 Hugonem
3059 656 3624 730 Gratianopolitanum

2047 731 2374 801 episcopum.
2421 760 2490 770 —
2539 729 2633 784 Illi
2688 729 2753 784 de
2808 730 3177 799 superioribus
3233 729 3625 800 ad’Hugonem

2048 800 2459 872 Lugdunensem
2486 801 2726 872 epistolis
2754 801 3045 870 signiﬁcat.

2599 890 2783 960 (Anno
2817 889 3002 960 1091..)

2123 977 2428 1048 murmur,
2469 979 2586 1034 Vita
2619 979 2844 1042 Urbani,
2880 978 2980 1032 ubi
3013 995 3210 1050 supra,
3243 997 3298 1052 p.
3333 981 3484 1051 360.]

2050 1065 2327 1122 URBANUS
2358 1065 2686 1139 episcopus,
2708 1084 2909 1122 servus
2933 1084 3232 1124 servorum
3257 1069 3376 1138 Dei,
3411 1069 3623 1126 dilecto

1979 1153 2140 1208 fratri
2153 1158 2400 1222 HUGONI,
2419 1155 2952 1227 Gratianopolitano
2975 1156 3270 1229 episcopo,
3299 1157 3552 1214 salutem
3569 1162 3627 1214 et

1979 1243 2359 1315 apostolicam
2393 1243 2878 1299 benedictionem.

2051 1331 2156 1386 Pro
2181 1331 2408 1402 negotio
2433 1335 2532 1386 tuo
2555 1333 2830 1388 confratri
2859 1337 3058 1388 nostro
3097 1333 3475 1406 Lugdunensi
3508 1335 3627 1390 Hu-

1978 1419 2113 1492 goni
2161 1419 2596 1493 archiepiscopo
2648 1421 3060 1492 rescripsimus
3090 1421 3246 1492 quod
3296 1423 3453 1478 enim
3503 1423 3628 1496 ipse

1981 1512 2181 1564 nostra
2200 1509 2324 1564 vice
2351 1509 2574 1576 statuit,
2611 1526 2716 1563 nos
2751 1514 2949 1564 nostra
2979 1509 3302 1566 assertione
3353 1513 3624 1568 corrobo-

1980 1614 2199 1652 ramus.
2235 1597 2291 1652 Si
2348 1613 2495 1668 quas
2534 1615 2667 1652 vero
2711 1604 2918 1653 nostris
2979 1599 3344 1658 auctoritatis
3403 1600 3626 1656 litteras

1979 1685 2332 1740 Viennensis
2358 1685 2828 1757 archiepiscopus
2877 1686 3234 1758 opposuerit,
3258 1686 3404 1742 nihil
3437 1706 3625 1744 causa:

1984 1776 2095 1827 tuae
2117 1773 2346 1828 ofﬁcere
2361 1773 2679 1828 arbitreris.
2701 1775 2816 1829 Nos
2830 1775 2983 1828 enim
3005 1774 3151 1830 nihil
3172 1775 3412 1847 ipsi,aut
3431 1777 3626 1832 Eccle-

1981 1861 2079 1917 siae
2100 1861 2414 1917 Viennensi
2433 1862 2854 1928 concessimus,
2870 1862 2980 1917 nisi
2999 1863 3153 1934 quod
3172 1864 3333 1934 juste
3345 1864 3628 1920 hactenus

1899 1937 1948 2001 B
1979 1951 2312 2022 possedisse
2359 1951 2753 2022 cognoscitur,
2783 1969 2882 2006 sua
2915 1951 3072 2006 enim
3104 1952 3317 2024 cuique
3358 1953 3630 2010 volumus

1975 2041 2113 2110 jura
2136 2039 2663 2095 servari.0rantem
2695 2057 2795 2111 pro
2819 2040 2986 2095 nobis
3008 2040 3434 2098 fraternitatem
3465 2046 3628 2100 tuam

1982 2128 2278 2184 miseratio
2308 2128 2506 2183 divina
2537 2128 2849 2183 custodiat.

2052 2219 2198 2273 Data
2227 2222 2419 2272 Romae
2449 2234 2541 2272 xvr
2576 2215 2810 2273 Kalend.
2843 2218 3002 2273 Junii

2776 2324 2919 2379 VIII.

2776 2324 2844 2378 Vl
2907 2366 2919 2379 .

1987 2413 2192 2469 Urbani
2235 2415 2290 2469 II
2313 2324 2816 2485 privilegiumcgro
2851 2324 3134 2469 Icla-nonicis
3181 2415 3626 2471 Pistoriensibus.

2601 2502 2787 2572 (Anno
2816 2503 3000 2574 1094.)

2197 2591 2520 2661 [ΖΑσιιΑιιιΑ,
2545 2590 2814 2647 Anecdota
2838 2591 3009 2646 medii
3029 2593 3154 2660 aevi,
3181 2609 3237 2664 p.
3264 2593 3415 2664 224.}

2057 2697 2332 2752 Unsmus
2360 2698 2689 2769 episcopus,
2708 2713 2910 2753 servus
2933 2713 3232 2754 servorum
3256 2701 3375 2768 Dei,
3400 2699 3630 2755 dilectis

1983 2785 2043 2840 in
2075 2785 2300 2840 Christo
2325 2786 2460 2840 ﬁliis
2515 2786 2694 2841 Ucom
2727 2786 3054 2857 praeposito,
3079 2791 3134 2842 et
3164 2787 3385 2843 cazteris
3443 2787 3630 2843 Pisto-

1985 2873 2199 2930 riensis
2221 2874 2509 2930 canonica:
2533 2873 2834 2942 fratribus,
2849 2891 3172 2947 eorumque
3188 2875 3630 2932 successoribus

1986 2964 2047 3018 in
2067 2963 2352 3036 regularis
2374 2962 2502 3018 vita:
2521 2963 2888 3019 observantia
2909 2964 3312 3035 permansuris
3326 2963 3386 3019 in
3417 2981 3622 3038 perpe-

1985 3056 2176 3107 tuum.

2061 3141 2170 3196 Pizn
2201 3140 2519 3196 voluntatis
2550 3139 2791 3195 aﬂ‘ectus
2824 3140 3016 3196 studio
3047 3141 3218 3196 debet
3247 3146 3633 3213 prosequente

1988 3229 2286 3302 compleri,
2323 3234 2388 3284 ut
2415 3227 2808 3284 ecclesiastica
2859 3228 3085 3284 utilitas
3117 3230 3443 3302 apostolica:
3476 3229 3634 3286 sedis

231 3318 431 3375 fratris
453 3317 636 3374 nostri
667 3317 970 3374 Remensis
992 3319 1413 3392 archiepiscopi
1432 3323 1543 3393 (25)
1563 3322 1872 3379 consilium
1906 3305 1948 3372 C
1988 3321 2178 3374 favore
2201 3319 2352 3373 vires
2375 3317 2620 3388 accipiat
2640 3323 2696 3372 et
2728 3323 3039 3373 accrescat.
3067 3318 3315 3373 Proinde
3360 3317 3634 3389 religiosa

231 3406 583 3474 coneisoere,
609 3407 748 3478 quia
795 3406 853 3461 in
909 3409 1034 3478 ejus
1068 3425 1243 3463 manu
1297 3409 1645 3466 familiarius
1702 3428 1880 3468 causa

230 3496 382 3570 regis
412 3500 696 3553 versatur.
729 3496 853 3551 Tua
883 3514 1013 3552 vero
1055 3497 1382 3553 interererit
1411 3499 1531 3554 sive
1560 3517 1693 3555 cum
1727 3502 1875 3572 ejus,

228 3585 350 3640 sive
372 3584 497 3640 sine
526 3585 656 3656 ejus
696 3584 957 3652 consilio,
978 3589 1151 3656 prout
1181 3585 1342 3640 tibia
1377 3586 1617 3641 Domino
1650 3592 1875 3658 copiam

231 3673 554 3729 ministrari
579 3673 965 3744 conspexeris,
993 3673 1263 3743 injunctze
1287 3672 1593 3746 legationis
1616 3675 1875 3730 ofﬁcium

230 3778 518 3830 exercere,
550 3767 606 3818 et
661 3761 1015 3834 pullulantes
1070 3761 1341 3817 vitiorum
1390 3761 1662 3834 palmites
1693 3763 1874 3818 divini

227 3850 388 3906 verbi
421 3850 565 3906 falce
605 3850 876 3906 recidere.
904 3852 1062 3906 Inter
1082 3850 1468 3906 Viennensem
1489 3851 1874 3924 archiepisco-

230 3957 373 4012 pum
432 3939 780 4007 Guidonem,
812 3944 870 3994 et
901 3939 1505 4010 Gratianopolitanum
1535 3941 1874 4013 episcopum

228 4032 536 4100 Hugonem
561 4028 700 4100 quid
723 4045 914 4083 rerum
941 4027 1446 4100 sit,sagacitastua
1469 4028 1638 4103 longe
1664 4029 1875 4086 melius

228 4118 384 4174 intra
425 4116 785 4189 provinciam
830 4117 1180 4189 investigare
1211 4117 1505 4188 praevalet,
1541 4134 1717 4189 quam
1770 4136 1874 4174 nos

226 4207 330 4279 qui
375 4212 498 4262 tam
556 4205 744 4278 longis
802 4210 1091 4261 terrarum
1120 4205 1331 4277 spatiis
1371 4211 1676 4262 absumus.
1711 4208 1874 4273 Quod

224 4295 408 4368 igitur
425 4295 496 4350 de
517 4294 718 4350 eodem
738 4295 970 4367 negotio
1011 4299 1111 4350 tua
1152 4295 1481 4350 fraternitas
1513 4297 1734 4364 statuit,
1768 4315 1874 4353 nos

223 4386 297 4440 de
317 4392 432 4440 tua;
449 4385 695 4456 justitiaa
727 4384 1058 4457 integritate
1104 4384 1291 4440 securi
1325 4391 1524 4440 nostra
1555 4386 1873 4442 assertione

223 4474 630 4529 ﬁrmamus.Si
655 4490 803 4544 quas
851 4490 984 4528 vero
1011 4477 1222 4528 nostris
1253 4474 1618 4530 auctoritatis
1649 4474 1874 4532 litteras

223 4562 578 4619 Viennensis
617 4563 913 4632 objecerit,
935 4579 1107 4618 nosse
1152 4578 1257 4618 nos
1287 4561 1556 4618 volumus
1597 4565 1736 4636 quia
1766 4581 1872 4620 nos

224 4651 374 4707 nihil
399 4651 512 4724 ipsi
535 4656 635 4707 aut
657 4650 919 4706 Ecclesiae
958 4650 1274 4705 Viennensi
1299 4652 1720 4718 concessimus,
1755 4653 1865 4708 nisi
1900 4675 1946 4740 D

224 4742 381 4812 quod
397 4741 562 4812 juste
583 4739 867 4795 hactenus
891 4739 1220 4811 possedisse
1233 4741 1622 4811 cognoscitur,
1638 4741 1869 4797 etiamsi

220 4828 779 4902 persubreptionem
802 4830 963 4894 forte,
981 4829 1136 4900 quod
1169 4829 1341 4897 absit,
1363 4829 1580 4900 aliquid
1610 4830 1872 4886 videatur

217 4924 511 4974 extortum
540 4937 552 4986 ;
585 4935 692 4973 sua
722 4917 878 4972 enim
930 4917 1139 4989 cuique
1169 4917 1438 4973 volumus
1464 4919 1605 4988 jura
1635 4919 1870 4975 servari.

217 5009 306 5063 Tu
329 5009 484 5064 hanc
511 5024 712 5064 eorum
737 5007 1155 5062 dissentioncm
1174 5013 1393 5079 quanto
1430 5008 1604 5063 citius
1635 5008 1870 5080 poteris,

217 5098 534 5170 adjuvante
563 5096 831 5163 Domino,
851 5095 1039 5169 sopire
1058 5113 1327 5168 procura.
1348 5098 1408 5151 In
1437 5095 1530 5152 his
1563 5103 1620 5152 et
1652 5097 1708 5151 in
1742 5097 1874 5153 aliis

219 5204 349 5258 quae
373 5186 475 5242 Dei
509 5190 668 5251 sunt,
691 5185 749 5241 in
780 5191 1052 5258 promptu
1077 5184 1294 5241 habeas
1331 5190 1386 5242 te
1413 5186 1512 5242 Dei
1536 5186 1874 5242 ministrum

219 5276 438 5348 spiritu
472 5275 898 5331 ferventissimo
923 5274 1213 5330 exhibere.
1248 5274 1520 5330 Orantem
1570 5292 1672 5346 pro
1705 5275 1874 5332 nobis

219 5365 598 5420 sanctitatem
631 5367 790 5420 tuam
823 5363 1015 5436 gratia
1039 5363 1235 5420 divina
1265 5364 1578 5421 custcdiat.

295 5455 441 5510 Data
467 5454 665 5510 Romae
696 5471 810 5510 xvn
841 5452 960 5510 Kal.
988 5453 1174 5509 Junii.

1985 3412 2118 3463 vota
2147 3412 2336 3462 vestra
2365 3404 2705 3477 accipimus,
2729 3411 2787 3461 et
2817 3405 3001 3478 aequis
3028 3406 3409 3478 petitionibus
3444 3405 3634 3462 liben-

1987 3503 2074 3552 ter
2105 3496 2475 3566 impertimur
2502 3510 2836 3562 assensum,
2870 3501 2936 3550 ut
2965 3495 3256 3550 canonica:
3296 3495 3425 3551 vita:
3478 3495 3633 3551 ordi-

1987 3602 2140 3651 nem,
2167 3600 2339 3656 quam
2371 3583 2613 3656 professi
2644 3583 2812 3651 estis,
2835 3584 3195 3639 auctoritatis
3217 3587 3427 3640 nostras
3451 3583 3634 3656 privi-

1985 3673 2134 3746 legio
2157 3673 2515 3728 muniamus.
2540 3673 2812 3728 Praesenti
2841 3673 3021 3745 igitur
3049 3673 3280 3729 decreto
3311 3673 3631 3729 statuimus

1986 3767 2051 3816 ut
2081 3761 2301 3816 nemini
2327 3761 2644 3816 viventium
2693 3761 2865 3816 liceat
2918 3777 3018 3816 vos
3050 3765 3107 3816 et
3141 3777 3508 3817 successores
3537 3777 3632 3817 ve-

1985 3857 2135 3906 stros
2159 3851 2334 3906 avitae
2357 3850 2647 3905 canonicee
2673 3850 3085 3905 communione
3114 3850 3459 3918 distrahere,
3486 3865 3630 3906 neve

1985 3939 2158 3995 alicui
2180 3945 2438 3996 vestrum
2465 3945 2596 4011 post
2619 3940 3036 4011 professionem
3063 3939 3312 3995 liberum
3341 3939 3418 3995 sit
3442 3956 3476 3995 a
3504 3955 3634 3994 con-

1983 4029 2321 4102 gregatione
2339 4028 2634 4084 discedere
2656 4033 2712 4083 et
2733 4029 2954 4084 latioris
2975 4029 3078 4083 viae
3094 4033 3386 4100 praerupta
3400 4028 3628 4086 sectari.

1985 4118 2373 4182 Quamobrem
2410 4118 2778 4173 decernimus
2808 4122 2892 4183 ut,
2921 4117 2969 4173 si
3000 4135 3068 4172 ex
3096 4117 3259 4173 vobis
3289 4117 3581 4189 quispiam
3600 4134 3634 4172 a

1988 4207 2286 4279 proposito
2318 4207 2690 4276 aberraverit,
2716 4207 2786 4261 ad
2822 4207 3230 4279 corrigendum
3262 4223 3421 4272 eum,
3455 4211 3511 4261 et
3541 4221 3633 4261 se-

1983 4297 2244 4352 cundum
2296 4295 2664 4367 disciplinam
2699 4295 2908 4368 regulae
2942 4297 3349 4362 coercendum,
3383 4295 3510 4361 tibi,
3543 4293 3632 4351 vel

1982 4385 2423 4441 successoribus
2455 4385 2595 4452 tuis,
2624 4390 2680 4440 ct
2711 4385 3070 4456 caeteris,qui
3099 4385 3456 4456 praefuerint,
3474 4384 3634 4440 nulla

1981 4475 2188 4529 debeat
2219 4491 2468 4545 persona
2497 4475 2799 4530 obsistere.
2831 4474 3092 4530 Obeunte
3152 4479 3230 4542 te,
3264 4473 3353 4530 vel
3411 4473 3631 4530 caateris

1981 4562 2267 4617 canonicos
2291 4569 2493 4616 vestrm
2516 4562 3073 4627 rectoribus,nullus
3097 4564 3177 4619 ibi
3211 4563 3473 4634 qualibet
3487 4563 3628 4619 sub-

1981 4650 2260 4720 reptionis
2312 4650 2545 4715 astutia,
2592 4650 2674 4704 vel
2733 4650 3008 4706 violentia
3061 4655 3452 4723 praeponatur,
3515 4650 3629 4706 nisi

1981 4754 2154 4810 quem
2179 4736 2471 4809 regulares
2503 4737 2708 4792 fratres
2731 4743 3056 4794 secundum
3091 4740 3190 4795 Dei
3220 4739 3514 4807 timorem,
3538 4738 3627 4794 vel

1980 4828 2050 4882 de
2080 4827 2223 4893 suis,
2257 4825 2306 4881 si
2334 4825 2511 4880 talem
2545 4826 2697 4880 inter
2719 4843 2779 4880 se
2810 4829 3150 4898 repererint,
3182 4827 3269 4883 vel
3301 4829 3372 4883 de
3395 4826 3627 4896 alienis,

1982 4918 2028 4971 si
2063 4915 2399 4988 oportuerit,
2424 4929 2558 4969 cum
2589 4915 2832 4969 consilio
2876 4916 3155 4988 episcOpi,
3189 4916 3291 4988 qui
3349 4917 3627 4972 canonice

1981 5007 2218 5072 electus,
2235 5010 2292 5059 et
2314 5021 2414 5076 per
2434 5004 2756 5058 Romanam
2774 5005 2950 5058 fuerit
2970 5005 3284 5061 Ecclesiam
3299 5005 3627 5073 ordinatus,

1981 5096 2278 5167 elegerint.
2311 5097 2445 5160 Qua:
2476 5093 2674 5148 omnia
2706 5102 2769 5147 ut
2799 5093 3124 5163 opitulante
3160 5095 3401 5151 Domino
3453 5095 3624 5150 firma

1983 5201 2232 5256 semper,
2264 5189 2322 5238 et
2381 5181 2606 5238 illibata
2647 5185 3045 5255 permaneant,
3081 5184 3384 5254 praesentis
3413 5183 3630 5240 decreti

1983 5273 2331 5331 auctoritate
2361 5272 2681 5341 sancimus,
2713 5276 2778 5326 ut
2809 5271 3027 5327 nemini
3060 5272 3300 5327 omnino
3334 5272 3506 5328 liceat
3531 5289 3626 5328 ve-

1984 5370 2168 5421 stram
2200 5362 2542 5419 canonicam
2574 5367 2792 5417 temere
2821 5361 3181 5434 perturbare,
3221 5359 3306 5416 vel
3338 5363 3466 5433 ejus
3491 5378 3625 5433 pos-

1986 5453 2277 5510 sessiones
2338 5453 2586 5520 auferre,
2619 5452 2707 5509 vel
2767 5451 2992 5508 ablatas
3023 5451 3288 5518 retinere,
3340 5451 3625 5520 minuere,

291 5634 404 5714 (25)
437 5636 615 5714 serat
653 5631 1126 5712 Raynoldus,qui
1176 5649 1280 5710 pro
1321 5651 1439 5692 sua:
1481 5634 1637 5692 sedis
1678 5634 1960 5711 dignitate
1989 5639 2044 5694 et
2072 5632 2324 5714 propriis
2351 5632 2596 5704 meritis,
2629 5632 2815 5692 multa
2845 5631 3185 5693 auctoritate
3235 5628 3389 5708 apud
3431 5643 3628 5711 regem

221 5703 495 5794 pollebat.
