3950 6398
100 0 106 3 “
199 0 696 13 ἠήήῂ
705 0 1657 28 -τ-ΜΜ

385 367 502 431 391

1705 363 1776 431 Β.
1825 323 2115 434 casam
2159 370 2212 434 ιι
2255 367 2504 434 PAPIE.

3669 351 3795 426 399

392 503 474 556 νιιι
512 501 836 557 temnrariis
884 499 1286 557 vexationibus
1323 503 1560 575 fatigare
1591 521 1602 568 ;
1637 503 1760 566 sed,
1793 508 1908 557 tam
1969 521 2036 559 ea
2066 507 2110 571 Α
2149 505 2372 559 minica':
2397 504 2817 561 lncarnationis
2840 505 2998 572 1094,
3022 502 3399 577 pontificatus
3415 497 3790 557 verodomini

389 606 516 662 quae
547 605 616 644 ex
647 589 1052 661 episcoporum
1075 590 1391 646 donatione
1421 606 1599 662 quam
1633 598 1690 647 et
1713 608 1780 647 ea
1809 608 1936 664 quae
1965 609 2036 647 ex

389 693 876 749 quorumcunque
910 676 1169 733 ﬁdelium
1221 677 1616 734 oblationibus
1647 679 1820 738 hodie
1847 675 2065 751 possi-'

387 764 558 833 detis,
580 769 856 838 perpetuo
887 766 1053 822 vobis
1101 766 1328 838 integra
1355 772 1746 824 conservetur.
1779 769 1860 823 Ex
1899 768 2032 840 qui-

385 852 498 909 bus
530 853 880 910 nominatim
913 853 1034 910 haec
1063 853 1426 926 designanda
1472 855 1768 911 duximus.
1797 855 2030 911 Plebem

385 942 456 996 de
485 941 716 998 Viliano
746 959 880 998 eum
912 943 1071 998 omni
1096 942 1504 1010 decimatione,
1527 947 1584 999 et
1611 943 1841 1016 plebem
1871 944 1943 1000 de
1971 948 2027 999 S.

383 1030 616 1096 Quirico
637 1030 927 1098 similiter,
943 1035 1002 1086 et
1019 1036 1254 1088 caeteras
1290 1031 1710 1088 decimationes
1732 1031 1850 1088 sive
1876 1032 2032 1090 infra

383 1119 682 1175 civitatem
714 1119 834 1174 sive
866 1123 1026 1174 extra
1057 1119 1130 1174 ab
1159 1119 1450 1192 episcopis
1479 1119 1646 1176 vobis
1698 1136 2026 1190 concessas,

381 1211 719 1279 etquartam
743 1207 1472 1278 portionemoblationum,
1491 1225 1638 1280 quas
1655 1208 1869 1264 litanias
1899 1210 2031 1267 otl'e-

381 1301 539 1365 runt,
567 1300 630 1353 et
653 1296 1070 1352 decimationes
1101 1297 1172 1352 de
1199 1296 1468 1368 Gropole,
1503 1301 1562 1352 et
1589 1298 1661 1353 de
1697 1297 1940 1363 Collina,
1971 1302 2029 1353 et

381 1384 685 1442 ecclesiam
712 1389 768 1439 S.
803 1384 978 1440 Blasii
1032 1401 1165 1440 cum
1199 1385 1369 1441 terris
1402 1385 1608 1458 positis
1641 1387 1699 1440 in
1761 1403 1915 1458 aqua
1942 1386 2026 1440 vi-

380 1467 532 1533 vola,
554 1471 612 1522 et
640 1465 700 1522 in
727 1464 996 1531 Virsano,
1027 1471 1083 1520 et
1111 1467 1170 1520 in
1204 1463 1550 1538 Falagrano,
1585 1470 1642 1521 et
1669 1466 1730 1521 in
1761 1467 2023 1536 Barzani,

379 1559 439 1612 et
467 1555 525 1610 in
547 1554 880 1620 Glandaria,
915 1555 1066 1610 sicut
1093 1571 1190 1610 eas
1239 1553 1402 1610 dedit
1431 1554 1711 1611 Gira-rdus
1732 1555 1869 1610 ﬁliis
1919 1559 2025 1610 Ba-

381 1645 584 1700 conehi
619 1645 752 1716 (26),
786 1648 843 1699 et
873 1641 1166 1699 Ronaldus
1191 1659 1323 1697 cum
1357 1642 1594 1699 Davizzo
1624 1660 1835 1717 genero
1893 1661 2020 1700 suo.

379 1733 530 1790 Illud
563 1732 928 1804 etiam,quod
955 1731 1028 1785 ab
1049 1730 1338 1802 episcopis
1371 1732 1577 1788 vestris
1599 1737 1885 1788 statutum
1911 1737 2020 1801 est,

378 1826 592 1878 nostrae
621 1819 982 1876 auctoritatis
1039 1819 1364 1876 assertione
1395 1821 1722 1884 ﬁrmamus,
1749 1826 1812 1877 ut
1842 1822 1889 1877 si
1921 1820 2022 1894 qui

379 1925 448 1965 ex
472 1908 784 1964 ordinariis
817 1907 1042 1963 clericis
1075 1909 1266 1964 adhuc
1297 1907 1358 1963 in
1388 1909 1563 1966 domo
1589 1926 1699 1966 sua
1729 1911 2022 1966 manenti-

378 2000 489 2054 bus
519 1995 727 2053 saeculo
784 1996 1216 2069 emigraverint,
1251 1997 1535 2070 quidquid
1586 2015 1787 2056 eorum
1833 1998 2021 2055 ordini

379 2085 666 2159 pertinere
693 2084 942 2150 videtur,
961 2085 1018 2140 in
1045 2102 1220 2141 usum
1240 2087 1655 2143 canonicorum
1678 2087 2026 2159 regulariter

375 2175 692 2229 viventium
715 2173 1030 2248 redigatur,
1049 2191 1118 2229 ea
1139 2173 1418 2230 nimirum
1437 2176 1741 2248 diligentia
1767 2192 2023 2248 curaque

379 2263 662 2323 adhibita.
683 2277 754 2316 ne
768 2279 960 2317 rerum
982 2261 1316 2334 augmentis
1329 2263 1386 2319 in
1401 2263 1726 2320 libertatem
1741 2263 1952 2333 carnis,
1967 2269 2025 2320 et

377 2351 638 2408 velamen
655 2349 888 2406 malitiae
901 2351 1251 2417 abutamini,
1277 2369 1348 2407 ne
1371 2369 1606 2424 quoquo
1629 2354 1800 2408 modo
1817 2368 1909 2409 res
1925 2371 2024 2410 au-

378 2458 532 2513 gere,
548 2445 604 2496 et
625 2441 872 2494 fratrum
892 2439 1154 2494 debeatis
1178 2457 1490 2496 numerum
1526 2441 1896 2510 imminuere;
1921 2443 2020 2497 sed

380 2528 1006 2586 tantuscanonicorum
1027 2545 1309 2586 numerus
1325 2534 1718 2600 conservetur,
1733 2535 2019 2600 quantum

381 2619 492 2675 loci
516 2617 690 2676 vestri
722 2616 968 2672 facultas
1000 2616 1120 2689 pati
1151 2619 1322 2690 posse
1349 2617 1660 2686 videbitur,
1694 2634 1766 2674 ne
1797 2619 2024 2692 religio-

381 2709 476 2764 nis
499 2712 556 2764 et
578 2705 796 2762 servitii
821 2705 999 2760 debiti
1030 2706 1444 2762 detrimentum
1468 2705 1726 2764 Ecclesia
1745 2707 2018 2780 patiatur.

378 2798 460 2853 Ad
487 2797 606 2852 haec
633 2793 945 2865 adjicimus
967 2797 1033 2848 ut
1051 2811 1413 2866 quaecunque
1443 2795 1613 2850 hodie
1636 2801 1828 2852 vestra
1855 2813 2022 2853 cano-

381 2885 682 2955 nicajuste
707 2882 982 2954 possidet,
1007 2883 1127 2937 sive
1161 2884 1218 2937 in
1251 2884 1510 2938 futurum
1537 2884 1698 2954 juste
1719 2889 1895 2956 atque
1925 2902 2019 2942 ca-

380 2973 606 3042 nonice,
629 2971 1034 3043 episcoporum
1069 2971 1462 3039 concessione,
1494 2970 1837 3029 liberalilate
1867 2975 2022 3047 prin-

378 3061 597 3135 cipum,
617 3058 704 3115 vel
729 3058 1020 3115 oblatione
1041 3059 1302 3115 ﬁdelium
1325 3061 1536 3132 poterit
1553 3060 2016 3134 adipisci,vobis,

377 3149 703 3221 vestrisque
749 3147 1208 3216 successoribus,
1237 3149 1338 3220 qui
1385 3148 1447 3204 in
1493 3149 1694 3206 eadem
1743 3149 2018 3224 religione

378 3236 824 3312 permanserint,
861 3237 1028 3292 ﬁrma
1057 3254 1287 3309 semper
1315 3242 1373 3293 et
1403 3236 1627 3294 illibata
1673 3239 2012 3310 persistant,
2045 3227 2087 3296 C

377 3344 602 3395 eorum,
621 3343 724 3398 pro
751 3341 998 3398 quorum
1032 3325 1494 3382 substentatione
1523 3331 1576 3380 et
1599 3328 2018 3398 gubernatione

377 3433 656 3474 concessa
685 3419 843 3482 sunt,
869 3414 1076 3469 usibus
1135 3413 1490 3471 omnimodis
1545 3417 1866 3488 profutura.
1901 3417 2016 3474 Vos

376 3503 693 3578 igitur,filii
726 3503 786 3558 in
830 3503 1058 3580 Christo
1099 3504 1452 3573 cbarissimi,
1477 3510 1703 3577 oportet
1733 3506 2016 3577 regularis

373 3595 501 3653 vitae
525 3591 992 3649 institutionibus
1012 3591 1322 3665 diligenter
1346 3592 1637 3662 insistere,
1668 3600 1724 3650 et
1753 3595 1811 3650 in
1825 3597 2013 3652 omni-

375 3686 488 3742 bus
515 3679 844 3754 apostolica
871 3681 1027 3736 sedis
1058 3682 1289 3738 decreta
1318 3699 1566 3751 servare,
1603 3688 1669 3739 ut
1699 3689 1830 3756 post
1882 3685 2010 3742 vita:

375 3771 679 3847 praesentis
701 3761 1003 3842 augustias
1033 3770 1355 3844 cpitulante
1387 3772 1632 3828 Domino
1654 3774 1724 3828 ad
1749 3790 2011 3847 supernae

374 3860 702 3918 latitudinis
753 3858 998 3932 gloriam
1058 3861 1400 3916 mereamini
1435 3863 1754 3932 pervenire.
1785 3868 1933 3920 Sane
1962 3864 2011 3920 si

375 3951 509 4023 quis
540 3951 598 4004 in
639 3948 961 4004 crastinum
1009 3947 1502 4021 archiepiscopus,
1534 3957 1635 4006 aut
1681 3951 2010 4024 episcopus,

375 4041 709 4112 imperator,
743 4041 844 4092 aut
899 4053 1020 4104 rex,
1055 4037 1333 4106 marchio,
1395 4055 1609 4104 comes,
1669 4041 2009 4102 vicecomes.

367 4129 568 4200 judex,
602 4132 702 4182 aut
730 4125 1034 4191 castaldio,
1067 4132 1167 4180 aut
1199 4144 1466 4198 persona,
1501 4128 1774 4200 quaelibet
1801 4146 2013 4204 magna

371 4217 459 4274 vel
491 4233 686 4289 parva,
723 4215 899 4286 hujus
949 4214 1231 4288 privilegii
1289 4215 1562 4288 paginam
1593 4218 1782 4274 sciens
1812 4223 2014 4275 contra

373 4319 500 4362 eam
555 4309 774 4361 temere
821 4303 1016 4358 venire
1065 4305 1389 4374 tentaverit,
1423 4306 1676 4363 secundo
1725 4307 2012 4381 tertioque

373 4393 784 4460 commonitus,
813 4392 862 4448 si
895 4410 1010 4448 non
1037 4392 1430 4450 satisfactione
1460 4411 1717 4469 congrua
1746 4399 2013 4455 emenda-

373 4483 534 4550 verit,
567 4481 872 4555 potestatis
903 4481 1256 4554 honorisque
1305 4482 1394 4539 sui
1455 4484 1739 4558 dignitate
1797 4491 2008 4553 careat,

373 4587 655 4642 reumque
673 4587 734 4625 se
755 4570 825 4624 de
846 4568 1277 4642 divinojndicio
1307 4571 1550 4629 existere
1579 4574 1652 4630 de
1681 4580 2012 4647 perpetrata

377 4658 659 4732 inquitate
692 4663 1022 4731 cognoscat,
1057 4663 1230 4732 atque
1261 4678 1296 4716 a
1325 4662 1726 4719 sacratissimo
1769 4681 2008 4736 corpore

371 4754 427 4804 ot
447 4747 732 4821 sanguine
763 4747 861 4804 Dei
887 4753 944 4804 et
976 4749 1201 4804 Domini
1233 4750 1636 4823 Redemptoris
1666 4754 2006 4810 nostriJesu

370 4837 580 4892 Christi
614 4836 838 4892 alienus
872 4835 991 4906 fiat,
1016 4837 1146 4892 etin
1165 4843 1420 4895 extremo
1443 4839 1706 4898 examine
1729 4841 2008 4898 districtze

375 4923 575 4982 ultioni
613 4926 932 4996 subjaceat.
966 4925 1204 4982 Cunctis
1234 4933 1427 4984 autem
1459 4930 1647 4985 eidem
1679 4930 1802 4987 loco
1817 4933 2006 5003 juxta,

374 5013 739 5070 servantibus
777 5014 853 5067 sit
911 5031 1018 5086 pax
1057 5017 1279 5072 Domini
1331 5018 1510 5073 nostri
1572 5019 1713 5075 Jrsu
1771 5021 2007 5088 Christi,

375 5108 666 5175 quatenus
697 5108 754 5157 et
784 5103 877 5157 hic
909 5104 1159 5160 fructum
1180 5106 1341 5162 bona:
1387 5107 1636 5164 actionis
1667 5110 2008 5182 percipiant,

375 5197 432 5248 et
462 5191 614 5264 apud
653 5191 984 5248 districtum
1009 5193 1270 5264 judicem
1303 5194 1541 5268 praemia
1571 5202 1793 5252 aeternae
1853 5201 2012 5272 pacis

377 5281 692 5337 inveniant.
725 5283 930 5350 Amen,
965 5299 1154 5351 amen,
1190 5301 1382 5340 amen.

449 5371 658 5425 Datum
679 5369 956 5427 Pistorien.
978 5370 1083 5428 Per
1105 5389 1344 5428 manum
1363 5374 1607 5432 Joannis
1627 5380 1682 5432 S.
1719 5377 1785 5432 R.
1821 5378 2012 5435 Eccle-

375 5459 472 5516 siae
494 5459 642 5515 diae.
668 5460 848 5528 card.,
875 5477 970 5516 xxv
999 5460 1124 5516 Kal.
1146 5462 1302 5531 Jan.,
1341 5462 1538 5520 indict.
1581 5480 1669 5534 ιιι,
1703 5483 1857 5524 anno
1903 5468 2012 5526 Do-

2146 593 2362 650 Urbani
2389 594 2438 650 II
2459 610 2556 666 pp.
2591 593 2862 667 septimo.

2858 681 3036 740 CXIX.

2145 771 2352 827 Urbani
2377 772 2428 826 II
2451 770 2779 842 epistolaiad
2806 771 3135 826 Durannum
3171 769 3542 842 Arvernorum
3581 766 3790 842 episco-

2205 858 2385 926 pum.
2413 836 2492 925 .-'
2538 841 2757 926 amat.
2823 847 2887 926 ut.
2923 842 3298 926 smmis?
3333 836 3796 926 numen

2205 907 2518 1040 carznoltzium
2535 914 2598 968 Β.
2615 915 2756 985 Lupi
2781 915 2997 970 restitui
3023 911 3304 969 monachis
3335 907 3792 967 Cluniacensibus

2201 1001 2269 1054 ,τα
2305 1000 2368 1040 ea
2397 1025 2410 1038 .
3692 1019 3702 1044 τ

2739 1073 2929 1144 (Anno
2965 1071 3152 1143 4094.)

2421 1161 2703 1232 [ΜΑΒιιι.,
2736 1161 2938 1217 Annal.
2971 1159 3196 1229 Bened.,
3226 1162 3296 1228 V,
3318 1158 3470 1229 336.]

2208 1249 2484 1306 Uasmus
2495 1249 2768 1322 episcopu
2777 1265 3036 1317 s,servus
3049 1263 3347 1305 servorum
3361 1245 3461 1303 Dei
3469 1245 3787 1317 ,DURANNO

2134 1338 2483 1395 charissimo
2504 1338 2670 1394 fratri
2692 1341 3081 1394 Arvernorum
3106 1337 3400 1410 episcopo,
3424 1335 3680 1393 salutem
3725 1336 3790 1389 et

2135 1427 2510 1502 apostolicam
2545 1427 3028 1484 benedictionem.

2201 1516 2492 1572 Adversus
2523 1515 2944 1572 fraternitatem
2990 1521 3156 1572 tuam
3178 1531 3282 1588 pro
3327 1510 3786 1570 Biliomensibus

2132 1603 2446 1671 canonicis,
2479 1605 2580 1676 qui
2613 1609 2724 1659 tuis
2783 1602 3024 1659 ditionis
3055 1603 3369 1672 habentur,
3398 1618 3514 1658 non
3569 1598 3787 1674 exigua

2131 1692 2368 1765 querela
2379 1692 2661 1766 provenit.
2676 1692 2746 1747 Hi
2761 1692 3042 1748 nimirum
3069 1692 3226 1748 Beati
3258 1692 3400 1764 Lupi
3423 1689 3782 1758 cmnobium,

2134 1781 2287 1853 quod
2301 1781 2412 1837 sub
2429 1780 2834 1838 Cluniacensis
2844 1781 3089 1836 cmnobii
3099 1782 3236 1852 jure
3248 1780 3452 1836 multis
3468 1779 3598 1852 jam
3621 1777 3786 1834 ultra

2049 1869 2098 1934 B
2128 1873 2386 1925 nostram
2413 1868 2759 1926 memoriam
2780 1869 3144 1942 temporibus
3173 1871 3264 1925 est
3283 1869 3596 1934 retentum,
3613 1865 3782 1921 inva-

2131 1958 2293 2014 sione
2320 1959 2630 2038 horrenda,
2653 1961 2710 2014 et
2738 1957 3042 2014 catholicis
3063 1957 3306 2014 auribus
3340 1973 3456 2012 non
3514 1953 3780 2023 ferenda,

2130 2051 2331 2102 contra
2361 2063 2532 2102 omne
2579 2047 2680 2118 jus
2722 2050 2779 2101 et
2822 2046 2912 2101 fas
2969 2049 3344 2118 usurpantes,
3371 2042 3553 2103 altare
3581 2041 3782 2115 ipsius

2129 2134 2374 2191 coenobii
2407 2134 2732 2202 diruerunt,
2761 2132 3039 2206 reliquias
3069 2133 3130 2188 in
3151 2149 3218 2190 eo
3241 2132 3490 2188 latentes
3519 2130 3785 2203 diripue-

2131 2227 2288 2288 runt,
2303 2223 2575 2295 quodque
2595 2222 2751 2277 dictu
2771 2227 2830 2278 et
2851 2223 3054 2278 auditu
3079 2221 3242 2278 nefas
3261 2225 3370 2289 est,
3389 2221 3590 2292 ipsum
3615 2219 3780 2292 quod

2132 2328 2308 2384 super
2337 2311 2518 2367 altare
2548 2311 2619 2366 ad
2643 2311 3014 2366 infirmorum
3045 2327 3191 2366 usus
3213 2309 3537 2382 repositum
3579 2308 3782 2364 fuerat
3811 2367 3814 2372 _

2129 2417 2340 2473 corpus
2352 2399 2893 2472 Dominicum,ipsis
2910 2416 3086 2472 super
3101 2399 3438 2456 coelestibus
3451 2397 3782 2454 virtutibus

2131 2489 2530 2556 reverendam,
2549 2487 2730 2544 humo
2761 2489 3096 2561 dispergere
3132 2487 3378 2544 minime
3405 2485 3778 2554 timuerunt;

2130 2581 2188 2633 et
2234 2582 2440 2633 caetera
2488 2581 2852 2646 ornamenta,
2885 2593 3236 2648 omnemque
3281 2574 3621 2632 monasterii
3669 2566 3816 2630 su?

2129 2665 2474 2739 pellectilem
2507 2666 2564 2720 in
2619 2681 2764 2721 usus
2821 2665 3087 2737 proprios
3141 2667 3604 2736 asportaverunt.
3636 2663 3778 2718 Heio

2129 2771 2306 2827 quam
2329 2769 2547 2827 gravia,
2582 2771 2758 2826 quam
2788 2753 3101 2821 horrenda,
3123 2769 3302 2825 quam
3333 2750 3634 2808 catholicis
3663 2768 3778 2808 au-

2129 2843 2292 2898 ribus
2322 2841 2716 2914 importabilia
2745 2841 3070 2911 videantur,
3107 2840 3486 2897 fraternitatis
3503 2845 3616 2897 tua!
3648 2857 3776 2896 non

2129 2932 2422 2988 credimus
2443 2931 2622 2987 latere
2643 2930 3035 3004 prudentiam.
3055 2931 3356 2997 Quomodo
3385 2929 3566 3004 igitur
3580 2918 3780 2985 inu‘lta

2126 3023 2248 3076 hac
2269 3020 2388 3094 pati
2409 3019 2739 3077 sollicitudo
2782 3025 2883 3076 tua
2929 3024 3173 3093 poterat,
3202 3036 3318 3076 non
3351 3018 3686 3086 minimum,
3717 3017 3778 3075 si

2127 3109 2209 3165 ita
2239 3126 2300 3166 se
2331 3111 2409 3165 rei
2443 3109 2658 3165 veritas
2687 3109 2920 3175 habeat,
2954 3108 3335 3164 admiramur.
3369 3107 3770 3164 Praesentibus

2125 3215 2260 3272 ergo
2283 3197 2491 3255 litteris
2511 3197 2684 3254 officii
2708 3197 2794 3254 tui
2819 3197 3080 3254 debitum
3101 3197 3510 3264 admonemus,
3532 3201 3600 3252 ut
3617 3213 3771 3269 prae-

2125 3289 2346 3343 dictum
2377 3286 2592 3356 locum,
2616 3290 2673 3343 et
2707 3304 2778 3343 ex
2803 3303 2870 3343 eo
2909 3287 3136 3359 direpta
3165 3284 3442 3342 utensilia
3469 3283 3768 3353 universa,

2121 3376 2648 3432 Celsiniacensibus
2668 3375 2894 3432 restitui
2919 3376 3128 3432 facias:
3149 3375 3365 3447 quibus
3387 3373 3767 3444 reinvestitis,

2123 3465 2173 3521 si
2203 3481 2380 3536 quam
2413 3464 2470 3519 in
2496 3463 2622 3520 loco
2645 3463 2744 3520 illo
2766 3463 3059 3535 justitiam
3091 3481 3152 3519 se
3177 3463 3464 3520 habuisse
3497 3463 3769 3519 canonici

2122 3553 2504 3609 Biliomenses
2516 3553 3151 3626 confitentur,tempore
3171 3567 3430 3626 congrua
3445 3567 3579 3608 eum
3591 3550 3773 3608 Celsi-

2121 3642 2496 3698 niacensibus
2521 3641 2828 3698 monachis
2847 3646 3048 3698 nostro
3081 3659 3143 3698 se
3172 3641 3508 3714 conspectui
3552 3656 3769 3713 reprae-

2121 3735 2371 3786 sentent.
2404 3730 2460 3786 Si
2495 3733 2688 3785 autem
2723 3732 2931 3785 nostra:
2956 3728 3094 3784 huic
3108 3728 3769 3800 jussioniBiliomenses

2118 3818 2382 3875 canonici
2396 3819 2632 3874 obedire
2645 3817 3122 3890 contempserint,
3141 3817 3404 3873 divinum
3415 3815 3489 3874 iis
3504 3817 3769 3873 ofﬁcium

2119 3908 2468 3973 interdicito,
2483 3908 2867 3980 quoadusque
2897 3907 3006 3963 resi
3015 3907 3330 3978 piscentes,
3351 3905 3768 3963 Celsiniacensi

2119 3997 2428 4070 praeposito
2457 3999 2514 4052 et
2543 3995 2820 4052 fratribus
2850 4013 2978 4068 quae
3025 3994 3396 4067 diripuerunt
3426 3994 3763 4052 restituant.

2119 4085 2280 4152 Quod
2295 4085 2344 4141 si
2357 4083 2705 4156 episcopalis
2716 4083 3104 4154 auctoritatisj
3115 4083 3370 4138 udicium
3384 4083 3768 4156 neglexerint,

2120 4178 2319 4230 nostra
2343 4189 2405 4230 se
2425 4189 2459 4230 ει
2479 4173 2693 4230 divinis
2708 4173 2918 4229 officiis
2942 4173 3286 4228 auctoritate
3299 4171 3562 4228 noverint
3578 4172 3763 4228 inter-

2119 4263 2324 4331 dictos,
2345 4267 2410 4318 ut
2429 4279 2532 4318 nec
2555 4261 2666 4334 ipsi
2691 4260 2941 4334 uspiam,
2966 4277 3070 4317 nec
3091 4260 3188 4316 alii
3211 4261 3269 4315 in
3303 4277 3504 4316 eorum
3517 4259 3770 4318 ecclesia

2118 4352 2176 4408 id
2206 4351 2475 4408 exhibere
2513 4354 2892 4422 praesumant,
2925 4350 3310 4422 quoadusque
3366 4349 3488 4405 haec
3518 4365 3554 4405 a
3591 4349 3768 4410 nobis

2119 4444 2404 4514 praecepta
2433 4438 2752 4512 perficiant.

2847 4528 3010 4584 CXX.

2039 4599 2086 4664 D
2122 4619 2327 4676 Urbani
2345 4619 2396 4673 II
2410 4617 2636 4688 epistola
2665 4615 2735 4672 ad
2753 4615 3128 4684 Guillclmum,
3141 4619 3397 4674 comitem
3414 4617 3760 4674 Tolosanum.

2186 4720 2255 4730 —
2282 4690 2448 4744 Illum
2475 4688 2540 4742 de
2561 4689 2802 4760 expulsis
2822 4690 3105 4746 abbatibus
3133 4689 3498 4746 Moissiacensi
3523 4698 3575 4746 et
3598 4689 3763 4746 Lesa-

2189 4763 2331 4816 [ensi
2359 4760 2632 4831 objurgal.

2615 4848 2802 4922 (Circa
2833 4866 3052 4905 annum
3085 4849 3268 4922 4094.)

2368 4938 2596 5008 [ΒΛιιιΖ.
2629 4939 2847 4993 Misce”.
2881 4938 3018 4994 edit.
3054 4939 3214 5008 Luc.,
3249 4938 3321 5010 Il,
3355 4937 3503 5010 181.]
3559 4983 3565 4990 .

2191 5026 2462 5082 URBANUS
2495 5028 2824 5099 episcopus,
2858 5045 3058 5084 servus
3090 5045 3390 5084 servorum
3434 5025 3558 5084 Dei.
3591 5027 3770 5083 GUIL-

2121 5133 2323 5184 LELMO,
2357 5115 2551 5171 comiti
2603 5116 2912 5186 Tolosano,
2976 5116 3226 5174 salutem
3278 5120 3334 5173 ct
3381 5115 3765 5190 apostolicam

2122 5203 2606 5260 benedictionem.

2194 5294 2379 5366 Super
2401 5293 2681 5368 religione
2728 5299 2783 5351 et
2812 5295 3196 5369 eleemosynis
3233 5313 3380 5368 quas
3409 5311 3548 5368 erga
3577 5299 3762 5352 Deum

2123 5386 2179 5438 et
2208 5383 2338 5455 ejus
2398 5383 2646 5440 famulos
2702 5385 2911 5442 diceris
2941 5385 3211 5442 exhibere
3253 5384 3504 5441 maximo
3544 5385 3763 5459 gaudio

2122 5472 2816 5558 exsultamus,_maximas
2871 5474 3102 5548 agimus
3132 5473 3381 5530 lmtitias.
3417 5474 3517 5530 Est
3563 5478 3765 5534 autem

445 5641 556 5718 (26)
588 5639 755 5700 Forte
795 5641 1034 5699 -Βασοηιί
1051 5657 1073 5708 ;
1095 5641 1282 5701 sancti
1341 5643 1556 5722 quippe
1589 5645 1822 5707 Baconti
1855 5651 2008 5729 apud
2041 5651 2426 5714 Pistorienses
2460 5651 2687 5712 celebre
2719 5670 2955 5717 nomen.
