3950 6360
147 327 268 388 398

145 992 412 1044 nostrum
443 991 857 1063 Ansquiliuum
891 995 948 1049 in
983 996 1472 1068 Moyssiacensem
1523 998 1795 1053 abbatem

133 1077 625 1147 consecravimus,
683 1081 1015 1138 Hunaldum
1068 1089 1263 1140 autem
1329 1086 1664 1141 invasorem
1726 1104 1795 1142 ex

129 1166 332 1220 eodem
363 1168 629 1222 cmnobio
662 1171 925 1226 recedere
955 1172 1352 1242 decrevimus;
1387 1175 1564 1246 idque
1601 1178 1790 1230 totum

128 1253 398 1326 episcopo
438 1254 774 1313 Caturcensi
827 1258 1044 1314 nostris
1093 1259 1301 1316 litteris
1360 1262 1787 1318 intimavimus.

128 1342 371 1400 Studeat
399 1359 537 1415 ergo
569 1341 772 1417 religio
803 1350 905 1401 tua
949 1347 1108 1404 sedis
1162 1349 1494 1421 apostolicae
1540 1351 1789 1406 decretis

124 1429 434 1501 vigilanter
450 1430 726 1489 insudare
749 1438 806 1489 et
829 1438 892 1489 ut
917 1437 1138 1492 nostris
1158 1437 1463 1492 atfectibus
1482 1445 1792 1512 praecepto-

122 1535 255 1574 rum
286 1519 460 1576 detur
488 1519 778 1577 insistere.
833 1523 983 1579 Sane
1033 1527 1174 1596 quia
1220 1530 1276 1581 te
1328 1531 1538 1582 sanctae
1592 1527 1788 1584 Mariae

120 1609 415 1664 deaurata
446 1611 600 1680 apud
632 1609 902 1667 Tolosam
935 1614 1176 1668 omnino
1213 1614 1520 1670 ecclesiam
1545 1616 1787 1689 diligere

114 1699 170 1750 et
198 1696 490 1753 honorare
521 1698 854 1770 accepimus
882 1701 1014 1773 (27),
1048 1702 1167 1758 tuis
1213 1705 1603 1761 assentientes
1654 1723 1783 1777 pre-

115 1784 306 1850 cibus,
331 1788 442 1840 tuze
464 1784 792 1841 dilectionis
811 1787 1075 1860 religioni
1089 1790 1464 1847 concedimus
1481 1796 1772 1864 quatenus

112 1870 217 1927 tibi
253 1876 484 1946 tumque
505 1875 799 1946 progeniei
824 1875 939 1932 illic
962 1880 1362 1935 cmmeterium
1385 1884 1692 1937 construas
1715 1887 1773 1938 et

113 1961 376 2017 benedici
426 1961 626 2019 facias.
659 1963 732 2018 Ut
783 1969 979 2021 autem
1032 1967 1212 2022 beatae
1257 1967 1449 2024 Mariae
1502 1970 1774 2043 beatique

115 2049 266 2104 Petri
299 2050 545 2122 apostoli
579 2052 818 2109 studeas
847 2054 1071 2110 devotis
1099 2056 1353 2112 servitiis
1385 2058 1684 2124 incubare,
1717 2066 1772 2115 te

114 2143 167 2192 et
199 2154 406 2194 omnes
437 2138 539 2211 qui
571 2137 630 2194 in
663 2141 864 2197 eodem
895 2139 1019 2198 loco
1062 2143 1362 2217 religionis
1389 2147 1577 2218 gratia
1608 2151 1768 2219 opta-

113 2225 297 2281 verint
331 2226 584 2300 sepeliri,
619 2245 720 2303 per
751 2230 900 2285 beati
939 2231 1087 2286 Petri
1111 2234 1360 2305 gratiam
1386 2235 1455 2288 ab
1493 2236 1768 2291 omnibus

113 2314 478 2371 absolvimus
510 2315 759 2373 vinculis
809 2319 1176 2376 delictorum.
1231 2322 1517 2395 Episcopo
1566 2328 1766 2379 autem

112 2403 366 2461 civitatis
397 2409 462 2474 ut
503 2403 649 2460 illud
695 2413 992 2464 consecret
1041 2425 1108 2464 ex
1159 2411 1341 2465 nostri
1391 2416 1553 2482 parte
1601 2429 1764 2468 man-

110 2491 301 2549 dabis.

842 2611 1025 2668 CXXI.

117 2716 330 2772 Urbani
360 2715 410 2770 II
438 2716 666 2794 epistola
712 2717 782 2771 ad
835 2717 1189 2794 Guilleimum
1236 2720 1602 2794 [Geraldum?]
1649 2725 1764 2792 epi-

170 2801 397 2862 scopum
451 2791 870 2862 Caturcensem.
908 2820 977 2830 —
1018 2791 1236 2845 Mandat
1282 2795 1360 2857 ut,
1393 2791 1618 2862 expulso
1658 2791 1763 2850 Hu-

171 2857 819 2984 rzaido,tAnsquilirzum
852 2861 908 2914 in
938 2864 1336 2917 monasterium
1373 2857 1762 2921 Mo'issiacense

172 2945 235 2984 re
276 2945 376 2983 νεα
408 2970 420 2983 .
1737 2947 1740 2950 ’

605 3037 790 3103 (Circa
822 3053 1041 3093 annum
1075 3038 1258 3110 1094.)

389 3151 623 3221 [ΒΑιυΖ.
656 3151 851 3207 Missel.
885 3152 1046 3220 edit.,
1079 3153 1173 3209 luc
1194 3153 1431 3239 11484.]

1936 3151 2056 3200 rbis
2070 3151 2300 3201 tantum
2313 3151 2809 3218 propinquitatem
2821 3151 3112 3201 testantur
3123 3151 3514 3214 etjuramento

1935 3234 2134 3300 'obare,
2166 3233 2255 3289 vel
2289 3233 2604 3300 noluerint,
2635 3232 2722 3288 vel
2751 3233 3138 3306 nequiverint,
3172 3229 3514 3304 conjugium

168 3289 451 3346 Uasaxus
481 3291 812 3364 episcopus,
847 3309 1048 3350 servus
1101 3311 1400 3351 servorum
1432 3297 1556 3365 Dei,
1597 3297 1750 3356 Guil.

102 3396 306 3450 Lauso,
330 3379 670 3436 Caturcensi
693 3381 985 3455 episcopo,
1011 3381 1262 3440 salutem
1285 3388 1342 3439 et
1371 3385 1750 3458 apostolicam

100 3468 588 3524 benedictionem.

164 3557 448 3623 Quamvis
498 3573 678 3632 supra
725 3562 973 3615 matrem
1016 3577 1185 3616 suam
1236 3565 1292 3616 et
1354 3561 1749 3620 Ecclesiarum

98 3646 366 3702 omnium
389 3646 712 3702 Romanam
736 3647 1053 3703 Ecclesiam
1077 3649 1413 3706 calcaneum
1446 3649 1751 3708 elevaverit

96 3734 402 3790 Hunaldus
433 3751 501 3790 ex
532 3735 885 3792 monasterio
922 3737 1354 3810 Moyssiacensi,
1389 3741 1486 3811 qui
1519 3741 1576 3796 in
1623 3741 1750 3813 ipso

93 3824 355 3879 eoenobio
388 3823 568 3879 abbas
598 3822 787 3880 factus
819 3830 1020 3881 contra
1052 3828 1326 3884 Romanae
1356 3827 1621 3884 Ecclesiae
1661 3847 1752 3886 vo-

90 3911 375 3968 luntatem
406 3913 787 3985 Ansquilinm
812 3915 1001 3986 ejecit,
1028 3919 1222 3971 tamen
1246 3933 1313 3972 ex
1339 3917 1496 3974 sedis
1517 3924 1752 3990 aposto-

92 3999 206 4056 licae
241 4001 609 4074 benignitate
653 4019 717 4057 ac
750 4003 1029 4074 patientia
1059 4007 1408 4060 sententiam
1444 4008 1748 4078 suspendi-

93 4105 220 4144 mus
235 4095 291 4144 et
306 4093 483 4143 tantae
520 4090 819 4161 parcimus
853 4094 1318 4170 praesumptioni.
1353 4093 1646 4152 Jubemus
1675 4113 1750 4151 au

95 4181 203 4234 tem
219 4183 285 4233 ut
297 4177 634 4234 Hunaldum
649 4180 720 4235 ab
736 4181 938 4236 eodem
955 4183 1306 4238 monasterio
1324 4183 1572 4255 repellas
1583 4185 1751 4239 etfra-

94 4268 238 4321 trem
271 4271 542 4322 nostrum
573 4267 964 4324 venerabilem
1011 4269 1200 4324 virum
1255 4270 1630 4342 Asquilinum
1689 4272 1746 4328 in

97 4355 297 4411 eodem
330 4354 456 4411 loco
487 4356 762 4413 restituas
791 4357 848 4412 in
882 4357 1176 4425 abbatem,
1209 4365 1266 4414 et
1296 4359 1402 4414 hoc
1436 4360 1587 4416 infra
1608 4379 1748 4434 qua-

95 4442 365 4516 draginta
401 4444 528 4500 dies
560 4449 869 4518 postquam
903 4444 1130 4501 litteras
1178 4451 1408 4504 nostras
1457 4451 1748 4522 acceperis

1368 332 1775 398 EPISTOLxE
1817 333 1918 402 ET
1943 335 2437 408 .PRIVILEGIA.

147 459 300 530 quod
319 464 581 516 nostram
605 461 1070 522 benevolentiam
1093 470 1214 523 te...
1243 467 1457 524 afﬁciet
1480 468 1631 538 quod
1657 468 1798 522 adeo
1829 470 1883 534 Α

135 546 430 618 justitiam
464 551 701 622 exsequi
735 555 789 605 to
823 553 1176 610 audivimus.
1212 555 1328 610 Hoc
1361 560 1555 611 autem
1610 573 1678 611 ex
1730 572 1796 611 eo

142 633 350 706 accipit
366 642 750 712 augmentum
774 641 914 712 quia
931 642 1378 714 Moyssiacensis
1397 648 1451 700 et
1467 644 1761 699 Lezatensi
1775 663 1801 699 s

147 724 391 804 caanobii
426 726 664 786 abbates
695 728 911 798 injuste
936 731 1143 803 expelli
1185 737 1242 787 et
1292 732 1349 786 in
1395 749 1596 787 eorum
1651 733 1798 788 locis

147 811 357 884 inique
387 811 534 870 alios
574 807 877 890 subregari
928 820 1065 890 pati
1098 820 1258 876 nullo
1306 821 1478 876 modo
1530 821 1796 892 potuisti.

149 905 567 958 Notumautem
589 903 692 960 tibi
720 905 968 963 facimus
981 909 1134 978 quod
1155 908 1545 964 venerabilem
1563 909 1800 965 fratrem

3448 351 3568 426 39.4

1916 543 2121 598 Urbani
2158 548 2207 601 II
2250 549 2471 627 epistola
2519 549 2589 604 ad
3031 554 3311 627 Lucanum
3353 555 3552 627 episco—

1975 631 2130 685 pum.
2163 649 2230 656 —
2264 619 2413 699 Quod
2458 637 2568 699 non
2614 623 2728 699 sint
2756 619 3052 699 homicida;
3081 619 3434 699 existimandi
3465 629 3562 699 qui

1979 693 2441 746 excmmunicatos
2468 694 2580 749 zelo
2610 693 2863 751 Ecclesia?
2891 694 3202 751 occiderint.

2413 779 2600 846 (Intra
2631 798 2723 836 an.
2760 782 3048 850 1088-95.)

2333 871 2562 944 [Massa
2600 870 2800 927 Concil.
2837 874 2961 939 XX,
2993 872 3144 943 713,]

1976 958 2626 1014 Excommunicatorum
2648 958 3123 1016 interfectoribus
3135 965 3310 1033 prout
3333 978 3557 1021 morem

1905 1046 2176 1103 Romanae
2203 1048 2466 1104 Ecclesiae
2498 1048 2648 1102 nosti
2682 1048 3004 1104 secundum
3063 1048 3326 1120 ipsorum
3364 1051 3554 1108 inten—

1901 1135 2117 1191 tionem
2142 1139 2382 1192 modum
2405 1154 2673 1209 congruae
2696 1137 3112 1194 satisfactionis
3136 1137 3396 1212 injunge.
3424 1141 3553 1198 Non

1900 1225 2054 1279 enim
2106 1242 2204 1280 eos
2253 1225 2578 1282 homicidas
2630 1225 3010 1294 arbitramur,
3059 1227 3214 1298 quod
3273 1229 3552 1286 adversus

1899 1315 2434 1370 excommunicatos
2488 1314 2608 1370 zelo
2648 1315 2946 1370 catholicae
2991 1316 3198 1372 matris
3255 1317 3547 1386 ardentes,

1899 1418 2101 1456 eorum
2129 1402 2421 1474 quoslibet
2469 1403 2794 1458 trucidasse
2837 1404 3165 1476 contigerit.
3218 1405 3299 1461 Ne
3349 1409 3547 1463 tamen

1899 1489 2160 1559 ejusdem
2183 1490 2447 1546 Ecclesiae
2472 1491 2677 1546 matris
2697 1491 3010 1563 disciplina
3029 1492 3321 1558 desmviat,
3348 1496 3548 1548 tenore

1898 1593 2071 1647 quem
2104 1578 2380 1645 diximus,
2417 1578 2816 1651 pcsnitentiam
2847 1579 2931 1634 eis
2958 1578 3198 1636 indicite
3220 1595 3545 1653 congruen-

1896 1671 2034 1735 tem,
2069 1684 2186 1738 qua
2215 1667 2422 1723 divinae
2464 1667 2859 1740 simplicitatis
2907 1667 3107 1724 oculos
3157 1662 3433 1725 adversus
3481 1683 3546 1742 se

1898 1756 2256 1827 complevere
2278 1756 2631 1828 pervaleant,
2656 1755 2705 1811 si
2727 1756 2874 1811 forte
2896 1757 3035 1828 quid
3057 1755 3417 1829 duplicitatis
3435 1774 3539 1831 pro

1879 1843 1914 1898 b
1925 1861 2140 1900 umana
2157 1845 2466 1918 fragilitate
2477 1845 2537 1900 in
2551 1846 2754 1900 eodem
2768 1844 3535 1917 ﬂagitiocontraxerunt(27).

1887 2013 2092 2068 Urbani
2113 2014 2156 2068 ll
2178 2015 2409 2084 epistola
2427 2013 2498 2068 ad
2856 2015 3166 2084 episcopum
3184 2014 3531 2078 Januensem.

1949 2113 2019 2124 —
2051 2086 2158 2152 Qui
2171 2086 2302 2155 jure
2319 2084 2560 2156 jurando
2576 2085 3266 2155 propinquitatem/innare
3285 2085 3530 2152 debeant,

2395 2173 2578 2243 (Intra
2608 2189 2702 2227 an.
2738 2171 3024 2243 1090-95.)

2082 2261 2376 2328 [Gnarum
2413 2265 2620 2315 Decret.
2653 2260 2714 2315 G.
2747 2276 2916 2328 xxxv,
2948 2277 3045 2332 qu.
3077 2263 3131 2328 6,
3166 2277 3216 2316 c.
3248 2261 3322 2328 3.]

1947 2348 2330 2404 Notiﬁcamus
2359 2348 2486 2415 tibi,
2521 2351 2586 2402 ut
2615 2352 2929 2420 postquam
2961 2352 3102 2414 tres,
3143 2352 3246 2404 aut
3291 2349 3407 2406 duo
3457 2367 3525 2405 ex

1876 2436 2398 2508 propinquioribus
2416 2437 2540 2506 jam
2566 2435 2848 2492 defunctae
2871 2436 3066 2493 uxoris
3081 2437 3229 2507 ejus,
3246 2437 3524 2509 quiaccu-

1874 2530 2057 2592 satur,
2093 2525 2183 2580 vel
2215 2526 2374 2592 vivae,
2407 2525 2559 2580 hanc
2595 2523 3092 2596 propinquitatem
3133 2525 3523 2596 jurejurando

1874 2613 2250 2677 ﬁrmaverint,
2283 2612 2370 2668 vel
2402 2617 2539 2680 tres,
2572 2617 2674 2668 aut
2699 2613 2813 2667 duo
2843 2628 2910 2667 ex
2958 2611 3388 2684 antiquioribus
3422 2613 3526 2670 Ge-

1872 2703 2193 2757 nuensibus
2226 2702 2442 2772 quibus
2487 2701 2608 2756 haec
2661 2699 3066 2773 propinquitas
3115 2703 3254 2757 nota
3281 2705 3390 2770 est,
3419 2684 3524 2773 qui

1870 2790 2032 2844 bonae
2068 2791 2233 2844 famae
2253 2794 2308 2845 et
2329 2791 2548 2845 veracis
2568 2789 2888 2846 testimonii
2912 2789 3278 2858 sint,remoto
3299 2805 3518 2846 amore.

1869 2879 2096 2945 timore,
2121 2878 2306 2950 pretio
2329 2883 2385 2934 et
2405 2878 2562 2934 omni
2586 2877 2739 2934 malo
2763 2877 2978 2945 studio,
2995 2876 3330 2949 supradicto
3348 2878 3520 2934 modo

1867 2967 2438 3039 consanguinitatem
2473 2967 2850 3034 firmaverint,
2876 2966 3000 3022 sine
3019 2965 3180 3022 omni
3200 2982 3364 3022 mora
3380 2959 3522 3022 cen-

1857 3055 2030 3126 jugia
2059 3053 2472 3112 dissolvantur.
2503 3057 2666 3119 Quod
2698 3055 2748 3111 si
2777 3054 3112 3126 propinqui,
3138 3058 3239 3111 aut
3262 3050 3518 3111 extranei

1867 3145 2056 3201 verbis
2070 3150 2300 3201 tantum
2313 3145 2809 3218 propinquitatem
2821 3148 3112 3201 testantur
3123 3137 3516 3214 etjuramento

1864 3322 2198 3378 nullatenus
2228 3322 2612 3378 dissolvatur:
2637 3324 2739 3378 sed
2762 3326 3096 3394 competens
3119 3320 3203 3377 eis
3232 3320 3515 3396 paeniten-

1861 3414 1942 3466 tia
1973 3416 2208 3483 propter
2235 3411 2560 3479 infamiam,
2592 3411 2680 3467 vel
2713 3411 2933 3483 peccati
2956 3409 3248 3467 maculam
3273 3408 3344 3482 (si
3365 3409 3512 3464 forte

1859 3498 1918 3554 in
1951 3500 2058 3556 hac
2090 3517 2149 3556 re
2179 3501 2571 3556 contraxerint
2600 3499 2880 3571 aliquam)
2911 3499 3269 3571 injungatur.

2570 3587 2802 3643 CXXIV.

1863 3668 2066 3724 Urbani
2095 3669 2142 3722 II
2171 3668 2399 3738 epistola
2449 3667 2518 3722 ad
2567 3669 2853 3736 Rogerium
2899 3665 3087 3720 ducem
3127 3670 3176 3721 et
3225 3667 3502 3738 _Boam_un-

1928 3739 2059 3793 dum
2087 3734 2307 3809 fratres.
2343 3765 2404 3784 =
2438 3734 2717 3793 Monac’ios
2747 3738 2815 3793 ab
2845 3739 3189 3793 invasoribus
3208 3734 3466 3808 defendit.

2312 3827 2493 3898 (Intra
2525 3844 2745 3882 annum
2779 3825 3057 3894 1094-95.)

2289 3917 2523 3987 [ΜΑΝει,
2555 3916 2758 3972 Concil.
2781 3915 2900 3984 XX,
2928 3915 3079 3986 647.]

1933 4002 2201 4058 URBANUS
2217 4003 2546 4075 episcopus,
2567 4020 2769 4060 servus
2792 4019 3094 4058 servorum
3117 4001 3238 4072 Dei,
3253 4003 3508 4060 Rouamo

1859 4092 1993 4148 duci
2024 4097 2079 4148 et
2109 4093 2428 4148 Boamuaoo
2461 4093 2622 4148 fratri
2653 4095 2803 4166 ejus,
2837 4092 3086 4149 salutem
3129 4097 3186 4148 et
3231 4092 3508 4165 apostoli-
3559 4105 3564 4110 '

1859 4199 1988 4238 cam
2019 4181 2506 4238 benedictionem.

1929 4270 2450 4326 Proclamationem
2482 4276 2614 4326 ante
2648 4275 2908 4327 nostram
2957 4269 3327 4344 praesentiam
3372 4269 3508 4326 fecit
3540 4312 3549 4317 .

1861 4359 2002 4414 Urso
2033 4359 2318 4415 Bantinus
2347 4361 2528 4415 abbas
2560 4361 2631 4416 de
2680 4360 3036 4432 quibusdam
3090 4357 3405 4416 comitibus
3447 4355 3513 4415 et

1858 4447 2196 4516 baronibns,
2231 4448 2331 4518 qui
2363 4447 2574 4503 callida
2606 4448 2892 4503 invidiosa
2921 4444 3511 4521 [invidiosaque]epi-

97 4549 125 4584 a
167 4533 357 4588 nobis.
411 4534 573 4600 Quod
624 4534 736 4589 nisi
786 4534 937 4590 infra
985 4537 1388 4608 praescriptum
1437 4538 1748 4610 perfeceris
1781 4554 1830 4623 D
1862 4552 2170 4606 scoporum
2204 4534 2630 4590 machinatione
2661 4535 2905 4614 seducti,
2939 4536 3136 4606 ipsum
3155 4539 3213 4591 et
3231 4536 3357 4623 ejus
3385 4548 3512 4623 mo-

95 4622 435 4693 terminum,
469 4623 644 4680 etiam
674 4623 922 4679 invitum
956 4625 1029 4678 ab
1059 4625 1287 4681 omnite
1313 4628 1750 4698 suspendemus

95 4709 301 4765 officio.
333 4709 395 4766 Ut
423 4717 622 4767 autem
644 4710 880 4768 omnino
903 4717 1161 4784 satagas,
1189 4715 1417 4769 noveris
1443 4719 1496 4771 te
1520 4717 1755 4773 Domini

1865 4623 2183 4678 nasterium
2217 4622 2433 4676 nostris
2461 4622 2733 4677 manibus
2755 4627 3155 4678 consecratum
3178 4622 3349 4676 modo
3379 4621 3512 4692 plus

1865 4712 2236 4769 conturbant.
2259 4708 2442 4780 Unde,
2467 4709 2604 4781 quia
2622 4710 2964 4781 praedictum
2983 4708 3404 4765 monasterium
3436 4705 3510 4762 ad

99 4799 886 4856 nostriorisbenedictionem
905 4805 1112 4857 nostrae
1131 4819 1341 4858 manus
1363 4804 1754 4876 dispositione
1855 4804 1956 4873 jus
1987 4802 2048 4856 B.
2082 4800 2231 4855 Petri
2263 4800 2553 4871 pertinere
2586 4803 2840 4853 vestram
2872 4814 2986 4854 non
3029 4797 3168 4852 latet
3219 4795 3509 4861 notitiam,

98 4892 522 4944 assecuturum.
556 4890 615 4945 Si
646 4907 781 4962 ergo
829 4891 1044 4946 nostris
1095 4892 1381 4948 obedieris
1428 4897 1750 4966 praeceptis,

101 4977 245 5046 apud
282 4993 389 5032 nos
415 4978 561 5033 bene
582 4978 967 5050 judicaberis.
1002 4979 1102 5034 Sin
1162 4985 1382 5047 autem,
1439 4985 1489 5036 te
1544 4983 1752 5053 iaculis

101 5065 312 5122 nostris
345 5065 642 5124 feriemus.
677 5068 915 5133 Qualem
947 5085 1082 5141 ergo
1116 5074 1170 5126 te
1191 5069 1548 5142 exhibueris,
1573 5071 1750 5129 talem

102 5168 204 5209 nos
235 5153 498 5212 habebis.
576 5229 584 5236 ι

196 5525 265 5584 27
315 5526 551 5588 Histoire
578 5527 669 5588 de:
725 5537 924 5588 comtes
949 5531 1022 5598 de
1051 5529 1330 5588 Toulouse.
1365 5547 1498 5606 pag.
1534 5530 1658 5590 425.

175 5525 286 5684 ξδῆ
315 5604 448 5659 Hec
477 5602 608 5677 ipsa
633 5602 808 5660 verba
837 5617 905 5660 ex
934 5603 1105 5683 epist.
1128 5601 1344 5663 Urbani
1371 5604 1443 5664 ad
1468 5603 1658 5665 Sancii

420 5725 688 5796 Pana».
728 5726 876 5796 GLI.

1863 4909 1929 4945 ex
1955 4889 2296 4946 auctoritate
2330 4887 2393 4942 B.
2441 4886 2585 4942 Petri
2631 4890 2687 4941 et
2737 4890 2937 4942 nostra
2987 4885 3406 4942 monasterium
3455 4886 3514 4939 et

1863 4978 2132 5033 abbatem
2147 4974 2307 5031 vobis
2325 4973 2628 5030 commend
2639 4978 3125 5045 amus,quatenus
3147 4970 3509 5040 custodiatis,

1861 5066 2169 5138 adjuvetis,
2203 5071 2260 5120 et
2289 5081 2322 5118 a
2343 5062 2525 5118 malis
2555 5061 2916 5132 hominibus,
2937 5062 3092 5118 sicut
3115 5061 3176 5116 B.
3202 5061 3353 5117 Petri
3383 5075 3513 5133 pro-

1860 5156 2188 5230 prietatem,
2217 5153 2460 5209 fideliter
2503 5151 2828 5209 defendatis
2873 5155 2930 5206 et
2977 5167 3166 5222 neque
3216 5150 3512 5223 depreda-

1858 5246 2067 5314 tiones,
2102 5260 2287 5316 neque
2344 5242 2600 5314 aliquam
2644 5241 2735 5296 sui
2771 5240 2926 5312 juris
2969 5238 3449 5298 diminutionem'
3478 5255 3513 5298 ἃ

1861 5351 2214 5410 quocunque
2246 5333 2371 5390 fieri
2402 5331 2728 5406 patiamini.

315 5604 448 5659 Hec
477 5602 608 5677 ipsa
633 5602 808 5660 verba
837 5617 905 5660 ex
934 5603 1105 5683 epist.
1128 5601 1344 5663 Urbani
1365 5599 1746 5670 ad'Sancium
1787 5607 2078 5685 decerpsit
2110 5602 2422 5667 Gratianus
2445 5601 2535 5675 32,
2568 5616 2625 5676 q.
2659 5602 2716 5673 2,
2743 5615 2870 5659 can.
2904 5599 2979 5659 De
2997 5599 3192 5678 neptis.

3199 5741 3328 5829 *τ’
3417 5735 3506 5819 Α
