3950 6422
413 393 532 459 395

1713 395 1779 456 Β.
1826 385 2123 457 URBANI
2167 381 2222 449 ῙῙ
2265 384 2519 453 ΡΑΡλΕ.

3700 376 3819 442 396

484 532 726 604 Semper
741 528 1613 601 recordantes,quiain[forteet]
1628 526 2061 583 consecratione
2086 522 2145 590 Α
2173 539 2273 577 vos
2305 522 2566 578 Ecclesia:
2599 522 2819 588 hostes,
2845 519 3053 577 validis
3100 518 3409 573 verborum
3452 514 3669 587 jaculis
3708 515 3820 604 im-

412 612 677 683 ejusdem
709 610 1050 668 monasterii
1082 610 1379 676 abbatem,
1410 613 1467 665 et
1496 609 1691 680 ipsum
1741 607 1801 662 in
1852 623 2065 664 manus

412 704 637 757 vestras
670 699 1000 773 specialiter
1019 697 1582 754 commendavimus.
1606 696 1803 768 Itaque
1824 712 1854 752 e
1874 697 2066 769 priore

415 787 948 852 commendatione,
980 790 1038 842 et
1069 785 1281 842 harum
1312 784 1638 841 litterarum
1678 784 1947 857 jussione
1995 785 2065 840 ab

414 877 691 933 omnibus
720 875 1145 932 monasterium
1163 878 1452 941 nostrum,
1478 879 1535 930 et
1555 874 1844 946 praecipue
1864 890 1899 929 a
1933 874 2065 929 Gof—

414 966 598 1036 fredo,
627 964 812 1021 Amici
843 964 1076 1021 comitis
1105 963 1245 1030 ﬁlio,
1277 962 1432 1019 sicut
1460 962 1662 1019 ﬁdeles
1692 963 1754 1018 B.
1790 962 1938 1018 Petri
1973 962 2069 1016 de-

417 1054 656 1111 fendite.
681 1053 787 1118 Qui
809 1053 1027 1121 abbati,
1052 1053 1230 1109 etiam
1252 1068 1356 1123 pro
1378 1051 1717 1108 defensione
1740 1067 1857 1106 suae
1871 1066 2066 1105 rerum

415 1142 684 1199 Ecclesia;
714 1145 911 1214 partes
957 1140 1282 1197 maritimas
1320 1138 1658 1207 conterenti,
1710 1138 2069 1211 constipatus

419 1230 745 1286 latronibus
774 1246 904 1285 sese
933 1229 1161 1285 obviam
1190 1227 1469 1284 contulit:
1505 1232 1679 1299 atque
1726 1227 1798 1281 ab
1846 1244 1910 1282 eo
1958 1227 2068 1281 sub

421 1323 577 1373 recto
607 1319 767 1390 [forte
796 1318 1072 1388 subrepto
1095 1315 1347 1388 pretioso
1379 1316 1678 1387 privilegio
1712 1319 1930 1381 nostro,
1974 1330 2070 1369 ve-

422 1407 559 1463 stris
589 1405 1118 1478 supplicationibus
1147 1405 1486 1473 constituto,
1535 1408 1592 1458 et
1640 1402 1771 1457 aliis
1814 1402 2072 1474 scriptis,

420 1494 608 1566 spolia
623 1495 751 1565 ejus
772 1492 1074 1565 diripiens,
1091 1508 1223 1547 cum
1244 1491 1369 1547 suis
1387 1491 1780 1547 confratribus
1795 1492 2070 1547 satiatum

419 1581 750 1656 opprobriis
781 1596 916 1636 eum
947 1579 1202 1653 peditem
1225 1578 1536 1650 dereliquit
1557 1596 1569 1634 :
1588 1595 1652 1634 ac
1675 1578 1810 1634 inde
1828 1595 2075 1651 quaeque

412 1672 540 1743 jam
571 1686 605 1725 a
633 1674 796 1741 patre
826 1685 932 1724 suo
964 1667 1176 1723 comite
1223 1666 1411 1723 eidem
1460 1666 1812 1723 monasterio
1865 1667 2071 1723 debitae

419 1757 866 1815 restaurationis
896 1756 1091 1830 gratia
1119 1756 1464 1822 condonata,
1487 1755 1558 1811 ad
1581 1772 1718 1811 suas
1742 1772 1953 1810 manus
1975 1771 2074 1810 sa-

408 1847 669 1919 crilegas
701 1845 966 1945 nequiter
995 1844 1499 1950 revocavit.“Quod
1533 1844 1587 1899 si
1621 1842 1988 1950 privilegium
2018 1846 2075 1900 et
2102 1885 2151 1950 Β

424 1951 670 2007 quaeque
699 1934 929 2006 direpta
957 1932 1275 2004 sacrilegus
1304 1931 1401 1987 ille
1432 1932 1685 1987 renuerit
1713 1933 1971 1998 reddere,
2016 1936 2074 1988 et

425 2023 738 2080 abbatibus
759 2039 826 2078 ac
847 2021 1125 2078 fratribus
1144 2020 1489 2092 dignissime
1509 2020 2071 2092 satisfacere,pra2ci-

425 2113 622 2185 pimus
653 2116 718 2166 ut
756 2111 993 2183 cogatis.
1044 2108 1315 2181 Alioquin
1363 2108 1485 2180 ipse
1535 2114 1592 2165 et
1642 2108 1894 2165 fautores
1943 2110 2073 2181 ejus

429 2199 789 2257 anathemati
819 2199 1161 2255 subdentur.

1140 2303 1353 2359 CXXV.

415 2396 675 2477 .Epz'stole
707 2395 915 2477 ζΙνὸᾳῃί
942 2394 994 2476 If
1018 2392 1090 2477 ad
1106 2394 1492 2476 .Berz'pgerum
1535 2394 1780 2477 atbe't'qn
1936 2394 2074 2448 Lau-

500 2467 672 2547 rentii
698 2464 1024 2547 Leodiensis,
1054 2463 1491 2547 ξῄηρηὶᾳερνᾳγη
1536 2472 1587 2519 et
1644 2465 2076 2547 Wibertisﬂrum

416 2550 417 2553 ‘
500 2539 897 2602 insectatorem,
946 2536 1012 2591 ab
1063 2536 1354 2605 "[ez'nrz'co]
1406 2537 1732 2605 imperatore
1777 2544 1828 2590 et
1886 2535 2074 2591 Oberlo

412 2638 417 2639 ί
497 2607 1086 2679 epILSCOpo'expulsum.

880 2712 1059 2782 (Intra
1087 2727 1309 2768 annum
1335 2711 1619 2782 1094-95.)

856 2801 1088 2871 [MAN91,
1119 2800 1323 2856 Concil.
1350 2804 1474 2871 xx,
1497 2799 1647 2871 915.]

499 2908 776 2967 URBANUS
803 2907 1110 2981 episcopus
1131 2924 1335 2963 servus
1366 2923 1667 2962 servorum
1700 2906 1819 2972 Dei,
1862 2906 2072 2963 dilecto
2116 2942 2127 2951 ι

430 2998 488 3052 in
518 2997 745 3052 Christo
776 2996 939 3052 fratri
972 2996 1303 3065 BERINesno
1333 2996 1445 3067 (28)
1477 2994 1671 3050 abbati
1723 2995 1971 3050 salutem
2016 3000 2074 3051 et

427 3084 805 3158 apostolicam
839 3083 1322 3157 benedictionem.

415 3164 419 3175 ’
495 3173 725 3230 Gratias
753 3174 987 3245 agimus
1016 3173 1131 3228 Deo
1164 3187 1266 3242 pro
1297 3169 1462 3227 vobis
1491 3170 1550 3225 in
1583 3170 1773 3242 gratia
1803 3171 1914 3227 Dei-
1943 3189 2071 3245 quae

2174 614 2387 682 petere,
2417 615 2473 666 et
2496 614 2805 667 nutantem
2833 608 3074 665 rationis
3117 622 3319 664 eorum
3368 620 3603 661 murum
3643 602 3824 659 ariete

2174 699 2308 754 ﬁdei
2340 699 2593 772 pulsare,
2626 706 2685 755 et
2713 697 2964 754 athletas
2992 695 3115 764 Dei,
3140 695 3240 768 qui
3262 694 3319 749 in
3339 693 3460 750 acie
3479 692 3826 748 Christiana

2176 786 2473 859 religionis
2502 787 2850 855 defecerant,
2884 784 3228 841 confortare.
3274 781 3440 837 Nunc
3483 796 3620 853 ergo
3661 779 3831 835 devo-

2175 877 2391 931 tionem
2421 878 2674 931 vestram
2706 875 2891 947 pietas
2912 872 3109 928 divina
3149 869 3420 942 inspexit,
3483 874 3541 925 et
3584 868 3829 924 tandem

2177 965 2456 1034 maiestas
2486 963 2714 1020 excelsa
2745 963 3023 1035 dignatur
3051 964 3117 1016 ut
3147 976 3250 1033 pro
3276 974 3342 1015 eo
3374 956 3702 1031 patiamini,
3726 956 3831 1028 qui

2178 1069 2279 1125 pro
2309 1054 2502 1106 vestra
2530 1051 2715 1124 gloria
2746 1051 2937 1106 crucis
2966 1047 3355 1122 ignominiam
3389 1047 3539 1102 ferre
3555 1063 3671 1102 non
3694 1062 3828 1102 eru-

2177 1139 2324 1195 buit.
2357 1140 2503 1195 Huic
2526 1145 2687 1195 tanto
2719 1139 2969 1195 cmlestis
2999 1137 3195 1210 gratiae
3217 1136 3497 1192 beneﬁcio
3516 1134 3833 1209 prudentia

2178 1234 2371 1285 vestra
2401 1230 2570 1284 debet
2599 1229 2953 1300 respondere
2979 1226 3223 1297 aliquid,
3255 1229 3312 1280 et
3356 1223 3534 1282 calice
3584 1222 3834 1280 salutari

2181 1324 2478 1389 gratanter
2507 1322 2739 1388 accepto
2769 1316 3016 1389 gloriam
3046 1319 3103 1370 et
3132 1314 3413 1370 honorem
3443 1313 3641 1369 aeterni
3672 1313 3833 1386 regis

2181 1423 2457 1479 quaerere,
2492 1410 2548 1460 et
2577 1406 2637 1460 in
2669 1405 2828 1461 omni
2856 1404 2983 1459 vitae
3011 1407 3215 1459 vestrae
3247 1406 3404 1459 statu
3436 1418 3649 1458 nomen
3673 1404 3833 1474 ejus,

2181 1495 2277 1565 qui
2328 1495 2492 1549 vobis
2538 1494 2747 1549 tribuit
2793 1492 3181 1559 intellectum,
3228 1491 3516 1557 invocare,
3569 1491 3835 1558 laudare,

2179 1584 2521 1638 benedicere
2551 1586 2610 1638 et
2637 1582 3034 1655 magniﬁcare.
3070 1581 3184 1637 Nec
3215 1581 3432 1636 damna
3460 1595 3654 1636 rerum
3683 1585 3835 1635 tem-

2182 1671 2467 1744 poralium
2498 1688 2599 1726 vos
2628 1672 2843 1726 debent
2873 1686 3120 1734 movere,
3155 1685 3345 1741 neque
3377 1668 3533 1740 quod
3564 1668 3633 1724 H.
3666 1669 3837 1740 (58)*,

2182 1760 2356 1816 homo
2417 1759 2759 1815 Christianae
2826 1757 2987 1831 pacis
3054 1774 3286 1814 eversor
3332 1761 3390 1813 et
3453 1756 3839 1813 ecclesiarum

2180 1848 2499 1921 sacrilegus
2522 1848 2804 1913 venditor,
2834 1847 3078 1903 Romani
3099 1847 3327 1919 imperii
3346 1847 3691 1912 destructor,
3714 1845 3840 1902 hae-

2182 1938 2490 1992 reticorum
2513 1941 2715 1991 auctor
2738 1940 2795 1991 et
2817 1936 3106 2005 defensor,
3129 1949 3230 1990 vos
3252 1935 3324 1990 de
3344 1933 3600 1989 Ecclesia
3640 1939 3844 1990 vestra

2180 2043 2284 2098 per
2313 2025 2617 2081 satellitem
2671 2040 2845 2080 suum
2888 2023 3168 2079 Obertum
3216 2024 3329 2095 (29)
3370 2021 3708 2095 episcopum
3732 2038 3842 2078 ex-

2182 2113 2350 2186 pulit,
2398 2130 2618 2169 curare.
2670 2114 2817 2169 Nam
2862 2112 2910 2169 si
2972 2110 3460 2168 Patremfamilias
3512 2110 3839 2168 Beelzebub

2181 2202 2466 2258 invocavit
2496 2203 2647 2273 [leg.,
2681 2201 2943 2272 vocavit],
2977 2204 3196 2273 quanto
3241 2199 3430 2273 magis
3475 2199 3840 2256 domesticos

2183 2292 2311 2363 ejus
2332 2291 2358 2344 ‘2
2386 2313 2413 2341 »
2446 2291 2629 2363 (Math.
2661 2309 2717 2357 x,
2750 2292 2865 2357 25.)
2890 2289 2953 2345 Si
2982 2290 3256 2345 Romanae
3287 2292 3500 2345 sanctae
3521 2291 3577 2343 et
3608 2294 3848 2360 aposto-

2182 2380 2305 2435 licae
2337 2378 2601 2435 Ecclesiae
2632 2380 2893 2435 funestas
2925 2394 3136 2434 manus
3162 2376 3383 2448 intulit,
3415 2377 3632 2433 mirum
3671 2376 3849 2434 vobis

2180 2468 2428 2533 videtur,
2483 2468 2533 2523 si
2584 2483 2771 2539 usque
2802 2467 2873 2521 ad
2904 2483 3007 2522 vos
3037 2465 3271 2539 gladius
3298 2466 3541 2521 insaniae
3563 2467 3693 2537 ejus
3714 2483 3851 2538 per-

2182 2556 2357 2611 venit.
2409 2556 2468 2611 Si
2517 2557 2875 2611 sacerdotem
2923 2570 3259 2620 summum,
3315 2554 3407 2608 cui
3466 2554 3852 2626 omnipotens

2181 2645 2465 2701 Dominus
2490 2660 2589 2715 per
2608 2644 2841 2699 Petrum
2856 2643 3141 2716 singulari
3158 2641 3456 2714 privilegio
3488 2647 3851 2715 potestatem

2183 2732 2478 2803 aperiendi
2499 2730 3108 2802 etclaudendiquibus
3140 2729 3384 2786 voluerit
3409 2732 3627 2801 januas
3663 2731 3850 2788 coale-

2181 2819 2288 2877 stis
2318 2820 2479 2892 regni
2513 2820 2663 2874 dono
2689 2819 2870 2887 dedit,
2903 2820 2974 2875 de
3004 2817 3278 2874 cathedra
3299 2817 3619 2890 pontiﬁcali
3648 2825 3852 2893 tyran-

2182 2910 2310 2964 nice
2339 2908 2684 2976 exturbavit,
2716 2912 2773 2963 et
2804 2924 2906 2979 pro
2935 2923 3002 2963 eo
3025 2912 3281 2963 statuam
3312 2923 3551 2963 auream
3594 2908 3654 2963 in
3703 2907 3848 2966 loco

2181 3001 2381 3053 sancto
2412 2997 2610 3065 erexit,
2661 3001 2717 3051 et
2764 2997 2836 3051 ad
2888 2996 3253 3052 adorandum
3299 3011 3399 3051 eos
3438 3011 3587 3068 quos
3635 3001 3846 3068 potest

2179 3086 2353 3158 cogit,
2386 3083 2706 3141 turbamini
2739 3084 2894 3155 quod
2924 3100 3029 3139 vos
3058 3083 3339 3140 violenter
3375 3083 3619 3156 expulit,
3662 3089 3722 3141 et
3774 3086 3844 3141 in

2181 3173 2307 3230 loco
2336 3179 2526 3229 vestro
2556 3172 2733 3228 ﬁctile
2764 3176 2822 3228 et
2849 3171 3142 3227 eonﬁatile
3165 3171 3388 3228 idolum
3411 3172 3846 3231 abomiationis

428 3263 566 3318 data
585 3266 675 3318 est
694 3262 880 3331 vobis,
905 3260 1006 3334 qui
1027 3260 1084 3315 in
1107 3259 1216 3315 hoc
1240 3259 1391 3315 malo
1414 3262 1695 3332 tempore,
1719 3276 1854 3316 cum
1875 3260 2069 3317 omnis
2100 3246 2144 3314 C
2181 3261 2448 3319 collocari
2478 3260 2630 3318 fecit.
2666 3265 2788 3318 Imo
2818 3261 3013 3333 potius
3044 3261 3309 3334 gaudete,
3336 3261 3475 3333 quia
3492 3261 3647 3317 Deus
3667 3260 3849 3318 labo-

426 3366 574 3422 pene
605 3349 794 3406 Gallia
822 3347 1035 3404 erroris
1065 3346 1312 3420 caligine
1339 3347 1496 3418 jacet
1524 3347 1819 3417 immersa,
1871 3349 2070 3405 oculos

418 3437 642 3495 mentis
670 3442 877 3495 vestrae
905 3436 978 3492 ad
1010 3434 1400 3508 cognitionem
1433 3436 1689 3492 veritatis
1718 3436 2071 3515 illuminavit

422 3531 489 3583 ut
519 3527 591 3583 ad
623 3542 879 3584 amorem
903 3523 1171 3596 justitiae,
1203 3529 1260 3580 et
1289 3524 1583 3581 catholicae
1614 3525 1749 3581 ﬁdei
1781 3526 2069 3583 defensio-

421 3632 576 3685 nem,
606 3615 741 3688 igne
771 3614 863 3669 sui
889 3613 1130 3686 spiritus
1159 3629 1257 3669 cor
1285 3617 1542 3669 vestrum
1574 3614 1868 3671 accendat.
1926 3615 2067 3672 Gra-

418 3705 533 3775 tias
562 3703 647 3759 illi
680 3702 782 3775 qui
801 3719 902 3759 vos
924 3701 1197 3775 praeclaro
1220 3702 1397 3759 calice
1422 3702 1621 3775 gratiae
1652 3720 1770 3758 suae
1815 3703 2065 3760 inebria-

415 3774 520 3857 vit,
552 3797 609 3848 et
639 3774 941 3864 spiritum
957 3790 1189 3848 Domini
1221 3793 1281 3847 in
1335 3774 1558 3848 ratione
1606 3796 1802 3848 vestra
1848 3793 2068 3849 ferven-

417 3885 536 3936 tem
558 3880 629 3935 ad
652 3879 1022 3935 tolerantiam
1045 3877 1387 3952 multiplicis
1410 3880 1635 3951 injuriae
1658 3885 1927 3952 paratum
1941 3882 2065 3938 red-

417 3967 585 4035 didit,
619 3972 677 4023 et
707 3969 780 4023 ad
810 3968 1184 4039 perferendos
1216 3967 1445 4023 labores
1477 3973 1533 4023 et
1564 3968 1822 4040 pericula
1852 3987 1956 4042 pro
1969 3971 2065 4026 de-

415 4056 678 4112 fensione
698 4056 959 4112 veritatis
974 4057 1263 4112 excitavit.
1284 4057 1445 4121 Quod
1460 4056 1559 4112 Dei
1579 4074 1796 4113 munus
1814 4059 2061 4131 speciale

416 4162 544 4203 esse
567 4163 683 4203 non
704 4146 1068 4212 dubitamus,
1093 4145 1190 4216 qui
1215 4145 1926 4218 providadispensationis
1942 4166 2060 4205 suae

411 4236 603 4309 gratia
631 4235 842 4291 electos
872 4250 1013 4288 suos
1062 4233 1484 4306 persecutionis
1534 4239 1792 4308 tempore
1843 4237 2062 4295 utiliter

418 4324 627 4394 probat
656 4326 713 4377 et
741 4321 1014 4388 discutit;
1047 4322 1148 4379 sed
1181 4338 1252 4377 ne
1282 4321 1515 4393 penitus
1544 4322 1830 4391 aberrent,
1846 4330 1947 4381 aut
1981 4325 2062 4382 1a-

409 4411 685 4467 befactati
713 4410 982 4466 funditus
1013 4409 1380 4482 dejiciantur,
1404 4412 1659 4483 potentia
1678 4412 1913 4470 virtutis
1940 4432 2058 4470 suae

408 4502 722 4566 sustentat,
753 4503 818 4553 ut
847 4498 918 4554 ad
954 4498 1150 4554 omnia
1181 4504 1417 4571 propter
1439 4516 1498 4556 se
1520 4501 1864 4558 sustinenda
1891 4520 2055 4575 para-

2176 3368 2308 3408 rum
2338 3354 2673 3406 sanctorum
2706 3366 2946 3405 suorum
2977 3353 3306 3406 (30080?th
3327 3366 3426 3404 V08
3457 3348 3580 3404 νυὶῐ
3599 3365 3756 3406 esse.

2179 3439 2445 3513 rapinam
2475 3440 2763 3495 bonorum
2794 3437 3206 3510 temporalium
3245 3454 3349 3510 pro
3396 3437 3632 3494 Christo
3684 3438 3850 3497 ferre

2178 3546 2292 3585 non
2321 3528 2523 3596 vultis,
2554 3527 2847 3599 quomodo
2870 3525 3075 3582 mortis
3105 3527 3481 3599 asperitatem
3524 3543 3628 3599 pro
3662 3526 3851 3583 Chri-

2176 3618 2368 3675 stiana
2394 3616 2634 3703 veritate
2678 3615 2967 3672 sustinere
3009 3614 3386 3688 gauderetis?
3432 3616 3613 3672 Credo
3671 3618 3845 3688 quod

2172 3706 2442 3764 voluntas
2471 3706 2571 3762 Dei
2602 3708 2710 3774 est,
2742 3704 2861 3760 imo
2891 3704 3097 3760 divinae
3119 3703 3549 3777 propitiationis
3568 3721 3743 3778 opus,
3770 3712 3847 3763 ut

2172 3796 2373 3869 aliqua
2401 3795 2488 3852 vis
2517 3793 2776 3850 humana
2804 3794 3023 3850 fossam
3075 3793 3237 3849 ﬂiam
3284 3793 3716 3851 maledictionis
3776 3800 3847 3852 et

2174 3884 2443 3957 nequitia:
2471 3900 2572 3939 vos
2601 3881 2911 3954 compellat
2940 3883 3115 3948 exire,
3150 3900 3223 3940 ne
3244 3883 3446 3954 justus
3472 3887 3578 3939 Lot
3626 3890 3847 3955 pereat

2171 3990 2306 4030 cum
2336 3971 2596 4041 iniustis,
2632 3988 2703 4026 ne
2719 3971 3047 4027 sanctitatis
3065 3977 3269 4027 vestra:
3283 3971 3593 4044 speculum
3619 3972 3845 4030 admit-

2168 4065 2254 4117 tat
2285 4060 2606 4133 quidquam
2637 4060 3000 4133 contagionis
3031 4077 3099 4116 ex
3130 4059 3562 4117 cohabitatione
3583 4061 3840 4118 malitias

2168 4149 2626 4206 circumstantis.
2650 4149 2791 4213 Quis
2807 4148 2965 4204 enim
2984 4166 3188 4205 murus
3203 4153 3385 4204 staret
3404 4148 3833 4217 inconcussus,

2170 4256 2297 4312 qua
2328 4255 2495 4294 mens
2524 4238 2847 4294 immobilis
2873 4238 2931 4292 in
2964 4254 3072 4294 sua
3092 4237 3371 4294 ﬁrmitate
3423 4246 3833 4310 permaneret,

2170 4328 2267 4384 ubi
2299 4327 2480 4384 crassi
2511 4344 2648 4383 sues
2678 4327 3027 4400 grunnirent
3057 4327 3315 4394 assidue,
3349 4326 3449 4383 ubi
3474 4327 3839 4385 innocentiae

2164 4422 2367 4473 vestrae
2398 4415 2833 4488 simplicitatem
2857 4415 3031 4471 turba
3078 4414 3532 4488 malignantium
3583 4416 3842 4474 obside-

2167 4506 2292 4562 ret?
2322 4506 2592 4572 Obertus,
2624 4503 2967 4561 Antichristi
3001 4505 3266 4577 signifer,
3310 4508 3537 4561 Satanas
3578 4506 3845 4577 jumen-

408 4586 588 4643 tiores
618 4586 778 4653 ﬁant,
804 4586 1079 4676 fortiores
1109 4588 1340 4676 excitat,
1369 4589 1612 4645 antehac
1644 4594 1710 4645 ut
1750 4608 1851 4662 pro
1900 4596 2055 4648 certo
2088 4611 2134 4676 Ι)
2163 4598 2313 4659 tum,
2347 4591 2603 4664 perﬁdiae
2634 4591 2891 4647 Simonis
2914 4592 3265 4648 manifestus
3284 4595 3556 4661 sectator,
3592 4599 3846 4665 aposto-

407 4677 770 4746 compertum
803 4673 1110 4743 habemus,
1131 4675 1262 4731 aliis
1284 4692 1387 4747 pro
1426 4677 1763 4734 defensione
1794 4679 2052 4736 veritatis
2091 4673 2120 4676 ⁷
2162 4682 2407 4736 licorum
2432 4679 2795 4751 judiciorum
2826 4685 3208 4754 contemptor,
3233 4680 3503 4738 Ecclesia;
3526 4687 3836 4754 quantum

406 4766 463 4817 et
482 4761 723 4834 justitiae
752 4762 1174 4834 laborantibus,
1199 4780 1333 4820 cum
1351 4766 1510 4821 omni
1534 4766 1724 4821 ofﬁcio
1745 4766 2048 4825 charitatis

404 4851 713 4930 subvenire
744 4851 1021 4908 solebatis
1043 4856 1252 4909 etcum
1276 4871 1490 4927 magna
1515 4856 1708 4910 cordis
1731 4853 1949 4922 ltetitia,
1990 4861 2048 4912 et

402 4939 599 4997 vultus
628 4940 940 5008 hilaritate,
973 4946 1311 4999 sanctorum
1344 4943 1672 5000 necessitati
1703 4960 1881 5014 supra
1894 4945 2044 5001 vires

399 5032 623 5107 vestras
653 5029 1009 5107 ministrare.
1035 5030 1415 5098 Simoniacos,
1438 5036 1495 5086 et
1513 5030 1908 5099 Wibertistas,
1944 5050 2043 5088 no-

469 5153 582 5227 (2§)
617 5152 965 5227 Beringerus
993 5170 1061 5210 ex
1078 5155 1268 5227 priore
1289 5154 1720 5227 Andaginensis
1757 5167 2040 5214 monaste-

396 5221 467 5299 rii
514 5223 573 5299 S.
620 5221 878 5299 Auberti
910 5221 1095 5299 factus
1149 5227 1377 5299 primus
1428 5221 1587 5299 prior
1619 5226 1696 5299 _S.
1750 5228 2046 5283 Laurentii

396 5294 757 5359 Leodiensis,
790 5295 999 5352 deinde
1028 5294 1209 5352 abbas
1239 5294 1470 5351 creatus
1512 5297 1570 5352 in
1618 5296 1811 5354 locum
1842 5298 2049 5356 Volbo-

394 5365 564 5440 donis
595 5366 822 5440 abbatis
845 5367 1182 5440 adgHenrico
1206 5367 1478 5439 episcopo
1504 5369 1753 5440 depositi
1775 5371 2046 5427 omnium

393 5436 643 5491 fratrum
675 5437 972 5510 suﬁ’ragiis
1002 5436 1284 5495 suffectus
1333 5436 1423 5493 est
1470 5436 1626 5495 ann'o
1675 5440 1838 5498 1075.
1891 5442 2048 5498 Maa-

394 5524 559 5563 TENE.

466 5578 605 5654 (28*)
632 5579 1041 5654 Henricung,
1072 5579 1616 5654 rexﬁomonarum,
1650 5581 1831 5654 hujus
1850 5584 2045 5641 nomi-

392 5650 485 5718 nis
516 5650 848 5727 imperator,
875 5650 972 5724 III,
1001 5650 1103 5727 qui
1117 5650 1377 5710 schisma
1393 5651 1453 5711 in
1465 5650 2045 5747 Ecclesia'suscitavit

2151 5584 2390 5661 expulit,
2410 5589 2472 5661 et

2150 5655 2380 5726 coisvus
2410 5655 2674 5722 Historiae
2703 5663 2760 5720 S.
2794 5658 3055 5723 Huberti.
3092 5659 3176 5724 In.

2155 4771 2215 4826 in
2246 4770 2374 4841 ipso
2407 4773 2497 4824 est
2526 4768 2921 4836 conculcator,
2954 4769 3336 4826 ecclesiarum
3362 4787 3509 4842 quas
3551 4770 3610 4825 in
3647 4788 3843 4831 suam

2154 4842 2540 4930 perditionem
2574 4859 2919 4914 temerarius
2967 4863 3196 4931 emptor
3235 4858 3468 4926 invasit,
3519 4860 3716 4931 praedo
3767 4878 3845 4929 et,

2153 4948 2482 5002 destructor
2510 4950 2567 5001 et
2595 4947 2873 5018 profanus
2900 4947 3166 5003 venditor
3191 4964 3348 5005 nunc
3370 4947 3547 5004 minis
3587 4949 3847 5006 intona-

2152 5040 2259 5101 ret,
2293 5052 2449 5090 nunc
2471 5034 2775 5091 diabolicis
2806 5035 3222 5093 blandimentis
3253 5036 3484 5093 astutiae
3515 5042 3842 5110 caputve—

2158 5159 2218 5231 in
2250 5159 2446 5231 sedem
2481 5159 2665 5213 sancti
2700 5159 2850 5215 Petri
2881 5160 3197 5217 sublimato
3222 5161 3507 5231 Wiberto,
3537 5166 3595 5217 et
3622 5166 3845 5220 extur-

2159 5230 2293 5285 bato
2324 5229 2598 5288 Gregorio
2630 5231 2724 5285 VlI
2755 5231 3149 5287 sanctissimo.
3187 5232 3266 5288 In.

2227 5301 2339 5376 (_29)
2387 5301 2661 5357 Otbertus
2692 5302 3047 5376 _Leodiensis
3091 5304 3149 5359 S.
3197 5303 3395 5376 Grucis
3427 5302 3826 5376 praepositus,

2156 5372 2466 5428 defunctus
2496 5388 2662 5447 anno;
2681 5373 2838 5447 1090,
2872 5373 3116 5431 Henrico
3140 5372 3445 5447 episcopo;
3484 5372 3565 5431 ad
3604 5372 3840 5433 Henril-

2154 5460 2288 5519 cum
2310 5459 2503 5516 regem
2526 5444 2803 5519 confugit,
2821 5449 2884 5519 _et
2905 5444 3385 5519 magna_pecunia
3405 5447 3839 5519 episcopatum

2153 5515 2226 5570 ab
2258 5515 2833 5590 eo_c0mp_aravit’_qui
2866 5515 3074 5590 statim
3113 5515 3491 5590 Beringerufn
3524 5515 3832 5590 abbatem

2566 5585 2915 5659 olbodonem
2941 5588 3215 5658 restituit,
3244 5585 3329 5649 uti
3361 5587 3564 5652 scribit
3602 5595 3837 5659 auctor
