3950 6430
118 409 214 475 39‘!

112 638 319 693 decreto
349 635 581 692 concilii
614 652 648 691 a
678 635 848 692 nobis
879 653 1066 708 nuper
1095 635 1209 693 acti
1239 637 1583 693 damnatum
1632 651 1736 690 au-

110 727 355 782 ctoritate
385 724 486 780 Dei
514 728 573 781 et
601 724 666 779 B.
698 724 872 791 Petri,
905 728 962 780 et
990 729 1200 781 sancta
1233 725 1504 780 Romana
1547 721 1736 778 Eccle-

107 814 214 884 sia,
240 813 332 869 cui
363 813 602 885 auspice
622 812 739 868 Deo
761 812 1043 881 deservio,
1060 814 1186 884 jam
1211 810 1736 868 excommunicavi-

107 918 242 970 mus,
274 906 332 958 et
359 917 498 958 cum
529 917 636 957 suo
664 901 949 968 Wiberto,
983 901 1173 957 bestia
1201 899 1450 957 terribili
1472 903 1529 955 et
1554 899 1736 963 varia,

106 1008 216 1064 qua
247 990 510 1047 ascendit
538 990 607 1046 de
637 989 807 1056 mari,
840 992 898 1044 et
927 987 1064 1045 facit
1093 988 1314 1044 bellum
1337 1004 1467 1044 cum
1494 987 1733 1054 sanctis,

105 1095 265 1151 quam
290 1079 539 1135 adorant
564 1094 815 1149 quorum
846 1095 962 1133 non
992 1081 1133 1134 sunt
1158 1076 1399 1132 nomina
1429 1075 1646 1147 scripta
1675 1073 1736 1130 in

106 1168 238 1223 libro
258 1166 389 1222 vita
420 1170 479 1222 et
507 1166 662 1238 agni,
694 1166 1021 1238 portionem
1050 1164 1478 1221 maledictionis
1509 1164 1557 1219 ei
1582 1162 1739 1218 dedi-

106 1274 223 1314 mus
250 1273 352 1329 pro
383 1272 450 1311 eo
483 1255 637 1327 quod
670 1253 1042 1310 Simoniacus
1073 1258 1180 1320 est,
1231 1256 1287 1308 et
1333 1253 1735 1324 episcopatum

103 1347 225 1402 data
254 1342 502 1417 pecunia
527 1341 853 1414 usurpavit,
887 1346 942 1397 et
975 1342 1114 1413 quia
1138 1358 1240 1396 Vos
1269 1340 1487 1412 injuste
1516 1340 1586 1395 de
1612 1337 1735 1395 loco

100 1439 272 1491 vestro
302 1450 372 1487 ex
403 1436 692 1504 pracepto
720 1430 813 1485 sui
855 1430 1010 1502 regis
1059 1428 1299 1502 expulit,
1352 1433 1409 1484 et
1449 1445 1581 1484 eum
1634 1429 1733 1500 qui

101 1526 319 1596 propter
350 1519 782 1576 contumaciam
815 1522 872 1573 et
901 1504 1359 1573 inobedientiam
1389 1516 1623 1589 publico
1636 1517 1737 1587 ju-

102 1612 237 1668 dicio
266 1609 644 1682 adjudicatus
675 1612 731 1662 et
762 1608 1184 1663 condemnatus
1216 1612 1355 1673 erat,
1389 1610 1623 1678 accepta
1665 1606 1736 1661 ab

99 1719 156 1757 eo
182 1699 431 1773 pecunia
461 1697 794 1769 supposuit,
829 1700 886 1751 et
911 1696 1051 1768 quia
1082 1695 1314 1751 cuidam
1346 1695 1505 1765 Lupo
1537 1696 1647 1765 (30)
1683 1698 1740 1749 et

99 1788 416 1846 Simoniaca
446 1785 673 1851 haresi,
696 1789 753 1841 et
777 1784 908 1840 aliis
931 1784 1278 1857 capitalibus
1301 1783 1489 1854 culpis
1512 1782 1739 1854 publice

98 1883 147 1934 et
164 1879 321 1950 juste
335 1876 616 1937 damnato
638 1889 849 1930 manus
868 1872 1169 1945 imposuit.
1192 1871 1473 1928 Similiter
1493 1876 1550 1927 et
1570 1870 1737 1927 illum

98 1964 350 2023 Ecclesia
413 1963 722 2036 profanum
776 1978 1144 2034 pervasorem
1201 1960 1634 2029 damnavimus,
1679 1963 1738 2015 et

100 2051 725 2111 excommunicavimus
754 2048 1204 2115 Wolbodonem,
1238 2048 1376 2121 quia
1404 2048 1736 2104 Simoniace

101 2160 155 2200 ac
182 2139 484 2216 tyrannica
512 2142 801 2212 potestate
832 2153 935 2211 per
964 2137 1117 2193 male
1161 2136 1511 2210 acquisitam
1562 2152 1735 2209 pecu-

100 2232 243 2287 niam
265 2229 566 2286 abbatiam
586 2232 867 2293 vestram,
890 2232 947 2282 et
967 2226 1162 2301 locum
1190 2227 1346 2282 unde
1364 2224 1734 2298 perinsolen-

99 2320 226 2377 tiam
282 2334 480 2384 suam,
539 2316 694 2373 sicut
743 2315 1014 2372 diabolus
1079 2316 1151 2371 de
1215 2313 1357 2370 calo
1423 2315 1733 2382 deciderat,

96 2408 295 2466 invasit
328 2408 443 2479 (31)
476 2411 534 2461 et
562 2422 696 2460 cum
725 2420 792 2460 eo
822 2420 1027 2461 omnes
1052 2403 1273 2459 militia
1294 2404 1422 2474 ejus
1442 2404 1737 2475 adjutores

95 2504 145 2555 et
172 2497 443 2555 fautores.
475 2494 691 2551 Omnes
721 2510 954 2567 quoque
995 2493 1211 2566 quibus
1260 2494 1385 2565 ipse
1414 2492 1736 2548 oblationes

96 2587 347 2644 ﬁdelium
389 2601 484 2641 res
531 2583 809 2651 ecclesia,
843 2589 901 2638 et
947 2582 1221 2654 pradicta
1266 2581 1481 2637 divinis
1531 2582 1738 2637 usibus

96 2675 300 2732 tradita
322 2672 411 2730 vel
444 2670 702 2729 vendidit
738 2671 826 2727 vel
877 2671 1057 2738 dedit,
1108 2669 1326 2742 pariter
1371 2686 1508 2725 cum
1558 2669 1658 2725 illo
1705 2686 1740 2725 a

96 2764 309 2839 gremio
342 2766 557 2820 sancta
588 2760 857 2817 Ecclesia
890 2758 1210 2832 apostolica
1233 2759 1575 2815 auctoritate
1616 2758 1737 2831 pel-

97 2855 290 2921 limus,
320 2850 909 2915 anathematizamus,
940 2849 1313 2915 damnamus,
1346 2852 1405 2903 et
1426 2846 1740 2920 sacrilegos

90 2943 449 3016 judicamus,
474 2956 660 3011 usque
681 2938 824 2993 dum
849 2954 957 2993 sua
976 2935 1243 2992 Ecclesia
1268 2938 1596 2992 restituant.
1624 2939 1739 2991 Vos

93 3038 305 3099 autem,
342 3030 519 3084 frater
549 3026 918 3093 charissime,
950 3026 1221 3098 gaudete,
1256 3025 1393 3096 quia
1424 3040 1519 3079 rex
1564 3023 1740 3080 Israel

94 3121 278 3176 ﬁlium
309 3134 487 3174 suum
517 3115 642 3172 vult
672 3132 848 3188 super
869 3114 1113 3169 flumina
1133 3112 1447 3186 Babylonis
1464 3113 1664 3168 sedere
1685 3117 1739 3168 et

95 3210 251 3277 flere,
279 3213 338 3265 et
366 3207 437 3263 ad
468 3205 718 3262 reditum
749 3204 806 3260 in
842 3212 1053 3260 terram
1109 3202 1516 3274 promissionis
1559 3200 1738 3258 libero

92 3298 285 3354 cordis
316 3296 529 3352 affectu
560 3292 876 3366 suspirare,
909 3309 1025 3348 non
1060 3292 1116 3347 in
1141 3290 1286 3363 ipsis
1317 3290 1663 3346 fluminibus
1684 3295 1740 3346 et

93 3385 307 3445 studiis
356 3381 736 3440 sacularibus
783 3380 1134 3454 implicitum
1183 3379 1438 3435 interire.
1497 3383 1740 3435 Summa

95 3481 306 3533 nostra
345 3471 661 3530 voluntatis
708 3473 797 3526 est
841 3475 908 3526 ut
955 3474 1148 3525 teneat
1196 3468 1506 3541 prudentia
1548 3472 1743 3523 vestra

94 3564 250 3638 quod
297 3562 447 3618 ratio
495 3560 829 3634 persuadet,
881 3558 1185 3630 Scriptura
1230 3556 1427 3613 divina
1473 3560 1741 3624 testatur,

95 3656 315 3710 sancta
346 3649 647 3723 religionis
677 3648 818 3705 ordo
848 3647 1113 3719 requirit,
1148 3650 1470 3718 martyrum
1502 3644 1746 3717 sanguis
1824 3676 1833 3677 ί

95 3743 383 3808 insinuat,
435 3743 622 3795 mater
670 3741 890 3803 nostra,
942 3740 1143 3792 sancta
1200 3734 1422 3790 scilicet
1467 3732 1744 3802 Ecclesia,

96 3829 365 3905 pracipit
385 3832 442 3885 et
462 3826 854 3884 commendat.
881 3824 1109 3881 Veritas
1129 3823 1258 3897 ipsa
1275 3828 1340 3879 ut
1360 3823 1432 3879 ad
1448 3823 1748 3878 veritatem

98 3937 207 3976 nos
234 3919 596 3975 converteret
623 3914 772 3971 mori
808 3913 1013 3981 voluit,
1064 3912 1328 3985 nihilque
1373 3911 1601 3967 animas
1648 3927 1752 3966 no-

97 4000 278 4077 straé‘,
306 4006 422 4063 nisi
453 4004 579 4063 sola
612 4004 841 4060 Veritas
871 4021 906 4058 a
954 4005 1237 4075 potestate
1285 3999 1502 4057 diaboli
1544 4000 1755 4057 libera-

98 4099 207 4155 bit.
244 4095 518 4153 Salutant
546 4110 647 4150 vos
670 4092 731 4149 in
762 4092 990 4148 Christo
1030 4096 1088 4147 et
1115 4091 1216 4163 qui
1260 4089 1563 4146 vobiscum
1618 4092 1760 4145 sunt

101 4186 317 4242 fratres
364 4187 587 4241 vestros
632 4181 691 4238 in
742 4180 1011 4254 prasenti
1062 4179 1369 4235 nobiscum
1425 4178 1762 4251 congregati

102 4273 388 4348 episcopi,
423 4271 642 4339 clerici,
674 4271 916 4326 abbates
938 4275 995 4325 et
1016 4267 1306 4335 monachi,
1332 4271 1399 4321 ut
1419 4266 1763 4323 memoriam

102 4364 294 4421 nostri
330 4363 390 4418 in
420 4361 631 4418 vestris
682 4359 902 4415 sanctis
955 4356 1320 4413 orationibus
1369 4354 1655 4423 habeatis,
1702 4359 1769 4410 ut

102 4470 211 4526 pro
244 4468 389 4525 pace
415 4454 618 4506 nostra
647 4452 703 4504 et
733 4450 946 4504 sancta
976 4444 1246 4501 Ecclesia
1278 4461 1414 4499 eum
1448 4443 1547 4515 qui
1596 4447 1770 4500 natus

103 4558 316 4615 pacem
348 4538 523 4596 terris
548 4536 763 4604 attulit,
799 4536 1019 4609 quique
1049 4551 1156 4591 suo
1183 4533 1473 4606 sanguine
1498 4549 1624 4589 eam
1659 4531 1774 4589 sibi

102 4626 752 4726 desponsavit,rogetis
772 4623 1119 4726 suppliciter
1143 4620 1777 4726 eaoramus‘..Charissi-
1807 4636 1855 4703 Ι)

108 4736 249 4775 mus
301 4718 463 4774 ﬁlius
525 4719 723 4772 noster
777 4714 1114 4781 Gerbertus,
1174 4713 1388 4768 harum
1448 4710 1775 4767 litterarum

107 4808 386 4882 gerulus,
421 4805 682 4878 quando,
714 4802 844 4873 ubi,
890 4802 1204 4875 quomodo,
1256 4818 1390 4857 cum
1443 4800 1658 4873 quibus
1706 4801 1778 4857 ad

111 4914 223 4954 nos
286 4895 422 4952 sine
477 4893 894 4966 impedimento
964 4890 1192 4947 Satana
1256 4888 1454 4945 venire
1511 4887 1777 4962 possitis,

109 4989 350 5042 secreto
378 4981 660 5040 indicabit
689 4981 874 5038 vobis.
911 4980 1064 5036 Bene
1094 4978 1299 5035 valete.

1259 410 1669 476 EPISTOLE
1709 409 1818 474 ET
1855 413 2329 480 PRIVILEGIA.

116 548 203 604 stri
231 545 437 621 rigoris
488 546 789 603 incurvare
834 548 1227 603 contenderet.
1278 549 1458 611 Quem
1511 564 1617 600 nos
1666 564 1730 599 ex
1761 547 1817 613 Α

3367 412 3493 477 398

1915 621 2080 677 Bulla
2108 623 2313 679 Urbani
2339 637 2493 693 papa
2523 553 2736 695 1%}:
2744 550 3080 695 Inzqnasterio
3124 618 3181 675 8.
3228 619 3380 676 Petri
3425 621 3491 675 de

2260 694 2501 750 Puteolis
2529 693 2770 750 Lucana
2805 693 3069 750 diacesis.

2464 782 2650 855 (Anno
2685 780 2866 855 1095.)

2025 851 2419 920 (Mannum,
2451 851 2648 909 Annal.
2698 851 3002 909 Cameldul.
3034 856 3177 909 tom.
3210 852 3312 920 Ill,

2388 941 2677 1013 Append.,
2711 959 2766 1014 p.
2802 941 2950 1012 114.]

1915 1031 2197 1084 Unnanus
2227 1028 2559 1102 episcopus,
2590 1047 2793 1087 servus
2815 1045 3115 1086 servorum
3136 1027 3257 1096 Dei,
3280 1027 3490 1085 dilecto

1845 1115 1965 1173 ﬁlio
1996 1117 2263 1173 MARTINO
2291 1117 2465 1190 priori
2498 1118 2839 1175 monasterii
2889 1118 2948 1173 S.
2999 1116 3176 1183 Petri,
3227 1117 3384 1190 quod
3428 1116 3491 1172 in

1846 1203 2090 1259 Lucana
2122 1204 2391 1260 Ecclesia
2419 1205 2694 1278 parochia
2717 1205 2897 1263 situm
2928 1208 3040 1274 est,
3069 1204 3196 1261 loco
3225 1202 3383 1277 quod
3402 1220 3496 1259 vo-

1844 1298 2010 1348 catur
2057 1292 2332 1361 Puteolis,
2385 1295 2629 1366 ejusque
2685 1293 3126 1352 successoribus
3173 1294 3235 1350 in
3287 1309 3490 1366 perpe-

1843 1386 2032 1435 tuum.

1916 1468 2279 1525 Desiderium
2312 1470 2465 1541 quod
2514 1470 2584 1525 ad
2634 1468 2971 1542 religiosum
3019 1468 3385 1542 propositum
3433 1472 3492 1524 et

1845 1557 2175 1612 animarum
2209 1558 2459 1613 salutem
2490 1557 2780 1630 pertinere
2821 1559 3205 1625 monstratur,
3254 1560 3490 1612 auctore

1846 1644 2114 1711 Domino,
2148 1645 2272 1701 sine
2305 1645 2503 1717 aliqua
2533 1650 2624 1702 est
2651 1645 2929 1701 dilatione
2950 1644 3386 1717 complendum.
3410 1644 3492 1720 Ea

1847 1737 2102 1806 propter,
2137 1734 2217 1789 ﬁli
2251 1734 2308 1788 in
2335 1733 2561 1790 Christo
2583 1732 2947 1800 charissime,
2974 1731 3090 1789 tuis
3110 1730 3491 1805 petitionibus

1846 1825 2191 1887 annuentes,
2225 1821 2648 1876 monasterium
2676 1821 2871 1876 Sancti
2895 1820 3068 1888 Petri,
3100 1820 3196 1876 cui
3244 1818 3491 1876 Domino

1765 1911 1812 1976 Β
1844 1896 2078 1964 auctore
2107 1908 2406 1981 praesides,
2437 1909 2744 1982 praesentis
2765 1907 2984 1966 decreti
3008 1907 3349 1964 auctoritate
3371 1924 3497 1963 mu-

1844 1999 2066 2055 nimus.
2097 1998 2424 2054 Statuimus
2455 1999 2612 2054 enim
2644 2002 2708 2054 ut
2740 2014 3103 2070 quacunque
3131 1996 3305 2053 hodie
3335 1996 3495 2053 idem

1844 2086 2357 2156 canobiumjuste
2387 2087 2667 2159 possidet,
2700 2085 2818 2142 sive
2867 2086 2926 2141 in
2976 2085 3299 2142 crastinum
3348 2101 3498 2141 con-

1844 2175 2108 2233 cessione
2164 2175 2529 2247 pontiﬁcum,
2590 2173 2939 2231 liberalitate
2990 2173 3345 2246 principum,
3403 2170 3494 2228 vel

1846 2264 2139 2322 oblatione
2160 2263 2444 2333 ﬁdelium,
2461 2263 2622 2334 juste
2645 2267 2820 2335 atque
2840 2262 3116 2319 canonice
3136 2261 3349 2334 poterit
3368 2259 3494 2316 adi-

1845 2352 2014 2427 pisci,
2049 2353 2219 2407 {irma
2245 2349 2353 2406 tibi
2394 2351 2629 2423 tuisque
2676 2350 3114 2408 successoribus
3161 2355 3220 2407 et
3265 2347 3494 2406 illibata

1847 2444 2248 2514 permaneant.
2285 2439 2725 2495 Possessionum
2751 2440 2951 2506 etiam,
2975 2454 3102 2510 qua
3122 2437 3184 2493 in
3204 2442 3495 2493 monaste-

1846 2529 1914 2585 rii
1941 2528 2289 2601 preprietate
2313 2527 2702 2597 continentur,
2726 2527 2984 2584 decimas
3005 2527 3226 2599 absque
3247 2525 3369 2581 ulla
3388 2540 3491 2581 vos

1847 2617 2115 2673 molestia
2144 2616 2442 2688 possidere
2471 2620 2749 2689 perpetuo
2777 2615 3068 2672 volumus.
3116 2613 3491 2687 Sepulturam

1847 2721 2079 2778 quoque
2108 2704 2372 2776 ejusdem
2404 2704 2515 2761 loci
2541 2704 2779 2761 omnino
2808 2703 3054 2760 liberam
3072 2700 3276 2759 haberi
3299 2699 3492 2759 sanci-

1847 2810 2001 2862 mus,
2055 2797 2120 2848 ut
2164 2809 2364 2848 eorum
2414 2794 2515 2864 qui
2566 2791 2684 2848 illic
2734 2790 2966 2865 sepeliri
3023 2789 3491 2858 deliberaverint,

1848 2880 2136 2939 devotioni
2164 2884 2219 2936 et
2250 2886 2520 2936 extrema
2540 2880 2824 2937 voluntati
2847 2879 3046 2936 nullus
3066 2878 3315 2935 obsistat
3334 2877 3493 2935 salvo

1851 2970 2210 3045 parochiana
2250 2968 2506 3026 ecclesia
2560 2969 2772 3026 debito.
2822 2967 3199 3025 Decernimus
3244 2983 3382 3041 ergo
3430 2970 3497 3022 ut

1850 3060 1992 3116 nulli
2008 3060 2246 3115 omnino
2261 3059 2570 3115 hominum
2586 3057 2923 3114 liceatidem
2936 3055 3264 3113 canobium
3277 3059 3495 3112 temere

1850 3150 2189 3223 perturbare
2211 3152 2311 3202 aut
2335 3146 2386 3203 ei
2410 3147 2680 3203 subditas
2699 3145 3101 3219 possessiones
3126 3144 3374 3216 auferre,
3404 3143 3494 3200 vel
3514 3144 3521 3150 '

1770 3270 1813 3338 ο
1853 3239 2048 3296 oblata
2076 3237 2344 3305 retinere,
2377 3236 2662 3303 minuere,
2691 3235 2782 3291 vel
2811 3234 3134 3291 temerariis
3176 3232 3497 3289 venationi-

1851 3330 1963 3385 bus
1980 3326 2240 3398 fatigare,
2266 3325 2366 3380 sed
2390 3325 2589 3381 omnia
2607 3323 2834 3398 integra
2853 3325 3270 3381 conserventur
3287 3338 3492 3379 eorum

1847 3434 1951 3490 pro
1973 3432 2222 3488 quorum
2246 3413 2671 3470 sustentatione
2691 3429 2758 3467 ac
2779 3410 3199 3486 gubernatione
3215 3426 3492 3471 concessa

1850 3510 2006 3573 sunt,
2042 3503 2246 3559 usibus
2277 3500 2630 3558 omnimodis
2667 3500 2994 3574 profutura,
3045 3499 3205 3557 salva
3246 3499 3490 3556 Lucana

1851 3593 2104 3651 ecclesia
2135 3592 2330 3647 debita
2358 3594 2416 3646 et
2443 3590 2723 3646 canonica
2742 3588 3082 3645 reverentia.
3104 3588 3256 3645 Sane
3275 3588 3327 3645 si
3351 3588 3486 3660 quis

1854 3685 1912 3739 in
1936 3681 2257 3738 crastinum
2278 3677 2749 3751 archiepiscopus
2768 3681 2870 3734 aut
2889 3677 3219 3751 episcopus,
3244 3677 3493 3750 impera-

1856 3778 1948 3829 tor
1972 3775 2074 3827 aut
2105 3784 2220 3837 rex,
2255 3782 2449 3824 comes
2478 3771 2580 3823 aut
2593 3766 2933 3836 vicecomes,
2954 3765 3139 3838 judex
3157 3769 3261 3822 aut
3281 3764 3498 3822 castalo

1861 3860 1978 3927 dio,
2013 3862 2114 3914 aut
2143 3873 2392 3929 persona
2418 3854 2692 3928 qualibet
2721 3871 2938 3928 magna
2964 3853 3052 3912 vel
3098 3871 3277 3928 parva
3320 3854 3500 3933 hujus

1865 3947 2047 4005 nostri
2079 3944 2362 4019 privilegii
2393 3944 2671 4017 paginam
2698 3944 2890 4001 sciens
2919 3947 3121 4001 contra
3141 3959 3272 4001 eam
3290 3946 3511 4001 temere

1864 4035 2062 4093 venire
2090 4034 2417 4102 tentaverit,
2452 4033 2707 4088 secundo
2737 4033 2979 4089 tertiove
3008 4032 3424 4102 commonitus,
3460 4031 3514 4088 si

1870 4143 1985 4181 non
2013 4121 2409 4180 satisfactione
2439 4138 2698 4195 congrua
2744 4121 3158 4193 emendaverit,
3207 4120 3516 4196 potestatis

1871 4213 2229 4284 honorisque
2280 4211 2564 4284 dignitate
2611 4216 2822 4281 careat,
2879 4227 3162 4285 reumque
3218 4226 3281 4268 se
3322 4210 3517 4267 divino

1866 4300 2090 4376 judicio
2120 4299 2364 4356 existere
2396 4299 2466 4355 de
2494 4304 2826 4372 perpetrata
2854 4299 3163 4373 iniquitate
3183 4300 3520 4373 cognoscat,

1877 4400 1935 4448 et
1966 4408 2001 4447 a
2029 4388 2425 4445 sacratissimo
2456 4404 2695 4460 corpore
2724 4388 2826 4446 Dei
2848 4392 2904 4444 et
2927 4387 3155 4445 Domini
3179 4387 3526 4460 Redempto-

1880 4481 1962 4536 ris
1993 4476 2175 4533 nostri
2206 4477 2344 4532 Jesu
2393 4475 2607 4532 Christi
2658 4476 2884 4533 alienus
2933 4478 3056 4546 fiat,
3103 4481 3276 4550 atque
3318 4476 3381 4553 in
3425 4490 3526 4531 ex.

1882 4575 2065 4625 tremo
2113 4563 2379 4620 examine
2418 4564 2696 4620 districta
2744 4564 2951 4620 ultioni
2999 4565 3321 4636 subjaceat.
3369 4562 3524 4619 Cun-

2047 4656 2155 4710 etc.

1958 4746 2316 4801 Bsnsmc'rus
2347 4740 2506 4796 Deus
2536 4756 2604 4793 ET
2631 4738 2819 4796 PATER
2838 4741 3055 4798 Donum
3081 4755 3285 4798 NOSTBI
3311 4739 3451 4796 Jssu

2468 4813 2718 4866 CHRISTI.
2750 4812 2939 4866 AMEN.

1960 4906 2171 4961 Datum
2224 4898 2530 4957 Florentia
2582 4915 2684 4971 per
2732 4915 2977 4955 manum
3024 4897 3269 4955 Joannis
3316 4900 3531 4956 sancta

1892 4994 2164 5049 Romana
2185 4986 2450 5045 Ecclesia
2473 4986 2702 5043 diaconi
2726 4986 3062 5054 cardinalis,
3083 4985 3211 5044 Kal.
3236 4986 3536 5045 Februarii

1893 5079 2209 5136 indictione
2239 5093 2321 5147 Ill,
2356 5092 2506 5132 anno
2538 5074 2855 5133 Dominica
2895 5076 3325 5134 Incarnationis
3374 5074 3535 5144 1095,

1894 5167 2271 5243 pontiﬁcatus
2314 5181 2447 5222 vero
2496 5163 2696 5221 domui
2742 5163 2958 5221 Urbani
3003 5165 3244 5221 secundi
3301 5182 3398 5239 pp.
3448 5180 3541 5223 se-

1896 5258 2104 5332 ptimo.
2536 5260 2564 5280 ‘

195 5397 320 5475 (30)
348 5394 481 5475 Sive
510 5394 744 5475 Luponi.
766 5390 964 5452 abbati
992 5387 1357 5475 Trudoppusi
1391 5384 1494 5475 Qui
1525 5387 1596 5475 ab
1641 5390 1789 5475 ῌρῐξ·
1900 5424 1927 5452 ‹‹
1961 5396 2295 5475 Pecuniam,
2326 5395 2820 5475 inquit,_multam
2852 5415 2887 5475 a
2915 5395 3338 5475 mercatoribus
3363 5394 3546 5475 hujus

118 5461 250 5546 rich
291 5461 856 5546 Leqdiensilpulsus
903 5462 1338 5546 sua.dignitate
1387 5461 1594 5517 fuerat.
1646 5461 1735 5518 Vit

1903 5473 2100 5546 patria
2132 5461 2339 5546 mutuo
2370 5461 2611 5541 accepit,
2635 5487 2815 5542 quam
2836 5471 2907 5527 de
2926 5468 3173 5546 ecclesia
3192 5468 3314 5546 ista
3330 5461 3549 5546 persol-

116 5543 345 5609 Cnron.
369 5540 566 5612 rTrud.
598 5534 871 5612 Spicileg,
905 5542 946 5593 t.
972 5534 1095 5591 VII.
1125 5534 1208 5612 in.

197 5614 322 5685 (31)
354 5611 502 5685 Hinc
535 5609 701 5685 de_é_o
754 5609 877 5685 apti

922 5625 1034 5664 uus
1085 5609 1289 5663 auctor
1339 5603 1604 5660 Historia
1632 5604 1691 5660 S.
1726 5605 1789 5662 L.

881 5626 996 5743 aus
1027 5677 1237 5743 (edidit
1259 5680 1302 5736 t.
1326 5675 1402 5737 IV
1432 5676 1789 5743 VetMonumJ

120 5675 439 5746 La‘uréntii
468 5700 505 5745 a
534 5682 704 5744 nobis
733 5675 996 5745 edendus
1027 5677 1237 5751 (edidit
1259 5680 1302 5736 t.
1326 5675 1402 5737 IV
1432 5677 1521 5738 Vat
1534 5676 1794 5759 Monum.)

1899 5538 2084 5601 veret:
2120 5542 2274 5598 unde
2299 5541 2421 5612 ipse
2445 5538 2542 5596 rei
2562 5538 2851 5615 trecentas
2871 5558 3100 5615 mereas
3119 5538 3348 5615 habuit:
3367 5538 3549 5615 Qber-

1900 5622 2000 5676 tus
2030 5619 2226 5675 autem
2257 5611 2373 5671 non
2404 5628 2646 5691 parvam
2668 5613 2803 5672 inde
2819 5620 3046 5692 partem
3070 5611 3310 5692 accepit.
3337 5633 3366 5665 »
3389 5611 3475 5673 ID.
