3950 6434
451 447 572 509 399

912 647 918 652 ,
1139 581 1398 652 CXXVII.

451 669 660 727 Urbani
688 672 740 727 II
767 671 940 744 bttle
963 687 1067 744 pro
1095 673 1426 744 monasterio
1454 669 1645 728 Sancti
1654 743 1659 744 7
1689 670 1918 742 Egidz‘i,
1968 686 2098 726 con-

784 739 1024 812 ﬁnnat'ae
1053 745 1118 810 in,
1144 739 1376 800 concilio
1405 743 1732 799 Placentino

641 876 646 884 .
1071 831 1256 904 (Anno
1287 831 1473 902 1095.)

681 919 936 990 [Βδιιλιιι.³
968 920 1198 977 Μίδεειι.
1231 919 1370 977 edit.
1407 919 1574 988 Luc.,
1607 919 1675 988 ΙΙ,
1711 917 1859 989 477.]

523 1023 800 1080 Unaaxus
831 1025 1163 1100 episcopus,
1187 1042 1389 1082 servus
1411 1009 1710 1082 servorum
1732 1024 1854 1091 Dei,
1879 1023 2102 1080 univcr-

454 1112 538 1168 sis
568 1129 672 1186 per
699 1112 1003 1170 Gothicam
1037 1113 1394 1187 provinciam
1424 1111 1696 1170 ﬁdelibus
1745 1111 1994 1168 salutem
2043 1116 2101 1166 et

457 1201 836 1275 apostolicam
868 1203 1354 1260 benedictionem.

528 1289 742 1347 Notum
760 1291 1034 1347 omnibus
1051 1291 1214 1347 vobis
1225 1289 1496 1346 volumus
1517 1291 1656 1362 quia
1676 1289 1924 1346 dilectus
1945 1287 2102 1344 Illius

459 1385 658 1434 noster
688 1379 1081 1446 Raimundus,
1107 1378 1435 1435 Tolosanus
1467 1395 1686 1448 comes,
1731 1383 1854 1433 tam
1888 1377 2104 1432 nostris

457 1481 633 1539 quam
666 1465 915 1524 aliorum
947 1466 1352 1540 religiosorum
1386 1467 1645 1523 virorum
1678 1465 1917 1523 monitis
1951 1465 2102 1522 exci-

453 1555 1215 1628 tatuset'omnipotentisDei
1231 1556 1440 1612 timore
1455 1573 1580 1611 com
1589 1573 1664 1628 pu
1675 1561 1841 1610 nctus
1854 1558 2102 1627 partem,

451 1642 572 1698 imo
603 1643 869 1716 rapinam
903 1661 1080 1716 quam
1113 1661 1180 1718 ex
1200 1649 1511 1718 parentum
1537 1660 1776 1700 suorum
1807 1641 2108 1699 invasione

453 1729 514 1788 in
547 1731 714 1788 altari
745 1733 944 1802 Sancti
975 1733 1187 1806 Egidii
1214 1737 1273 1789 et
1301 1732 1542 1805 reliquis
1573 1733 1762 1804 ipsius
1793 1731 1994 1787 altaris
2021 1748 2110 1787 ec-

455 1819 643 1876 clesiae
675 1817 960 1876 altaribus
989 1822 1204 1878 habere
1235 1820 1443 1877 solitus
1472 1825 1614 1888 erat,
1647 1821 1762 1876 Deo
1794 1836 1859 1876 ac
1892 1823 2107 1876 sanctae

457 1909 559 1964 Dei
571 1907 845 1964 Genitrici
863 1908 1054 1966 Maria
1071 1910 1408 1982 sanctisque
1425 1909 1819 1982 apostolorum
1837 1907 2110 1982 principi-

461 1997 574 2052 bus
602 1997 770 2053 Petro
801 2014 866 2053 ac
899 1996 1075 2054 Paulo
1106 2003 1164 2055 et
1190 1999 1358 2070 beato
1391 1998 1705 2054 confessori
1727 1997 1952 2069 JEgidio
1975 1999 2105 2053 red-

462 2087 630 2142 didit.
663 2085 798 2155 Quae
831 2087 1074 2144 redditio
1103 2088 1222 2144 sive
1265 2085 1530 2144 dimissio
1578 2086 1637 2142 in
1684 2086 1968 2142 Tolosana
2010 2103 2104 2158 sy-

461 2176 616 2232 nodo
650 2176 801 2232 iacta
830 2181 918 2244 est
946 2193 1140 2232 coram
1170 2177 1360 2250 legato
1394 2181 1591 2232 nostro
1633 2175 1948 2243 Bernardo,
1997 2178 2107 2230 To-

459 2263 655 2320 letano
669 2265 1120 2338 archiepiscopo,
1135 2270 1192 2322 et
1204 2263 1474 2338 pluribus
1489 2270 1609 2321 tam
1621 2264 1910 2338 episcopis
1927 2281 2103 2337 quam

461 2352 792 2410 abbatibus.
827 2357 970 2409 Item
997 2353 1058 2410 in
1091 2351 1400 2410 festivitate
1443 2354 1628 2410 sancti
1659 2352 1869 2426 IEgidii
1909 2369 2103 2409 coram

459 2440 663 2496 eodem
675 2439 864 2513 legato
877 2445 1075 2496 nostro
1087 2441 1334 2513 aliisque
1349 2439 1807 2514 quamplurimis
1818 2439 2104 2513 epiSCOpis

455 2529 544 2584 vel
575 2527 888 2585 abbatibus
917 2530 1184 2586 eamdem
1220 2529 1606 2586 redditionem
1631 2545 1764 2584 cum
1789 2545 1964 2584 uxore
1997 2545 2106 2586 sua

455 2618 694 2674 Hervira
723 2621 781 2672 et
809 2617 928 2672 ﬁlio
959 2617 1277 2674 Bertranno
1308 2635 1486 2690 super
1515 2615 1696 2692 altare
1729 2617 1876 2672 beati
1895 2617 2106 2690 .IEgidii

459 2705 1213 2776 conﬁrmavit,duobusillic
1227 2705 1850 2778 nummisIEgidiensis
1863 2709 2105 2763 monete

459 2795 688 2868 positis.
708 2793 893 2867 Igitur
912 2811 1018 2850 nos
1039 2796 1366 2851 secundum
1388 2795 1578 2867 ipsius
1599 2795 1830 2851 comitis
1853 2795 2109 2866 postula-

455 2884 682 2940 tionem
714 2899 815 2956 pro
845 2899 956 2938 sua
985 2885 1042 2938 et
1071 2887 1382 2956 parentum
1413 2899 1654 2938 suorum
1679 2882 1872 2954 salute
1887 2885 2105 2942 factum

427 2972 573 3028 “hoc
603 2971 943 3038 auctoritate
972 2971 1295 3044 apostolica
1313 2967 1734 3030 conﬁrmamus
1758 2975 1816 3028 et
1837 2973 2105 3045 omnipo-

460 3059 638 3118 tentis
661 3060 762 3116 Dei
781 3060 1240 3116 misericordiam
1257 3061 1641 3134 deprecamur
1651 3065 1940 3133 quatenus
1950 3063 2104 3134 quod

423 3182 430 3187 -
456 3150 533 3206 'de
555 3141 749 3206 rerum
772 3147 1300 3206 ecclesiasticarum
1325 3147 1702 3221 usurpatione
1713 3148 2001 3207 hactenus
2012 3151 2108 3208 ad-

459 3238 768 3307 miserunt,
783 3255 892 3296 sua
902 3237 988 3294 eis
1005 3237 1418 3310 propitiatione
1439 3236 1740 3310 indulgeat
1750 3242 1850 3294 eta
1861 3255 2103 3296 suorum

1751 400 1822 510 ιι.
1871 395 2165 512 ιιιιιὲᾸΝἶ
2207 444 2258 508 ιι
2305 439 2554 506 ΡΑριΕ.

2120 577 2174 649 Α
2276 580 2393 652 Ego
2416 578 2608 633 Bonus
2635 577 2832 632 senior
2855 577 3156 649 presbyter
3177 570 3490 659 cardinalis
3507 569 3848 659 subscripsi.

3729 404 3849 498 im

2218 733 2222 737 _
2278 645 2396 739 Ego
2429 667 2619 722 Teuzo
2650 645 2954 738 presbyter
2978 645 3296 721 cardinalis
3328 645 3674 734 subscripsi.
3735 668 3740 672 ‘

2279 756 2394 826 Ego
2426 753 2745 827 Gregorius
2777 753 3060 810 diaconus
3088 740 3404 808 cardinalis
3435 745 3774 822 subscripsi.

2281 843 2396 915 Ego
2418 841 2719 898 Daibertus
2741 841 2989 899 Pisanus
3012 839 3486 914 archiepiscopus
3509 833 3848 912 subscripsi.

2280 932 2398 1003 Ego
2428 929 2776 1003 Rodulphus
2800 930 3160 987 Turonensis
3191 916 3664 1002 archiepiscopus
3707 922 3853 984 sub-

2209 1019 2442 1092 scripsi.
3591 1095 3594 1098 λ
3689 1095 3694 1098 _
3763 1085 3772 1098 ἐ

2282 1107 2446 1181 Hugo
2477 1107 2792 1164 cardinalis
2835 1107 3119 1165 diaconus
3167 1111 3381 1164 sancta:
3431 1095 3704 1164 Romanis
3749 1095 3851 1161 Ec-

2211 1197 2396 1254 clesiae
2427 1197 2772 1270 subscripsi.

2279 1285 2672 1342 Herimannus
2701 1279 3034 1343 cardinalis.

2282 1375 2400 1448 Ego
2431 1373 2736 1448 Philippus
2767 1374 3057 1432 Lunensis
3087 1373 3398 1448 episcOpus
3439 1369 3780 1448 subscripsi.

2285 1465 2400 1537 Ego
2429 1463 2833 1520 Aurasicensis
2863 1450 3174 1538 episcopus
3203 1459 3488 1520 Gilelmus
3514 1459 3858 1536 subscripsi.

2283 1554 2402 1624 Ego
2429 1543 2713 1620 Rogerius
2739 1557 2956 1608 sanctae
2991 1553 3264 1608 Romanae
3287 1538 3553 1609 Ecclesiae
3576 1553 3860 1609 diaconus

2214 1640 2556 1714 subscripsi.
3799 1707 3804 1716 ἱ

2286 1731 2404 1801 Ego
2422 1729 2677 1785 Joannes
2699 1729 3034 1786 Portuensis
3055 1729 3369 1787 cardinalis
3389 1729 3701 1802 episcopus
3721 1724 3861 1786 sub-

2215 1835 2445 1888 80"]1331.

2287 1907 2401 1980 Ego
2439 1905 2773 1963 Willelmus
2817 1906 3152 1964 Ausciensis
3202 1902 3674 1982 archiepiscopus
3723 1923 3864 1965 cum

2215 1985 2361 2052 meis
2393 1997 2801 2068 sull‘raganeis,
2843 1995 3066 2052 scilicet
3114 1997 3274 2052 Dodo
3323 1997 3685 2070 Bigorritano
3735 1991 3863 2070 epi-

2213 2101 2410 2156 scopo,
2429 2085 2634 2139 Sancio
2659 2075 3031 2140 Lascurrensi
3051 2085 3346 2158 episc0po,
3366 2077 3571 2142 Ottone
3585 2073 3868 2142 Olorense

2212 2173 2504 2246 episcopo,
2529 2173 2824 2229 Willelmo
2846 2172 3179 2228 Consorano
3200 2174 3490 2246 episcopo,
3514 2173 3864 2248 subscripsi.

2284 2263 2402 2334 Ego
2436 2260 2740 2317 lmolcnsis
2769 2261 3078 2336 episcopus
3108 2261 3238 2318 Otto
3269 2247 3613 2336 subscripsi.

2284 2351 2402 2424 Ego
2432 2349 2718 2406 Rodulfus
2740 2350 2997 2424 Reginus
3015 2342 3490 2424 archiepiscopus
3513 2338 3868 2428 subscripsi.

2283 2440 2490 2494 Petrus
2510 2439 2767 2494 Venetus
2791 2439 3141 2512 patriarcha,
3165 2440 3372 2496 Petrus
3386 2433 3872 2514 archiepiscopus

2213 2526 2684 2596 Mcdiolanensis,
2715 2525 3050 2585 Gotal’ridus
3071 2519 3382 2601 cpiscopus
3405 2520 3871 2603 MagaIOnensis,

2215 2604 2598 2688 Berengarius
2619 2615 2928 2688 episcopus
2952 2615 3390 2687 Forojuliensis,
3411 2619 3655 2674 Amatus
3676 2611 3874 2676 archi-

2213 2705 2524 2778 episcopus
2540 2705 3009 2778 Burdcgalensis,
3023 2699 3368 2760 Aldebertus
3385 2693 3876 2782 archiepiscopus

2205 2793 2616 2872 .Bituricensis,
2636 2795 2840 2850 Petrus
2857 2791 3331 2867 archiepiscopus
3351 2791 3662 2867 Aquensis,
3688 2787 3875 2855 Falco

2214 2882 2579 2938 Belvacensis
2611 2883 2922 2954 episcopus
2953 2881 3364 2937 interfuerunt.

2285 2960 2602 3027 Tetbaldus
2631 2969 3012 3026 Bercellensis
3057 2965 3237 3027 abbas
3283 2961 3560 3030 laudavit.
3604 2961 3878 3031 ‘Ponciu's

2215 3060 2398 3116 abbas
2427 3060 2582 3116 Cassa
2608 3059 2730 3125 Dei,
2764 3058 3083 3115 Frotardus
3115 3057 3296 3116 abbas
3325 3055 3523 3117 Sancti
3553 3056 3772 3120 Pontii.

2285 3147 2386 3204 Isti
2407 3151 2464 3204 et
2493 3163 2697 3204 omnes
2727 3141 3174 3221 archiepiscbpi,
3213 3147 3470 3222 episcopi
3515 3153 3574 3207 et
3617 3146 3876 3212 abbates

2215 3238 2276 3294 in
2301 3237 2639 3294 Placentina
2666 3237 2886 3308 synodo
2932 3235 3252 3293 residentes
3301 3231 3454 3294 hanc
3495 3235 3877 3300 dimissio'nis

415 3352 421 3362 ε
458 3301 807 3384 delictorum
836 3301 1085 3382 vinculis
1115 3301 1220 3397 per
1244 3329 1581 3398 sanctorum
1608 3301 2010 3398 apostolorum
2045 3331 2102 3385 et
2214 3327 2478 3383 chartam
2508 3301 2792 3402 praecepto
2823 3319 3044 3381 domini
3067 3309 3230 3398 papae
3251 3322 3636 3384 laudaverunt
3653 3333 3712 3384 et
3733 3328 3879 3386 con-

457 3417 646 3473 sancti
677 3415 882 3488 Egidii
907 3415 1118 3470 merita
1147 3418 1203 3470 et
1231 3431 1430 3486 preces
1461 3414 1740 3472 absolvat.
1772 3416 1945 3474 Porro
1980 3422 2102 3474 tam

455 3505 651 3578 ipsum
678 3510 856 3576 quam
873 3503 1000 3574 ejus
1017 3507 1281 3574 posteros
1297 3503 1620 3573 universos,
1641 3506 1690 3561 si
1713 3502 1986 3562 altarium
2009 3507 2106 3564 ob-

454 3593 734 3650 lationem
766 3590 1014 3648 ulterius
1047 3592 1317 3650 invadere
1347 3593 1715 3664 tentaverint,
1745 3594 2104 3652 anathemati

458 3673 810 3753 subjicimus
840 3684 897 3738 et
917 3681 989 3737 ab
1014 3681 1284 3738 universo
1303 3679 1571 3739 Ecclesiae
1595 3683 1887 3740 consortio
1909 3701 2103 3758 segre-

457 3786 689 3844 gamus.
718 3767 1062 3843 Quicunque
1091 3772 1266 3827 etiam
1298 3769 1381 3827 vel
1417 3771 1490 3828 ab
1522 3772 1650 3844 ipso
1679 3771 1890 3830 comite
1911 3773 1999 3830 vel
2030 3773 2103 3830 ab

457 3857 654 3930 aliquo
677 3851 952 3930 'quolibet
979 3859 1052 3914 de
1081 3859 1480 3928 oblationibus
1515 3858 1631 3916 illis
1654 3861 1894 3918 feudum
1927 3868 2101 3930 tenet,

457 3946 639 4019 hujus
667 3947 879 4004 decreti
911 3951 1110 4004 tenore
1139 3947 1372 4020 cognito
1400 3947 1513 4004 nisi
1557 3949 1796 4006 omnino
1837 3946 2103 4008 Ecclesiae

453 4035 796 4106 reddiderit,
817 4035 1008 4093 eidem
1031 4036 1386 4093 anathemati
1415 4037 1734 4108 subjaceat.
1760 4039 1906 4112 Ipsis
1929 4029 2103 4096 etiam

454 4118 764 4184 monachis
791 4123 902 4182 sub
935 4124 1305 4181 anathemate
1336 4125 1742 4184 interdicimus
1768 4144 1838 4184 ne
1858 4127 1977 4185 ullo
2003 4147 2107 4186 un-

457 4231 634 4288 quam
664 4214 928 4286 tempore
955 4212 1241 4270 laicorum
1273 4213 1548 4286 cuiquam
1575 4215 1632 4270 in
1665 4216 1810 4289 ipsis
1831 4216 2103 4274 altarium

427 4303 850 4360 'oblationibus
879 4305 1104 4374 partem
1137 4303 1349 4358 habere
1371 4305 1731 4376 permittant.
1757 4305 2028 4379 Alioquin
2049 4313 2107 4362 et

455 4393 555 4464 qui
587 4391 812 4448 dederit
841 4395 898 4447 et
920 4391 1021 4464 qui
1040 4389 1323 4465 receperit
1345 4393 1701 4451 anathemati
1724 4397 1876 4468 quod
1900 4413 2106 4469 propo-

453 4481 685 4538 suimus
714 4479 1062 4552 subjacebit.

525 4569 671 4626 Data
700 4585 802 4643 per
832 4585 1072 4626 manum
1105 4571 1370 4641 Joannis,
1411 4576 1623 4629 sanctae
1673 4573 1947 4630 Romana:
1995 4573 2100 4630 Ec-

2214 3415 2609 3482 ﬁrmaverunt,
2635 3431 2700 3471 ac
2722 3413 2901 3486 hujus
2930 3413 3294 3472 dimissionis
3325 3415 3600 3490 deinceps
3630 3417 3878 3477 invaso-

2206 3521 2335 3586 rem
2363 3503 2450 3561 vel
2473 3505 2876 3576 subreptorem
2897 3507 3176 3576 perpetuo
3200 3503 3558 3562 anathemati
3583 3497 3879 3566 subdide-

2211 3597 2370 3660 runt,
2400 3596 2455 3650 et
2487 3592 2910 3649 monasterium
2942 3609 3136 3658 omne,
3169 3593 3219 3649 si
3272 3591 3588 3667 aliquando
3637 3595 3878 3655 invasio

2211 3682 2518 3752 accideret,
2551 3683 2624 3737 ab
2649 3681 2810 3738 omni
2837 3679 3031 3737 divino
3062 3681 3254 3738 ofﬁcio
3284 3681 3684 3742 interdicendo
3734 3686 3878 3744 ces-

2211 3789 2340 3830 sare
2362 3773 2692 3843 jusserunt.

2885 3849 3172 3916 cxxvm.

2202 3921 2463 4007 'Urbanus
2521 3949 2586 4022 ιι
2630 3951 2882 4022 pontifex
2945 3951 3322 4022 monasterimt
3385 3951 3456 4006 D.
3519 3949 3742 4022 θεοναί
3811 3947 3882 4010 ὗι

2281 4022 2452 4098 Nigra
2507 4017 2762 4098 Silet—tuin
2780 4017 2966 4098 suam
3009 4017 3397 4098 proiectione”:
3463 4017 3673 4095 recipit
3706 4023 3884 4098 atque

2282 4091 2530 4162 insignes
2558 4094 2614 4148 ei
2633 4091 2908 4149 libertates
2936 4091 3197 4150 concedit.

2827 4199 3014 4278 (Anno
3054 4199 3238 4272 4095.)

2375 4273 2784 4356 [Ξαιίοειέηικη
2817 4273 2985 4344 Α’ῑδαι.
3007 4285 3167 4360 dipl.,
3201 4293 3344 4345 tom.
3379 4289 3423 4356 Ι,
3458 4306 3516 4362 p.
3548 4277 3700 4362 177.]

2282 4393 2559 4451 URBANUS
2589 4394 2918 4468 episcopus,
2951 4411 3154 4452 servus
3173 4387 3473 4454 servorum
3494 4396 3622 4476 Dei,
3645 4384 3882 4476 dilecto

2210 4483 2331 4540 ﬁlio
2375 4485 2670 4540 THOGERIO
2718 4483 2916 4540 abbati
2965 4483 3306 4542 monasterii
3357 4473 3556 4544 Sancti
3603 4473 3884 4562 Georgii,

2211 4573 2366 4646 quod
2400 4571 2581 4628 situm
2609 4576 2698 4628 est
2721 4571 2780 4628 in
2811 4571 2967 4630 Silva
2994 4573 3192 4646 Nigra,
3215 4574 3390 4645 juxta
3418 4574 3636 4632 flumen
3661 4576 3885 4651 Briga-

455 4657 648 4715 clesiaa
675 4657 906 4716 diaconi
953 4659 1288 4730 cardinalis,
1339 4665 1630 4718 Cremonae
1683 4679 1760 4718 xu
1813 4645 2180 4748 Kalendas‘D
2211 4645 2368 4728 nam,
2390 4663 2637 4732 ejusque
2659 4645 3100 4720 successoribus
3121 4663 3465 4736 regulariter
3495 4645 3892 4723 substituen-

455 4745 671 4816 Martii,
703 4747 1022 4806 indictione
1048 4767 1132 4818 ιιι,
1167 4767 1320 4806 anno
1351 4749 1424 4806 ab
1449 4751 1852 4808 Incarnatione
1873 4751 2105 4810 Domini
2132 4745 2166 4748 ν
2216 4751 2306 4807 dis
2337 4750 2396 4806 in
2430 4755 2795 4822 perpetuum.

457 4838 616 4906 1095,
669 4837 1043 4910 pontiﬁcatus
1089 4856 1224 4896 vero
1275 4839 1478 4896 domni
1530 4838 1748 4896 Urbani
1791 4856 1954 4912 papas
2010 4857 2104 4898 se-

495 4925 660 4982 timo.

495 4943 660 4982 timo.

455 4943 492 4998 Ρ
526 5015 637 5087 (32)
667 5013 899 5072 Relecta
926 5031 1062 5071 vero
1091 5020 1148 5072 et
1170 5018 1515 5074 conﬁrmata
1547 5015 1604 5070 ir.
1654 5016 1899 5072 concilio
1948 5019 2102 5090 quod

405 5167 424 5178 _
454 5102 610 5158 idem
639 5121 787 5178 papa
817 5103 1121 5160 Placentiae
1152 5105 1484 5163 celebravit.

529 5185 643 5265 Ego
658 5193 914 5250 Joannes
937 5194 1182 5251 Portuen
1194 5195 1275 5250 sis
1302 5193 1614 5266 episcopus
1635 5195 1946 5251 cardinalis
1969 5197 2103 5252 sub-

455 5299 944 5454 scglglzlitlbertus
977 5371 1294 5429 cardinalis
1325 5370 1676 5445 subscripsi.

523 5457 1002 5534 EgoRichardus
1034 5461 1334 5535 presbyter
1363 5459 1680 5519 cardinalis
1727 5465 1940 5519 sanctae
1989 5463 2098 5522 Ro-

396 5545 412 5554 ’
453 5567 642 5608 manas
670 5549 936 5608 Ecclesiae
968 5556 1025 5607 et
1047 5547 1434 5607 Massiliensis
1464 5549 1646 5608 abbas
1681 5549 2022 5628 subscripsi.

521 5731 634 5818 (32)
663 5729 978 5810 Sequentia
1002 5728 1202 5792 addita
1230 5732 1436 5812 postea
1465 5734 1626 5796 sunt.

2283 4839 2648 4895 Desiderium
2674 4840 2830 4912 quod
2881 4841 2955 4898 ad
3004 4839 3344 4914 religiosum
3387 4833 3764 4915 propositum
3817 4850 3894 4903 et

2212 4927 2543 4983 animarum
2571 4927 2820 4984 salutem
2859 4929 3150 5000 pertinere
3198 4935 3579 5000 monstratur,
3625 4925 3896 4991 auctore

2210 5015 2346 5082 Deo,
2379 5015 2504 5072 sine
2533 5016 2727 5090 aliqua
2755 5021 2846 5072 est
2889 5016 3180 5074 delatione
3229 5017 3666 5093 complendum.
3719 5021 3898 5087 Quia

2210 5104 2390 5176 igitur
2421 5104 2642 5160 nobiles
2671 5104 2774 5160 viri
2829 5105 3020 5162 Herilo
3067 5112 3128 5162 et
3175 5107 3358 5164 Hesso
3407 5107 3468 5164 in
3515 5110 3892 5183 episcopatu

2210 5193 2662 5260 Constantiensi,
2694 5195 2754 5249 in
2787 5211 2936 5268 pago
2966 5195 3204 5252 nomine
3249 5197 3418 5265 Bara,
3473 5197 3530 5253 in
3576 5197 3896 5258 comitatu

2207 5283 2501 5352 Ascheim,
2519 5283 2578 5338 in
2599 5283 2746 5339 silva
2761 5301 2940 5357 quam
2959 5284 3163 5342 dicunt
3178 5285 3441 5358 Nigram,
3457 5285 3627 5358 juxta
3639 5285 3895 5345 ﬂumen

2207 5372 2540 5446 Briganam,
2569 5373 2628 5428 in
2655 5372 2874 5430 honore
2903 5373 3090 5430 sancti
3129 5373 3362 5448 Georgii
3407 5375 3689 5448 martyris
3727 5391 3900 5440 mo-

2207 5461 2531 5517 nasterium
2558 5460 3009 5530 aediﬁcaverunt,
3059 5466 3118 5520 et
3164 5463 3334 5546 beato
3379 5463 3548 5521 Petro
3591 5458 3901 5546 'a'poStolo

2155 5629 2160 5636 ἱ
2204 5549 2264 5609 id
2295 5550 2491 5627 ipsum
2529 5567 2663 5608 cum
2697 5551 2986 5611 universis
3007 5567 3135 5628 quas
3167 5543 3286 5610 illic
3322 5547 3658 5613 obtulerant
3696 5543 3907 5612 ridere-
