3950 6360
149 358 265 449 φι

1323 368 1731 471 spissam
1754 371 1873 479 “Er
1898 370 2385 459 gemmam.

3432 381 3552 481 .49?

142 501 458 599 faverunt,
477 514 586 560 nos
611 499 938 599 secundum
969 518 1171 564 eorum
1202 503 1565 589 devotionem
1597 504 1799 579 przsfa-
1829 505 1885 597 ᾼ
1913 521 2040 563 cem
2070 508 2312 582 praemia
2340 512 2566 569 aeternae
2595 508 3088 586 paeisinveniant,
3118 511 3322 588 Amen,
3357 490 3552 590 amen,

150 591 279 669 tum
309 587 507 663 locum
538 590 649 659 sub
679 592 1008 675 apostolicae
1050 595 1208 652 sedis
1233 587 1423 652 tutela
1473 593 1801 669 specialiter
1832 587 1852 621 λ’
1911 612 2104 653 amen.
2980 602 2983 605 ’

149 678 579 765 confovendum
607 682 983 763 suscipimus.
1004 684 1111 740 Per
1142 683 1447 758 praesentis
1475 684 1655 758 igitur
1685 684 1799 757 pri-

147 765 344 842 vilegii
382 769 662 845 paginam
710 773 1029 846 apostolica
1084 774 1426 831 auctoritate
1482 773 1798 829 statuimus

148 860 211 911 ut
234 874 603 935 quaecunque
628 861 843 933 praedia
872 861 991 917 sive
1020 863 1420 936 possessiones
1449 861 1669 936 praefati
1692 861 1798 917 viri

146 946 233 1035 vel
265 945 651 1035 alii‘quilibet
704 966 773 1006 ex
821 968 926 1007 suo
976 952 1111 1024 jure
1143 952 1477 1035 supradicto
1532 951 1796 1008 coenobio

148 1034 507 1123 obtulerunt,
548 1054 957 1117 quemcunque
1004 1040 1064 1095 in
1108 1034 1374 1097 futurum
1423 1040 1797 1097 concessione

137 1125 517 1204 pontificum,
546 1125 895 1186 liberalitate
953 1127 1305 1204 principum,
1354 1146 1459 1187 seu
1506 1130 1796 1186 oblatione

150 1196 585 1295 tideliumjuste
613 1221 785 1290 atque
801 1196 1076 1276 canonice
1108 1196 1318 1292 poterit
1332 1219 1597 1292 adipisci,
1631 1219 1798 1276 ﬁrma

147 1305 250 1361 tibi
285 1305 525 1378 tuisque
554 1306 991 1387 successoribus
1028 1312 1085 1364 et
1113 1306 1338 1364 illibata
1392 1310 1792 1381 permaneant.

148 1394 305 1451 Nulli
365 1386 667 1468 praeterea
700 1386 1097 1465 sacerdotum,
1177 1413 1380 1469 regum
1438 1396 1527 1453 vel
1579 1397 1794 1452 ducum

147 1488 245 1539 aut
272 1484 582 1567 comitum,
612 1500 716 1540 seu
739 1484 1133 1557 quarumlibet
1148 1501 1529 1559 personarum
1554 1483 1794 1541 liceatin

147 1588 210 1629 eo
237 1564 368 1629 loco
398 1571 626 1645 aliquas
657 1571 771 1629 sibi
817 1573 1190 1647 proprietatis
1238 1564 1621 1642 conditiones,
1674 1591 1789 1630 non

144 1660 700 1733 hmreditariijuris,
739 1678 856 1718 non
914 1663 1246 1741 advocatizs,
1308 1681 1422 1719 non
1481 1662 1796 1735 cujuslibet

146 1749 451 1824 potestatis
482 1751 948 1824 usurpationem,
982 1769 1108 1824 qua
1152 1751 1406 1809 libertati
1455 1752 1794 1809 monasterii

145 1842 369 1908 noceat,
413 1839 730 1909 vindicare,
788 1842 1144 1897 Advocatum
1203 1840 1316 1898 sibi
1374 1841 1788 1913 constituendi,

145 1944 318 2002 quem
346 1927 660 1995 voluerint,
693 1928 876 1984 abbas
906 1944 1041 1984 cum
1068 1929 1193 1985 suis
1223 1928 1503 1985 fratribus
1549 1929 1817 1986 liberam'

144 2017 398 2077 habeant
428 2020 798 2090 potestatem.
816 2018 886 2073 Et
901 2017 950 2073 si
975 2018 1025 2073 is
1042 2019 1417 2090 postmodum
1436 2018 1794 2074 monasterio

145 2104 372 2165 inutilis
400 2107 595 2174 fuerit,
623 2112 845 2164 remoto
858 2124 925 2164 eo
938 2107 1119 2164 alium
1133 2109 1509 2165 constituant.
1531 2107 1795 2165 Obeunte

147 2201 200 2253 te
228 2213 390 2255 nunc
419 2197 549 2269 ejus
571 2196 684 2253 loci
714 2196 923 2254 abbate
952 2197 1041 2253 vel
1084 2200 1319 2254 tuorum
1367 2196 1629 2270 quolibet
1658 2214 1795 2253 suc-

147 2302 471 2351 cessorum,
508 2284 710 2341 nullus
741 2285 821 2342 ibi
850 2285 1111 2357 qualibet
1139 2286 1533 2358 subreptionis
1580 2286 1797 2342 astutia

147 2373 230 2431 vel
259 2373 543 2431 violentia
572 2377 964 2447 praeponatur,
997 2373 1110 2430 nisi
1159 2390 1334 2447 quem
1388 2375 1598 2431 fratres
1628 2390 1792 2431 eom-

148 2464 313 2520 muni
343 2479 638 2519 consensu
668 2462 757 2518 vel
790 2463 1039 2519 fratrum
1091 2479 1226 2535 pars
1255 2463 1497 2521 consilii.
1543 2463 1794 2519 sanioris

145 2550 474 2609 secundum
506 2552 606 2608 Dei
636 2552 909 2609 timorem
942 2555 999 2608 et
1027 2552 1290 2626 regulam
1318 2553 1470 2608 beati
1502 2551 1793 2608 Benedicti

145 2640 444 2715 elegerint.
480 2639 553 2697 Ut
580 2644 776 2697 autem
823 2639 1031 2697 fratres
1059 2641 1120 2696 in
1163 2641 1365 2696 eodem
1394 2640 1521 2696 loco
1570 2639 1793 2696 collecti

144 2729 571 2802 omnipotentis
586 2728 966 2785 Dei'servitiis
987 2727 1465 2784 liberiusvaleant
1493 2727 1790 2796 insudare,

143 2817 516 2876 decernimus
545 2821 611 2874 ut
639 2816 784 2873 nulli
817 2817 1055 2874 omnino
1087 2817 1392 2873 hominum
1426 2816 1596 2874 liceat
1636 2817 1793 2873 idem

144 2904 479 2966 coenobium
507 2910 725 2963 temere
756 2906 1097 2979 perturbare
1151 2909 1254 2962 aut
1283 2906 1553 2979 subditas
1577 2905 1629 2961 ei
1658 2922 1792 2978 pos-

144 2997 442 3054 sessiones
474 2993 722 3062 a'uferre,
752 2995 1019 3052 minuere
1045 2994 1134 3051 vel
1171 2994 1499 3051 temerariis
1540 2995 1790 3052 vexatio-

143 3085 318 3142 nibus
349 3084 612 3158 fatigare,
663 3085 764 3140 sed
818 3084 1019 3140 omnia
1072 3083 1301 3156 integra
1356 3087 1793 3150 conserventur,

143 3178 348 3232 eurum
377 3190 486 3248 pro
509 3189 768 3246 quorum
800 3172 1225 3231 sustentatione
1276 3189 1342 3228 ac
1371 3171 1794 3245 gubernatione

1982 684 2197 742 Datum
2228 686 2532 744 Placentiae
2588 706 2693 763 per
2742 708 2986 748 manum
3041 691 3286 771 Joannis
3340 698 3553 752 sanctas

1908 772 2181 847 Romanis
2202 775 2470 833 Ecclesiae
2500 778 2728 834 diaconi
2757 780 3091 848 cardinalis,
3122 799 3221 838 vm
3251 783 3386 839 Idus
3402 785 3552 841 Μαι-ο

1905 862 1995 930 tii,
2026 862 2228 920 indict.
2262 883 2344 933 In,
2371 883 2522 923 anno
2550 867 2862 924 Dominicis
2896 873 3183 927 Incarnat.
3226 871 3368 928 1095
3414 873 3551 947 (33),

1882 952 2284 1043 pontiﬁcatus
2315 959 2510 1011 autem
2565 957 2767 1013 domni
2824 957 3040 1015 Urbani
3096 960 3340 1043 secundi
3389 978 3551 1036 papa

1902 1040 2176 1112 Septimo.

1903 1222 2288 1297 Monasterium
2366 1226 2752 1297 Hirsaugiense
2815 1226 3089 1297 Spirensis
3157 1228 3404 1285 (1112906323
3458 1229 3553 1284 sub

1970 1296 2300 1374 pratentibus
2364 1296 2524 1374 ,ςειιτζςΔ
2569 1296 2875 1368 apostolicé
2950 1300 3233 1370 recipitur,
3310 1301 3556 1374 bamque

1973 1367 2159 1420 omnia
2185 1365 2363 1421 eidem
2387 1365 2825 1437 conﬁrniantur.‘

2522 1473 2709 1544 (Anno
2742 1473 2925 1545 1095.)

2128 1560 2565 1632 [Comm-mnes,
2596 1561 2811 1649 Butler.
2843 1563 3074 1632 collect.,
3106 1563 3179 1633 II,
3210 1564 3326 1637 80.]

1974 1665 2252 1722 Unsmus
2284 1667 2612 1740 episcopus,
2646 1685 2848 1724 servus
2864 1685 3164 1725 servorum
3198 1669 3317 1739 Dei,
3340 1669 3550 1728 dilecto

1904 1753 2022 1810 ﬁlio
2053 1754 2415 1824 Gsesmnoo,
2460 1755 2800 1813 monasterii
2848 1755 3280 1831 Hirsaugiensis
3324 1748 3548 1829 abbati,

1903 1843 2149 1915 ejusque
2180 1844 2618 1902 successoribus
2649 1845 2992 1925 regulariter
3021 1846 3467 1925 substituendis,
3489 1849 3551 1905 in

1903 1936 2275 2006 perpetuum.
2798 1922 2803 1931 ’
3020 1938 3025 1943 ’
3280 1942 3283 1943 ⁷

1975 2021 2121 2077 Cum
2149 2022 2439 2079 universis
2465 2026 2677 2079 sancta
2706 2022 2975 2079 Ecclesiae
3003 2022 3142 2080 ﬁliis
3172 2039 3275 2096 pro
3322 2028 3552 2097 aposto-

1904 2109 2027 2165 licae
2087 2111 2243 2167 sedis
2302 2111 2646 2169 auctoritate
2701 2128 2769 2168 ac
2822 2111 3225 2169 benevolentia
3262 2112 3554 2170 debitores

1903 2199 2244 2269 existamus,
2279 2199 2396 2256 illis
2427 2204 2644 2271 tamen,
2676 2199 2820 2256 locis
2853 2217 2920 2257 ac
2948 2200 3236 2277 personis,
3272 2186 3401 2274 quea
3422 2219 3553 2276 spe-

1904 2287 2109 2359 cialius
2141 2292 2199 2344 et
2227 2287 2880 2363 familiariusBoma'nea
2933 2289 3235 2347 adhaerent
3261 2290 3553 2359 Ecclesia,

1906 2393 2148 2449 quaeque
2180 2376 2450 2450 ampliori
2508 2375 2808 2451 religionis
2867 2377 3056 2450 gratia
3111 2368 3389 2447 eminent,
3419 2396 3553 2454 pro-

1906 2463 2160 2536 pensiori
2191 2482 2297 2521 nos
2327 2466 2600 2521 convenit
2645 2465 2949 2521 eharitatis
2991 2467 3185 2522 studio
3218 2456 3547 2523 imminere.

1901 2551 2064 2609 Unde
2117 2570 2244 2620 nos,
2295 2553 2459 2609 bona;
2517 2554 2813 2608 memoriis
2864 2538 3309 2628 praedecessoris
3367 2555 3552 2611 nostri

1903 2639 2163 2714 Gregorii
2196 2642 2443 2697 formam
2477 2644 2813 2713 sequentes,
2843 2643 3046 2698 eadem
3075 2642 3182 2699 tibi
3211 2643 3448 2715 tuisque
3466 2642 3550 2699 ie-

1903 2728 2125 2803 gitimis
2149 2731 2524 2786 concedimus
2551 2728 3145 2802 successoribus,qua3
3172 2729 3298 2802 ipse
3327 2730 3549 2803 praede-

1870 2828 1871 2831 ‘
1900 2818 2118 2891 cessori
2149 2821 2249 2874 tuo
2280 2816 2577 2873 Willelmo
2607 2820 2664 2872 et
2691 2818 2956 2889 ejusdem
2980 2818 3334 2875 monasterio
3365 2819 3550 2890 preci-

1869 2907 2013 2964 ‘bus
2050 2906 2345 2962 Adalberti
2394 2905 2646 2974 comitis,
2706 2906 2997 2962 concessit
3037 2910 3095 2963 et
3145 2907 3549 2979 conﬁrmavit;

1902 2996 2003 3068 qui
2034 2998 2258 3051 aeterna:
2289 2994 2693 3051 retributionis
2707 3010 2906 3051 amore
2928 2994 3319 3051 succensusin
3332 2995 3550 3068 praedio

1902 3101 2010 3140 suo
2040 3084 2194 3156 quod
2226 3084 2440 3140 dicitur
2468 3083 2799 3157 Hirsaugia,
2845 3084 3266 3140 monasterium
3297 3070 3333 3139 a
3360 3099 3561 3158 proge-

1902 3172 2194 3229 nitoribus
2225 3162 2349 3229 suis
2372 3172 2637 3244 antiquis
2658 3176 3089 3240 constructum,
3121 3158 3308 3253 nuper
3338 3172 3560 3231 amissa

144 3240 431 3321 concessa
460 3266 600 3318 sunt
627 3261 837 3318 usibus
882 3261 1237 3318 omnimodis
1292 3260 1618 3333 profutura.
1674 3259 1792 3315 Vos
1822 3240 1865 3306 ί]
1906 3260 2221 3318 reStituens
2252 3264 2495 3316 venuste
2528 3260 2836 3331 reparavit,
2872 3264 2931 3315 et
2990 3260 3050 3315 in
3104 3248 3253 3317 usus
3309 3261 3559 3318 fratrum

142 3368 299 3422 vero,
332 3350 441 3407 ﬁlii
464 3351 523 3406 in
551 3349 783 3406 ChriSto
831 3349 1185 3416 charissimi,
1230 3352 1457 3421 oportet
1509 3347 1793 3421 regularis

145 3428 468 3513 disciplinae
499 3437 1599 3511 institutionibusdiligenterinsistere,
1632 3441 1691 3493 et
1713 3441 1796 3492 to-

143 3530 261 3585 tius
291 3528 502 3584 animis
531 3543 596 3582 ac
627 3527 842 3583 mentis
869 3527 1187 3582 virtutibus
1237 3525 1532 3592 anhelare,
1581 3528 1645 3579 ut
1694 3542 1795 3595 per

142 3621 366 3673 arctam
389 3616 545 3672 viam
577 3614 909 3689 gradientes
940 3613 1323 3688 omnipotenti
1358 3618 1469 3669 Deo
1502 3612 1796 3685 placereet

142 3706 215 3763 ad
252 3720 570 3777 supernam
600 3703 1021 3759 beatitudinem
1068 3703 1366 3777 pervenire
1415 3700 1675 3757 valeatis.
1706 3701 1791 3757 Ad

140 3793 427 3849 indicium
460 3796 653 3847 autem
686 3794 967 3865 perceptae
998 3791 1178 3863 hujus
1197 3791 1510 3846 aRomana
1539 3788 1795 3845 Ecclesia

102 3938 105 3941 ,
136 3881 426 3938 libertatis
457 3897 560 3954 per
589 3896 776 3937 annos
806 3880 1072 3953 singulos
1085 3895 1326 3936 aureum
1349 3877 1673 3934 Bizantium
1693 3878 1795 3934 La-

135 3954 433 4026 teranensi
465 3968 683 4042 palatio
716 3960 1073 4043 persolvetis.
1106 3964 1255 4023 Sane
1274 3970 1319 4025 si
1345 3967 1479 4039 quis
1508 3967 1565 4021 in
1587 3966 1793 4023 crasti-

138 4076 281 4116 num
311 4057 787 4132 archiepiscopus
817 4062 921 4114 aut
960 4056 1292 4131 episcopus,
1339 4056 1660 4127 imperator
1687 4059 1793 4110 aut

142 4164 261 4214 rex,
294 4147 412 4203 dux
441 4151 542 4203 aut
574 4138 857 4211 marchio,
916 4162 1111 4203 comes
1142 4151 1245 4200 aut
1294 4144 1638 4211 vicecomes,
1694 4147 1798 4200 aut

139 4253 394 4311 persona
424 4235 698 4309 quaelibet
726 4235 1119 4293 ecclesiastica
1145 4233 1232 4290 vel
1266 4232 1563 4291 saecularis
1615 4233 1793 4305 hujus

145 4330 357 4383 nostra:
388 4320 825 4381 constitutionis
873 4325 1146 4397 paginam
1196 4322 1387 4379 sciens
1438 4326 1639 4378 contra
1666 4338 1794 4378 eam

141 4402 363 4471 temere
385 4413 580 4469 venire
611 4411 939 4482 tentaverit,
974 4413 1228 4469 secundo
1256 4410 1494 4468 tertiove
1535 4427 1794 4468 commo-

142 4503 324 4572 nitus,
358 4501 409 4559 si
464 4517 580 4558 non
619 4500 1018 4585 satisfactione
1071 4516 1332 4573 congrua
1378 4499 1791 4568 emendaverit,

1902 3348 2046 3404 inibi
2068 3350 2186 3405 Deo
2218 3348 2597 3404 servientium
2650 3347 2923 3420 pluribus
2968 3338 3463 3420 possessionibus,
3496 3353 3555 3406 et

1902 3436 2229 3494 redditibus
2254 3436 2573 3509 ampliavit.
2595 3437 2780 3501 Quam
2808 3453 2926 3493 sua:
2945 3433 3558 3494 liberalitatisinstitu—

1900 3527 2120 3582 tionem
2153 3542 2224 3581 ne
2254 3525 2375 3581 ulla
2403 3524 2461 3579 in
2493 3527 2792 3596 posterum
2810 3536 3223 3596 perversorum‘
3244 3526 3553 3583 hominum

1903 3614 2147 3670 audacia
2177 3612 2439 3669 minuere
2470 3616 2573 3668 aut
2600 3600 2812 3667 violare
2859 3617 3177 3684 praesumat
3223 3612 3553 3686 apostolicae

1902 3700 2264 3758 auctoritatis
2296 3700 2597 3773 privilegio
2629 3700 2871 3769 muniri,
2904 3704 2962 3755 et
2991 3705 3205 3755 sanctae
3254 3701 3554 3773 Romanae,

1902 3790 2169 3846 Ecclesia
2201 3789 2444 3846 tuitione
2474 3789 2734 3844 roborari
2766 3788 3102 3861 postulavit.
3136 3789 3552 3862 Quamobrem,

1902 3880 2208 3954 praefatum
2240 3876 2662 3934 monasterium
2694 3877 2805 3933 sub
2834 3876 3165 3950 apostolica
3212 3878 3370 3934 sedis
3418 3895 3552 3951 pro-

1900 3968 2148 4025 tectione
2178 3984 2243 4022 ac
2273 3966 2457 4022 tutela
2486 3965 2815 4039 specialiter
2828 3964 3271 4038 'amplectentes,
3298 3982 3555 4038 prazsen-

1902 4056 1979 4113 tis
2013 4054 2294 4129 privilegii
2327 4055 2540 4128 pagina
2566 4053 2906 4123 statuimus,
2938 4059 3005 4110 ut
3036 4066 3164 4127 quas
3194 4054 3367 4111 hodie
3397 4055 3554 4112 idem

1905 4145 2237 4202 coenobium
2260 4145 2425 4216 juste
2460 4143 2739 4216 possidet,
2773 4142 2891 4199 sive
2921 4142 2980 4198 in
3007 4132 3276 4199 futurum
3318 4159 3556 4200 conces-

1905 4237 2069 4292 sione
2085 4232 2734 4307 pontiflcum,libertate
2765 4232 3120 4306 principum,
3141 4231 3231 4289 vel
3261 4230 3556 4289 oblatione

1905 4323 2189 4389 ﬁdelium,
2216 4325 2377 4395 juste
2409 4325 2463 4377 et
2495 4321 2770 4377 canonice
2817 4321 3029 4394 poterit
3079 4308 3344 4394 adipisci,
3389 4321 3560 4378 firma

1904 4414 2032 4483 tibi,
2065 4413 2301 4483 tuisque
2333 4412 2795 4479 successoribus,
2816 4415 2873 4466 et
2901 4409 3127 4467 illibata
3157 4415 3556 4483 permaneant.

1906 4504 1969 4558 In
2001 4500 2220 4572 quibus
2252 4500 2373 4554 haec
2416 4499 2761 4557 nominatim
2815 4499 3182 4572 designanda
3236 4499 3552 4556 duximus:

141 4589 448 4665 potestatis
477 4589 832 4662 honorisque
862 4589 952 4646 sui
970 4588 1253 4662 dignitate
1266 4593 1479 4655 careat,
1512 4604 1795 4661 reumque
1825 4604 1873 4667 ι)
1901 4588 2141 4646 cellulas
2169 4591 2226 4642 S.
2272 4586 2523 4659 Georgii,
2579 4604 2708 4658 quae
2761 4586 2976 4643 dicitur
3022 4588 3374 4655 Richenbae,
3407 4592 3466 4644 et
3496 4590 3557 4646 S.

143 4676 432 4751 sedivino
453 4678 680 4752 judicio
710 4678 953 4736 existere
992 4678 1063 4734 de
1106 4680 1433 4751 perpetrata
1487 4676 1793 4749 iniquitate

140 4754 682 4842 cognoscat,‘atque
707 4784 742 4823 a
775 4766 1173 4823 sacratissimo
1204 4782 1440 4838 corpore
1472 4766 1572 4822 Dei
1605 4782 1669 4822 ac
1695 4767 1796 4822 Do-

141 4858 286 4915 mini
320 4856 727 4930 Redemptoris
757 4855 941 4913 nostri
967 4856 1107 4913 Jesu
1138 4855 1353 4911 Christi
1387 4854 1616 4911 alienus
1666 4855 1788 4923 fiat,

140 4952 198 5004 et
227 4946 289 5003 in
320 4950 577 5003 extremo
605 4946 871 5003 examine
902 4946 1178 5003 districtis
1224 4944 1431 5000 ultioni
1464 4946 1786 5016 subjaceat.

145 5026 383 5093 Cunctis
414 5038 609 5092 autem
641 5033 830 5091 eidem
862 5034 987 5092 loco
1010 5036 1177 5107 juste
1206 5033 1573 5090 servantibus
1596 5033 1672 5089 sit
1685 5051 1795 5107 pax

148 5116 380 5183 Domini
411 5123 593 5181 nostri
606 5123 993 5205 JesuOChristi,
1027 5129 1319 5198 quatenus
1350 5123 1515 5179 ethic
1538 5123 1794 5179 fructum

124 5215 311 5291 bonis
340 5212 586 5270 actionis
616 5212 939 5288 percipiant
969 5218 1028 5270 et
1058 5214 1214 5287 apud
1260 5212 1591 5269 districtum
1633 5211 1797 5284 judi-

224 5374 339 5449 (33)
361 5372 572 5430 Errant
600 5375 703 5446 qui
744 5373 1071 5458 Eugenium
1125 5373 1204 5456 Ν
1229 5372 1492 5455 omnium
1541 5374 1799 5498 primum

224 5462 327 5498 iam
358 5447 784 5498 Incarnationis
832 5465 890 5498 ιιι
942 5445 1242 5498 rescriptis
1288 5461 1413 5498 suis
1463 5444 1533 5498 ad
1580 5444 1799 5498 ibuisse

156 5444 328 5519 eram
358 5444 784 5519 Incarnationis
832 5444 891 5503 in
942 5445 1242 5519 rescriptis
1288 5444 1432 5519 suis
1463 5444 1802 5519 adhibuisse

156 5516 671 5601 sibipersuadent,
704 5522 876 5601 atque
907 5519 1051 5601 adeo
1081 5513 1298 5601 omnes;
1318 5513 1508 5601 bullas
1532 5518 1667 5601 ante
1688 5516 1801 5601 Eu-

157 5586 701 5663 geniumiviannis
733 5586 1155 5663 Incarnationis
1204 5592 1454 5663 notatas
1482 5586 1801 5663 interpola-

156 5659 332 5717 tionis
384 5661 637 5718 reddunt
688 5667 1010 5735 suspectas.
1072 5660 1381 5717 Pontiﬁces
1430 5659 1558 5731 jam
1604 5675 1639 5715 a
1670 5659 1805 5715 Leo-

1904 4676 2159 4745 Martini,
2184 4692 2310 4748 qute
2325 4674 2539 4729 dicitur
2554 4674 2971 4746 Vischbahajo,
3003 4679 3060 4731 et
3089 4676 3375 4747 praedium
3398 4677 3555 4746 quod

1903 4767 2115 4823 dicitur
2145 4762 2410 4829 Gilstein,
2443 4762 2600 4834 quod
2632 4763 2835 4817 datum
2863 4768 2954 4819 est
2983 4779 3085 4835 pro
3118 4762 3263 4819 cella
3291 4768 3347 4819 S.
3381 4763 3553 4834 Petri;

1902 4855 2340 4919 constituentes,
2375 4868 2447 4906 ne
2474 4849 2557 4906 vel
2584 4854 2669 4917 tu,
2704 4849 2787 4905 (ili
2819 4850 3168 4908 charissima
3197 4851 3555 4922 Gebeharde,

1901 4946 1988 5002 vel
2022 4943 2264 5017 quilibet
2294 4946 2529 4996 tuorum
2563 4955 2994 5008 successorum,
3022 4940 3294 5013 prmfatas
3315 4940 3558 4999 cellulas

1903 5035 2225 5098 destruere,
2258 5029 2345 5085 vel
2372 5046 2461 5095 ea,
2493 5044 2620 5101 quae
2650 5027 2768 5085 illis
2798 5044 3078 5085 concessa
3107 5034 3247 5087 sunt
3275 5048 3379 5088 seu
3416 5048 3554 5088 con-

1905 5124 2203 5190 cedentur,
2235 5126 2452 5176 temere
2478 5116 2847 5192 przssumatis
2874 5117 3243 5175 imminuere.
3280 5120 3561 5177 Praeterea

1907 5211 2298 5277 decernimus,
2332 5213 2397 5264 ut
2425 5206 2570 5264 nulli
2600 5207 2838 5264 omnino
2868 5206 3176 5264 hominum
3207 5208 3381 5266 liceat
3403 5209 3561 5267 idem

1909 5372 2002 5429 nis
2031 5372 2103 5428 IX
2128 5374 2293 5427 atate
2321 5386 2437 5441 tera
2456 5367 2877 5441 Incarnationis
2898 5365 3166 5441 subinde”
3181 5366 3274 5424 usi
3300 5368 3559 5441 fuerunt,

1910 5449 2002 5501 ast
2029 5444 2139 5501 sub
2170 5440 2424 5515 Eugenio
2457 5440 2530 5497 IV
2553 5440 2797 5515 ejusque
2827 5439 3268 5515 successoribus
3299 5457 3445 5515 usus
3463 5439 3563 5502 ille

1911 5520 2189 5572 constans
2236 5512 2366 5570 esse
2416 5512 2613 5587 cepit.
2674 5512 3020 5584 (MABILLON.
3058 5512 3152 5587 De
3207 5527 3268 5566 re
3297 5512 3560 5587 Diplom.,

1912 5587 2010 5644 lib.
2077 5604 2136 5650 ιι,
2196 5601 2323 5657 cap.
2377 5585 2468 5651 25;
2522 5585 2657 5639 PAGI
2732 5588 2865 5643 Vitae
2907 5586 3232 5657 pontiﬁcum
3283 5587 3427 5641 tom.
3489 5585 3559 5658 II,

1913 5676 2047 5734 pas-
2080 5658 2233 5727 356-)
