  <div class='ocr_page' id='page_1' title='image "/cluster/home/n/w/nwhite01/storage/ocr_20150623/151/umn.31951002477444s/266.png"; bbox 0 0 3950 6382; ppageno 0'>
   <div class='ocr_carea' id='block_1_1' title="bbox 1338 431 2399 523">
    <p class='ocr_par' dir='ltr' id='par_1_1' title="bbox 1338 431 2399 523">
     <span class='ocr_line' id='line_1_1' title="bbox 1338 431 2399 523; baseline -0.007 -22"><span class='ocrx_word' id='word_1_1' title='bbox 1338 433 1746 523; x_wconf 65' lang='lat' dir='ltr'>emerem</span> <span class='ocrx_word' id='word_1_2' title='bbox 1785 433 1886 499; x_wconf 86' lang='lat' dir='ltr'>ET</span> <span class='ocrx_word' id='word_1_3' title='bbox 1927 431 2399 500; x_wconf 71' lang='lat' dir='ltr'>parmasu.</span> 
     </span>
    </p>
   </div>
   <div class='ocr_carea' id='block_1_2' title="bbox 3449 427 3569 494">
    <p class='ocr_par' dir='ltr' id='par_1_2' title="bbox 3449 427 3569 494">
     <span class='ocr_line' id='line_1_2' title="bbox 3449 427 3569 494; baseline 0.008 -2"><span class='ocrx_word' id='word_1_4' title='bbox 3449 427 3569 494; x_wconf 69' lang='grc'>406</span> 
     </span>
    </p>
   </div>
   <div class='ocr_carea' id='block_1_3' title="bbox 165 569 3570 650">
    <p class='ocr_par' dir='ltr' id='par_1_3' title="bbox 165 569 3570 650">
     <span class='ocr_line' id='line_1_3' title="bbox 165 569 3570 650; baseline 0.001 -21"><span class='ocrx_word' id='word_1_5' title='bbox 165 630 177 639; x_wconf 76' lang='grc'>,</span> <span class='ocrx_word' id='word_1_6' title='bbox 233 569 602 630; x_wconf 89' lang='lat' dir='ltr'>Desiderium</span> <span class='ocrx_word' id='word_1_7' title='bbox 616 570 770 646; x_wconf 87' lang='lat' dir='ltr'>quod</span> <span class='ocrx_word' id='word_1_8' title='bbox 784 571 854 629; x_wconf 93' lang='lat' dir='ltr'>ad</span> <span class='ocrx_word' id='word_1_9' title='bbox 868 569 1204 647; x_wconf 85' lang='lat' dir='ltr'>religiosum</span> <span class='ocrx_word' id='word_1_10' title='bbox 1222 572 1585 646; x_wconf 86' lang='lat' dir='ltr'>propositum</span> <span class='ocrx_word' id='word_1_11' title='bbox 1608 577 1666 630; x_wconf 90' lang='lat' dir='ltr'>et</span> <span class='ocrx_word' id='word_1_12' title='bbox 1684 571 1812 629; x_wconf 88' lang='lat' dir='ltr'>ani-</span> <span class='ocrx_word' id='word_1_13' title='bbox 1841 571 1896 639; x_wconf 84' lang='grc' dir='ltr'><strong>Α</strong></span> <span class='ocrx_word' id='word_1_14' title='bbox 1925 574 2124 632; x_wconf 87' lang='lat' dir='ltr'>indict.</span> <span class='ocrx_word' id='word_1_15' title='bbox 2159 593 2242 645; x_wconf 81' lang='lat' dir='ltr'>III,</span> <span class='ocrx_word' id='word_1_16' title='bbox 2276 591 2428 632; x_wconf 87' lang='lat' dir='ltr'>anno</span> <span class='ocrx_word' id='word_1_17' title='bbox 2460 571 2770 632; x_wconf 87' lang='lat' dir='ltr'>Dominica</span> <span class='ocrx_word' id='word_1_18' title='bbox 2810 574 3096 632; x_wconf 88' lang='lat' dir='ltr'>Incarnat.</span> <span class='ocrx_word' id='word_1_19' title='bbox 3151 573 3308 646; x_wconf 75' lang='grc'>1094,</span> <span class='ocrx_word' id='word_1_20' title='bbox 3340 576 3570 650; x_wconf 76' lang='lat' dir='ltr'>pontifi‘</span> 
     </span>
    </p>
   </div>
   <div class='ocr_carea' id='block_1_4' title="bbox 163 661 1816 735">
    <p class='ocr_par' dir='ltr' id='par_1_4' title="bbox 163 661 1816 735">
     <span class='ocr_line' id='line_1_4' title="bbox 163 661 1816 735; baseline -0.001 -15"><span class='ocrx_word' id='word_1_21' title='bbox 163 678 397 720; x_wconf 87' lang='lat' dir='ltr'>marum</span> <span class='ocrx_word' id='word_1_22' title='bbox 428 661 680 718; x_wconf 80' lang='lat' dir='ltr'>salutem</span> <span class='ocrx_word' id='word_1_23' title='bbox 709 662 1000 735; x_wconf 81' lang='lat' dir='ltr'>pertinere</span> <span class='ocrx_word' id='word_1_24' title='bbox 1046 668 1425 732; x_wconf 81' lang='lat' dir='ltr'>monstratur,</span> <span class='ocrx_word' id='word_1_25' title='bbox 1459 667 1660 719; x_wconf 81' lang='lat' dir='ltr'>auctor</span> <span class='ocrx_word' id='word_1_26' title='bbox 1699 663 1816 718; x_wconf 91' lang='lat' dir='ltr'>Deo</span> 
     </span>
    </p>
   </div>
   <div class='ocr_carea' id='block_1_5' title="bbox 160 751 1815 824">
    <p class='ocr_par' dir='ltr' id='par_1_5' title="bbox 160 751 1815 824">
     <span class='ocr_line' id='line_1_5' title="bbox 160 751 1815 824; baseline 0 -16"><span class='ocrx_word' id='word_1_27' title='bbox 160 753 289 808; x_wconf 83' lang='lat' dir='ltr'>sine</span> <span class='ocrx_word' id='word_1_28' title='bbox 339 751 540 824; x_wconf 89' lang='lat' dir='ltr'>aliqua</span> <span class='ocrx_word' id='word_1_29' title='bbox 588 756 678 807; x_wconf 91' lang='lat' dir='ltr'>est</span> <span class='ocrx_word' id='word_1_30' title='bbox 728 751 1006 807; x_wconf 83' lang='lat' dir='ltr'>dilatione</span> <span class='ocrx_word' id='word_1_31' title='bbox 1039 751 1473 824; x_wconf 84' lang='lat' dir='ltr'>complendum.</span> <span class='ocrx_word' id='word_1_32' title='bbox 1509 753 1652 819; x_wconf 85' lang='lat' dir='ltr'>Quia</span> <span class='ocrx_word' id='word_1_33' title='bbox 1684 770 1815 823; x_wconf 76' lang='lat' dir='ltr'>ergo</span> 
     </span>
    </p>
   </div>
   <div class='ocr_carea' id='block_1_6' title="bbox 159 839 1817 915">
    <p class='ocr_par' dir='ltr' id='par_1_6' title="bbox 159 839 1817 915">
     <span class='ocr_line' id='line_1_6' title="bbox 159 839 1817 915; baseline -0.001 -17"><span class='ocrx_word' id='word_1_34' title='bbox 159 842 408 915; x_wconf 86' lang='lat' dir='ltr'>egregia</span> <span class='ocrx_word' id='word_1_35' title='bbox 440 840 766 897; x_wconf 82' lang='lat' dir='ltr'>nobilitatis</span> <span class='ocrx_word' id='word_1_36' title='bbox 794 839 881 895; x_wconf 88' lang='lat' dir='ltr'>vir</span> <span class='ocrx_word' id='word_1_37' title='bbox 910 841 1260 896; x_wconf 90' lang='lat' dir='ltr'>Bertholdus</span> <span class='ocrx_word' id='word_1_38' title='bbox 1290 842 1408 897; x_wconf 86' lang='lat' dir='ltr'>dux</span> <span class='ocrx_word' id='word_1_39' title='bbox 1437 843 1496 896; x_wconf 91' lang='lat' dir='ltr'>in</span> <span class='ocrx_word' id='word_1_40' title='bbox 1539 841 1817 898; x_wconf 91' lang='lat' dir='ltr'>comitatu</span> 
     </span>
    </p>
   </div>
   <div class='ocr_carea' id='block_1_7' title="bbox 163 929 1820 1003">
    <p class='ocr_par' dir='ltr' id='par_1_7' title="bbox 163 929 1820 1003">
     <span class='ocr_line' id='line_1_7' title="bbox 163 929 1820 1003; baseline 0.001 -17"><span class='ocrx_word' id='word_1_41' title='bbox 163 929 565 1002; x_wconf 91' lang='lat' dir='ltr'>Brisaquensi,</span> <span class='ocrx_word' id='word_1_42' title='bbox 597 929 657 984; x_wconf 90' lang='lat' dir='ltr'>in</span> <span class='ocrx_word' id='word_1_43' title='bbox 688 929 1119 985; x_wconf 88' lang='lat' dir='ltr'>Constantiensi</span> <span class='ocrx_word' id='word_1_44' title='bbox 1163 930 1526 1003; x_wconf 80' lang='lat' dir='ltr'>episcopatu,</span> <span class='ocrx_word' id='word_1_45' title='bbox 1560 931 1620 986; x_wconf 92' lang='lat' dir='ltr'>in</span> <span class='ocrx_word' id='word_1_46' title='bbox 1669 932 1820 987; x_wconf 77' lang='lat' dir='ltr'>Silva</span> 
     </span>
    </p>
   </div>
   <div class='ocr_carea' id='block_1_8' title="bbox 161 1018 1821 1092">
    <p class='ocr_par' dir='ltr' id='par_1_8' title="bbox 161 1018 1821 1092">
     <span class='ocr_line' id='line_1_8' title="bbox 161 1018 1821 1092; baseline 0 -18"><span class='ocrx_word' id='word_1_47' title='bbox 161 1036 291 1092; x_wconf 86' lang='lat' dir='ltr'>qua</span> <span class='ocrx_word' id='word_1_48' title='bbox 322 1019 542 1076; x_wconf 90' lang='lat' dir='ltr'>dicitur</span> <span class='ocrx_word' id='word_1_49' title='bbox 569 1018 743 1088; x_wconf 85' lang='lat' dir='ltr'>Nigra</span> <span class='ocrx_word' id='word_1_50' title='bbox 771 1019 844 1073; x_wconf 89' lang='lat' dir='ltr'>ad</span> <span class='ocrx_word' id='word_1_51' title='bbox 876 1018 1156 1074; x_wconf 87' lang='lat' dir='ltr'>honorem</span> <span class='ocrx_word' id='word_1_52' title='bbox 1190 1019 1376 1075; x_wconf 83' lang='lat' dir='ltr'>sancti</span> <span class='ocrx_word' id='word_1_53' title='bbox 1407 1020 1560 1075; x_wconf 89' lang='lat' dir='ltr'>Petri</span> <span class='ocrx_word' id='word_1_54' title='bbox 1595 1023 1821 1091; x_wconf 91' lang='lat' dir='ltr'>aposto-</span> 
     </span>
    </p>
   </div>
   <div class='ocr_carea' id='block_1_9' title="bbox 162 1105 1822 1180">
    <p class='ocr_par' dir='ltr' id='par_1_9' title="bbox 162 1105 1822 1180">
     <span class='ocr_line' id='line_1_9' title="bbox 162 1105 1822 1180; baseline 0 -17"><span class='ocrx_word' id='word_1_55' title='bbox 162 1107 356 1164; x_wconf 89' lang='lat' dir='ltr'>lorum</span> <span class='ocrx_word' id='word_1_56' title='bbox 390 1106 672 1180; x_wconf 88' lang='lat' dir='ltr'>principis</span> <span class='ocrx_word' id='word_1_57' title='bbox 691 1105 1113 1162; x_wconf 83' lang='lat' dir='ltr'>monasterium</span> <span class='ocrx_word' id='word_1_58' title='bbox 1133 1107 1656 1179; x_wconf 85' lang='lat' dir='ltr'>adiﬁcavit,ipsum</span> <span class='ocrx_word' id='word_1_59' title='bbox 1681 1124 1822 1180; x_wconf 91' lang='lat' dir='ltr'>quo-</span> 
     </span>
    </p>
   </div>
   <div class='ocr_carea' id='block_1_10' title="bbox 163 1194 1818 1268">
    <p class='ocr_par' dir='ltr' id='par_1_10' title="bbox 163 1194 1818 1268">
     <span class='ocr_line' id='line_1_10' title="bbox 163 1194 1818 1268; baseline -0.002 -15"><span class='ocrx_word' id='word_1_60' title='bbox 163 1213 277 1268; x_wconf 85' lang='lat' dir='ltr'>que</span> <span class='ocrx_word' id='word_1_61' title='bbox 308 1195 594 1252; x_wconf 88' lang='lat' dir='ltr'>allodium</span> <span class='ocrx_word' id='word_1_62' title='bbox 639 1195 912 1250; x_wconf 83' lang='lat' dir='ltr'>Romana</span> <span class='ocrx_word' id='word_1_63' title='bbox 962 1194 1228 1251; x_wconf 84' lang='lat' dir='ltr'>Ecclesiae</span> <span class='ocrx_word' id='word_1_64' title='bbox 1269 1196 1390 1266; x_wconf 90' lang='lat' dir='ltr'>juri</span> <span class='ocrx_word' id='word_1_65' title='bbox 1444 1195 1818 1268; x_wconf 88' lang='lat' dir='ltr'>mancipavit.</span> 
     </span>
    </p>
   </div>
   <div class='ocr_carea' id='block_1_11' title="bbox 164 1284 1821 1356">
    <p class='ocr_par' dir='ltr' id='par_1_11' title="bbox 164 1284 1821 1356">
     <span class='ocr_line' id='line_1_11' title="bbox 164 1284 1821 1356; baseline -0.001 -15"><span class='ocrx_word' id='word_1_66' title='bbox 164 1285 280 1341; x_wconf 88' lang='lat' dir='ltr'>Nos</span> <span class='ocrx_word' id='word_1_67' title='bbox 311 1286 443 1356; x_wconf 84' lang='lat' dir='ltr'>ejus</span> <span class='ocrx_word' id='word_1_68' title='bbox 473 1284 836 1340; x_wconf 85' lang='lat' dir='ltr'>devotionem</span> <span class='ocrx_word' id='word_1_69' title='bbox 877 1287 1079 1340; x_wconf 89' lang='lat' dir='ltr'>nostra</span> <span class='ocrx_word' id='word_1_70' title='bbox 1127 1285 1472 1340; x_wconf 83' lang='lat' dir='ltr'>auctoritate</span> <span class='ocrx_word' id='word_1_71' title='bbox 1519 1286 1821 1341; x_wconf 79' lang='lat' dir='ltr'>firmantes</span> 
     </span>
    </p>
   </div>
   <div class='ocr_carea' id='block_1_12' title="bbox 163 1372 1824 1446">
    <p class='ocr_par' dir='ltr' id='par_1_12' title="bbox 163 1372 1824 1446">
     <span class='ocr_line' id='line_1_12' title="bbox 163 1372 1824 1446; baseline -0.001 -17"><span class='ocrx_word' id='word_1_72' title='bbox 163 1373 358 1430; x_wconf 90' lang='lat' dir='ltr'>locum</span> <span class='ocrx_word' id='word_1_73' title='bbox 391 1374 586 1446; x_wconf 88' lang='lat' dir='ltr'>ipsum</span> <span class='ocrx_word' id='word_1_74' title='bbox 608 1373 718 1428; x_wconf 91' lang='lat' dir='ltr'>sub</span> <span class='ocrx_word' id='word_1_75' title='bbox 743 1372 1074 1444; x_wconf 87' lang='lat' dir='ltr'>apostolica</span> <span class='ocrx_word' id='word_1_76' title='bbox 1105 1373 1260 1428; x_wconf 91' lang='lat' dir='ltr'>sedis</span> <span class='ocrx_word' id='word_1_77' title='bbox 1286 1373 1470 1428; x_wconf 85' lang='lat' dir='ltr'>tutela</span> <span class='ocrx_word' id='word_1_78' title='bbox 1493 1373 1824 1446; x_wconf 89' lang='lat' dir='ltr'>specialiter</span> 
     </span>
    </p>
   </div>
   <div class='ocr_carea' id='block_1_13' title="bbox 165 1461 1822 1534">
    <p class='ocr_par' dir='ltr' id='par_1_13' title="bbox 165 1461 1822 1534">
     <span class='ocr_line' id='line_1_13' title="bbox 165 1461 1822 1534; baseline -0.002 -16"><span class='ocrx_word' id='word_1_79' title='bbox 165 1463 479 1518; x_wconf 83' lang='lat' dir='ltr'>fovendum</span> <span class='ocrx_word' id='word_1_80' title='bbox 511 1461 901 1534; x_wconf 87' lang='lat' dir='ltr'>suscepimus.</span> <span class='ocrx_word' id='word_1_81' title='bbox 934 1462 1040 1516; x_wconf 92' lang='lat' dir='ltr'>Per</span> <span class='ocrx_word' id='word_1_82' title='bbox 1071 1463 1377 1533; x_wconf 88' lang='lat' dir='ltr'>prasentis</span> <span class='ocrx_word' id='word_1_83' title='bbox 1422 1461 1600 1533; x_wconf 80' lang='lat' dir='ltr'>igitur</span> <span class='ocrx_word' id='word_1_84' title='bbox 1647 1461 1822 1534; x_wconf 90' lang='lat' dir='ltr'>privi-</span> 
     </span>
    </p>
   </div>
   <div class='ocr_carea' id='block_1_14' title="bbox 165 1549 1826 1624">
    <p class='ocr_par' dir='ltr' id='par_1_14' title="bbox 165 1549 1826 1624">
     <span class='ocr_line' id='line_1_14' title="bbox 165 1549 1826 1624; baseline -0.001 -18"><span class='ocrx_word' id='word_1_85' title='bbox 165 1551 302 1624; x_wconf 88' lang='lat' dir='ltr'>legii</span> <span class='ocrx_word' id='word_1_86' title='bbox 334 1551 611 1623; x_wconf 82' lang='lat' dir='ltr'>paginam</span> <span class='ocrx_word' id='word_1_87' title='bbox 643 1549 962 1622; x_wconf 87' lang='lat' dir='ltr'>apostolica</span> <span class='ocrx_word' id='word_1_88' title='bbox 1002 1550 1345 1606; x_wconf 86' lang='lat' dir='ltr'>auctoritate</span> <span class='ocrx_word' id='word_1_89' title='bbox 1396 1551 1731 1617; x_wconf 83' lang='lat' dir='ltr'>statuimus,</span> <span class='ocrx_word' id='word_1_90' title='bbox 1760 1554 1826 1604; x_wconf 91' lang='lat' dir='ltr'>ut</span> 
     </span>
    </p>
   </div>
   <div class='ocr_carea' id='block_1_15' title="bbox 167 1637 1820 1713">
    <p class='ocr_par' dir='ltr' id='par_1_15' title="bbox 167 1637 1820 1713">
     <span class='ocr_line' id='line_1_15' title="bbox 167 1637 1820 1713; baseline -0.001 -18"><span class='ocrx_word' id='word_1_91' title='bbox 167 1655 534 1713; x_wconf 81' lang='lat' dir='ltr'>quacunque</span> <span class='ocrx_word' id='word_1_92' title='bbox 563 1637 780 1710; x_wconf 87' lang='lat' dir='ltr'>pradia</span> <span class='ocrx_word' id='word_1_93' title='bbox 810 1637 927 1694; x_wconf 88' lang='lat' dir='ltr'>sive</span> <span class='ocrx_word' id='word_1_94' title='bbox 956 1639 1361 1710; x_wconf 89' lang='lat' dir='ltr'>possessiones</span> <span class='ocrx_word' id='word_1_95' title='bbox 1386 1639 1661 1708; x_wconf 82' lang='lat' dir='ltr'>pratatus</span> <span class='ocrx_word' id='word_1_96' title='bbox 1683 1639 1820 1705; x_wconf 82' lang='lat' dir='ltr'>dux,</span> 
     </span>
    </p>
   </div>
   <div class='ocr_carea' id='block_1_16' title="bbox 165 1728 1821 1797">
    <p class='ocr_par' dir='ltr' id='par_1_16' title="bbox 165 1728 1821 1797">
     <span class='ocr_line' id='line_1_16' title="bbox 165 1728 1821 1797; baseline -0.001 -13"><span class='ocrx_word' id='word_1_97' title='bbox 165 1729 252 1786; x_wconf 81' lang='lat' dir='ltr'>vel</span> <span class='ocrx_word' id='word_1_98' title='bbox 285 1728 386 1785; x_wconf 85' lang='lat' dir='ltr'>alii</span> <span class='ocrx_word' id='word_1_99' title='bbox 409 1729 517 1783; x_wconf 89' lang='lat' dir='ltr'>viri</span> <span class='ocrx_word' id='word_1_100' title='bbox 549 1745 618 1784; x_wconf 84' lang='lat' dir='ltr'>ex</span> <span class='ocrx_word' id='word_1_101' title='bbox 649 1745 754 1784; x_wconf 89' lang='lat' dir='ltr'>suo</span> <span class='ocrx_word' id='word_1_102' title='bbox 778 1729 912 1797; x_wconf 90' lang='lat' dir='ltr'>jure</span> <span class='ocrx_word' id='word_1_103' title='bbox 951 1732 1141 1784; x_wconf 91' lang='lat' dir='ltr'>vestro</span> <span class='ocrx_word' id='word_1_104' title='bbox 1194 1729 1548 1784; x_wconf 90' lang='lat' dir='ltr'>monasterio</span> <span class='ocrx_word' id='word_1_105' title='bbox 1598 1728 1821 1783; x_wconf 91' lang='lat' dir='ltr'>obtule-</span> 
     </span>
    </p>
   </div>
   <div class='ocr_carea' id='block_1_17' title="bbox 166 1815 1821 1888">
    <p class='ocr_par' dir='ltr' id='par_1_17' title="bbox 166 1815 1821 1888">
     <span class='ocr_line' id='line_1_17' title="bbox 166 1815 1821 1888; baseline -0.002 -15"><span class='ocrx_word' id='word_1_106' title='bbox 166 1817 305 1884; x_wconf 84' lang='lat' dir='ltr'>rint,</span> <span class='ocrx_word' id='word_1_107' title='bbox 338 1816 459 1872; x_wconf 84' lang='lat' dir='ltr'>sive</span> <span class='ocrx_word' id='word_1_108' title='bbox 489 1816 550 1870; x_wconf 91' lang='lat' dir='ltr'>in</span> <span class='ocrx_word' id='word_1_109' title='bbox 576 1816 839 1871; x_wconf 83' lang='lat' dir='ltr'>futurum</span> <span class='ocrx_word' id='word_1_110' title='bbox 873 1816 1248 1872; x_wconf 88' lang='lat' dir='ltr'>concessione</span> <span class='ocrx_word' id='word_1_111' title='bbox 1277 1817 1642 1888; x_wconf 84' lang='lat' dir='ltr'>pontiﬁcum,</span> <span class='ocrx_word' id='word_1_112' title='bbox 1678 1815 1821 1870; x_wconf 93' lang='lat' dir='ltr'>libe-</span> 
     </span>
    </p>
   </div>
   <div class='ocr_carea' id='block_1_18' title="bbox 167 1903 1823 1977">
    <p class='ocr_par' dir='ltr' id='par_1_18' title="bbox 167 1903 1823 1977">
     <span class='ocr_line' id='line_1_18' title="bbox 167 1903 1823 1977; baseline -0.001 -16"><span class='ocrx_word' id='word_1_113' title='bbox 167 1904 879 1977; x_wconf 88' lang='lat' dir='ltr'>ralitateprincipum,seu</span> <span class='ocrx_word' id='word_1_114' title='bbox 891 1903 1184 1960; x_wconf 88' lang='lat' dir='ltr'>oblatione</span> <span class='ocrx_word' id='word_1_115' title='bbox 1199 1904 1460 1960; x_wconf 82' lang='lat' dir='ltr'>fidelium</span> <span class='ocrx_word' id='word_1_116' title='bbox 1472 1906 1634 1976; x_wconf 91' lang='lat' dir='ltr'>juste</span> <span class='ocrx_word' id='word_1_117' title='bbox 1647 1908 1823 1975; x_wconf 90' lang='lat' dir='ltr'>atque</span> 
     </span>
    </p>
   </div>
   <div class='ocr_carea' id='block_1_19' title="bbox 168 1993 1824 2066">
    <p class='ocr_par' dir='ltr' id='par_1_19' title="bbox 168 1993 1824 2066">
     <span class='ocr_line' id='line_1_19' title="bbox 168 1993 1824 2066; baseline -0.002 -16"><span class='ocrx_word' id='word_1_118' title='bbox 168 1994 449 2050; x_wconf 87' lang='lat' dir='ltr'>canonice</span> <span class='ocrx_word' id='word_1_119' title='bbox 481 1993 744 2066; x_wconf 81' lang='lat' dir='ltr'>poteritis</span> <span class='ocrx_word' id='word_1_120' title='bbox 771 1993 1038 2065; x_wconf 90' lang='lat' dir='ltr'>adipisci,</span> <span class='ocrx_word' id='word_1_121' title='bbox 1072 1995 1245 2048; x_wconf 84' lang='lat' dir='ltr'>ﬁrma</span> <span class='ocrx_word' id='word_1_122' title='bbox 1287 1993 1453 2049; x_wconf 89' lang='lat' dir='ltr'>vobis</span> <span class='ocrx_word' id='word_1_123' title='bbox 1498 1993 1824 2064; x_wconf 81' lang='lat' dir='ltr'>vestrisque</span> 
     </span>
    </p>
   </div>
   <div class='ocr_carea' id='block_1_20' title="bbox 170 2081 1826 2153">
    <p class='ocr_par' dir='ltr' id='par_1_20' title="bbox 170 2081 1826 2153">
     <span class='ocr_line' id='line_1_20' title="bbox 170 2081 1826 2153; baseline -0.001 -13"><span class='ocrx_word' id='word_1_124' title='bbox 170 2083 614 2140; x_wconf 85' lang='lat' dir='ltr'>successoribus</span> <span class='ocrx_word' id='word_1_125' title='bbox 647 2085 703 2137; x_wconf 93' lang='lat' dir='ltr'>et</span> <span class='ocrx_word' id='word_1_126' title='bbox 732 2081 974 2148; x_wconf 86' lang='lat' dir='ltr'>illibata,</span> <span class='ocrx_word' id='word_1_127' title='bbox 1015 2087 1412 2153; x_wconf 87' lang='lat' dir='ltr'>permaneant.</span> <span class='ocrx_word' id='word_1_128' title='bbox 1448 2083 1826 2138; x_wconf 89' lang='lat' dir='ltr'>Decernimus</span> 
     </span>
    </p>
   </div>
   <div class='ocr_carea' id='block_1_21' title="bbox 172 2170 1825 2245">
    <p class='ocr_par' dir='ltr' id='par_1_21' title="bbox 172 2170 1825 2245">
     <span class='ocr_line' id='line_1_21' title="bbox 172 2170 1825 2245; baseline -0.002 -17"><span class='ocrx_word' id='word_1_129' title='bbox 172 2189 310 2245; x_wconf 86' lang='lat' dir='ltr'>ergo</span> <span class='ocrx_word' id='word_1_130' title='bbox 329 2176 395 2227; x_wconf 94' lang='lat' dir='ltr'>ut</span> <span class='ocrx_word' id='word_1_131' title='bbox 413 2170 560 2226; x_wconf 89' lang='lat' dir='ltr'>nulli</span> <span class='ocrx_word' id='word_1_132' title='bbox 574 2171 810 2226; x_wconf 89' lang='lat' dir='ltr'>omnino</span> <span class='ocrx_word' id='word_1_133' title='bbox 829 2170 1133 2226; x_wconf 89' lang='lat' dir='ltr'>hominum</span> <span class='ocrx_word' id='word_1_134' title='bbox 1147 2171 1316 2228; x_wconf 89' lang='lat' dir='ltr'>liceat</span> <span class='ocrx_word' id='word_1_135' title='bbox 1331 2172 1485 2228; x_wconf 90' lang='lat' dir='ltr'>idem</span> <span class='ocrx_word' id='word_1_136' title='bbox 1498 2171 1825 2227; x_wconf 68' lang='lat' dir='ltr'>coenobium</span> 
     </span>
    </p>
   </div>
   <div class='ocr_carea' id='block_1_22' title="bbox 171 2257 1823 2332">
    <p class='ocr_par' dir='ltr' id='par_1_22' title="bbox 171 2257 1823 2332">
     <span class='ocr_line' id='line_1_22' title="bbox 171 2257 1823 2332; baseline -0.001 -16"><span class='ocrx_word' id='word_1_137' title='bbox 171 2267 392 2316; x_wconf 89' lang='lat' dir='ltr'>temere</span> <span class='ocrx_word' id='word_1_138' title='bbox 427 2257 876 2331; x_wconf 89' lang='lat' dir='ltr'>perturbare,vel</span> <span class='ocrx_word' id='word_1_139' title='bbox 907 2258 959 2314; x_wconf 91' lang='lat' dir='ltr'>ei</span> <span class='ocrx_word' id='word_1_140' title='bbox 991 2260 1262 2316; x_wconf 91' lang='lat' dir='ltr'>subditas</span> <span class='ocrx_word' id='word_1_141' title='bbox 1298 2261 1700 2332; x_wconf 90' lang='lat' dir='ltr'>possessiones</span> <span class='ocrx_word' id='word_1_142' title='bbox 1723 2277 1823 2315; x_wconf 88' lang='lat' dir='ltr'>au-</span> 
     </span>
    </p>
   </div>
   <div class='ocr_carea' id='block_1_23' title="bbox 173 2347 1825 2416">
    <p class='ocr_par' dir='ltr' id='par_1_23' title="bbox 173 2347 1825 2416">
     <span class='ocr_line' id='line_1_23' title="bbox 173 2347 1825 2416; baseline -0.002 -11"><span class='ocrx_word' id='word_1_143' title='bbox 173 2350 346 2416; x_wconf 85' lang='lat' dir='ltr'>ferre,</span> <span class='ocrx_word' id='word_1_144' title='bbox 397 2347 680 2413; x_wconf 89' lang='lat' dir='ltr'>minuere,</span> <span class='ocrx_word' id='word_1_145' title='bbox 732 2347 820 2402; x_wconf 90' lang='lat' dir='ltr'>vel</span> <span class='ocrx_word' id='word_1_146' title='bbox 868 2347 1195 2403; x_wconf 86' lang='lat' dir='ltr'>temerariis</span> <span class='ocrx_word' id='word_1_147' title='bbox 1253 2349 1656 2404; x_wconf 87' lang='lat' dir='ltr'>vexationibus</span> <span class='ocrx_word' id='word_1_148' title='bbox 1696 2347 1825 2403; x_wconf 84' lang='lat' dir='ltr'>fati-</span> 
     </span>
    </p>
   </div>
   <div class='ocr_carea' id='block_1_24' title="bbox 173 2435 1826 2511">
    <p class='ocr_par' dir='ltr' id='par_1_24' title="bbox 173 2435 1826 2511">
     <span class='ocr_line' id='line_1_24' title="bbox 173 2435 1826 2511; baseline -0.001 -17"><span class='ocrx_word' id='word_1_149' title='bbox 173 2454 333 2511; x_wconf 86' lang='lat' dir='ltr'>gare,</span> <span class='ocrx_word' id='word_1_150' title='bbox 381 2437 482 2492; x_wconf 90' lang='lat' dir='ltr'>sed</span> <span class='ocrx_word' id='word_1_151' title='bbox 556 2435 755 2492; x_wconf 90' lang='lat' dir='ltr'>omnia</span> <span class='ocrx_word' id='word_1_152' title='bbox 816 2435 1040 2508; x_wconf 82' lang='lat' dir='ltr'>integre</span> <span class='ocrx_word' id='word_1_153' title='bbox 1096 2441 1529 2504; x_wconf 90' lang='lat' dir='ltr'>conserventur,</span> <span class='ocrx_word' id='word_1_154' title='bbox 1597 2435 1826 2505; x_wconf 89' lang='lat' dir='ltr'>vestris,</span> 
     </span>
    </p>
   </div>
   <div class='ocr_carea' id='block_1_25' title="bbox 171 2525 1830 2597">
    <p class='ocr_par' dir='ltr' id='par_1_25' title="bbox 171 2525 1830 2597">
     <span class='ocr_line' id='line_1_25' title="bbox 171 2525 1830 2597; baseline -0.001 -16"><span class='ocrx_word' id='word_1_155' title='bbox 171 2531 625 2597; x_wconf 89' lang='lat' dir='ltr'>vestrorumque</span> <span class='ocrx_word' id='word_1_156' title='bbox 657 2540 1062 2580; x_wconf 89' lang='lat' dir='ltr'>successorum</span> <span class='ocrx_word' id='word_1_157' title='bbox 1091 2526 1296 2581; x_wconf 89' lang='lat' dir='ltr'>usibus</span> <span class='ocrx_word' id='word_1_158' title='bbox 1319 2525 1670 2581; x_wconf 90' lang='lat' dir='ltr'>omnimodis</span> <span class='ocrx_word' id='word_1_159' title='bbox 1703 2541 1830 2597; x_wconf 94' lang='lat' dir='ltr'>pro-</span> 
     </span>
    </p>
   </div>
   <div class='ocr_carea' id='block_1_26' title="bbox 174 2611 1831 2685">
    <p class='ocr_par' dir='ltr' id='par_1_26' title="bbox 174 2611 1831 2685">
     <span class='ocr_line' id='line_1_26' title="bbox 174 2611 1831 2685; baseline -0.002 -15"><span class='ocrx_word' id='word_1_160' title='bbox 174 2616 393 2670; x_wconf 86' lang='lat' dir='ltr'>futura.</span> <span class='ocrx_word' id='word_1_161' title='bbox 429 2614 689 2669; x_wconf 91' lang='lat' dir='ltr'>Obeunte</span> <span class='ocrx_word' id='word_1_162' title='bbox 718 2629 784 2668; x_wconf 93' lang='lat' dir='ltr'>eo</span> <span class='ocrx_word' id='word_1_163' title='bbox 815 2612 914 2684; x_wconf 89' lang='lat' dir='ltr'>qui</span> <span class='ocrx_word' id='word_1_164' title='bbox 969 2611 1029 2666; x_wconf 90' lang='lat' dir='ltr'>in</span> <span class='ocrx_word' id='word_1_165' title='bbox 1082 2613 1245 2668; x_wconf 90' lang='lat' dir='ltr'>vobis</span> <span class='ocrx_word' id='word_1_166' title='bbox 1292 2615 1522 2669; x_wconf 89' lang='lat' dir='ltr'>abbatis</span> <span class='ocrx_word' id='word_1_167' title='bbox 1568 2613 1831 2685; x_wconf 86' lang='lat' dir='ltr'>fungitur</span> 
     </span>
    </p>
   </div>
   <div class='ocr_carea' id='block_1_27' title="bbox 173 2701 1830 2774">
    <p class='ocr_par' dir='ltr' id='par_1_27' title="bbox 173 2701 1830 2774">
     <span class='ocr_line' id='line_1_27' title="bbox 173 2701 1830 2774; baseline -0.002 -14"><span class='ocrx_word' id='word_1_168' title='bbox 173 2703 529 2772; x_wconf 90' lang='lat' dir='ltr'>ministerio,</span> <span class='ocrx_word' id='word_1_169' title='bbox 564 2701 762 2758; x_wconf 91' lang='lat' dir='ltr'>nullus</span> <span class='ocrx_word' id='word_1_170' title='bbox 814 2701 894 2756; x_wconf 91' lang='lat' dir='ltr'>ibi</span> <span class='ocrx_word' id='word_1_171' title='bbox 953 2703 1062 2757; x_wconf 91' lang='lat' dir='ltr'>sub</span> <span class='ocrx_word' id='word_1_172' title='bbox 1122 2703 1384 2774; x_wconf 89' lang='lat' dir='ltr'>qualibet</span> <span class='ocrx_word' id='word_1_173' title='bbox 1433 2703 1830 2774; x_wconf 89' lang='lat' dir='ltr'>subreptionis</span> 
     </span>
    </p>
   </div>
   <div class='ocr_carea' id='block_1_28' title="bbox 176 2789 1831 2864">
    <p class='ocr_par' dir='ltr' id='par_1_28' title="bbox 176 2789 1831 2864">
     <span class='ocr_line' id='line_1_28' title="bbox 176 2789 1831 2864; baseline -0.004 -13"><span class='ocrx_word' id='word_1_174' title='bbox 176 2793 401 2851; x_wconf 85' lang='lat' dir='ltr'>astutia</span> <span class='ocrx_word' id='word_1_175' title='bbox 428 2792 515 2847; x_wconf 92' lang='lat' dir='ltr'>vel</span> <span class='ocrx_word' id='word_1_176' title='bbox 559 2791 833 2847; x_wconf 88' lang='lat' dir='ltr'>violentia</span> <span class='ocrx_word' id='word_1_177' title='bbox 870 2793 1376 2862; x_wconf 85' lang='lat' dir='ltr'>praponatur,nisi</span> <span class='ocrx_word' id='word_1_178' title='bbox 1430 2809 1603 2864; x_wconf 89' lang='lat' dir='ltr'>quem</span> <span class='ocrx_word' id='word_1_179' title='bbox 1652 2789 1831 2846; x_wconf 91' lang='lat' dir='ltr'>vestri</span> 
     </span>
    </p>
   </div>
   <div class='ocr_carea' id='block_1_29' title="bbox 177 2878 1829 2955">
    <p class='ocr_par' dir='ltr' id='par_1_29' title="bbox 177 2878 1829 2955">
     <span class='ocr_line' id='line_1_29' title="bbox 177 2878 1829 2955; baseline -0.002 -17"><span class='ocrx_word' id='word_1_180' title='bbox 177 2882 406 2955; x_wconf 82' lang='lat' dir='ltr'>collegii</span> <span class='ocrx_word' id='word_1_181' title='bbox 437 2878 902 2946; x_wconf 90' lang='lat' dir='ltr'>universitas,vel</span> <span class='ocrx_word' id='word_1_182' title='bbox 936 2879 1186 2935; x_wconf 89' lang='lat' dir='ltr'>sanioris</span> <span class='ocrx_word' id='word_1_183' title='bbox 1217 2881 1443 2936; x_wconf 88' lang='lat' dir='ltr'>consilii</span> <span class='ocrx_word' id='word_1_184' title='bbox 1468 2898 1601 2954; x_wconf 90' lang='lat' dir='ltr'>pars</span> <span class='ocrx_word' id='word_1_185' title='bbox 1624 2897 1829 2936; x_wconf 89' lang='lat' dir='ltr'>secun-</span> 
     </span>
    </p>
   </div>
   <div class='ocr_carea' id='block_1_30' title="bbox 182 2967 1828 3042">
    <p class='ocr_par' dir='ltr' id='par_1_30' title="bbox 182 2967 1828 3042">
     <span class='ocr_line' id='line_1_30' title="bbox 182 2967 1828 3042; baseline -0.004 -14"><span class='ocrx_word' id='word_1_186' title='bbox 182 2973 329 3028; x_wconf 85' lang='lat' dir='ltr'>dum</span> <span class='ocrx_word' id='word_1_187' title='bbox 359 2971 630 3026; x_wconf 90' lang='lat' dir='ltr'>timorem</span> <span class='ocrx_word' id='word_1_188' title='bbox 664 2969 850 3034; x_wconf 90' lang='lat' dir='ltr'>Dei,et</span> <span class='ocrx_word' id='word_1_189' title='bbox 878 2967 941 3022; x_wconf 92' lang='lat' dir='ltr'>B.</span> <span class='ocrx_word' id='word_1_190' title='bbox 967 2969 1260 3024; x_wconf 90' lang='lat' dir='ltr'>Benedicti</span> <span class='ocrx_word' id='word_1_191' title='bbox 1288 2970 1550 3042; x_wconf 90' lang='lat' dir='ltr'>regulam</span> <span class='ocrx_word' id='word_1_192' title='bbox 1573 2968 1828 3041; x_wconf 84' lang='lat' dir='ltr'>elegerit.</span> 
     </span>
    </p>
   </div>
   <div class='ocr_carea' id='block_1_31' title="bbox 181 3056 1832 3129">
    <p class='ocr_par' dir='ltr' id='par_1_31' title="bbox 181 3056 1832 3129">
     <span class='ocr_line' id='line_1_31' title="bbox 181 3056 1832 3129; baseline -0.005 -11"><span class='ocrx_word' id='word_1_193' title='bbox 181 3062 538 3126; x_wconf 81' lang='lat' dir='ltr'>Advocatus,</span> <span class='ocrx_word' id='word_1_194' title='bbox 571 3074 745 3129; x_wconf 89' lang='lat' dir='ltr'>quem</span> <span class='ocrx_word' id='word_1_195' title='bbox 775 3056 983 3113; x_wconf 89' lang='lat' dir='ltr'>vestris</span> <span class='ocrx_word' id='word_1_196' title='bbox 1013 3058 1248 3128; x_wconf 90' lang='lat' dir='ltr'>juribus</span> <span class='ocrx_word' id='word_1_197' title='bbox 1279 3058 1670 3122; x_wconf 87' lang='lat' dir='ltr'>decreveritis,</span> <span class='ocrx_word' id='word_1_198' title='bbox 1703 3056 1832 3110; x_wconf 92' lang='lat' dir='ltr'>nul-</span> 
     </span>
    </p>
   </div>
   <div class='ocr_carea' id='block_1_32' title="bbox 180 3146 1832 3220">
    <p class='ocr_par' dir='ltr' id='par_1_32' title="bbox 180 3146 1832 3220">
     <span class='ocr_line' id='line_1_32' title="bbox 180 3146 1832 3220; baseline -0.004 -13"><span class='ocrx_word' id='word_1_199' title='bbox 180 3151 302 3207; x_wconf 89' lang='lat' dir='ltr'>lam</span> <span class='ocrx_word' id='word_1_200' title='bbox 333 3150 393 3205; x_wconf 91' lang='lat' dir='ltr'>in</span> <span class='ocrx_word' id='word_1_201' title='bbox 425 3147 780 3204; x_wconf 89' lang='lat' dir='ltr'>monasterio</span> <span class='ocrx_word' id='word_1_202' title='bbox 829 3151 1018 3202; x_wconf 88' lang='lat' dir='ltr'>vestro</span> <span class='ocrx_word' id='word_1_203' title='bbox 1070 3146 1294 3218; x_wconf 86' lang='lat' dir='ltr'>aliquid</span> <span class='ocrx_word' id='word_1_204' title='bbox 1338 3146 1687 3220; x_wconf 89' lang='lat' dir='ltr'>disponendi</span> <span class='ocrx_word' id='word_1_205' title='bbox 1731 3146 1832 3201; x_wconf 89' lang='lat' dir='ltr'>ha-</span> 
     </span>
    </p>
   </div>
   <div class='ocr_carea' id='block_1_33' title="bbox 178 3233 1833 3310">
    <p class='ocr_par' dir='ltr' id='par_1_33' title="bbox 178 3233 1833 3310">
     <span class='ocr_line' id='line_1_33' title="bbox 178 3233 1833 3310; baseline -0.003 -15"><span class='ocrx_word' id='word_1_206' title='bbox 178 3240 315 3296; x_wconf 87' lang='lat' dir='ltr'>beat</span> <span class='ocrx_word' id='word_1_207' title='bbox 341 3241 690 3310; x_wconf 87' lang='lat' dir='ltr'>potestatem</span> <span class='ocrx_word' id='word_1_208' title='bbox 725 3253 738 3290; x_wconf 88' lang='lat'><strong>:</strong></span> <span class='ocrx_word' id='word_1_209' title='bbox 771 3233 917 3290; x_wconf 90' lang='lat' dir='ltr'>nulli</span> <span class='ocrx_word' id='word_1_210' title='bbox 948 3235 1123 3290; x_wconf 91' lang='lat' dir='ltr'>etiam</span> <span class='ocrx_word' id='word_1_211' title='bbox 1174 3235 1435 3292; x_wconf 90' lang='lat' dir='ltr'>saculari</span> <span class='ocrx_word' id='word_1_212' title='bbox 1483 3253 1741 3308; x_wconf 90' lang='lat' dir='ltr'>persona</span> <span class='ocrx_word' id='word_1_213' title='bbox 1772 3233 1833 3290; x_wconf 88' lang='lat' dir='ltr'>in</span> 
     </span>
    </p>
   </div>
   <div class='ocr_carea' id='block_1_34' title="bbox 180 3323 1056 3385">
    <p class='ocr_par' dir='ltr' id='par_1_34' title="bbox 180 3323 1056 3385">
     <span class='ocr_line' id='line_1_34' title="bbox 180 3323 1056 3385; baseline -0.007 0"><span class='ocrx_word' id='word_1_214' title='bbox 180 3329 383 3385; x_wconf 78' lang='lat' dir='ltr'>eodem</span> <span class='ocrx_word' id='word_1_215' title='bbox 413 3325 541 3382; x_wconf 92' lang='lat' dir='ltr'>loco</span> <span class='ocrx_word' id='word_1_216' title='bbox 572 3324 743 3380; x_wconf 88' lang='lat' dir='ltr'>liceat</span> <span class='ocrx_word' id='word_1_217' title='bbox 771 3323 1056 3380; x_wconf 87' lang='lat' dir='ltr'>habitare.</span> 
     </span>
    </p>
   </div>
   <div class='ocr_carea' id='block_1_35' title="bbox 249 3412 1830 3485">
    <p class='ocr_par' dir='ltr' id='par_1_35' title="bbox 249 3412 1830 3485">
     <span class='ocr_line' id='line_1_35' title="bbox 249 3412 1830 3485; baseline -0.001 -16"><span class='ocrx_word' id='word_1_218' title='bbox 249 3415 368 3472; x_wconf 90' lang='lat' dir='ltr'>Vos</span> <span class='ocrx_word' id='word_1_219' title='bbox 398 3412 732 3480; x_wconf 85' lang='lat' dir='ltr'>autem,ﬁlii</span> <span class='ocrx_word' id='word_1_220' title='bbox 762 3413 822 3468; x_wconf 89' lang='lat' dir='ltr'>in</span> <span class='ocrx_word' id='word_1_221' title='bbox 854 3412 1080 3469; x_wconf 88' lang='lat' dir='ltr'>Christo</span> <span class='ocrx_word' id='word_1_222' title='bbox 1109 3412 1464 3479; x_wconf 90' lang='lat' dir='ltr'>charissimi,</span> <span class='ocrx_word' id='word_1_223' title='bbox 1488 3416 1714 3485; x_wconf 86' lang='lat' dir='ltr'>oportet</span> <span class='ocrx_word' id='word_1_224' title='bbox 1743 3430 1830 3468; x_wconf 89' lang='lat' dir='ltr'>re-</span> 
     </span>
    </p>
   </div>
   <div class='ocr_carea' id='block_1_36' title="bbox 183 3501 1831 3580">
    <p class='ocr_par' dir='ltr' id='par_1_36' title="bbox 183 3501 1831 3580">
     <span class='ocr_line' id='line_1_36' title="bbox 183 3501 1831 3580; baseline -0.004 -18"><span class='ocrx_word' id='word_1_225' title='bbox 183 3505 406 3580; x_wconf 87' lang='lat' dir='ltr'>gularis</span> <span class='ocrx_word' id='word_1_226' title='bbox 465 3501 784 3574; x_wconf 85' lang='lat' dir='ltr'>disciplina</span> <span class='ocrx_word' id='word_1_227' title='bbox 840 3501 1306 3557; x_wconf 89' lang='lat' dir='ltr'>institutionibus</span> <span class='ocrx_word' id='word_1_228' title='bbox 1373 3501 1681 3574; x_wconf 83' lang='lat' dir='ltr'>diligenter</span> <span class='ocrx_word' id='word_1_229' title='bbox 1744 3502 1831 3556; x_wconf 92' lang='lat' dir='ltr'>in-</span> 
     </span>
    </p>
   </div>
   <div class='ocr_carea' id='block_1_37' title="bbox 182 3590 1834 3663">
    <p class='ocr_par' dir='ltr' id='par_1_37' title="bbox 182 3590 1834 3663">
     <span class='ocr_line' id='line_1_37' title="bbox 182 3590 1834 3663; baseline -0.004 -12"><span class='ocrx_word' id='word_1_230' title='bbox 182 3595 410 3663; x_wconf 88' lang='lat' dir='ltr'>sistere,</span> <span class='ocrx_word' id='word_1_231' title='bbox 453 3596 512 3647; x_wconf 91' lang='lat' dir='ltr'>et</span> <span class='ocrx_word' id='word_1_232' title='bbox 539 3591 720 3646; x_wconf 90' lang='lat' dir='ltr'>totius</span> <span class='ocrx_word' id='word_1_233' title='bbox 751 3590 958 3645; x_wconf 85' lang='lat' dir='ltr'>anima</span> <span class='ocrx_word' id='word_1_234' title='bbox 1003 3606 1070 3645; x_wconf 90' lang='lat' dir='ltr'>ac</span> <span class='ocrx_word' id='word_1_235' title='bbox 1100 3590 1316 3645; x_wconf 89' lang='lat' dir='ltr'>mentis</span> <span class='ocrx_word' id='word_1_236' title='bbox 1366 3590 1682 3645; x_wconf 91' lang='lat' dir='ltr'>virtutibus</span> <span class='ocrx_word' id='word_1_237' title='bbox 1731 3607 1834 3644; x_wconf 88' lang='lat' dir='ltr'>an-</span> 
     </span>
    </p>
   </div>
   <div class='ocr_carea' id='block_1_38' title="bbox 181 3678 1834 3752">
    <p class='ocr_par' dir='ltr' id='par_1_38' title="bbox 181 3678 1834 3752">
     <span class='ocr_line' id='line_1_38' title="bbox 181 3678 1834 3752; baseline -0.004 -13"><span class='ocrx_word' id='word_1_238' title='bbox 181 3683 400 3749; x_wconf 88' lang='lat' dir='ltr'>helare,</span> <span class='ocrx_word' id='word_1_239' title='bbox 434 3683 500 3736; x_wconf 91' lang='lat' dir='ltr'>ut</span> <span class='ocrx_word' id='word_1_240' title='bbox 529 3697 632 3752; x_wconf 92' lang='lat' dir='ltr'>per</span> <span class='ocrx_word' id='word_1_241' title='bbox 661 3683 880 3734; x_wconf 87' lang='lat' dir='ltr'>arctam</span> <span class='ocrx_word' id='word_1_242' title='bbox 911 3678 1064 3733; x_wconf 90' lang='lat' dir='ltr'>viam</span> <span class='ocrx_word' id='word_1_243' title='bbox 1093 3678 1423 3750; x_wconf 88' lang='lat' dir='ltr'>gradientes</span> <span class='ocrx_word' id='word_1_244' title='bbox 1467 3679 1834 3750; x_wconf 89' lang='lat' dir='ltr'>omnipoten-</span> 
     </span>
    </p>
   </div>
   <div class='ocr_carea' id='block_1_39' title="bbox 183 3766 1835 3842">
    <p class='ocr_par' dir='ltr' id='par_1_39' title="bbox 183 3766 1835 3842">
     <span class='ocr_line' id='line_1_39' title="bbox 183 3766 1835 3842; baseline -0.003 -15"><span class='ocrx_word' id='word_1_245' title='bbox 183 3772 232 3828; x_wconf 89' lang='lat' dir='ltr'>ti</span> <span class='ocrx_word' id='word_1_246' title='bbox 262 3772 372 3826; x_wconf 93' lang='lat' dir='ltr'>Deo</span> <span class='ocrx_word' id='word_1_247' title='bbox 400 3768 650 3842; x_wconf 86' lang='lat' dir='ltr'>placere,</span> <span class='ocrx_word' id='word_1_248' title='bbox 682 3771 738 3823; x_wconf 94' lang='lat' dir='ltr'>et</span> <span class='ocrx_word' id='word_1_249' title='bbox 793 3767 865 3823; x_wconf 89' lang='lat' dir='ltr'>ad</span> <span class='ocrx_word' id='word_1_250' title='bbox 918 3783 1232 3838; x_wconf 88' lang='lat' dir='ltr'>supernam</span> <span class='ocrx_word' id='word_1_251' title='bbox 1281 3766 1650 3823; x_wconf 89' lang='lat' dir='ltr'>latitudinem</span> <span class='ocrx_word' id='word_1_252' title='bbox 1710 3785 1835 3839; x_wconf 91' lang='lat' dir='ltr'>per-</span> 
     </span>
    </p>
   </div>
   <div class='ocr_carea' id='block_1_40' title="bbox 183 3855 1838 3928">
    <p class='ocr_par' dir='ltr' id='par_1_40' title="bbox 183 3855 1838 3928">
     <span class='ocr_line' id='line_1_40' title="bbox 183 3855 1838 3928; baseline -0.004 -12"><span class='ocrx_word' id='word_1_253' title='bbox 183 3859 380 3916; x_wconf 86' lang='lat' dir='ltr'>venire</span> <span class='ocrx_word' id='word_1_254' title='bbox 409 3856 668 3912; x_wconf 88' lang='lat' dir='ltr'>valeatis.</span> <span class='ocrx_word' id='word_1_255' title='bbox 704 3856 783 3911; x_wconf 84' lang='lat' dir='ltr'>Ad</span> <span class='ocrx_word' id='word_1_256' title='bbox 836 3855 1118 3910; x_wconf 90' lang='lat' dir='ltr'>indicium</span> <span class='ocrx_word' id='word_1_257' title='bbox 1169 3859 1362 3912; x_wconf 90' lang='lat' dir='ltr'>autem</span> <span class='ocrx_word' id='word_1_258' title='bbox 1417 3860 1698 3928; x_wconf 87' lang='lat' dir='ltr'>percepta</span> <span class='ocrx_word' id='word_1_259' title='bbox 1730 3856 1838 3911; x_wconf 91' lang='lat' dir='ltr'>hu-</span> 
     </span>
    </p>
   </div>
   <div class='ocr_carea' id='block_1_41' title="bbox 179 3943 1838 4021">
    <p class='ocr_par' dir='ltr' id='par_1_41' title="bbox 179 3943 1838 4021">
     <span class='ocr_line' id='line_1_41' title="bbox 179 3943 1838 4021; baseline -0.001 -18"><span class='ocrx_word' id='word_1_260' title='bbox 179 3950 284 4021; x_wconf 86' lang='lat' dir='ltr'>jus</span> <span class='ocrx_word' id='word_1_261' title='bbox 331 3965 365 4003; x_wconf 91' lang='lat' dir='ltr'>a</span> <span class='ocrx_word' id='word_1_262' title='bbox 395 3947 660 4003; x_wconf 85' lang='lat' dir='ltr'>Romana</span> <span class='ocrx_word' id='word_1_263' title='bbox 702 3943 963 4001; x_wconf 89' lang='lat' dir='ltr'>Ecclesia</span> <span class='ocrx_word' id='word_1_264' title='bbox 1005 3944 1294 4000; x_wconf 86' lang='lat' dir='ltr'>libertatis</span> <span class='ocrx_word' id='word_1_265' title='bbox 1336 3961 1579 4002; x_wconf 89' lang='lat' dir='ltr'>aureum</span> <span class='ocrx_word' id='word_1_266' title='bbox 1627 3946 1838 4016; x_wconf 81' lang='lat' dir='ltr'>bysan-</span> 
     </span>
    </p>
   </div>
   <div class='ocr_carea' id='block_1_42' title="bbox 186 4033 1839 4109">
    <p class='ocr_par' dir='ltr' id='par_1_42' title="bbox 186 4033 1839 4109">
     <span class='ocr_line' id='line_1_42' title="bbox 186 4033 1839 4109; baseline -0.002 -16"><span class='ocrx_word' id='word_1_267' title='bbox 186 4037 338 4093; x_wconf 90' lang='lat' dir='ltr'>tium</span> <span class='ocrx_word' id='word_1_268' title='bbox 368 4052 471 4109; x_wconf 88' lang='lat' dir='ltr'>per</span> <span class='ocrx_word' id='word_1_269' title='bbox 496 4033 759 4107; x_wconf 88' lang='lat' dir='ltr'>singulos</span> <span class='ocrx_word' id='word_1_270' title='bbox 791 4050 976 4089; x_wconf 91' lang='lat' dir='ltr'>annos</span> <span class='ocrx_word' id='word_1_271' title='bbox 1021 4033 1398 4089; x_wconf 87' lang='lat' dir='ltr'>Lateranensi</span> <span class='ocrx_word' id='word_1_272' title='bbox 1444 4033 1659 4106; x_wconf 89' lang='lat' dir='ltr'>palatio</span> <span class='ocrx_word' id='word_1_273' title='bbox 1712 4052 1839 4107; x_wconf 90' lang='lat' dir='ltr'>per-</span> 
     </span>
    </p>
   </div>
   <div class='ocr_carea' id='block_1_43' title="bbox 188 4125 448 4182">
    <p class='ocr_par' dir='ltr' id='par_1_43' title="bbox 188 4125 448 4182">
     <span class='ocr_line' id='line_1_43' title="bbox 188 4125 448 4182; baseline -0.008 0"><span class='ocrx_word' id='word_1_274' title='bbox 188 4125 448 4182; x_wconf 89' lang='lat' dir='ltr'>solvetis.</span> 
     </span>
    </p>
   </div>
   <div class='ocr_carea' id='block_1_44' title="bbox 266 4211 1846 4284">
    <p class='ocr_par' dir='ltr' id='par_1_44' title="bbox 266 4211 1846 4284">
     <span class='ocr_line' id='line_1_44' title="bbox 266 4211 1846 4284; baseline -0.003 -13"><span class='ocrx_word' id='word_1_275' title='bbox 266 4217 421 4271; x_wconf 89' lang='lat' dir='ltr'>Sane</span> <span class='ocrx_word' id='word_1_276' title='bbox 467 4214 516 4270; x_wconf 94' lang='lat' dir='ltr'>si</span> <span class='ocrx_word' id='word_1_277' title='bbox 565 4211 698 4284; x_wconf 90' lang='lat' dir='ltr'>quis</span> <span class='ocrx_word' id='word_1_278' title='bbox 745 4211 805 4266; x_wconf 90' lang='lat' dir='ltr'>in</span> <span class='ocrx_word' id='word_1_279' title='bbox 850 4211 1171 4267; x_wconf 90' lang='lat' dir='ltr'>crastinum</span> <span class='ocrx_word' id='word_1_280' title='bbox 1222 4211 1691 4284; x_wconf 86' lang='lat' dir='ltr'>archiepiscopus</span> <span class='ocrx_word' id='word_1_281' title='bbox 1744 4216 1846 4267; x_wconf 89' lang='lat' dir='ltr'>aut</span> 
     </span>
    </p>
   </div>
   <div class='ocr_carea' id='block_1_45' title="bbox 194 4299 1846 4376">
    <p class='ocr_par' dir='ltr' id='par_1_45' title="bbox 194 4299 1846 4376">
     <span class='ocr_line' id='line_1_45' title="bbox 194 4299 1846 4376; baseline -0.002 -16"><span class='ocrx_word' id='word_1_282' title='bbox 194 4301 850 4376; x_wconf 85' lang='lat' dir='ltr'>episcopus,imperator</span> <span class='ocrx_word' id='word_1_283' title='bbox 869 4303 969 4356; x_wconf 90' lang='lat' dir='ltr'>aut</span> <span class='ocrx_word' id='word_1_284' title='bbox 983 4299 1380 4373; x_wconf 84' lang='lat' dir='ltr'>rex,princeps</span> <span class='ocrx_word' id='word_1_285' title='bbox 1397 4301 1846 4367; x_wconf 86' lang='lat' dir='ltr'>autdux,comes</span> 
     </span>
    </p>
   </div>
   <div class='ocr_carea' id='block_1_46' title="bbox 194 4389 1849 4462">
    <p class='ocr_par' dir='ltr' id='par_1_46' title="bbox 194 4389 1849 4462">
     <span class='ocr_line' id='line_1_46' title="bbox 194 4389 1849 4462; baseline -0.003 -13"><span class='ocrx_word' id='word_1_286' title='bbox 194 4397 296 4450; x_wconf 90' lang='lat' dir='ltr'>aut</span> <span class='ocrx_word' id='word_1_287' title='bbox 322 4392 664 4456; x_wconf 89' lang='lat' dir='ltr'>vicecomes,</span> <span class='ocrx_word' id='word_1_288' title='bbox 712 4390 896 4459; x_wconf 84' lang='lat' dir='ltr'>judex</span> <span class='ocrx_word' id='word_1_289' title='bbox 925 4394 1026 4444; x_wconf 90' lang='lat' dir='ltr'>aut</span> <span class='ocrx_word' id='word_1_290' title='bbox 1057 4406 1305 4462; x_wconf 87' lang='lat' dir='ltr'>persona</span> <span class='ocrx_word' id='word_1_291' title='bbox 1337 4389 1609 4461; x_wconf 85' lang='lat' dir='ltr'>quaelibet</span> <span class='ocrx_word' id='word_1_292' title='bbox 1635 4406 1849 4461; x_wconf 84' lang='lat' dir='ltr'>magna</span> 
     </span>
    </p>
   </div>
   <div class='ocr_carea' id='block_1_47' title="bbox 193 4476 1848 4552">
    <p class='ocr_par' dir='ltr' id='par_1_47' title="bbox 193 4476 1848 4552">
     <span class='ocr_line' id='line_1_47' title="bbox 193 4476 1848 4552; baseline -0.002 -16"><span class='ocrx_word' id='word_1_293' title='bbox 193 4480 279 4536; x_wconf 86' lang='lat' dir='ltr'>vel</span> <span class='ocrx_word' id='word_1_294' title='bbox 312 4496 509 4552; x_wconf 90' lang='lat' dir='ltr'>parva,</span> <span class='ocrx_word' id='word_1_295' title='bbox 541 4477 837 4533; x_wconf 88' lang='lat' dir='ltr'>sacularis</span> <span class='ocrx_word' id='word_1_296' title='bbox 866 4478 954 4532; x_wconf 85' lang='lat' dir='ltr'>vel</span> <span class='ocrx_word' id='word_1_297' title='bbox 986 4476 1380 4533; x_wconf 89' lang='lat' dir='ltr'>ecclesiastica</span> <span class='ocrx_word' id='word_1_298' title='bbox 1411 4478 1588 4549; x_wconf 81' lang='lat' dir='ltr'>huius</span> <span class='ocrx_word' id='word_1_299' title='bbox 1637 4482 1848 4534; x_wconf 90' lang='lat' dir='ltr'>nostra</span> 
     </span>
    </p>
   </div>
   <div class='ocr_carea' id='block_1_48' title="bbox 195 4566 1851 4638">
    <p class='ocr_par' dir='ltr' id='par_1_48' title="bbox 195 4566 1851 4638">
     <span class='ocr_line' id='line_1_48' title="bbox 195 4566 1851 4638; baseline -0.001 -14"><span class='ocrx_word' id='word_1_300' title='bbox 195 4566 635 4625; x_wconf 88' lang='lat' dir='ltr'>constitutionis</span> <span class='ocrx_word' id='word_1_301' title='bbox 667 4566 941 4638; x_wconf 84' lang='lat' dir='ltr'>paginam</span> <span class='ocrx_word' id='word_1_302' title='bbox 974 4567 1165 4622; x_wconf 91' lang='lat' dir='ltr'>sciens</span> <span class='ocrx_word' id='word_1_303' title='bbox 1205 4571 1408 4622; x_wconf 91' lang='lat' dir='ltr'>contra</span> <span class='ocrx_word' id='word_1_304' title='bbox 1455 4584 1584 4623; x_wconf 90' lang='lat' dir='ltr'>eam</span> <span class='ocrx_word' id='word_1_305' title='bbox 1634 4571 1851 4623; x_wconf 89' lang='lat' dir='ltr'>temere</span> 
     </span>
    </p>
   </div>
   <div class='ocr_carea' id='block_1_49' title="bbox 197 4655 1928 4736">
    <p class='ocr_par' dir='ltr' id='par_1_49' title="bbox 197 4655 1928 4736">
     <span class='ocr_line' id='line_1_49' title="bbox 197 4655 1928 4736; baseline 0 -24"><span class='ocrx_word' id='word_1_306' title='bbox 197 4657 394 4715; x_wconf 89' lang='lat' dir='ltr'>venire</span> <span class='ocrx_word' id='word_1_307' title='bbox 452 4655 781 4721; x_wconf 86' lang='lat' dir='ltr'>tentaverit,</span> <span class='ocrx_word' id='word_1_308' title='bbox 831 4656 1086 4710; x_wconf 91' lang='lat' dir='ltr'>secundo</span> <span class='ocrx_word' id='word_1_309' title='bbox 1145 4655 1382 4712; x_wconf 90' lang='lat' dir='ltr'>tertiove</span> <span class='ocrx_word' id='word_1_310' title='bbox 1435 4655 1848 4723; x_wconf 90' lang='lat' dir='ltr'>commonitus,</span> <span class='ocrx_word' id='word_1_311' title='bbox 1881 4672 1928 4736; x_wconf 73' lang='grc' dir='ltr'>υ</span> 
     </span>
    </p>
   </div>
   <div class='ocr_carea' id='block_1_50' title="bbox 197 4743 1850 4817">
    <p class='ocr_par' dir='ltr' id='par_1_50' title="bbox 197 4743 1850 4817">
     <span class='ocr_line' id='line_1_50' title="bbox 197 4743 1850 4817; baseline -0.001 -15"><span class='ocrx_word' id='word_1_312' title='bbox 197 4747 248 4802; x_wconf 90' lang='lat' dir='ltr'>si</span> <span class='ocrx_word' id='word_1_313' title='bbox 299 4743 866 4807; x_wconf 81' lang='lat' dir='ltr'>nonsatisfactione</span> <span class='ocrx_word' id='word_1_314' title='bbox 912 4760 1169 4816; x_wconf 89' lang='lat' dir='ltr'>congrua</span> <span class='ocrx_word' id='word_1_315' title='bbox 1216 4745 1630 4815; x_wconf 88' lang='lat' dir='ltr'>emendaverit,</span> <span class='ocrx_word' id='word_1_316' title='bbox 1691 4749 1850 4817; x_wconf 91' lang='lat' dir='ltr'>pote-</span> 
     </span>
    </p>
   </div>
   <div class='ocr_carea' id='block_1_51' title="bbox 201 4831 1852 4906">
    <p class='ocr_par' dir='ltr' id='par_1_51' title="bbox 201 4831 1852 4906">
     <span class='ocr_line' id='line_1_51' title="bbox 201 4831 1852 4906; baseline -0.002 -14"><span class='ocrx_word' id='word_1_317' title='bbox 201 4834 372 4892; x_wconf 87' lang='lat' dir='ltr'>statis</span> <span class='ocrx_word' id='word_1_318' title='bbox 404 4831 758 4904; x_wconf 87' lang='lat' dir='ltr'>honorisque</span> <span class='ocrx_word' id='word_1_319' title='bbox 789 4832 881 4888; x_wconf 91' lang='lat' dir='ltr'>sui</span> <span class='ocrx_word' id='word_1_320' title='bbox 911 4832 1194 4906; x_wconf 86' lang='lat' dir='ltr'>dignitate</span> <span class='ocrx_word' id='word_1_321' title='bbox 1231 4837 1442 4901; x_wconf 88' lang='lat' dir='ltr'>careat,</span> <span class='ocrx_word' id='word_1_322' title='bbox 1475 4850 1759 4905; x_wconf 91' lang='lat' dir='ltr'>reumque</span> <span class='ocrx_word' id='word_1_323' title='bbox 1790 4851 1852 4890; x_wconf 91' lang='lat' dir='ltr'>se</span> 
     </span>
    </p>
   </div>
   <div class='ocr_carea' id='block_1_52' title="bbox 201 4921 1856 4996">
    <p class='ocr_par' dir='ltr' id='par_1_52' title="bbox 201 4921 1856 4996">
     <span class='ocr_line' id='line_1_52' title="bbox 201 4921 1856 4996; baseline 0 -18"><span class='ocrx_word' id='word_1_324' title='bbox 201 4923 396 4978; x_wconf 84' lang='lat' dir='ltr'>divino</span> <span class='ocrx_word' id='word_1_325' title='bbox 419 4921 643 4992; x_wconf 89' lang='lat' dir='ltr'>judicio</span> <span class='ocrx_word' id='word_1_326' title='bbox 675 4921 1018 4992; x_wconf 84' lang='lat' dir='ltr'>existere,ut</span> <span class='ocrx_word' id='word_1_327' title='bbox 1050 4939 1083 4976; x_wconf 90' lang='lat' dir='ltr'>a</span> <span class='ocrx_word' id='word_1_328' title='bbox 1115 4922 1515 4979; x_wconf 85' lang='lat' dir='ltr'>sacratissimo</span> <span class='ocrx_word' id='word_1_329' title='bbox 1541 4940 1779 4996; x_wconf 91' lang='lat' dir='ltr'>corpore</span> <span class='ocrx_word' id='word_1_330' title='bbox 1799 4927 1856 4978; x_wconf 91' lang='lat' dir='ltr'>et</span> 
     </span>
    </p>
   </div>
   <div class='ocr_carea' id='block_1_53' title="bbox 204 5010 1853 5084">
    <p class='ocr_par' dir='ltr' id='par_1_53' title="bbox 204 5010 1853 5084">
     <span class='ocr_line' id='line_1_53' title="bbox 204 5010 1853 5084; baseline -0.002 -15"><span class='ocrx_word' id='word_1_331' title='bbox 204 5011 491 5084; x_wconf 89' lang='lat' dir='ltr'>sanguine</span> <span class='ocrx_word' id='word_1_332' title='bbox 517 5010 618 5067; x_wconf 91' lang='lat' dir='ltr'>Dei</span> <span class='ocrx_word' id='word_1_333' title='bbox 665 5026 732 5066; x_wconf 89' lang='lat' dir='ltr'>ac</span> <span class='ocrx_word' id='word_1_334' title='bbox 781 5010 1014 5066; x_wconf 90' lang='lat' dir='ltr'>Domini</span> <span class='ocrx_word' id='word_1_335' title='bbox 1064 5011 1469 5082; x_wconf 79' lang='lat' dir='ltr'>Redemptoris</span> <span class='ocrx_word' id='word_1_336' title='bbox 1499 5013 1682 5068; x_wconf 90' lang='lat' dir='ltr'>nostri</span> <span class='ocrx_word' id='word_1_337' title='bbox 1714 5013 1853 5069; x_wconf 90' lang='lat' dir='ltr'>Jesu</span> 
     </span>
    </p>
   </div>
   <div class='ocr_carea' id='block_1_54' title="bbox 205 5097 1856 5172">
    <p class='ocr_par' dir='ltr' id='par_1_54' title="bbox 205 5097 1856 5172">
     <span class='ocr_line' id='line_1_54' title="bbox 205 5097 1856 5172; baseline 0 -17"><span class='ocrx_word' id='word_1_338' title='bbox 205 5099 418 5156; x_wconf 89' lang='lat' dir='ltr'>Christi</span> <span class='ocrx_word' id='word_1_339' title='bbox 452 5097 679 5154; x_wconf 89' lang='lat' dir='ltr'>alienus</span> <span class='ocrx_word' id='word_1_340' title='bbox 716 5101 838 5165; x_wconf 81' lang='lat' dir='ltr'>ﬁat,</span> <span class='ocrx_word' id='word_1_341' title='bbox 891 5104 1068 5172; x_wconf 87' lang='lat' dir='ltr'>atque</span> <span class='ocrx_word' id='word_1_342' title='bbox 1098 5099 1158 5154; x_wconf 92' lang='lat' dir='ltr'>in</span> <span class='ocrx_word' id='word_1_343' title='bbox 1190 5104 1446 5155; x_wconf 82' lang='lat' dir='ltr'>extremo</span> <span class='ocrx_word' id='word_1_344' title='bbox 1472 5101 1737 5157; x_wconf 84' lang='lat' dir='ltr'>examine</span> <span class='ocrx_word' id='word_1_345' title='bbox 1768 5101 1856 5156; x_wconf 92' lang='lat' dir='ltr'>di-</span> 
     </span>
    </p>
   </div>
   <div class='ocr_carea' id='block_1_55' title="bbox 206 5185 1857 5258">
    <p class='ocr_par' dir='ltr' id='par_1_55' title="bbox 206 5185 1857 5258">
     <span class='ocr_line' id='line_1_55' title="bbox 206 5185 1857 5258; baseline 0 -13"><span class='ocrx_word' id='word_1_346' title='bbox 206 5189 422 5245; x_wconf 84' lang='lat' dir='ltr'>stricta</span> <span class='ocrx_word' id='word_1_347' title='bbox 453 5185 660 5242; x_wconf 88' lang='lat' dir='ltr'>ultioni</span> <span class='ocrx_word' id='word_1_348' title='bbox 693 5189 1254 5258; x_wconf 86' lang='lat' dir='ltr'>subjaceat.Cunctis</span> <span class='ocrx_word' id='word_1_349' title='bbox 1287 5192 1481 5243; x_wconf 89' lang='lat' dir='ltr'>autem</span> <span class='ocrx_word' id='word_1_350' title='bbox 1514 5189 1700 5244; x_wconf 90' lang='lat' dir='ltr'>eidem</span> <span class='ocrx_word' id='word_1_351' title='bbox 1733 5189 1857 5245; x_wconf 92' lang='lat' dir='ltr'>loco</span> 
     </span>
    </p>
   </div>
   <div class='ocr_carea' id='block_1_56' title="bbox 201 5276 1858 5350">
    <p class='ocr_par' dir='ltr' id='par_1_56' title="bbox 201 5276 1858 5350">
     <span class='ocr_line' id='line_1_56' title="bbox 201 5276 1858 5350; baseline 0.001 -17"><span class='ocrx_word' id='word_1_352' title='bbox 201 5278 372 5350; x_wconf 80' lang='lat' dir='ltr'>juxta</span> <span class='ocrx_word' id='word_1_353' title='bbox 403 5276 772 5334; x_wconf 85' lang='lat' dir='ltr'>servantibus</span> <span class='ocrx_word' id='word_1_354' title='bbox 804 5277 881 5332; x_wconf 92' lang='lat' dir='ltr'>sit</span> <span class='ocrx_word' id='word_1_355' title='bbox 908 5295 1017 5349; x_wconf 86' lang='lat' dir='ltr'>pax</span> <span class='ocrx_word' id='word_1_356' title='bbox 1046 5277 1280 5332; x_wconf 89' lang='lat' dir='ltr'>Domini</span> <span class='ocrx_word' id='word_1_357' title='bbox 1305 5277 1488 5332; x_wconf 91' lang='lat' dir='ltr'>nostri</span> <span class='ocrx_word' id='word_1_358' title='bbox 1507 5279 1647 5333; x_wconf 89' lang='lat' dir='ltr'>Jesu</span> <span class='ocrx_word' id='word_1_359' title='bbox 1668 5278 1858 5335; x_wconf 86' lang='lat' dir='ltr'>Chris-</span> 
     </span>
    </p>
   </div>
   <div class='ocr_carea' id='block_1_57' title="bbox 211 5365 1861 5439">
    <p class='ocr_par' dir='ltr' id='par_1_57' title="bbox 211 5365 1861 5439">
     <span class='ocr_line' id='line_1_57' title="bbox 211 5365 1861 5439; baseline 0 -17"><span class='ocrx_word' id='word_1_360' title='bbox 211 5366 276 5434; x_wconf 89' lang='lat' dir='ltr'>ti,</span> <span class='ocrx_word' id='word_1_361' title='bbox 324 5368 619 5438; x_wconf 89' lang='lat' dir='ltr'>quatenus</span> <span class='ocrx_word' id='word_1_362' title='bbox 657 5369 714 5421; x_wconf 89' lang='lat' dir='ltr'>et</span> <span class='ocrx_word' id='word_1_363' title='bbox 741 5365 836 5422; x_wconf 92' lang='lat' dir='ltr'>hic</span> <span class='ocrx_word' id='word_1_364' title='bbox 868 5366 1124 5422; x_wconf 81' lang='lat' dir='ltr'>fructum</span> <span class='ocrx_word' id='word_1_365' title='bbox 1172 5367 1335 5423; x_wconf 83' lang='lat' dir='ltr'>bonae</span> <span class='ocrx_word' id='word_1_366' title='bbox 1379 5367 1622 5422; x_wconf 90' lang='lat' dir='ltr'>actionis</span> <span class='ocrx_word' id='word_1_367' title='bbox 1672 5368 1861 5439; x_wconf 88' lang='lat' dir='ltr'>perci-</span> 
     </span>
    </p>
   </div>
   <div class='ocr_carea' id='block_1_58' title="bbox 213 5454 1862 5528">
    <p class='ocr_par' dir='ltr' id='par_1_58' title="bbox 213 5454 1862 5528">
     <span class='ocr_line' id='line_1_58' title="bbox 213 5454 1862 5528; baseline 0.001 -18"><span class='ocrx_word' id='word_1_368' title='bbox 213 5455 397 5528; x_wconf 88' lang='lat' dir='ltr'>piant,</span> <span class='ocrx_word' id='word_1_369' title='bbox 432 5459 489 5510; x_wconf 87' lang='lat' dir='ltr'>et</span> <span class='ocrx_word' id='word_1_370' title='bbox 518 5454 673 5526; x_wconf 91' lang='lat' dir='ltr'>apud</span> <span class='ocrx_word' id='word_1_371' title='bbox 705 5455 1034 5511; x_wconf 90' lang='lat' dir='ltr'>districtum</span> <span class='ocrx_word' id='word_1_372' title='bbox 1065 5455 1319 5527; x_wconf 81' lang='lat' dir='ltr'>iudicem</span> <span class='ocrx_word' id='word_1_373' title='bbox 1370 5456 1608 5528; x_wconf 88' lang='lat' dir='ltr'>pramia</span> <span class='ocrx_word' id='word_1_374' title='bbox 1637 5461 1862 5514; x_wconf 84' lang='lat' dir='ltr'>aterna</span> 
     </span>
    </p>
   </div>
   <div class='ocr_carea' id='block_1_59' title="bbox 220 5543 962 5616">
    <p class='ocr_par' dir='ltr' id='par_1_59' title="bbox 220 5543 962 5616">
     <span class='ocr_line' id='line_1_59' title="bbox 220 5543 962 5616; baseline 0 -16"><span class='ocrx_word' id='word_1_375' title='bbox 220 5543 378 5616; x_wconf 90' lang='lat' dir='ltr'>pacis</span> <span class='ocrx_word' id='word_1_376' title='bbox 409 5543 725 5600; x_wconf 89' lang='lat' dir='ltr'>inveniant.</span> <span class='ocrx_word' id='word_1_377' title='bbox 758 5547 962 5601; x_wconf 88' lang='lat' dir='ltr'>Amen.</span> 
     </span>
    </p>
   </div>
   <div class='ocr_carea' id='block_1_60' title="bbox 294 5632 1869 5707">
    <p class='ocr_par' dir='ltr' id='par_1_60' title="bbox 294 5632 1869 5707">
     <span class='ocr_line' id='line_1_60' title="bbox 294 5632 1869 5707; baseline 0.002 -19"><span class='ocrx_word' id='word_1_378' title='bbox 294 5634 502 5689; x_wconf 87' lang='lat' dir='ltr'>Datum</span> <span class='ocrx_word' id='word_1_379' title='bbox 525 5632 828 5689; x_wconf 88' lang='lat' dir='ltr'>Placentia</span> <span class='ocrx_word' id='word_1_380' title='bbox 851 5651 954 5707; x_wconf 91' lang='lat' dir='ltr'>per</span> <span class='ocrx_word' id='word_1_381' title='bbox 974 5651 1215 5691; x_wconf 89' lang='lat' dir='ltr'>manum</span> <span class='ocrx_word' id='word_1_382' title='bbox 1235 5635 1494 5702; x_wconf 90' lang='lat' dir='ltr'>Joannis,</span> <span class='ocrx_word' id='word_1_383' title='bbox 1518 5638 1731 5690; x_wconf 87' lang='lat' dir='ltr'>sancta</span> <span class='ocrx_word' id='word_1_384' title='bbox 1765 5636 1869 5691; x_wconf 82' lang='lat' dir='ltr'>Ro-</span> 
     </span>
    </p>
   </div>
   <div class='ocr_carea' id='block_1_61' title="bbox 221 5721 1866 5795">
    <p class='ocr_par' dir='ltr' id='par_1_61' title="bbox 221 5721 1866 5795">
     <span class='ocr_line' id='line_1_61' title="bbox 221 5721 1866 5795; baseline 0.001 -17"><span class='ocrx_word' id='word_1_385' title='bbox 221 5737 407 5779; x_wconf 84' lang='lat' dir='ltr'>mana</span> <span class='ocrx_word' id='word_1_386' title='bbox 439 5721 704 5779; x_wconf 88' lang='lat' dir='ltr'>Ecclesia</span> <span class='ocrx_word' id='word_1_387' title='bbox 737 5723 965 5781; x_wconf 89' lang='lat' dir='ltr'>diaconi</span> <span class='ocrx_word' id='word_1_388' title='bbox 995 5723 1328 5791; x_wconf 88' lang='lat' dir='ltr'>cardinalis,</span> <span class='ocrx_word' id='word_1_389' title='bbox 1360 5742 1416 5782; x_wconf 81' lang='lat' dir='ltr'>v1</span> <span class='ocrx_word' id='word_1_390' title='bbox 1469 5724 1604 5782; x_wconf 90' lang='lat' dir='ltr'>Idus</span> <span class='ocrx_word' id='word_1_391' title='bbox 1655 5724 1866 5795; x_wconf 86' lang='lat' dir='ltr'>Martii,</span> 
     </span>
    </p>
   </div>
   <div class='ocr_carea' id='block_1_62' title="bbox 1861 3273 2202 3371">
    <p class='ocr_par' dir='ltr' id='par_1_62' title="bbox 1861 3273 2202 3371">
     <span class='ocr_line' id='line_1_62' title="bbox 1861 3273 2202 3371; baseline -0.009 -41"><span class='ocrx_word' id='word_1_392' title='bbox 1861 3305 1905 3371; x_wconf 65' lang='grc' dir='ltr'>α</span> <span class='ocrx_word' id='word_1_393' title='bbox 2016 3273 2202 3330; x_wconf 69' lang='lat' dir='ltr'>laedat.</span> 
     </span>
    </p>
   </div>
   <div class='ocr_carea' id='block_1_63' title="bbox 1923 664 3177 737">
    <p class='ocr_par' dir='ltr' id='par_1_63' title="bbox 1923 664 3177 737">
     <span class='ocr_line' id='line_1_63' title="bbox 1923 664 3177 737; baseline -0.002 -15"><span class='ocrx_word' id='word_1_394' title='bbox 1923 669 2090 722; x_wconf 90' lang='lat' dir='ltr'>catus</span> <span class='ocrx_word' id='word_1_395' title='bbox 2121 669 2314 721; x_wconf 87' lang='lat' dir='ltr'>autem</span> <span class='ocrx_word' id='word_1_396' title='bbox 2345 665 2542 720; x_wconf 91' lang='lat' dir='ltr'>domni</span> <span class='ocrx_word' id='word_1_397' title='bbox 2574 664 2787 720; x_wconf 86' lang='lat' dir='ltr'>Urbani</span> <span class='ocrx_word' id='word_1_398' title='bbox 2815 665 2861 720; x_wconf 95' lang='lat' dir='ltr'>II</span> <span class='ocrx_word' id='word_1_399' title='bbox 2888 680 3052 737; x_wconf 86' lang='lat' dir='ltr'>papa</span> <span class='ocrx_word' id='word_1_400' title='bbox 3079 681 3177 720; x_wconf 85' lang='lat' dir='ltr'>vn.</span> 
     </span>
    </p>
   </div>
   <div class='ocr_carea' id='block_1_64' title="bbox 2620 771 2874 827">
    <p class='ocr_par' dir='ltr' id='par_1_64' title="bbox 2620 771 2874 827">
     <span class='ocr_line' id='line_1_64' title="bbox 2620 771 2874 827; baseline 0.004 -2"><span class='ocrx_word' id='word_1_401' title='bbox 2620 771 2874 827; x_wconf 86' lang='lat' dir='ltr'>CXXXII.</span> 
     </span>
    </p>
   </div>
   <div class='ocr_carea' id='block_1_65' title="bbox 1931 861 3572 930">
    <p class='ocr_par' dir='ltr' id='par_1_65' title="bbox 1931 861 3572 930">
     <span class='ocr_line' id='line_1_65' title="bbox 1931 861 3572 930; baseline 0 -12"><span class='ocrx_word' id='word_1_402' title='bbox 1931 863 2136 920; x_wconf 79' lang='lat' dir='ltr'>Urbani</span> <span class='ocrx_word' id='word_1_403' title='bbox 2156 863 2206 916; x_wconf 90' lang='lat' dir='ltr'>II</span> <span class='ocrx_word' id='word_1_404' title='bbox 2233 861 2460 930; x_wconf 86' lang='lat' dir='ltr'>epistola</span> <span class='ocrx_word' id='word_1_405' title='bbox 2511 861 2581 915; x_wconf 87' lang='lat' dir='ltr'>ad</span> <span class='ocrx_word' id='word_1_406' title='bbox 2629 861 2939 918; x_wconf 85' lang='lat' dir='ltr'>Rotbertum</span> <span class='ocrx_word' id='word_1_407' title='bbox 2967 861 3389 918; x_wconf 83' lang='lat' dir='ltr'>Flandrensium</span> <span class='ocrx_word' id='word_1_408' title='bbox 3403 863 3572 918; x_wconf 87' lang='lat' dir='ltr'>comi-</span> 
     </span>
    </p>
   </div>
   <div class='ocr_carea' id='block_1_66' title="bbox 1996 934 3572 1004">
    <p class='ocr_par' dir='ltr' id='par_1_66' title="bbox 1996 934 3572 1004">
     <span class='ocr_line' id='line_1_66' title="bbox 1996 934 3572 1004; baseline 0 -16"><span class='ocrx_word' id='word_1_409' title='bbox 1996 936 2122 998; x_wconf 88' lang='lat' dir='ltr'>tem,</span> <span class='ocrx_word' id='word_1_410' title='bbox 2157 936 2207 987; x_wconf 88' lang='lat' dir='ltr'>et</span> <span class='ocrx_word' id='word_1_411' title='bbox 2236 934 2352 1004; x_wconf 82' lang='lat' dir='ltr'>ejus</span> <span class='ocrx_word' id='word_1_412' title='bbox 2378 934 2675 1002; x_wconf 77' lang='lat' dir='ltr'>optimates.</span> <span class='ocrx_word' id='word_1_413' title='bbox 2705 965 2772 972; x_wconf 92' lang='lat'>-—</span> <span class='ocrx_word' id='word_1_414' title='bbox 2802 934 3064 987; x_wconf 81' lang='lat' dir='ltr'>Hortatur</span> <span class='ocrx_word' id='word_1_415' title='bbox 3099 940 3162 988; x_wconf 87' lang='lat' dir='ltr'>ut</span> <span class='ocrx_word' id='word_1_416' title='bbox 3209 934 3572 1000; x_wconf 86' lang='lat' dir='ltr'>Lambertum,</span> 
     </span>
    </p>
   </div>
   <div class='ocr_carea' id='block_1_67' title="bbox 1997 1004 3576 1076">
    <p class='ocr_par' dir='ltr' id='par_1_67' title="bbox 1997 1004 3576 1076">
     <span class='ocr_line' id='line_1_67' title="bbox 1997 1004 3576 1076; baseline 0.001 -16"><span class='ocrx_word' id='word_1_417' title='bbox 1997 1006 2307 1076; x_wconf 77' lang='lat' dir='ltr'>episcopum</span> <span class='ocrx_word' id='word_1_418' title='bbox 2333 1004 2768 1076; x_wconf 15' lang='lat' dir='ltr'>idtrebatensem,</span> <span class='ocrx_word' id='word_1_419' title='bbox 2804 1005 2864 1059; x_wconf 90' lang='lat' dir='ltr'>iu</span> <span class='ocrx_word' id='word_1_420' title='bbox 2910 1005 3297 1076; x_wconf 74' lang='lat' dir='ltr'>recuperandis</span> <span class='ocrx_word' id='word_1_421' title='bbox 3327 1005 3576 1061; x_wconf 78' lang='lat' dir='ltr'>Ecclesia</span> 
     </span>
    </p>
   </div>
   <div class='ocr_carea' id='block_1_68' title="bbox 1995 1075 2694 1147">
    <p class='ocr_par' dir='ltr' id='par_1_68' title="bbox 1995 1075 2694 1147">
     <span class='ocr_line' id='line_1_68' title="bbox 1995 1075 2694 1147; baseline -0.004 -15"><span class='ocrx_word' id='word_1_422' title='bbox 1995 1075 2425 1147; x_wconf 67' lang='lat' dir='ltr'>possessionibus</span> <span class='ocrx_word' id='word_1_423' title='bbox 2454 1075 2694 1146; x_wconf 83' lang='lat' dir='ltr'>adjuvet.</span> 
     </span>
    </p>
   </div>
   <div class='ocr_carea' id='block_1_69' title="bbox 2559 1164 2961 1235">
    <p class='ocr_par' dir='ltr' id='par_1_69' title="bbox 2559 1164 2961 1235">
     <span class='ocr_line' id='line_1_69' title="bbox 2559 1164 2961 1235; baseline -0.002 -16"><span class='ocrx_word' id='word_1_424' title='bbox 2559 1164 2746 1235; x_wconf 87' lang='lat' dir='ltr'>(Anno</span> <span class='ocrx_word' id='word_1_425' title='bbox 2778 1165 2961 1232; x_wconf 75' lang='lat'>1095.)</span> 
     </span>
    </p>
   </div>
   <div class='ocr_carea' id='block_1_70' title="bbox 2359 1251 3148 1326">
    <p class='ocr_par' dir='ltr' id='par_1_70' title="bbox 2359 1251 3148 1326">
     <span class='ocr_line' id='line_1_70' title="bbox 2359 1251 3148 1326; baseline 0 -18"><span class='ocrx_word' id='word_1_426' title='bbox 2359 1253 2588 1321; x_wconf 75' lang='lat' dir='ltr'>[MANSI,</span> <span class='ocrx_word' id='word_1_427' title='bbox 2623 1252 2827 1308; x_wconf 83' lang='lat' dir='ltr'>Concil.</span> <span class='ocrx_word' id='word_1_428' title='bbox 2855 1251 2967 1320; x_wconf 87' lang='lat' dir='ltr'>XX,</span> <span class='ocrx_word' id='word_1_429' title='bbox 2998 1254 3148 1326; x_wconf 87' lang='lat'>675.]</span> 
     </span>
    </p>
   </div>
   <div class='ocr_carea' id='block_1_71' title="bbox 2003 1340 3579 1412">
    <p class='ocr_par' dir='ltr' id='par_1_71' title="bbox 2003 1340 3579 1412">
     <span class='ocr_line' id='line_1_71' title="bbox 2003 1340 3579 1412; baseline -0.001 -15"><span class='ocrx_word' id='word_1_430' title='bbox 2003 1342 2278 1398; x_wconf 76' lang='lat' dir='ltr'>UBBANUS</span> <span class='ocrx_word' id='word_1_431' title='bbox 2307 1340 2635 1412; x_wconf 88' lang='lat' dir='ltr'>episcopus,</span> <span class='ocrx_word' id='word_1_432' title='bbox 2671 1358 2873 1398; x_wconf 88' lang='lat' dir='ltr'>servus</span> <span class='ocrx_word' id='word_1_433' title='bbox 2901 1359 3202 1397; x_wconf 90' lang='lat' dir='ltr'>servorum</span> <span class='ocrx_word' id='word_1_434' title='bbox 3237 1342 3579 1409; x_wconf 91' lang='lat' dir='ltr'>Dei,dilecto</span> 
     </span>
    </p>
   </div>
   <div class='ocr_carea' id='block_1_72' title="bbox 1932 1429 3583 1503">
    <p class='ocr_par' dir='ltr' id='par_1_72' title="bbox 1932 1429 3583 1503">
     <span class='ocr_line' id='line_1_72' title="bbox 1932 1429 3583 1503; baseline -0.001 -19"><span class='ocrx_word' id='word_1_435' title='bbox 1932 1429 2049 1486; x_wconf 85' lang='lat' dir='ltr'>ﬁlio</span> <span class='ocrx_word' id='word_1_436' title='bbox 2083 1431 2402 1496; x_wconf 75' lang='lat' dir='ltr'>Rorssn&#39;ro,</span> <span class='ocrx_word' id='word_1_437' title='bbox 2439 1429 2887 1485; x_wconf 89' lang='lat' dir='ltr'>Flandrensium</span> <span class='ocrx_word' id='word_1_438' title='bbox 2938 1431 3156 1497; x_wconf 88' lang='lat' dir='ltr'>comiti,</span> <span class='ocrx_word' id='word_1_439' title='bbox 3190 1434 3247 1486; x_wconf 90' lang='lat' dir='ltr'>et</span> <span class='ocrx_word' id='word_1_440' title='bbox 3289 1429 3583 1503; x_wconf 82' lang='lat' dir='ltr'>optimati—</span> 
     </span>
    </p>
   </div>
   <div class='ocr_carea' id='block_1_73' title="bbox 1929 1517 3504 1589">
    <p class='ocr_par' dir='ltr' id='par_1_73' title="bbox 1929 1517 3504 1589">
     <span class='ocr_line' id='line_1_73' title="bbox 1929 1517 3504 1589; baseline -0.001 -15"><span class='ocrx_word' id='word_1_441' title='bbox 1929 1519 2044 1574; x_wconf 89' lang='lat' dir='ltr'>bus</span> <span class='ocrx_word' id='word_1_442' title='bbox 2075 1519 2222 1586; x_wconf 90' lang='lat' dir='ltr'>suis,</span> <span class='ocrx_word' id='word_1_443' title='bbox 2243 1518 2492 1573; x_wconf 90' lang='lat' dir='ltr'>salutem</span> <span class='ocrx_word' id='word_1_444' title='bbox 2526 1522 2581 1573; x_wconf 91' lang='lat' dir='ltr'>et</span> <span class='ocrx_word' id='word_1_445' title='bbox 2610 1517 2988 1589; x_wconf 86' lang='lat' dir='ltr'>apostolicam</span> <span class='ocrx_word' id='word_1_446' title='bbox 3019 1518 3504 1575; x_wconf 86' lang='lat' dir='ltr'>benedictionem.</span> 
     </span>
    </p>
   </div>
   <div class='ocr_carea' id='block_1_74' title="bbox 2004 1605 3582 1674">
    <p class='ocr_par' dir='ltr' id='par_1_74' title="bbox 2004 1605 3582 1674">
     <span class='ocr_line' id='line_1_74' title="bbox 2004 1605 3582 1674; baseline 0.001 -13"><span class='ocrx_word' id='word_1_447' title='bbox 2004 1607 2110 1662; x_wconf 89' lang='lat' dir='ltr'>Pro</span> <span class='ocrx_word' id='word_1_448' title='bbox 2140 1605 2484 1662; x_wconf 89' lang='lat' dir='ltr'>charissimo</span> <span class='ocrx_word' id='word_1_449' title='bbox 2529 1608 2705 1661; x_wconf 86' lang='lat' dir='ltr'>fratre</span> <span class='ocrx_word' id='word_1_450' title='bbox 2753 1609 2950 1662; x_wconf 90' lang='lat' dir='ltr'>nostro</span> <span class='ocrx_word' id='word_1_451' title='bbox 2982 1607 3313 1674; x_wconf 91' lang='lat' dir='ltr'>Lamberto,</span> <span class='ocrx_word' id='word_1_452' title='bbox 3346 1609 3582 1663; x_wconf 87' lang='lat' dir='ltr'>Atreba-</span> 
     </span>
    </p>
   </div>
   <div class='ocr_carea' id='block_1_75' title="bbox 1931 1695 3584 1768">
    <p class='ocr_par' dir='ltr' id='par_1_75' title="bbox 1931 1695 3584 1768">
     <span class='ocr_line' id='line_1_75' title="bbox 1931 1695 3584 1768; baseline 0 -18"><span class='ocrx_word' id='word_1_453' title='bbox 1931 1695 2082 1751; x_wconf 91' lang='lat' dir='ltr'>tensi</span> <span class='ocrx_word' id='word_1_454' title='bbox 2111 1695 2403 1767; x_wconf 90' lang='lat' dir='ltr'>episcopo,</span> <span class='ocrx_word' id='word_1_455' title='bbox 2437 1695 2695 1768; x_wconf 88' lang='lat' dir='ltr'>repetitis</span> <span class='ocrx_word' id='word_1_456' title='bbox 2723 1711 2825 1751; x_wconf 89' lang='lat' dir='ltr'>vos</span> <span class='ocrx_word' id='word_1_457' title='bbox 2854 1695 3060 1750; x_wconf 89' lang='lat' dir='ltr'>litteris</span> <span class='ocrx_word' id='word_1_458' title='bbox 3109 1696 3486 1752; x_wconf 88' lang='lat' dir='ltr'>exhortamur</span> <span class='ocrx_word' id='word_1_459' title='bbox 3525 1699 3584 1752; x_wconf 90' lang='lat' dir='ltr'>et</span> 
     </span>
    </p>
   </div>
   <div class='ocr_carea' id='block_1_76' title="bbox 1933 1784 3583 1856">
    <p class='ocr_par' dir='ltr' id='par_1_76' title="bbox 1933 1784 3583 1856">
     <span class='ocr_line' id='line_1_76' title="bbox 1933 1784 3583 1856; baseline 0.001 -18"><span class='ocrx_word' id='word_1_460' title='bbox 1933 1801 2192 1850; x_wconf 90' lang='lat' dir='ltr'>oramus,</span> <span class='ocrx_word' id='word_1_461' title='bbox 2221 1788 2286 1838; x_wconf 91' lang='lat' dir='ltr'>ut</span> <span class='ocrx_word' id='word_1_462' title='bbox 2313 1784 2363 1838; x_wconf 89' lang='lat' dir='ltr'>ei</span> <span class='ocrx_word' id='word_1_463' title='bbox 2397 1785 2467 1839; x_wconf 91' lang='lat' dir='ltr'>ad</span> <span class='ocrx_word' id='word_1_464' title='bbox 2511 1784 2895 1855; x_wconf 86' lang='lat' dir='ltr'>reparandam</span> <span class='ocrx_word' id='word_1_465' title='bbox 2923 1785 3182 1839; x_wconf 88' lang='lat' dir='ltr'>renovati</span> <span class='ocrx_word' id='word_1_466' title='bbox 3211 1786 3583 1856; x_wconf 89' lang='lat' dir='ltr'>episcopatus</span> 
     </span>
    </p>
   </div>
   <div class='ocr_carea' id='block_1_77' title="bbox 1933 1870 3581 1945">
    <p class='ocr_par' dir='ltr' id='par_1_77' title="bbox 1933 1870 3581 1945">
     <span class='ocr_line' id='line_1_77' title="bbox 1933 1870 3581 1945; baseline 0.001 -19"><span class='ocrx_word' id='word_1_467' title='bbox 1933 1871 2279 1945; x_wconf 82' lang='lat' dir='ltr'>dignitatem</span> <span class='ocrx_word' id='word_1_468' title='bbox 2301 1871 2522 1927; x_wconf 91' lang='lat' dir='ltr'>consilii</span> <span class='ocrx_word' id='word_1_469' title='bbox 2539 1876 2594 1927; x_wconf 90' lang='lat' dir='ltr'>et</span> <span class='ocrx_word' id='word_1_470' title='bbox 2615 1870 2812 1927; x_wconf 85' lang='lat' dir='ltr'>auxilii</span> <span class='ocrx_word' id='word_1_471' title='bbox 2831 1871 3007 1927; x_wconf 90' lang='lat' dir='ltr'>vestri</span> <span class='ocrx_word' id='word_1_472' title='bbox 3025 1889 3236 1928; x_wconf 89' lang='lat' dir='ltr'>manus</span> <span class='ocrx_word' id='word_1_473' title='bbox 3249 1873 3581 1944; x_wconf 76' lang='lat' dir='ltr'>porrigetis,</span> 
     </span>
    </p>
   </div>
   <div class='ocr_carea' id='block_1_78' title="bbox 1932 1960 3584 2033">
    <p class='ocr_par' dir='ltr' id='par_1_78' title="bbox 1932 1960 3584 2033">
     <span class='ocr_line' id='line_1_78' title="bbox 1932 1960 3584 2033; baseline 0 -17"><span class='ocrx_word' id='word_1_474' title='bbox 1932 1965 1988 2016; x_wconf 90' lang='lat' dir='ltr'>et</span> <span class='ocrx_word' id='word_1_475' title='bbox 2017 1961 2418 2032; x_wconf 90' lang='lat' dir='ltr'>possessiones</span> <span class='ocrx_word' id='word_1_476' title='bbox 2456 1961 2720 2032; x_wconf 89' lang='lat' dir='ltr'>ejusdem</span> <span class='ocrx_word' id='word_1_477' title='bbox 2761 1960 3132 2033; x_wconf 90' lang='lat' dir='ltr'>episcopatus</span> <span class='ocrx_word' id='word_1_478' title='bbox 3153 1978 3187 2016; x_wconf 87' lang='lat' dir='ltr'>a</span> <span class='ocrx_word' id='word_1_479' title='bbox 3207 1961 3584 2017; x_wconf 88' lang='lat' dir='ltr'>Cameracen-</span> 
     </span>
    </p>
   </div>
   <div class='ocr_carea' id='block_1_79' title="bbox 1936 2048 3587 2121">
    <p class='ocr_par' dir='ltr' id='par_1_79' title="bbox 1936 2048 3587 2121">
     <span class='ocr_line' id='line_1_79' title="bbox 1936 2048 3587 2121; baseline 0.001 -17"><span class='ocrx_word' id='word_1_480' title='bbox 1936 2049 2100 2105; x_wconf 92' lang='lat' dir='ltr'>sibus</span> <span class='ocrx_word' id='word_1_481' title='bbox 2149 2049 2460 2121; x_wconf 84' lang='lat' dir='ltr'>episcOpis,</span> <span class='ocrx_word' id='word_1_482' title='bbox 2495 2049 2709 2120; x_wconf 89' lang='lat' dir='ltr'>quibus</span> <span class='ocrx_word' id='word_1_483' title='bbox 2755 2048 2999 2104; x_wconf 89' lang='lat' dir='ltr'>ecclesia</span> <span class='ocrx_word' id='word_1_484' title='bbox 3036 2050 3236 2105; x_wconf 90' lang='lat' dir='ltr'>eadem</span> <span class='ocrx_word' id='word_1_485' title='bbox 3267 2049 3587 2106; x_wconf 54' lang='lat' dir='ltr'>commissis</span> 
     </span>
    </p>
   </div>
   <div class='ocr_carea' id='block_1_80' title="bbox 1934 2137 3588 2204">
    <p class='ocr_par' dir='ltr' id='par_1_80' title="bbox 1934 2137 3588 2204">
     <span class='ocr_line' id='line_1_80' title="bbox 1934 2137 3588 2204; baseline 0 -12"><span class='ocrx_word' id='word_1_486' title='bbox 1934 2138 2139 2204; x_wconf 87' lang='lat' dir='ltr'>fuerat,</span> <span class='ocrx_word' id='word_1_487' title='bbox 2175 2137 2323 2194; x_wconf 89' lang='lat' dir='ltr'>male</span> <span class='ocrx_word' id='word_1_488' title='bbox 2353 2139 2684 2204; x_wconf 90' lang='lat' dir='ltr'>distractas,</span> <span class='ocrx_word' id='word_1_489' title='bbox 2719 2138 2788 2193; x_wconf 92' lang='lat' dir='ltr'>de</span> <span class='ocrx_word' id='word_1_490' title='bbox 2819 2138 3092 2193; x_wconf 88' lang='lat' dir='ltr'>manibus</span> <span class='ocrx_word' id='word_1_491' title='bbox 3121 2138 3448 2193; x_wconf 90' lang='lat' dir='ltr'>tenentium</span> <span class='ocrx_word' id='word_1_492' title='bbox 3481 2137 3588 2192; x_wconf 89' lang='lat' dir='ltr'>eri-</span> 
     </span>
    </p>
   </div>
   <div class='ocr_carea' id='block_1_81' title="bbox 1935 2225 3584 2298">
    <p class='ocr_par' dir='ltr' id='par_1_81' title="bbox 1935 2225 3584 2298">
     <span class='ocr_line' id='line_1_81' title="bbox 1935 2225 3584 2298; baseline 0 -16"><span class='ocrx_word' id='word_1_493' title='bbox 1935 2243 2090 2298; x_wconf 90' lang='lat' dir='ltr'>pere,</span> <span class='ocrx_word' id='word_1_494' title='bbox 2125 2231 2184 2282; x_wconf 93' lang='lat' dir='ltr'>et</span> <span class='ocrx_word' id='word_1_495' title='bbox 2229 2226 2419 2282; x_wconf 91' lang='lat' dir='ltr'>eidem</span> <span class='ocrx_word' id='word_1_496' title='bbox 2476 2226 2733 2281; x_wconf 82' lang='lat' dir='ltr'>ecclesiae</span> <span class='ocrx_word' id='word_1_497' title='bbox 2785 2225 3091 2282; x_wconf 90' lang='lat' dir='ltr'>restituere</span> <span class='ocrx_word' id='word_1_498' title='bbox 3119 2242 3221 2297; x_wconf 91' lang='lat' dir='ltr'>pro</span> <span class='ocrx_word' id='word_1_499' title='bbox 3260 2229 3584 2282; x_wconf 86' lang='lat' dir='ltr'>vestrorum</span> 
     </span>
    </p>
   </div>
   <div class='ocr_carea' id='block_1_82' title="bbox 1937 2313 3582 2387">
    <p class='ocr_par' dir='ltr' id='par_1_82' title="bbox 1937 2313 3582 2387">
     <span class='ocr_line' id='line_1_82' title="bbox 1937 2313 3582 2387; baseline -0.001 -17"><span class='ocrx_word' id='word_1_500' title='bbox 1937 2320 2306 2387; x_wconf 89' lang='lat' dir='ltr'>peccatorum</span> <span class='ocrx_word' id='word_1_501' title='bbox 2339 2315 2683 2370; x_wconf 89' lang='lat' dir='ltr'>remissione</span> <span class='ocrx_word' id='word_1_502' title='bbox 2713 2315 2988 2370; x_wconf 92' lang='lat' dir='ltr'>omnibus</span> <span class='ocrx_word' id='word_1_503' title='bbox 3048 2313 3239 2370; x_wconf 90' lang='lat' dir='ltr'>modis</span> <span class='ocrx_word' id='word_1_504' title='bbox 3287 2314 3582 2371; x_wconf 90' lang='lat' dir='ltr'>laboretis.</span> 
     </span>
    </p>
   </div>
   <div class='ocr_carea' id='block_1_83' title="bbox 1935 2402 3583 2474">
    <p class='ocr_par' dir='ltr' id='par_1_83' title="bbox 1935 2402 3583 2474">
     <span class='ocr_line' id='line_1_83' title="bbox 1935 2402 3583 2474; baseline 0.001 -17"><span class='ocrx_word' id='word_1_505' title='bbox 1935 2403 2224 2459; x_wconf 89' lang='lat' dir='ltr'>Volumus</span> <span class='ocrx_word' id='word_1_506' title='bbox 2254 2411 2549 2474; x_wconf 73' lang='lat' dir='ltr'>pra&#39;terea,</span> <span class='ocrx_word' id='word_1_507' title='bbox 2596 2407 2653 2457; x_wconf 88' lang='lat' dir='ltr'>et</span> <span class='ocrx_word' id='word_1_508' title='bbox 2695 2402 3014 2474; x_wconf 88' lang='lat' dir='ltr'>apostolica</span> <span class='ocrx_word' id='word_1_509' title='bbox 3049 2402 3389 2458; x_wconf 86' lang='lat' dir='ltr'>auctoritate</span> <span class='ocrx_word' id='word_1_510' title='bbox 3411 2403 3583 2473; x_wconf 88' lang='lat' dir='ltr'>jube-</span> 
     </span>
    </p>
   </div>
   <div class='ocr_carea' id='block_1_84' title="bbox 1939 2491 3585 2563">
    <p class='ocr_par' dir='ltr' id='par_1_84' title="bbox 1939 2491 3585 2563">
     <span class='ocr_line' id='line_1_84' title="bbox 1939 2491 3585 2563; baseline -0.001 -16"><span class='ocrx_word' id='word_1_511' title='bbox 1939 2496 2166 2559; x_wconf 89' lang='lat' dir='ltr'>mus,ut</span> <span class='ocrx_word' id='word_1_512' title='bbox 2195 2491 2354 2547; x_wconf 92' lang='lat' dir='ltr'>nullo</span> <span class='ocrx_word' id='word_1_513' title='bbox 2373 2491 2647 2562; x_wconf 89' lang='lat' dir='ltr'>deinceps</span> <span class='ocrx_word' id='word_1_514' title='bbox 2665 2495 2923 2562; x_wconf 89' lang='lat' dir='ltr'>tempore</span> <span class='ocrx_word' id='word_1_515' title='bbox 2947 2491 3245 2563; x_wconf 86' lang='lat' dir='ltr'>prafatam</span> <span class='ocrx_word' id='word_1_516' title='bbox 3267 2491 3585 2547; x_wconf 91' lang='lat' dir='ltr'>Ecclesiam</span> 
     </span>
    </p>
   </div>
   <div class='ocr_carea' id='block_1_85' title="bbox 1939 2579 3584 2652">
    <p class='ocr_par' dir='ltr' id='par_1_85' title="bbox 1939 2579 3584 2652">
     <span class='ocr_line' id='line_1_85' title="bbox 1939 2579 3584 2652; baseline -0.001 -17"><span class='ocrx_word' id='word_1_517' title='bbox 1939 2580 2109 2636; x_wconf 92' lang='lat' dir='ltr'>alicui</span> <span class='ocrx_word' id='word_1_518' title='bbox 2140 2581 2410 2636; x_wconf 84' lang='lat' dir='ltr'>Ecclesia</span> <span class='ocrx_word' id='word_1_519' title='bbox 2452 2579 2662 2652; x_wconf 89' lang='lat' dir='ltr'>subjici</span> <span class='ocrx_word' id='word_1_520' title='bbox 2713 2579 2799 2634; x_wconf 90' lang='lat' dir='ltr'>vel</span> <span class='ocrx_word' id='word_1_521' title='bbox 2831 2579 3095 2635; x_wconf 88' lang='lat' dir='ltr'>infestari</span> <span class='ocrx_word' id='word_1_522' title='bbox 3126 2579 3449 2651; x_wconf 90' lang='lat' dir='ltr'>patiamini,</span> <span class='ocrx_word' id='word_1_523' title='bbox 3483 2579 3584 2635; x_wconf 90' lang='lat' dir='ltr'>sed</span> 
     </span>
    </p>
   </div>
   <div class='ocr_carea' id='block_1_86' title="bbox 1937 2667 3584 2741">
    <p class='ocr_par' dir='ltr' id='par_1_86' title="bbox 1937 2667 3584 2741">
     <span class='ocr_line' id='line_1_86' title="bbox 1937 2667 3584 2741; baseline 0 -18"><span class='ocrx_word' id='word_1_524' title='bbox 1937 2669 2128 2741; x_wconf 91' lang='lat' dir='ltr'>ipsam</span> <span class='ocrx_word' id='word_1_525' title='bbox 2150 2673 2432 2741; x_wconf 85' lang='lat' dir='ltr'>tanquam</span> <span class='ocrx_word' id='word_1_526' title='bbox 2463 2673 2708 2723; x_wconf 85' lang='lat' dir='ltr'>matrem</span> <span class='ocrx_word' id='word_1_527' title='bbox 2738 2671 2990 2723; x_wconf 90' lang='lat' dir='ltr'>vestram</span> <span class='ocrx_word' id='word_1_528' title='bbox 3012 2670 3068 2724; x_wconf 89' lang='lat' dir='ltr'>et</span> <span class='ocrx_word' id='word_1_529' title='bbox 3097 2667 3584 2734; x_wconf 90' lang='lat' dir='ltr'>dominam,salvo</span> 
     </span>
    </p>
   </div>
   <div class='ocr_carea' id='block_1_87' title="bbox 1941 2754 3585 2827">
    <p class='ocr_par' dir='ltr' id='par_1_87' title="bbox 1941 2754 3585 2827">
     <span class='ocr_line' id='line_1_87' title="bbox 1941 2754 3585 2827; baseline -0.002 -13"><span class='ocrx_word' id='word_1_530' title='bbox 1941 2758 2244 2814; x_wconf 84' lang='lat' dir='ltr'>Remensis</span> <span class='ocrx_word' id='word_1_531' title='bbox 2273 2756 2538 2812; x_wconf 88' lang='lat' dir='ltr'>Ecclesia</span> <span class='ocrx_word' id='word_1_532' title='bbox 2560 2757 2695 2827; x_wconf 90' lang='lat' dir='ltr'>jure</span> <span class='ocrx_word' id='word_1_533' title='bbox 2724 2756 3030 2822; x_wconf 89' lang='lat' dir='ltr'>honorare,</span> <span class='ocrx_word' id='word_1_534' title='bbox 3065 2757 3135 2812; x_wconf 90' lang='lat' dir='ltr'>ab</span> <span class='ocrx_word' id='word_1_535' title='bbox 3166 2756 3402 2827; x_wconf 89' lang='lat' dir='ltr'>injuriis</span> <span class='ocrx_word' id='word_1_536' title='bbox 3431 2754 3585 2812; x_wconf 85' lang='lat' dir='ltr'>tueri</span> 
     </span>
    </p>
   </div>
   <div class='ocr_carea' id='block_1_88' title="bbox 1939 2847 2685 2918">
    <p class='ocr_par' dir='ltr' id='par_1_88' title="bbox 1939 2847 2685 2918">
     <span class='ocr_line' id='line_1_88' title="bbox 1939 2847 2685 2918; baseline -0.004 -16"><span class='ocrx_word' id='word_1_537' title='bbox 1939 2851 1997 2902; x_wconf 92' lang='lat' dir='ltr'>et</span> <span class='ocrx_word' id='word_1_538' title='bbox 2025 2847 2332 2902; x_wconf 90' lang='lat' dir='ltr'>defendere</span> <span class='ocrx_word' id='word_1_539' title='bbox 2359 2849 2685 2918; x_wconf 88' lang='lat' dir='ltr'>procurate.</span> 
     </span>
    </p>
   </div>
   <div class='ocr_carea' id='block_1_89' title="bbox 2011 2933 2966 2991">
    <p class='ocr_par' dir='ltr' id='par_1_89' title="bbox 2011 2933 2966 2991">
     <span class='ocr_line' id='line_1_89' title="bbox 2011 2933 2966 2991; baseline -0.003 0"><span class='ocrx_word' id='word_1_540' title='bbox 2011 2935 2157 2991; x_wconf 90' lang='lat' dir='ltr'>Data</span> <span class='ocrx_word' id='word_1_541' title='bbox 2183 2934 2487 2991; x_wconf 89' lang='lat' dir='ltr'>Placentia</span> <span class='ocrx_word' id='word_1_542' title='bbox 2517 2952 2552 2989; x_wconf 91' lang='lat' dir='ltr'>v</span> <span class='ocrx_word' id='word_1_543' title='bbox 2580 2934 2719 2989; x_wconf 91' lang='lat' dir='ltr'>Idus</span> <span class='ocrx_word' id='word_1_544' title='bbox 2752 2933 2966 2989; x_wconf 89' lang='lat' dir='ltr'>Martii.</span> 
     </span>
    </p>
   </div>
   <div class='ocr_carea' id='block_1_90' title="bbox 2635 3039 2890 3096">
    <p class='ocr_par' dir='ltr' id='par_1_90' title="bbox 2635 3039 2890 3096">
     <span class='ocr_line' id='line_1_90' title="bbox 2635 3039 2890 3096; baseline -0.008 0"><span class='ocrx_word' id='word_1_545' title='bbox 2635 3039 2890 3096; x_wconf 84' lang='lat' dir='ltr'>CXXXII.</span> 
     </span>
    </p>
   </div>
   <div class='ocr_carea' id='block_1_91' title="bbox 1947 3128 3589 3201">
    <p class='ocr_par' dir='ltr' id='par_1_91' title="bbox 1947 3128 3589 3201">
     <span class='ocr_line' id='line_1_91' title="bbox 1947 3128 3589 3201; baseline -0.003 -13"><span class='ocrx_word' id='word_1_546' title='bbox 1947 3131 2153 3188; x_wconf 87' lang='lat' dir='ltr'>Urbani</span> <span class='ocrx_word' id='word_1_547' title='bbox 2177 3133 2228 3186; x_wconf 90' lang='lat' dir='ltr'>II</span> <span class='ocrx_word' id='word_1_548' title='bbox 2256 3131 2481 3201; x_wconf 80' lang='lat' dir='ltr'>epistola</span> <span class='ocrx_word' id='word_1_549' title='bbox 2527 3129 2598 3183; x_wconf 81' lang='lat' dir='ltr'>ad</span> <span class='ocrx_word' id='word_1_550' title='bbox 2650 3129 3012 3184; x_wconf 85' lang='lat' dir='ltr'>Gualcherum</span> <span class='ocrx_word' id='word_1_551' title='bbox 3051 3130 3361 3200; x_wconf 79' lang='lat' dir='ltr'>episcOpum</span> <span class='ocrx_word' id='word_1_552' title='bbox 3401 3128 3589 3201; x_wconf 85' lang='lat' dir='ltr'>Came-</span> 
     </span>
    </p>
   </div>
   <div class='ocr_carea' id='block_1_92' title="bbox 2012 3200 3592 3271">
    <p class='ocr_par' dir='ltr' id='par_1_92' title="bbox 2012 3200 3592 3271">
     <span class='ocr_line' id='line_1_92' title="bbox 2012 3200 3592 3271; baseline 0 -15"><span class='ocrx_word' id='word_1_553' title='bbox 2012 3200 2386 3257; x_wconf 82' lang='lat' dir='ltr'>racensem.—</span> <span class='ocrx_word' id='word_1_554' title='bbox 2416 3203 2676 3256; x_wconf 83' lang='lat' dir='ltr'>Hortatur</span> <span class='ocrx_word' id='word_1_555' title='bbox 2703 3216 2773 3256; x_wconf 86' lang='lat' dir='ltr'>ne</span> <span class='ocrx_word' id='word_1_556' title='bbox 2799 3201 3056 3257; x_wconf 72' lang='lat' dir='ltr'>Ecclesia</span> <span class='ocrx_word' id='word_1_557' title='bbox 3083 3201 3448 3256; x_wconf 84' lang='lat' dir='ltr'>Atrebatensis</span> <span class='ocrx_word' id='word_1_558' title='bbox 3460 3200 3592 3271; x_wconf 84' lang='lat' dir='ltr'>jure</span> 
     </span>
    </p>
   </div>
   <div class='ocr_carea' id='block_1_93' title="bbox 2566 3342 2979 3410">
    <p class='ocr_par' dir='ltr' id='par_1_93' title="bbox 2566 3342 2979 3410">
     <span class='ocr_line' id='line_1_93' title="bbox 2566 3342 2979 3410; baseline 0.002 -14"><span class='ocrx_word' id='word_1_559' title='bbox 2566 3343 2754 3410; x_wconf 91' lang='lat' dir='ltr'>(Anno</span> <span class='ocrx_word' id='word_1_560' title='bbox 2785 3342 2979 3410; x_wconf 74' lang='lat'>1095.).</span> 
     </span>
    </p>
   </div>
   <div class='ocr_carea' id='block_1_94' title="bbox 2369 3412 3164 3484">
    <p class='ocr_par' dir='ltr' id='par_1_94' title="bbox 2369 3412 3164 3484">
     <span class='ocr_line' id='line_1_94' title="bbox 2369 3412 3164 3484; baseline -0.003 -16"><span class='ocrx_word' id='word_1_561' title='bbox 2369 3413 2600 3484; x_wconf 51' lang='lat' dir='ltr'>[Musa</span> <span class='ocrx_word' id='word_1_562' title='bbox 2636 3413 2840 3469; x_wconf 82' lang='lat' dir='ltr'>Concil.</span> <span class='ocrx_word' id='word_1_563' title='bbox 2872 3412 2985 3480; x_wconf 88' lang='lat' dir='ltr'>xx,</span> <span class='ocrx_word' id='word_1_564' title='bbox 3014 3412 3164 3484; x_wconf 88' lang='lat'>675.]</span> 
     </span>
    </p>
   </div>
   <div class='ocr_carea' id='block_1_95' title="bbox 2013 3501 3591 3573">
    <p class='ocr_par' dir='ltr' id='par_1_95' title="bbox 2013 3501 3591 3573">
     <span class='ocr_line' id='line_1_95' title="bbox 2013 3501 3591 3573; baseline -0.001 -15"><span class='ocrx_word' id='word_1_565' title='bbox 2013 3505 2290 3559; x_wconf 79' lang='lat' dir='ltr'>URBANUS</span> <span class='ocrx_word' id='word_1_566' title='bbox 2323 3501 2651 3573; x_wconf 89' lang='lat' dir='ltr'>episcopus,</span> <span class='ocrx_word' id='word_1_567' title='bbox 2687 3518 2888 3557; x_wconf 89' lang='lat' dir='ltr'>servus</span> <span class='ocrx_word' id='word_1_568' title='bbox 2919 3517 3219 3557; x_wconf 89' lang='lat' dir='ltr'>servorum</span> <span class='ocrx_word' id='word_1_569' title='bbox 3250 3501 3347 3556; x_wconf 91' lang='lat' dir='ltr'>Dei</span> <span class='ocrx_word' id='word_1_570' title='bbox 3379 3501 3591 3556; x_wconf 88' lang='lat' dir='ltr'>dilecto</span> 
     </span>
    </p>
   </div>
   <div class='ocr_carea' id='block_1_96' title="bbox 1945 3588 3595 3659">
    <p class='ocr_par' dir='ltr' id='par_1_96' title="bbox 1945 3588 3595 3659">
     <span class='ocr_line' id='line_1_96' title="bbox 1945 3588 3595 3659; baseline -0.003 -12"><span class='ocrx_word' id='word_1_571' title='bbox 1945 3591 2064 3647; x_wconf 83' lang='lat' dir='ltr'>ﬁlio</span> <span class='ocrx_word' id='word_1_572' title='bbox 2111 3591 2477 3654; x_wconf 84' lang='lat' dir='ltr'>GUALCHERO,</span> <span class='ocrx_word' id='word_1_573' title='bbox 2525 3589 2931 3645; x_wconf 89' lang='lat' dir='ltr'>Cameracensi</span> <span class='ocrx_word' id='word_1_574' title='bbox 2990 3589 3193 3659; x_wconf 91' lang='lat' dir='ltr'>electo,</span> <span class='ocrx_word' id='word_1_575' title='bbox 3243 3588 3492 3645; x_wconf 90' lang='lat' dir='ltr'>salutem</span> <span class='ocrx_word' id='word_1_576' title='bbox 3538 3592 3595 3643; x_wconf 91' lang='lat' dir='ltr'>et</span> 
     </span>
    </p>
   </div>
   <div class='ocr_carea' id='block_1_97' title="bbox 1946 3677 2830 3752">
    <p class='ocr_par' dir='ltr' id='par_1_97' title="bbox 1946 3677 2830 3752">
     <span class='ocr_line' id='line_1_97' title="bbox 1946 3677 2830 3752; baseline -0.003 -16"><span class='ocrx_word' id='word_1_577' title='bbox 1946 3679 2324 3752; x_wconf 90' lang='lat' dir='ltr'>apostolicam</span> <span class='ocrx_word' id='word_1_578' title='bbox 2347 3677 2830 3734; x_wconf 88' lang='lat' dir='ltr'>benedictionem.</span> 
     </span>
    </p>
   </div>
   <div class='ocr_carea' id='block_1_98' title="bbox 2019 3764 3597 3852">
    <p class='ocr_par' dir='ltr' id='par_1_98' title="bbox 2019 3764 3597 3852">
     <span class='ocr_line' id='line_1_98' title="bbox 2019 3764 3597 3852; baseline -0.003 -28"><span class='ocrx_word' id='word_1_579' title='bbox 2019 3768 2354 3852; x_wconf 65' lang='lat' dir='ltr'>Meminisse</span> <span class='ocrx_word' id='word_1_580' title='bbox 2369 3770 2422 3822; x_wconf 90' lang='lat' dir='ltr'>te</span> <span class='ocrx_word' id='word_1_581' title='bbox 2436 3766 2705 3822; x_wconf 89' lang='lat' dir='ltr'>convenit</span> <span class='ocrx_word' id='word_1_582' title='bbox 2727 3767 2882 3838; x_wconf 87' lang='lat' dir='ltr'>quod</span> <span class='ocrx_word' id='word_1_583' title='bbox 2907 3765 3294 3836; x_wconf 89' lang='lat' dir='ltr'>jurejurando</span> <span class='ocrx_word' id='word_1_584' title='bbox 3320 3764 3597 3838; x_wconf 88' lang='lat' dir='ltr'>promise-</span> 
     </span>
    </p>
   </div>
   <div class='ocr_carea' id='block_1_99' title="bbox 1949 3853 3593 3929">
    <p class='ocr_par' dir='ltr' id='par_1_99' title="bbox 1949 3853 3593 3929">
     <span class='ocr_line' id='line_1_99' title="bbox 1949 3853 3593 3929; baseline -0.004 -15"><span class='ocrx_word' id='word_1_585' title='bbox 1949 3857 2029 3914; x_wconf 91' lang='lat' dir='ltr'>ris</span> <span class='ocrx_word' id='word_1_586' title='bbox 2060 3855 2387 3929; x_wconf 84' lang='lat' dir='ltr'>apostolicae</span> <span class='ocrx_word' id='word_1_587' title='bbox 2410 3856 2565 3911; x_wconf 89' lang='lat' dir='ltr'>sedis</span> <span class='ocrx_word' id='word_1_588' title='bbox 2598 3856 2829 3910; x_wconf 89' lang='lat' dir='ltr'>decreta</span> <span class='ocrx_word' id='word_1_589' title='bbox 2851 3853 3096 3920; x_wconf 76' lang='lat' dir='ltr'>fideliter</span> <span class='ocrx_word' id='word_1_590' title='bbox 3124 3855 3593 3910; x_wconf 90' lang='lat' dir='ltr'>observaturum.</span> 
     </span>
    </p>
   </div>
   <div class='ocr_carea' id='block_1_100' title="bbox 1949 3942 3600 4018">
    <p class='ocr_par' dir='ltr' id='par_1_100' title="bbox 1949 3942 3600 4018">
     <span class='ocr_line' id='line_1_100' title="bbox 1949 3942 3600 4018; baseline -0.004 -16"><span class='ocrx_word' id='word_1_591' title='bbox 1949 3947 2112 4011; x_wconf 88' lang='lat' dir='ltr'>Quod</span> <span class='ocrx_word' id='word_1_592' title='bbox 2144 3945 2324 4018; x_wconf 87' lang='lat' dir='ltr'>igitur</span> <span class='ocrx_word' id='word_1_593' title='bbox 2351 3946 2422 3999; x_wconf 92' lang='lat' dir='ltr'>de</span> <span class='ocrx_word' id='word_1_594' title='bbox 2451 3944 2814 4000; x_wconf 83' lang='lat' dir='ltr'>Atrebatensi</span> <span class='ocrx_word' id='word_1_595' title='bbox 2843 3942 3100 3999; x_wconf 87' lang='lat' dir='ltr'>Ecclesia</span> <span class='ocrx_word' id='word_1_596' title='bbox 3129 3943 3297 4000; x_wconf 90' lang='lat' dir='ltr'>sedes</span> <span class='ocrx_word' id='word_1_597' title='bbox 3329 3942 3600 4015; x_wconf 86' lang='lat' dir='ltr'>apostoli-</span> 
     </span>
    </p>
   </div>
   <div class='ocr_carea' id='block_1_101' title="bbox 1950 4032 3596 4106">
    <p class='ocr_par' dir='ltr' id='par_1_101' title="bbox 1950 4032 3596 4106">
     <span class='ocr_line' id='line_1_101' title="bbox 1950 4032 3596 4106; baseline -0.004 -14"><span class='ocrx_word' id='word_1_598' title='bbox 1950 4054 2018 4092; x_wconf 92' lang='lat' dir='ltr'>ca</span> <span class='ocrx_word' id='word_1_599' title='bbox 2049 4035 2418 4100; x_wconf 88' lang='lat' dir='ltr'>statuit,cave</span> <span class='ocrx_word' id='word_1_600' title='bbox 2434 4050 2504 4088; x_wconf 91' lang='lat' dir='ltr'>ne</span> <span class='ocrx_word' id='word_1_601' title='bbox 2525 4037 2712 4089; x_wconf 89' lang='lat' dir='ltr'>tentes</span> <span class='ocrx_word' id='word_1_602' title='bbox 2733 4033 2992 4106; x_wconf 90' lang='lat' dir='ltr'>qualibet</span> <span class='ocrx_word' id='word_1_603' title='bbox 3007 4032 3311 4089; x_wconf 89' lang='lat' dir='ltr'>occasione</span> <span class='ocrx_word' id='word_1_604' title='bbox 3340 4034 3596 4088; x_wconf 90' lang='lat' dir='ltr'>turbare.</span> 
     </span>
    </p>
   </div>
   <div class='ocr_carea' id='block_1_102' title="bbox 1953 4122 3600 4194">
    <p class='ocr_par' dir='ltr' id='par_1_102' title="bbox 1953 4122 3600 4194">
     <span class='ocr_line' id='line_1_102' title="bbox 1953 4122 3600 4194; baseline -0.004 -13"><span class='ocrx_word' id='word_1_605' title='bbox 1953 4125 2074 4181; x_wconf 90' lang='lat' dir='ltr'>Imo</span> <span class='ocrx_word' id='word_1_606' title='bbox 2104 4124 2377 4179; x_wconf 91' lang='lat' dir='ltr'>volumus</span> <span class='ocrx_word' id='word_1_607' title='bbox 2429 4127 2604 4194; x_wconf 89' lang='lat' dir='ltr'>atque</span> <span class='ocrx_word' id='word_1_608' title='bbox 2648 4122 3020 4194; x_wconf 86' lang='lat' dir='ltr'>pracipimus</span> <span class='ocrx_word' id='word_1_609' title='bbox 3052 4126 3116 4177; x_wconf 93' lang='lat' dir='ltr'>ut</span> <span class='ocrx_word' id='word_1_610' title='bbox 3144 4138 3214 4177; x_wconf 90' lang='lat' dir='ltr'>ea</span> <span class='ocrx_word' id='word_1_611' title='bbox 3243 4122 3442 4176; x_wconf 91' lang='lat' dir='ltr'>omnia</span> <span class='ocrx_word' id='word_1_612' title='bbox 3473 4137 3600 4193; x_wconf 91' lang='lat' dir='ltr'>qua</span> 
     </span>
    </p>
   </div>
   <div class='ocr_carea' id='block_1_103' title="bbox 1955 4211 3603 4284">
    <p class='ocr_par' dir='ltr' id='par_1_103' title="bbox 1955 4211 3603 4284">
     <span class='ocr_line' id='line_1_103' title="bbox 1955 4211 3603 4284; baseline -0.002 -15"><span class='ocrx_word' id='word_1_613' title='bbox 1955 4215 2025 4269; x_wconf 89' lang='lat' dir='ltr'>ad</span> <span class='ocrx_word' id='word_1_614' title='bbox 2049 4215 2149 4284; x_wconf 91' lang='lat' dir='ltr'>jus</span> <span class='ocrx_word' id='word_1_615' title='bbox 2181 4211 2340 4268; x_wconf 90' lang='lat' dir='ltr'>illius</span> <span class='ocrx_word' id='word_1_616' title='bbox 2371 4211 2634 4266; x_wconf 85' lang='lat' dir='ltr'>Ecclesia</span> <span class='ocrx_word' id='word_1_617' title='bbox 2675 4213 2999 4268; x_wconf 89' lang='lat' dir='ltr'>secundum</span> <span class='ocrx_word' id='word_1_618' title='bbox 3050 4211 3415 4283; x_wconf 88' lang='lat' dir='ltr'>privilegium</span> <span class='ocrx_word' id='word_1_619' title='bbox 3465 4227 3603 4266; x_wconf 91' lang='lat' dir='ltr'>nos-</span> 
     </span>
    </p>
   </div>
   <div class='ocr_carea' id='block_1_104' title="bbox 1955 4298 3606 4373">
    <p class='ocr_par' dir='ltr' id='par_1_104' title="bbox 1955 4298 3606 4373">
     <span class='ocr_line' id='line_1_104' title="bbox 1955 4298 3606 4373; baseline -0.002 -16"><span class='ocrx_word' id='word_1_620' title='bbox 1955 4309 2112 4358; x_wconf 89' lang='lat' dir='ltr'>trum</span> <span class='ocrx_word' id='word_1_621' title='bbox 2144 4302 2432 4373; x_wconf 88' lang='lat' dir='ltr'>pertinere</span> <span class='ocrx_word' id='word_1_622' title='bbox 2463 4301 2788 4371; x_wconf 80' lang='lat' dir='ltr'>cognoscis,</span> <span class='ocrx_word' id='word_1_623' title='bbox 2819 4301 3011 4372; x_wconf 88' lang='lat' dir='ltr'>quiete</span> <span class='ocrx_word' id='word_1_624' title='bbox 3037 4300 3110 4356; x_wconf 89' lang='lat' dir='ltr'>ab</span> <span class='ocrx_word' id='word_1_625' title='bbox 3141 4317 3208 4356; x_wconf 92' lang='lat' dir='ltr'>ea</span> <span class='ocrx_word' id='word_1_626' title='bbox 3232 4298 3518 4371; x_wconf 90' lang='lat' dir='ltr'>possideri</span> <span class='ocrx_word' id='word_1_627' title='bbox 3549 4302 3606 4354; x_wconf 88' lang='lat' dir='ltr'>et</span> 
     </span>
    </p>
   </div>
   <div class='ocr_carea' id='block_1_105' title="bbox 1957 4390 2919 4462">
    <p class='ocr_par' dir='ltr' id='par_1_105' title="bbox 1957 4390 2919 4462">
     <span class='ocr_line' id='line_1_105' title="bbox 1957 4390 2919 4462; baseline -0.001 -15"><span class='ocrx_word' id='word_1_628' title='bbox 1957 4390 2300 4447; x_wconf 86' lang='lat' dir='ltr'>inconvulsa</span> <span class='ocrx_word' id='word_1_629' title='bbox 2330 4406 2562 4445; x_wconf 90' lang='lat' dir='ltr'>manere</span> <span class='ocrx_word' id='word_1_630' title='bbox 2592 4390 2919 4462; x_wconf 88' lang='lat' dir='ltr'>permittas.</span> 
     </span>
    </p>
   </div>
   <div class='ocr_carea' id='block_1_106' title="bbox 2640 4497 2929 4552">
    <p class='ocr_par' dir='ltr' id='par_1_106' title="bbox 2640 4497 2929 4552">
     <span class='ocr_line' id='line_1_106' title="bbox 2640 4497 2929 4552; baseline 0 -2"><span class='ocrx_word' id='word_1_631' title='bbox 2640 4497 2929 4552; x_wconf 84' lang='lat' dir='ltr'>CXXXIV.</span> 
     </span>
    </p>
   </div>
   <div class='ocr_carea' id='block_1_107' title="bbox 1999 4585 3572 4668">
    <p class='ocr_par' dir='ltr' id='par_1_107' title="bbox 1999 4585 3572 4668">
     <span class='ocr_line' id='line_1_107' title="bbox 1999 4585 3572 4668; baseline -0.004 -24"><span class='ocrx_word' id='word_1_632' title='bbox 1999 4588 2204 4644; x_wconf 84' lang='lat' dir='ltr'>Urbani</span> <span class='ocrx_word' id='word_1_633' title='bbox 2233 4587 2282 4641; x_wconf 91' lang='lat' dir='ltr'>II</span> <span class='ocrx_word' id='word_1_634' title='bbox 2307 4586 2533 4658; x_wconf 85' lang='lat' dir='ltr'>epistola</span> <span class='ocrx_word' id='word_1_635' title='bbox 2565 4585 2634 4640; x_wconf 79' lang='lat' dir='ltr'>ad</span> <span class='ocrx_word' id='word_1_636' title='bbox 2677 4585 2973 4668; x_wconf 65' lang='lat' dir='ltr'>Quidonem</span> <span class='ocrx_word' id='word_1_637' title='bbox 3008 4588 3362 4642; x_wconf 86' lang='lat' dir='ltr'>Viennensem</span> <span class='ocrx_word' id='word_1_638' title='bbox 3390 4585 3572 4640; x_wconf 76' lang='lat' dir='ltr'>archi-</span> 
     </span>
    </p>
   </div>
   <div class='ocr_carea' id='block_1_108' title="bbox 2617 4673 2943 4728">
    <p class='ocr_par' dir='ltr' id='par_1_108' title="bbox 2617 4673 2943 4728">
     <span class='ocr_line' id='line_1_108' title="bbox 2617 4673 2943 4728; baseline 0 -17"><span class='ocrx_word' id='word_1_639' title='bbox 2617 4673 2943 4728; x_wconf 84' lang='lat' dir='ltr'>epzscopum.</span> 
     </span>
    </p>
   </div>
   <div class='ocr_carea' id='block_1_109' title="bbox 2591 4745 2990 4817">
    <p class='ocr_par' dir='ltr' id='par_1_109' title="bbox 2591 4745 2990 4817">
     <span class='ocr_line' id='line_1_109' title="bbox 2591 4745 2990 4817; baseline 0.003 -18"><span class='ocrx_word' id='word_1_640' title='bbox 2591 4746 2777 4816; x_wconf 81' lang='lat' dir='ltr'>(Anno</span> <span class='ocrx_word' id='word_1_641' title='bbox 2805 4745 2990 4817; x_wconf 84' lang='lat'>1095.)</span> 
     </span>
    </p>
   </div>
   <div class='ocr_carea' id='block_1_110' title="bbox 2240 4833 3336 4906">
    <p class='ocr_par' dir='ltr' id='par_1_110' title="bbox 2240 4833 3336 4906">
     <span class='ocr_line' id='line_1_110' title="bbox 2240 4833 3336 4906; baseline 0 -17"><span class='ocrx_word' id='word_1_642' title='bbox 2240 4835 2326 4906; x_wconf 76' lang='lat' dir='ltr'>[D.</span> <span class='ocrx_word' id='word_1_643' title='bbox 2364 4835 2649 4900; x_wconf 73' lang='lat' dir='ltr'>RUINART,</span> <span class='ocrx_word' id='word_1_644' title='bbox 2687 4836 2814 4890; x_wconf 84' lang='lat' dir='ltr'>Vita</span> <span class='ocrx_word' id='word_1_645' title='bbox 2843 4835 3068 4901; x_wconf 85' lang='lat' dir='ltr'>Urbani,</span> <span class='ocrx_word' id='word_1_646' title='bbox 3093 4851 3151 4906; x_wconf 93' lang='lat' dir='ltr'>p.</span> <span class='ocrx_word' id='word_1_647' title='bbox 3182 4833 3336 4903; x_wconf 89' lang='lat'>363.]</span> 
     </span>
    </p>
   </div>
   <div class='ocr_carea' id='block_1_111' title="bbox 2033 4921 3610 4995">
    <p class='ocr_par' dir='ltr' id='par_1_111' title="bbox 2033 4921 3610 4995">
     <span class='ocr_line' id='line_1_111' title="bbox 2033 4921 3610 4995; baseline -0.002 -15"><span class='ocrx_word' id='word_1_648' title='bbox 2033 4925 2309 4980; x_wconf 65' lang='lat' dir='ltr'>Uanmus</span> <span class='ocrx_word' id='word_1_649' title='bbox 2341 4923 2878 4995; x_wconf 87' lang='lat' dir='ltr'>episcopus,servus</span> <span class='ocrx_word' id='word_1_650' title='bbox 2901 4939 3202 4978; x_wconf 90' lang='lat' dir='ltr'>servorum</span> <span class='ocrx_word' id='word_1_651' title='bbox 3219 4921 3610 4990; x_wconf 77' lang='lat' dir='ltr'>Dei,Gmnom,</span> 
     </span>
    </p>
   </div>
   <div class='ocr_carea' id='block_1_112' title="bbox 1963 5011 3617 5086">
    <p class='ocr_par' dir='ltr' id='par_1_112' title="bbox 1963 5011 3617 5086">
     <span class='ocr_line' id='line_1_112' title="bbox 1963 5011 3617 5086; baseline -0.001 -20"><span class='ocrx_word' id='word_1_652' title='bbox 1963 5013 2384 5069; x_wconf 90' lang='lat' dir='ltr'>Viennensium</span> <span class='ocrx_word' id='word_1_653' title='bbox 2436 5011 2894 5086; x_wconf 87' lang='lat' dir='ltr'>archiepiscopo,</span> <span class='ocrx_word' id='word_1_654' title='bbox 2944 5011 3194 5068; x_wconf 81' lang='lat' dir='ltr'>salutem</span> <span class='ocrx_word' id='word_1_655' title='bbox 3243 5015 3300 5068; x_wconf 89' lang='lat' dir='ltr'>et</span> <span class='ocrx_word' id='word_1_656' title='bbox 3347 5011 3617 5084; x_wconf 84' lang='lat' dir='ltr'>apostoli-</span> 
     </span>
    </p>
   </div>
   <div class='ocr_carea' id='block_1_113' title="bbox 1966 5101 2608 5159">
    <p class='ocr_par' dir='ltr' id='par_1_113' title="bbox 1966 5101 2608 5159">
     <span class='ocr_line' id='line_1_113' title="bbox 1966 5101 2608 5159; baseline -0.005 0"><span class='ocrx_word' id='word_1_657' title='bbox 1966 5120 2093 5159; x_wconf 88' lang='lat' dir='ltr'>cam</span> <span class='ocrx_word' id='word_1_658' title='bbox 2126 5101 2608 5158; x_wconf 88' lang='lat' dir='ltr'>benedictionem.</span> 
     </span>
    </p>
   </div>
   <div class='ocr_carea' id='block_1_114' title="bbox 2039 5189 3617 5264">
    <p class='ocr_par' dir='ltr' id='par_1_114' title="bbox 2039 5189 3617 5264">
     <span class='ocr_line' id='line_1_114' title="bbox 2039 5189 3617 5264; baseline -0.003 -17"><span class='ocrx_word' id='word_1_659' title='bbox 2039 5191 2380 5247; x_wconf 85' lang='lat' dir='ltr'>Necessitati</span> <span class='ocrx_word' id='word_1_660' title='bbox 2447 5195 2506 5246; x_wconf 88' lang='lat' dir='ltr'>et</span> <span class='ocrx_word' id='word_1_661' title='bbox 2570 5189 2806 5246; x_wconf 85' lang='lat' dir='ltr'>utilitati</span> <span class='ocrx_word' id='word_1_662' title='bbox 2836 5191 3105 5247; x_wconf 89' lang='lat' dir='ltr'>Ecclesia</span> <span class='ocrx_word' id='word_1_663' title='bbox 3136 5191 3526 5264; x_wconf 89' lang='lat' dir='ltr'>providentes,</span> <span class='ocrx_word' id='word_1_664' title='bbox 3557 5189 3617 5244; x_wconf 91' lang='lat' dir='ltr'>in</span> 
     </span>
    </p>
   </div>
   <div class='ocr_carea' id='block_1_115' title="bbox 1968 5279 3617 5354">
    <p class='ocr_par' dir='ltr' id='par_1_115' title="bbox 1968 5279 3617 5354">
     <span class='ocr_line' id='line_1_115' title="bbox 1968 5279 3617 5354; baseline -0.001 -18"><span class='ocrx_word' id='word_1_665' title='bbox 1968 5280 2335 5354; x_wconf 88' lang='lat' dir='ltr'>promotione</span> <span class='ocrx_word' id='word_1_666' title='bbox 2384 5284 2486 5336; x_wconf 91' lang='lat' dir='ltr'>tua</span> <span class='ocrx_word' id='word_1_667' title='bbox 2534 5280 2688 5352; x_wconf 90' lang='lat' dir='ltr'>quod</span> <span class='ocrx_word' id='word_1_668' title='bbox 2740 5279 2894 5336; x_wconf 88' lang='lat' dir='ltr'>atati</span> <span class='ocrx_word' id='word_1_669' title='bbox 2944 5281 3162 5350; x_wconf 88' lang='lat' dir='ltr'>deerat,</span> <span class='ocrx_word' id='word_1_670' title='bbox 3201 5280 3617 5347; x_wconf 90' lang='lat' dir='ltr'>toleravimus;</span> 
     </span>
    </p>
   </div>
   <div class='ocr_carea' id='block_1_116' title="bbox 1971 5367 3623 5442">
    <p class='ocr_par' dir='ltr' id='par_1_116' title="bbox 1971 5367 3623 5442">
     <span class='ocr_line' id='line_1_116' title="bbox 1971 5367 3623 5442; baseline -0.001 -16"><span class='ocrx_word' id='word_1_671' title='bbox 1971 5373 2174 5426; x_wconf 90' lang='lat' dir='ltr'>contra</span> <span class='ocrx_word' id='word_1_672' title='bbox 2204 5367 2471 5425; x_wconf 90' lang='lat' dir='ltr'>Ecclesia</span> <span class='ocrx_word' id='word_1_673' title='bbox 2495 5373 2703 5425; x_wconf 84' lang='lat' dir='ltr'>nostra</span> <span class='ocrx_word' id='word_1_674' title='bbox 2727 5369 3208 5437; x_wconf 89' lang='lat' dir='ltr'>morem,absenti</span> <span class='ocrx_word' id='word_1_675' title='bbox 3237 5370 3343 5426; x_wconf 90' lang='lat' dir='ltr'>tibi</span> <span class='ocrx_word' id='word_1_676' title='bbox 3377 5368 3623 5442; x_wconf 88' lang='lat' dir='ltr'>pallium</span> 
     </span>
    </p>
   </div>
   <div class='ocr_carea' id='block_1_117' title="bbox 1973 5456 3624 5532">
    <p class='ocr_par' dir='ltr' id='par_1_117' title="bbox 1973 5456 3624 5532">
     <span class='ocr_line' id='line_1_117' title="bbox 1973 5456 3624 5532; baseline -0.001 -17"><span class='ocrx_word' id='word_1_677' title='bbox 1973 5456 2422 5524; x_wconf 91' lang='lat' dir='ltr'>contribuimus,</span> <span class='ocrx_word' id='word_1_678' title='bbox 2457 5457 2822 5531; x_wconf 86' lang='lat' dir='ltr'>privilegium</span> <span class='ocrx_word' id='word_1_679' title='bbox 2855 5477 3087 5532; x_wconf 90' lang='lat' dir='ltr'>quoque</span> <span class='ocrx_word' id='word_1_680' title='bbox 3108 5459 3529 5526; x_wconf 91' lang='lat' dir='ltr'>concessimus,</span> <span class='ocrx_word' id='word_1_681' title='bbox 3564 5457 3624 5513; x_wconf 92' lang='lat' dir='ltr'>in</span> 
     </span>
    </p>
   </div>
   <div class='ocr_carea' id='block_1_118' title="bbox 1975 5546 3627 5621">
    <p class='ocr_par' dir='ltr' id='par_1_118' title="bbox 1975 5546 3627 5621">
     <span class='ocr_line' id='line_1_118' title="bbox 1975 5546 3627 5621; baseline -0.002 -17"><span class='ocrx_word' id='word_1_682' title='bbox 1975 5565 2090 5620; x_wconf 93' lang='lat' dir='ltr'>quo</span> <span class='ocrx_word' id='word_1_683' title='bbox 2120 5551 2317 5602; x_wconf 92' lang='lat' dir='ltr'>tamen</span> <span class='ocrx_word' id='word_1_684' title='bbox 2350 5546 2576 5619; x_wconf 85' lang='lat' dir='ltr'>legatus</span> <span class='ocrx_word' id='word_1_685' title='bbox 2604 5551 2742 5604; x_wconf 90' lang='lat' dir='ltr'>tuus</span> <span class='ocrx_word' id='word_1_686' title='bbox 2771 5548 2830 5604; x_wconf 91' lang='lat' dir='ltr'>id</span> <span class='ocrx_word' id='word_1_687' title='bbox 2863 5566 2965 5621; x_wconf 92' lang='lat' dir='ltr'>per</span> <span class='ocrx_word' id='word_1_688' title='bbox 3013 5548 3450 5621; x_wconf 88' lang='lat' dir='ltr'>subreptionem</span> <span class='ocrx_word' id='word_1_689' title='bbox 3492 5547 3627 5602; x_wconf 86' lang='lat' dir='ltr'>fecit</span> 
     </span>
    </p>
   </div>
   <div class='ocr_carea' id='block_1_119' title="bbox 1976 5635 3624 5711">
    <p class='ocr_par' dir='ltr' id='par_1_119' title="bbox 1976 5635 3624 5711">
     <span class='ocr_line' id='line_1_119' title="bbox 1976 5635 3624 5711; baseline -0.004 -17"><span class='ocrx_word' id='word_1_690' title='bbox 1976 5637 2188 5694; x_wconf 87' lang='lat' dir='ltr'>ascribi</span> <span class='ocrx_word' id='word_1_691' title='bbox 2221 5637 2373 5708; x_wconf 90' lang='lat' dir='ltr'>quod</span> <span class='ocrx_word' id='word_1_692' title='bbox 2408 5653 2595 5708; x_wconf 90' lang='lat' dir='ltr'>usque</span> <span class='ocrx_word' id='word_1_693' title='bbox 2624 5637 2695 5692; x_wconf 89' lang='lat' dir='ltr'>ad</span> <span class='ocrx_word' id='word_1_694' title='bbox 2720 5641 2820 5694; x_wconf 91' lang='lat' dir='ltr'>tua</span> <span class='ocrx_word' id='word_1_695' title='bbox 2847 5642 3113 5711; x_wconf 87' lang='lat' dir='ltr'>tempora</span> <span class='ocrx_word' id='word_1_696' title='bbox 3139 5635 3624 5708; x_wconf 87' lang='lat' dir='ltr'>Gratianopolita-</span> 
     </span>
    </p>
   </div>
   <div class='ocr_carea' id='block_1_120' title="bbox 1980 5722 3627 5800">
    <p class='ocr_par' dir='ltr' id='par_1_120' title="bbox 1980 5722 3627 5800">
     <span class='ocr_line' id='line_1_120' title="bbox 1980 5722 3627 5800; baseline -0.003 -17"><span class='ocrx_word' id='word_1_697' title='bbox 1980 5743 2094 5785; x_wconf 91' lang='lat' dir='ltr'>nus</span> <span class='ocrx_word' id='word_1_698' title='bbox 2121 5725 3060 5800; x_wconf 85' lang='lat' dir='ltr'>episcopuspossederat,quemin</span> <span class='ocrx_word' id='word_1_699' title='bbox 3079 5727 3342 5784; x_wconf 86' lang='lat' dir='ltr'>Romana</span> <span class='ocrx_word' id='word_1_700' title='bbox 3370 5722 3627 5782; x_wconf 87' lang='lat' dir='ltr'>Ecclesia</span> 
     </span>
    </p>
   </div>
  </div>
