3950 6424
386 456 503 525 ιι(

1688 457 1758 526 Β.
1804 463 2098 530 URBANI
2140 463 2195 529 ΙΙ
2236 465 2486 532 PAPE.

3661 471 3781 538 M2

389 596 661 671 dunensi,
693 599 937 661 ecclesia
967 601 1026 660 S.
1055 602 1229 672 Justi,
1263 602 1318 660 S.
1341 600 1619 660 Desiderii
1645 600 1923 674 ;ecclesia
1952 601 2025 658 de
2055 599 2112 666 Α
2141 600 2336 658 Sancti
2368 600 2661 658 Laurentii
2692 601 2762 660 de
2809 602 3166 662 Cuminiaco.
3199 604 3262 662 In
3307 603 3619 674 Laudensi,
3652 621 3779 662 mo-

390 693 791 761 Frontenaico,
819 695 891 750 de
923 693 1200 751 Rorterio.
1228 697 1294 748 In
1326 693 1759 760 Matisconensi,
1782 695 2029 752 ecclesia
2137 691 2390 747 nasterio
2425 691 2620 748 Sancti
2660 693 2858 761 Marci,
2891 711 3026 751 cum
3074 693 3166 750 his
3216 693 3396 763 cellis,
3430 695 3780 752 Sanctorum

388 785 460 839 de
491 783 719 850 Meleto,
751 785 822 839 de
853 784 1082 856 Otgers,
1132 783 1204 838 de
1231 783 1552 848 Saviniaco,
1584 784 1656 840 de
1704 784 2022 853 Seniciaco,

388 874 459 928 de
516 873 821 941 Berziaco;
880 871 1124 928 ecclesia
1171 873 1226 927 S.
1283 870 1595 944 Hippolyti,
1646 876 1700 926 S.
1767 873 2022 941 Martini,

387 966 607 1018 Sanctae
631 962 824 1018 Mariae
859 963 928 1016 de
960 959 1290 1017 Casellis.ln
1319 961 2024 1030 Augustudinensieccle-

388 1052 476 1107 sia
523 1052 595 1107 de
646 1050 969 1116 Monrisalt,
1001 1050 1072 1105 de
1119 1049 1405 1121 Pulignio,
1439 1048 1509 1104 de
1555 1048 1925 1117 Blanchiaco,
1954 1051 2025 1106 de

385 1141 578 1196 Monte
625 1144 680 1193 S.
729 1138 994 1205 Joannis,
1045 1139 1118 1193 de
1170 1137 1434 1203 Luciaco,
1482 1138 1553 1193 de
1599 1138 1903 1210 Crupellis,
1954 1140 2024 1195 (16

386 1228 666 1299 Milpont:
693 1227 939 1282 ecclesia
969 1228 1026 1283 S.
1052 1226 1403 1292 Mammetis,
1423 1227 1478 1282 S.
1515 1226 1936 1299 Christophori.
1956 1232 2021 1283 In

386 1315 758 1388 Lingonensi,
815 1315 1059 1372 ecclesia
1119 1317 1175 1370 S.
1227 1314 1482 1382 Eulalia,
1534 1319 1590 1369 S.
1640 1315 1882 1371 Joannis
1952 1317 2023 1371 de

385 1406 599 1470 Laona,
632 1405 704 1459 de
733 1403 958 1468 Trualt,
992 1404 1064 1458 de
1094 1408 1269 1470 Arcu,
1303 1404 1374 1458 de
1411 1403 1736 1468 Vandovra,
1769 1405 1842 1459 de
1872 1405 2020 1460 Mar-

386 1493 702 1560 maissa,de
727 1491 1010 1548 Allars.In
1043 1491 1271 1548 Basila'
1293 1491 1537 1548 ecclesia
1566 1492 1762 1547 Sancti
1793 1492 2018 1548 Albani.

385 1582 452 1638 In
479 1579 1124 1646 Cabilonensi,ecclesia
1153 1581 1223 1636 de
1253 1580 1534 1637 Viniules.
1557 1581 1617 1636 In
1650 1582 2018 1646 Arvernensi,

382 1669 628 1726 ecclesia
672 1673 727 1724 S.
776 1670 1047 1735 Amandi,
1099 1670 1157 1726 S.
1209 1668 1470 1741 Sepulcri
1521 1670 1590 1724 de
1640 1671 1926 1735 Lavenna,
1959 1670 2018 1725 S.

381 1757 571 1815 Marias
615 1759 687 1813 de
715 1756 984 1822 Castello,
1034 1757 1104 1812 (16
1152 1756 1434 1822 Canariis,
1485 1758 1556 1812 de
1599 1757 1913 1823 Montanis,
1951 1759 2021 1813 de

380 1845 856 1918 Nigro-Stapulo,
892 1846 962 1900 de
995 1845 1296 1918 Angerolis
1343 1846 1414 1900 de
1441 1848 1721 1900 Arumna.
1752 1846 1814 1900 In
1845 1845 2020 1901 Vien-

379 1933 567 2028 nensi,
603 1933 846 2028 ecclesia
876 1935 1177 2028 de_Artaz,
1210 1933 1737 2028 Moram-Mantum,
1778 1935 2015 2028 Loteng,
2050 1963 2098 2028 B

378 2021 904 2078 Monte-Casaneto.
961 2023 1024 2078 In
1076 2022 1629 2094 Gratianopolitano,
1677 2022 1921 2078 ecclesia
1949 2025 2020 2079 de

377 2109 629 2176 Alavart,
683 2112 754 2166 de
802 2111 1044 2178 Avalun,
1094 2112 1165 2166 de
1219 2111 1409 2176 Teies,
1460 2112 1531 2166 de
1587 2111 1897 2176 Valbones,
1948 2112 2020 2167 de

377 2200 602 2256 Visilia.
648 2201 713 2255 In
758 2199 1199 2267 Valentiniensi,
1248 2198 1494 2255 ecclesia
1541 2200 1612 2254 de
1654 2199 1913 2265 Cabetul,
1948 2200 2019 2255 de

376 2287 663 2356 Castellis,
687 2288 760 2344 (16
788 2288 943 2353 Ales,
972 2289 1044 2343 de
1075 2288 1202 2343 Urz.
1232 2287 1292 2343 In
1326 2288 1523 2344 Diensi
1553 2287 1796 2343 ecclesia
1825 2287 2019 2343 Sancti

374 2376 723 2444 Sebastiani,
794 2377 1017 2432 Sanctae
1091 2375 1388 2444 Eufemiae,
1466 2376 1662 2432 Sancti
1739 2377 1887 2431 Petri
1944 2377 2015 2432 (16

374 2466 618 2534 Trefort,
695 2466 766 2520 de
829 2467 1009 2530 Arun,
1085 2466 1156 2520 de
1229 2464 1423 2530 Aurel,
1487 2465 1558 2519 de
1624 2464 1880 2530 Calciun,
1947 2465 2019 2521 (16

373 2553 903 2611 Castello-Novo.In
937 2553 1450 2622 Tulensi,ecclesia
1477 2554 1550 2608 de
1579 2553 1794 2609 domna
1812 2553 2017 2623 Maria,

372 2644 444 2698 de
475 2643 798 2698 Frondonis
820 2641 975 2698 villa.
1011 2643 1074 2698 In
1119 2643 1381 2708 Metensi,
1414 2642 1660 2697 ecclesia
1699 2642 1770 2698 de
1801 2642 2018 2697 Tiben-

372 2733 518 2786 curt.
553 2732 616 2786 In
673 2731 1085 2799 Lemovicensi,
1121 2729 1542 2786 monasterium
1595 2731 1749 2802 quod
1803 2730 2019 2786 dicitur

372 2821 562 2876 Boort.
594 2821 659 2874 In
690 2818 1044 2887 Belvacensi,
1077 2819 1326 2875 ecclesia
1369 2820 1563 2874 Sancti
1616 2819 1783 2891 Lupi,
1821 2820 2017 2875 Sancti

371 2907 792 2979 Christophori.
823 2908 885 2963 In
930 2907 1232 2974 Meldensi,
1261 2906 1506 2963 ecclesia
1555 2911 1775 2962 Sanctae
1826 2907 2015 2963 Maria;

371 2997 442 3052 de
471 2995 759 3052 Nantolio.
795 2998 856 3050 In
889 2995 1222 3063 Parisiensi,
1261 2995 1506 3050 ecclesia
1551 2999 1774 3051 Sanctae
1824 2995 2016 3051 Mariae

371 3087 442 3141 de
475 3085 868 3157 Longoponte,
903 3086 974 3140 de
1001 3084 1197 3139 Alnes.
1232 3084 1293 3140 In
1328 3084 1731 3150 Ambianensi,
1776 3084 2019 3140 ecclesia

371 3172 566 3230 Sancti
617 3172 771 3229 Petri
826 3174 897 3228 de
965 3172 1186 3228 Lehun.
1251 3174 1314 3229 In
1374 3173 1711 3243 Morincnsi,
1771 3173 2018 3229 ecclesia

369 3261 566 3318 Sancti
609 3259 927 3318 Michaelis.
958 3260 1019 3316 In
1068 3261 1495 3330 Suessionensi,
1545 3261 1788 3318 ecclesia
1817 3262 2013 3318 Sancti

370 3351 520 3407 Petri
579 3351 650 3406 de
705 3349 966 3406 Gusiaco.
1029 3351 1093 3406 In
1159 3325 1590 3424 Longobardia,
1658 3350 2011 3407 monasterio
2042 3325 2085 3393 α

367 3437 562 3495 Sancti
590 3438 878 3494 Valeriani
910 3440 980 3494 de
1009 3439 1254 3496 Castello
1287 3440 1794 3508 Rothobio,Sancti
1817 3439 2013 3511 Majoli

370 3528 441 3582 de
473 3527 1037 3599 Papia,S.Michaelis
1067 3529 1137 3584 de
1168 3527 1562 3595 Mucharione,
1587 3527 1784 3584 Sancti
1816 3527 2012 3599 Majoli

371 3615 442 3670 de
498 3614 842 3681 Castemola,
895 3617 1117 3672 Sancta
1184 3617 1378 3673 Marias
1446 3618 1516 3673 de
1576 3617 1824 3686 Feraria,
1877 3634 2011 3672 cum

370 3703 646 3760 omnibus
677 3722 805 3776 quae
839 3705 895 3759 in
930 3706 1186 3762 Lomello
1217 3709 1275 3761 et
1305 3704 1627 3762 Lomellina
1648 3706 2013 3762 Gonteranus

369 3791 563 3848 dedit:
598 3793 842 3849 ecclesia
886 3795 1108 3850 Sanctae
1139 3795 1330 3850 Marias
1363 3795 1434 3850 de
1465 3796 1637 3851 Lacu.
1674 3795 1737 3850 In
1784 3794 2009 3851 Vercel-

369 3879 516 3935 lensi
547 3881 1274 3952 episcOpatu,monasterio
1306 3883 1502 3938 Sancti
1532 3882 1685 3938 Petri
1706 3883 1778 3940 de
1800 3883 2014 3938 Castel-

369 3968 516 4037 litio,
547 3968 742 4023 Sancti
787 3970 1030 4026 Joannis
1061 3971 1132 4025 de
1163 3970 1360 4036 Baina,
1395 3971 1740 4027 Sanctorum
1770 3971 2012 4027 Joannis
2086 4006 2092 4013 -

371 4060 428 4113 et
455 4055 620 4112 Pauli
653 4057 723 4112 de
754 4057 1127 4123 Sandaliano,
1177 4063 1232 4112 S.
1281 4057 1512 4113 Martini
1561 4059 1632 4112 de
1679 4058 2011 4126 Salamone,

370 4146 594 4200 Sancta:
646 4145 838 4199 Mariae
890 4145 1293 4200 Ferminiana:
1346 4145 1591 4202 ecclesia
1638 4147 1709 4202 de
1748 4147 2009 4213 Parione,

372 4235 443 4291 (16
479 4231 772 4301 Calvallio,
801 4233 996 4288 Sancti
1029 4233 1178 4288 Petri
1215 4234 1286 4290 de
1315 4235 1484 4290 Sade.
1521 4235 1584 4289 1n
1618 4235 2008 4307 Pergamensi,

372 4321 727 4377 monasterio
776 4322 972 4376 Sancti
1026 4321 1229 4377 Jacobi
1280 4323 1352 4376 de
1399 4321 1676 4387 Ponticla,
1729 4340 1860 4378 cum
1919 4324 2011 4380 his

373 4407 742 4475 obedientiis,
774 4408 1049 4475 Presiate,
1101 4409 1436 4480 Mediolaco,
1471 4411 1812 4478 Portiziana,
1850 4413 2011 4470 Mau-

373 4498 560 4569 ringo,
594 4496 868 4566 Glariola,
891 4496 1233 4565 Verziliano,
1259 4499 1469 4571 Maglo,
1494 4499 1646 4570 Sala,
1670 4500 1971 4559 Vultulina
1995 4521 2008 4557 :

373 4583 758 4640 SanctiPauli
791 4601 926 4641 cum
958 4585 1048 4641 his
1079 4586 1445 4656 obedientiis,
1468 4592 1688 4645 Sancta;
1720 4591 1912 4646 Mariae
1942 4592 2014 4647 de

373 4673 687 4743 Sarnecho,
719 4678 775 4730 S.
809 4675 964 4731 Petri
994 4675 1066 4731 de
1095 4676 1429 4744 Umbriano,
1455 4678 1675 4734 Sanctae
1708 4679 2013 4735 Trinitatis
2044 4695 2092 4759 D

374 4764 446 4820 (16
493 4762 786 4832 Gramina,
829 4765 1021 4820 Sancti
1075 4764 1226 4820 Petri
1273 4765 1344 4820 de
1386 4765 1782 4840 Madegniaco,
1817 4768 2013 4823 Sancti

377 4851 677 4909 Michaelis
703 4853 773 4908 de
803 4853 1281 4921 Sencino,Sancti
1312 4854 1546 4910 Martini
1579 4855 1648 4911 de
1680 4855 2012 4924 Rudiliano,

339 4976 342 4977 ν
374 4946 594 4996 Sanctae
623 4941 792 4996 Julize
824 4943 895 4997 de
925 4943 1199 5009 Cazacho,
1222 4947 1278 4997 S.
1304 4943 1537 5000 Thomas
1573 4945 1643 5000 (16
1682 4945 2016 5012 Quintiano,

375 5029 567 5084 Sancti
611 5029 926 5085 Salvatoris
969 5031 1040 5085 de
1070 5030 1215 5086 valle
1255 5032 1626 5097 Camonicha,
1673 5033 1868 5089 Sancti
1897 5035 2018 5088 An-

376 5119 527 5174 dreas
577 5117 910 5190 Brigniano,
966 5123 1184 5175 Sancta
1241 5121 1433 5178 Mariae
1509 5122 1580 5177 de
1636 5121 1898 5188 Canturi,
1956 5123 2014 5178 S.

375 5205 585 5280 {Egidii
635 5207 706 5261 de
753 5207 1108 5280 Vergesima.
1143 5210 1492 5266 Monasterio
1526 5210 1583 5264 S.
1621 5210 1769 5264 Petri
1803 5211 1874 5265 de
1906 5212 2015 5266 Ro-

376 5295 574 5367 dingo,
620 5295 813 5350 Sancti
861 5296 1012 5351 Petri
1059 5297 1130 5354 (16
1184 5298 1444 5354 Provallo
1493 5313 1628 5352 cum
1683 5297 1775 5353 his
1825 5299 2016 5368 cellis,

378 5382 655 5455 Trigulis,
687 5382 1010 5455 Alﬁanello,
1039 5392 1094 5442 S.
1129 5385 1417 5443 Gabrielis
1449 5385 1520 5440 de
1549 5384 1835 5442 Cremona
1881 5404 2017 5444 cum

378 5473 540 5530 cellis
578 5474 703 5530 suis
754 5491 880 5546 qua:
930 5476 1052 5532 sitas
1102 5479 1243 5532 sunt
1292 5476 1348 5529 in
1396 5477 1588 5532 castro
1642 5475 2012 5544 Fontanellzs,

379 5561 638 5635 Trigulo,
698 5564 1012 5633 Grumello,
1073 5562 1467 5630 Scandolario,
1529 5563 1798 5620 Brixiana
1847 5567 2017 5637 juxta

377 5651 657 5708 Virolam.
685 5654 742 5708 In
778 5654 1088 5720 Placentia,
1127 5651 1475 5708 monasterio
1505 5651 1701 5709 Sancti
1733 5654 2012 5726 Gregorii,

353 5758 514 5808 cum
545 5742 637 5800 his
663 5743 846 5812 cellis,
869 5743 1113 5801 ecclesia
1143 5741 1340 5798 Sancti
1373 5741 1580 5800 Leonis
1610 5744 1680 5801 de
1712 5743 2012 5816 Miradolo,

2135 780 2308 834 Firmi
2343 785 2399 836 et
2430 781 2651 836 Rustici
2698 783 2769 838 de
2798 783 3013 854 Fratta,
3049 785 3272 840 Sanctae
3319 783 3522 839 Crucis
3566 785 3638 840 de
3684 783 3782 838 Vi-

2134 870 2405 938 codardo,
2425 870 2650 925 Sanctae
2682 871 2876 927 Mariae
2903 873 2975 928 de
2995 872 3391 929 Calventiano.
3426 873 3784 929 Monasterio

2133 957 2329 1012 Sancti
2359 958 2604 1015 Joannis
2633 960 2705 1014 de
2735 962 3088 1016 Vertumade
3135 979 3269 1017 cum
3324 961 3448 1030 suis
3496 961 3781 1030 ecclesiis,

2132 1046 2477 1102 Sanctorum
2510 1053 2834 1120 martyrum
2867 1048 3130 1105 Cassiani
3164 1053 3220 1104 et
3259 1049 3554 1122 Hippolyti
3582 1051 3655 1105 de
3685 1049 3784 1105 Ul-

2132 1134 2291 1202 zade,
2325 1136 2547 1191 Sancta:
2580 1135 2772 1191 Mariae
2825 1138 2896 1192 de
2945 1137 3191 1206 Laveno,
3227 1142 3284 1194 et
3329 1139 3553 1194 Sanctis
3605 1137 3782 1193 Helia

2133 1223 2202 1278 de
2251 1224 2444 1278 Monte
2493 1223 2756 1297 Veglimo
2805 1241 2939 1280 cum
2985 1226 3274 1282 universis
3323 1227 3682 1299 appendiciis
3724 1232 3785 1284 et

2134 1312 2497 1384 pertinentiis
2528 1313 2672 1368 suis.

2204 1402 2333 1456 Haec
2363 1401 2580 1470 omnia,
2613 1401 2698 1456 vel
2733 1419 2859 1474 quas
2893 1403 2950 1458 in
3003 1404 3290 1468 futurum,
3325 1404 3569 1461 Domino
3615 1407 3786 1477 adju-

2130 1494 2320 1560 vante,
2345 1491 2505 1561 juste
2536 1490 2799 1562 poteritis
2830 1491 3096 1565 adipisci,
3125 1493 3231 1548 tibi
3277 1493 3512 1566 tuisque
3553 1511 3785 1551 succes-

2131 1579 2364 1634 soribus
2396 1579 2476 1634 ita
2507 1584 2784 1651 perpetuo
2817 1581 3462 1654 regenda,disponenda
3489 1599 3555 1638 ac
3587 1585 3800 1656 posci-

2133 1667 2323 1722 denda
2372 1669 2697 1735 firmamus,
2731 1674 2795 1723 ut
2825 1669 3041 1724 nemini
3073 1670 3537 1743 unquamlliceat
3570 1688 3781 1737 eorum

2131 1754 2350 1827 aliquid
2382 1774 2416 1812 a
2445 1757 2691 1812 caanobii
2723 1756 3122 1815 Cluniacensis
3153 1759 3378 1815 unitate
3407 1760 3782 1829 subtrahere.

2132 1845 2304 1900 Porro
2335 1845 2488 1900 sicut
2534 1862 2569 1900 a
2611 1846 2791 1900 beatae
2845 1847 3138 1902 memorie
3193 1865 3345 1921 papa
3393 1848 3668 1922 Gregorio
3713 1849 3784 1905 in

2130 1933 2392 1989 Romana
2422 1935 2663 2007 synodo,
2696 1938 2754 1990 et
2797 1952 2831 1990 a
2878 1935 3050 1992 nobis
3101 1953 3289 2009 nuper
3335 1937 3394 1992 in
3439 1936 3785 1995 Placentina

2130 2024 2414 2077 statutum
2447 2029 2554 2088 est,
2580 2024 2882 2095 praesentis
2916 2023 3198 2097 privilegii
3225 2026 3569 2082 auctoritate
3584 2027 3783 2092 decer-

2130 2110 2348 2180 nimus,
2381 2114 2446 2166 ut
2492 2110 2636 2166 nulli
2681 2111 2758 2166 sit
2789 2111 3248 2185 archiepiscopo,
3283 2112 3428 2169 nulli
3476 2115 3784 2187 episcopo,

2129 2197 2276 2253 nulli
2330 2199 2660 2270 apostolicae
2707 2200 2866 2256 sedis
2913 2200 3100 2272 legato
3136 2201 3402 2269 facultas,
3438 2202 3565 2258 sine
3620 2208 3781 2260 certo

2130 2287 2374 2343 Romani
2437 2287 2728 2359 pontificis
2789 2293 3092 2361 praecepto,
3145 2291 3455 2346 adversum
3512 2308 3615 2348 vos
3674 2298 3784 2360 aut

2125 2381 2385 2431 vestrum
2419 2375 2748 2432 caanobium
2767 2377 3391 2435 excommunicationis
3412 2384 3514 2436 aut
3536 2380 3785 2437 interdi-

2127 2463 2337 2519 ctionis
2383 2464 2639 2536 proferre
2689 2465 3062 2534 sententiam,
3117 2482 3306 2538 neque
3352 2471 3566 2534 vestra,
3611 2469 3784 2526 vobis

2129 2551 2346 2618 invitis,
2369 2552 2597 2622 judicia
2635 2552 2932 2609 ventilare.
2965 2553 3320 2623 Dalmaticae,
3353 2572 3788 2630 compagorum

2126 2641 2565 2708 (sandaliorum),
2615 2641 3056 2713 chyrotecarum
3114 2646 3173 2698 et
3234 2643 3417 2700 mitras
3478 2661 3654 2701 usum
3715 2646 3782 2716 in

2128 2729 2542 2784 festivitatibus
2571 2733 2698 2784 octo
2729 2729 3060 2802 praecipuis,
3098 2731 3250 2787 sicut
3306 2732 3411 2789 tibi
3461 2750 3786 2793 concessus

2125 2821 2232 2883 est,
2268 2817 2349 2872 ita
2378 2818 2496 2872 tuis
2528 2833 2761 2889 quoque
2792 2819 3249 2888 successoribus,
3277 2837 3382 2892 pro
3405 2825 3516 2877 tuae
3549 2822 3788 2896 religio-

2127 2907 2218 2960 nis
2249 2904 2519 2977 ampliori
2557 2904 2883 2972 dilectione,
2927 2907 3322 2963 concedimus.
3373 2909 3433 2966 Si
3478 2926 3595 2982 qua
3643 2929 3784 2970 vero

2125 2992 2518 3049 ecclesiastica
2548 2993 2911 3050 saecularisve
2957 3011 3207 3066 persona
3254 2995 3434 3068 hujus
3483 2997 3782 3073 privilegii

2124 3081 2399 3153 paginam
2432 3082 2644 3147 sciens,
2664 3087 2865 3138 contra
2889 3099 3018 3138 eam
3050 3088 3267 3140 temere
3290 3085 3487 3140 venire
3513 3090 3781 3145 tentave-

2124 3170 2218 3237 rit,
2249 3170 2505 3225 secundo
2554 3169 2793 3226 tertiove
2838 3172 3217 3242 commonita,
3271 3172 3320 3228 si
3370 3191 3486 3230 non
3537 3175 3780 3232 satisfa-

2123 3257 2312 3313 ctione
2343 3275 2602 3330 congrua
2631 3259 3041 3328 emendaverit,
3076 3261 3381 3332 potestatis
3415 3262 3782 3336 honorisque

2123 3347 2216 3402 sui
2264 3347 2547 3420 dignitate
2600 3352 2814 3414 careat,
2861 3364 3140 3422 reamque
3189 3367 3250 3406 se
3307 3351 3502 3408 divino
3540 3353 3780 3424 judicio

2123 3435 2368 3491 existere
2416 3436 2487 3491 de
2534 3441 2863 3509 perpetrata
2908 3437 3217 3509 iniquitate
3265 3445 3603 3513 cognoscat,
3633 3447 3693 3499 et
3745 3460 3784 3499 (ι

2123 3523 2520 3580 sacratissimo
2551 3541 2790 3597 corpore
2821 3543 2888 3581 ac
2936 3527 3223 3600 sanguine
3275 3528 3374 3583 Dei
3423 3533 3483 3585 et
3534 3529 3782 3587 Domini

2123 3613 2305 3669 nostri
2336 3613 2476 3670 Jesu
2516 3612 2731 3670 Christi
2781 3613 2971 3670 aliena
3021 3616 3146 3682 ﬁat,
3178 3621 3354 3688 atque
3401 3617 3461 3672 in
3511 3622 3779 3676 extremo

2121 3703 2386 3758 examine
2415 3701 2691 3759 districta:
2724 3701 2933 3759 ultioni
2967 3704 3286 3776 subjaceat.
3301 3705 3537 3762 Cunctis
3569 3712 3776 3765 autem

2121 3792 2309 3847 eidem
2335 3791 2460 3848 loco
2484 3793 2653 3863 justa
2682 3791 3050 3849 servantibus
3082 3794 3158 3850 sit
3187 3811 3298 3866 pax
3313 3795 3549 3851 Domini
3580 3799 3776 3855 nostri

2117 3880 2148 3936 J
2157 3897 2260 3936 esu
2293 3880 2527 3936 Christi.
2553 3881 2758 3936 Amen.

2191 3968 2401 4023 Datum
2453 3968 2755 4024 Placentia
2806 3985 2910 4042 per
2957 3986 3200 4026 manum
3243 3971 3508 4038 Joannis,
3552 3978 3772 4031 sanctae

2121 4056 2395 4112 Romanis
2429 4055 2691 4112 Ecclesiae
2723 4057 2952 4113 diaconi
2992 4059 3326 4127 cardinalis,
3376 4077 3489 4116 xvn
3523 4061 3770 4120 Kalend.

2119 4143 2324 4216 April.,
2360 4144 2733 4218 pontiﬁcatus
2776 4150 2972 4202 autem
3004 4147 3203 4203 domni
3253 4147 3469 4204 Urbani
3519 4151 3770 4206 secundi

2119 4249 2281 4306 papae
2315 4251 2467 4291 anno
2497 4251 2617 4291 VIII.

2119 4448 2481 4516 Privilegi-um
2513 4449 2720 4505 Urbani
2743 4360 3132 4577 £23133?!)
3163 4451 3388 4506 ecclesia
3437 4451 3491 4506 S.
3523 4452 3680 4508 Petri
3708 4453 3781 4510 de

2833 4537 2930 4576 uas
2955 4539 2989 4577 a
3037 4538 3089 4576 a.

2833 4537 3068 4577 ιιαδῑαιια
3077 4564 3089 4576 .

2747 4635 2929 4708 (Anno
2965 4636 3146 4708 1095.)

2233 4749 2424 4818 [Am-‘0,
2459 4750 2656 4805 Istoria
2681 4750 2826 4807 delia
2847 4753 2977 4807 οίιιὰ
3006 4769 3033 4807 e
3052 4752 3243 4808 ducam
3272 4751 3330 4807 di
3355 4751 3661 4819 Guastalla,

2393 4819 2691 4876 Guastalla
2716 4823 2876 4892 1785,
2905 4822 3070 4891 ἰπὶ-4ο,
3103 4828 3144 4878 t.
3189 4823 3232 4890 Ι,
3261 4841 3318 4896 p.
3354 4823 3503 4895 325.]

2199 4944 2473 5000 URBANUS
2504 4946 3045 5018 episcopus,servus
3078 4965 3378 5004 servorum
3400 4947 3521 5016 Dei,
3540 4947 3782 5005 dilectis

2125 5032 2263 5088 ﬁliis
2293 5035 2567 5102 Annam-3,
2601 5035 3101 5110 archipresbytero
3125 5036 3393 5094 Ecclesiae
3422 5036 3582 5093 Beati
3618 5037 3781 5094 Petri

2126 5138 2252 5192 quae
2283 5122 2342 5178 in
2374 5123 2768 5180 Guastallensi
2800 5142 2947 5198 pago
2977 5125 3091 5182 sita
3115 5127 3474 5199 est,ejusque
3494 5125 3782 5183 fratribus

2125 5213 2242 5265 tam
2295 5212 2683 5284 prmsentibus
2733 5231 2911 5286 quam
2962 5215 3175 5275 futuris
3223 5215 3500 5272 canonice
3547 5215 3782 5272 substi-

2126 5301 2356 5359 tuendis
2383 5300 2442 5356 in
2476 5306 2844 5373 perpetuum.
3377 5304 3380 5305 ⁷

2191 5389 2222 5444 J
2233 5389 2381 5445 ustis
2411 5390 2563 5446 votis
2594 5407 2904 5448 assensum
2935 5392 3238 5464 perhibere
3259 5391 3560 5464 justisque
3582 5393 3780 5464 petio-

2123 5476 2296 5534 nibus
2327 5495 2497 5534 aures
2527 5481 2968 5538 accommodare
2999 5498 3105 5538 nos
3149 5481 3440 5551 convenit,
3476 5480 3601 5553 qui,
3631 5479 3784 5537 licet

2124 5567 2616 5640 indigni,justitiee
2630 5569 2900 5626 custodes
2925 5573 3100 5644 atque
3121 5587 3416 5644 praecones
3435 5570 3494 5625 in
3512 5569 3787 5627 Ecclesia

2125 5656 2518 5730 apostolorum
2550 5657 2882 5731 principum
2913 5659 3063 5717 Petri
3088 5664 3144 5716 et
3174 5659 3334 5716 Pauli
3386 5659 3624 5733 specula
3647 5659 3784 5716 Do-

2124 5746 2283 5803 mino
2316 5745 2660 5816 disponente
2689 5747 2955 5806 videmur
2984 5749 3249 5806 existere.
3281 5751 3672 5822 Quapropter,
3690 5748 3785 5806 fili
