3950 6394
165 452 280 517 413

1334 452 1742 520 EPISTOL/E
1783 452 1884 521 ET
1928 433 2394 521 PRIVILEGIA.

3434 446 3564 526 "Mil

166 587 224 645 in
253 585 483 645 Christo
514 584 858 644 charissime
886 585 1133 655 Andrea,
1169 585 1492 645 devotionis
1522 594 1634 645 tua
1680 607 1807 662 pre-
1838 587 1894 659 Α
1923 589 2486 660 subjaceat.Cunctis
2519 595 2713 648 autem
2743 588 3255 662 eidemloco,justa
3285 586 3565 652 servanti~

166 679 330 734 cibus
362 681 706 744 annuentes,
735 675 889 732 beati
933 675 1082 730 Petri
1125 676 1390 748 apostoli,
1420 678 1514 733 cui
1564 679 1808 735 Domino

167 771 401 824 auctore
431 766 708 839 prasides
728 764 1033 821 ecclesiam
1056 781 1184 836 qua
1204 765 1262 820 in
1292 767 1593 822 Guastalla
1615 768 1674 822 in
1704 785 1809 823 suo

166 856 380 929 pradio
420 855 736 911 constituta
784 871 817 909 a
860 853 1246 910 dilectissime
1292 855 1444 911 beati
1492 857 1640 912 Petri
1690 858 1810 912 filio

167 945 561 1017 Ermengarda
581 943 782 1016 regina
800 947 857 998 et
883 960 913 996 a
946 943 1184 998 domino
1206 944 1516 1000 Garimano
1547 947 1810 1016 ejusdem

167 1032 420 1090 ecclesia
453 1032 757 1087 fundatore
809 1031 922 1087 Deo
954 1047 1018 1086 ac
1050 1032 1215 1086 beato
1270 1033 1436 1088 Petro
1477 1033 1671 1089 oblata
1701 1039 1810 1102 est,

168 1127 222 1177 et
275 1139 311 1177 a
359 1121 784 1193 pradecessore
829 1124 1024 1175 nostro
1075 1119 1260 1176 felicis
1319 1123 1611 1177 memoria
1662 1140 1814 1196 papa

171 1209 447 1283 Gregorio
478 1209 682 1280 quinto
733 1208 792 1263 in
823 1208 1052 1280 plebem
1103 1209 1174 1264 de
1219 1210 1440 1281 capella
1486 1217 1809 1283 promotam

169 1303 222 1356 et
265 1302 670 1355 consecratam
719 1297 830 1352 sub
880 1297 1210 1370 apostolica
1261 1300 1416 1356 sedis
1461 1301 1814 1372 protectione

170 1387 501 1461 specialiter
551 1386 969 1443 confovendam
1020 1387 1397 1460 suscipimus,
1427 1393 1484 1445 et
1530 1390 1636 1445 tibi
1683 1407 1812 1446 eam

168 1477 408 1550 tuisque
436 1475 874 1533 successoribus
915 1476 1192 1532 canonice
1222 1478 1654 1534 substituendis
1677 1480 1816 1550 jure

169 1569 449 1639 perpetuo
480 1565 855 1621 concedimus
897 1569 1072 1637 atque
1104 1567 1410 1623 ﬁrmamus
1461 1584 1593 1623 cum
1625 1568 1816 1624 tribus

170 1652 431 1727 capellis,
485 1652 748 1708 videlicet
795 1654 852 1708 S.
901 1653 1328 1724 Bartholomai,
1383 1657 1440 1712 S.
1484 1656 1712 1728 Georgii
1761 1662 1818 1711 et

170 1744 228 1799 S.
263 1741 526 1810 Martini,
561 1746 618 1796 et
667 1758 800 1796 cum
849 1743 1124 1798 omnibus
1172 1743 1296 1798 suis
1347 1745 1817 1816 possessionibus

172 1850 270 1889 seu
303 1831 552 1888 decimis
578 1831 648 1886 ad
676 1831 834 1903 ipsas
857 1831 1740 1902 pertinentibus.Constituimus
1757 1840 1819 1889 ut

171 1921 372 1977 nullus
421 1920 572 1976 infra
600 1920 883 1976 terminos
927 1925 1127 1976 vestra
1178 1922 1464 1993 parochia
1511 1924 1816 1979 ecclesiam

174 2010 460 2066 adiﬁcare
490 2013 807 2080 prasumat
837 2009 950 2063 nisi
995 2025 1098 2081 per
1150 2016 1396 2066 vestram
1447 2012 1738 2068 licentiam
1766 2017 1822 2068 et

174 2115 299 2172 qua
348 2097 515 2154 vobis
575 2098 781 2153 debeat
832 2113 960 2152 esse
1012 2099 1293 2168 subjecta.
1347 2101 1411 2174 Et
1461 2119 1822 2174 quacunque

174 2186 618 2260 prasentialiter
677 2191 869 2242 vestra
927 2187 1172 2242 ecclesia
1227 2190 1384 2258 juste
1440 2208 1506 2245 ae
1559 2190 1824 2262 legaliter

155 2274 458 2349 "possidet,
491 2275 608 2330 sive
637 2273 695 2328 in
737 2274 1004 2330 futurum
1053 2276 1424 2333 concessione
1457 2279 1819 2350 pontificum,

174 2363 526 2420 liberalitate
568 2379 772 2435 regum
820 2362 909 2418 vel
968 2364 1320 2436 principum,
1372 2383 1475 2422 seu
1533 2367 1824 2424 oblatione

177 2452 440 2508 ﬁdelium
480 2452 638 2523 juste
682 2456 740 2506 et
783 2451 1058 2506 canonice
1107 2453 1322 2523 poteris
1357 2455 1621 2527 adipisci,
1656 2458 1825 2512 firma

177 2542 340 2598 vobis
358 2541 683 2612 vestrisque
713 2540 1152 2596 successoribus
1170 2559 1508 2613 permanere
1521 2546 1824 2615 prasentis

181 2629 468 2703 privilegii
510 2629 855 2685 auctoritate
905 2629 1226 2685 sancimus.
1265 2632 1642 2689 Decernimus
1689 2651 1824 2706 ergo

182 2726 245 2776 ut
275 2718 424 2775 nulli
446 2719 685 2774 omnino
710 2717 1018 2773 hominum
1037 2717 1207 2774 liceat
1220 2722 1486 2776 eamdem
1509 2722 1826 2778 Ecclesiam

187 2814 402 2864 temere
433 2807 773 2880 perturbare
806 2811 907 2861 aut
935 2807 986 2861 ei
1020 2809 1285 2864 subditas
1314 2811 1713 2881 possessiones
1733 2829 1828 2866 au-

189 2899 336 2954 ferre
387 2896 475 2952 vel
509 2895 733 2952 ablatas
763 2896 1029 2964 retinere,
1063 2897 1347 2966 minuere,
1379 2898 1464 2955 vel
1504 2900 1827 2956 temerariis

180 2985 589 3043 vexationibus
631 2984 892 3056 fatigare,
928 2985 1027 3040 sed
1073 2986 1270 3042 omnia
1318 2988 1539 3059 integra
1594 3006 1827 3044 conser-

181 3080 394 3131 ventur
423 3089 624 3130 eorum
657 3091 760 3147 pro
794 3091 1043 3146 quorum
1077 3077 1500 3133 sustentatione
1531 3083 1588 3133 et
1617 3080 1828 3152 guber-

184 3163 426 3220 natione
455 3179 730 3218 concessa
759 3163 1115 3220 suntusibus
1129 3165 1482 3220 omnimodis
1503 3168 1826 3238 profutura.

185 3255 451 3310 Obeunte
500 3257 693 3307 autem
739 3256 796 3307 te
844 3269 998 3307 nunc
1039 3254 1168 3323 ejus
1225 3253 1331 3309 loci
1382 3256 1690 3327 praeposito
1743 3255 1830 3312 vel

185 3348 425 3398 tuorum
472 3341 732 3412 quolibet
775 3357 1180 3397 successorum
1232 3325 1430 3399 nullus
1461 3325 1540 3400 ibi
1573 3345 1833 3416 qualibet
1863 3325 1905 3392 ί]

186 3429 585 3503 subreptionis
617 3431 835 3485 astutia
864 3429 948 3484 vel
996 3430 1271 3486 violentia
1316 3438 1674 3503 proponatur
1721 3434 1834 3489 nisi

191 3536 364 3594 quem
399 3519 609 3574 fratres
641 3519 940 3574 communi
972 3537 1262 3576 consensu
1293 3521 1378 3576 vel
1423 3522 1667 3577 fratrum
1701 3537 1836 3594 pars

190 3607 422 3665 consilii
453 3607 701 3663 sanioris
731 3609 1056 3664 secundum
1079 3609 1181 3665 Dei
1212 3610 1479 3666 timorem
1497 3611 1837 3683 regulariter

188 3697 513 3771 elegerint;
565 3712 670 3752 nec
720 3697 866 3769 ipsis
909 3697 1092 3765 vobis,
1141 3715 1244 3754 nec
1294 3699 1466 3754 alicui
1517 3700 1622 3755 loci
1676 3701 1834 3756 illius

189 3786 465 3843 ministro
498 3785 744 3842 facultas
775 3785 853 3842 sit
881 3785 1137 3843 ecclesia
1157 3788 1310 3842 bona
1341 3787 1398 3842 in
1425 3788 1662 3843 feudum
1687 3788 1836 3843 mili-

183 3874 346 3931 tibus
377 3873 466 3930 vel
498 3872 794 3946 aliquibus
826 3876 1091 3947 personis
1123 3875 1502 3932 saecularibus
1525 3878 1832 3950 impertiri.

185 3963 303 4020 Hoe
334 3979 572 4036 quoque
594 3965 865 4035 praesenti
892 3964 1146 4036 capitulo
1170 3966 1588 4038 subjungimus
1621 3971 1684 4022 ut
1712 3968 1838 4039 ipsa

183 4051 432 4108 ecclesia
460 4056 517 4108 et
547 4051 734 4124 ipsius
765 4052 1030 4109 Ecclesia
1063 4054 1322 4109 canonici
1359 4056 1430 4111 ab
1463 4057 1622 4111 omni
1655 4073 1834 4111 sacu-

186 4140 328 4196 laris
359 4138 578 4205 servitii
609 4140 726 4196 sint
755 4141 1126 4198 infestatione
1170 4143 1360 4198 securi
1401 4145 1677 4215 omnique
1705 4161 1834 4218 gra-

178 4230 412 4285 vamine
457 4231 762 4285 mundanae
811 4230 1216 4302 Oppressionis
1269 4232 1473 4287 remoti
1522 4232 1578 4287 in
1622 4237 1837 4288 sancta

179 4317 479 4391 religionis
527 4319 931 4375 observatione
984 4319 1173 4375 seduli
1220 4325 1395 4392 atque
1444 4321 1646 4392 quieti,
1691 4322 1834 4376 nulli

177 4407 277 4463 alii
311 4407 424 4463 nisi
453 4407 726 4464 Romana
757 4413 814 4464 et
849 4409 1179 4480 apostolica
1214 4409 1335 4465 sedi
1370 4411 1540 4481 cujus
1563 4410 1718 4482 juris
1747 4415 1837 4467 est

178 4496 410 4569 aliaque
441 4499 753 4553 teneantur
783 4498 1086 4554 occasione
1112 4499 1659 4570 subjecti.Chrisma
1681 4517 1833 4566 vero,

179 4585 376 4641 oleum
408 4589 707 4653 sanctum,
740 4586 1204 4643 consecrationes
1248 4587 1646 4656 ecclesiarum,
1680 4589 1833 4644 ordi-

1849 1955 1896 2022 Β

1921 679 2032 735 bus
2066 679 2142 735 sit
2164 698 2276 753 pax
2293 680 2522 737 Domini
2547 680 2731 737 nostri
2746 681 3148 753 Redemptoris
3161 682 3299 738 Jesu
3318 683 3397 739 Ch
3412 684 3559 753 iisti,

1921 773 2211 839 quatenus
2241 774 2297 824 et
2330 770 2421 824 hic
2455 771 2708 826 fructum
2741 771 2904 826 bona
2953 761 3198 827 actionis
3242 769 3567 846 percipiant

1919 861 1978 911 et
2008 858 2162 928 apud
2194 857 2525 913 districtum
2547 858 2808 930 judicem
2850 859 3088 930 pramia
3135 864 3358 916 aterna
3407 861 3564 934 pacis

1920 945 2237 1006 inveniant.
2269 947 2474 1016 Amen,
2509 964 2700 1012 amen,
2733 963 2925 1002 amen.
2995 999 3010 1010 ,
3293 945 3296 948 ’

1991 1035 2109 1106 Ego
2140 1035 2405 1090 Urbanus
2438 1035 2730 1091 catholica
2761 1035 3024 1092 Ecclesia
3057 1037 3384 1110 episcopus.

1993 1123 2204 1178 Datum
2263 1123 2567 1179 Placentia
2626 1141 2728 1196 per
2786 1142 2995 1180 manus
3051 1125 3294 1181 Joannis
3351 1132 3563 1182 sancta

1923 1211 2196 1266 Romana
2229 1212 2496 1267 Ecclesia
2529 1212 2863 1282 cardinalis,
2896 1213 3078 1285 pridie
3127 1213 3367 1269 Kalend.
3399 1217 3564 1288 Apri-

1922 1301 2016 1366 lis,
2053 1301 2252 1355 indict.
2289 1318 2371 1366 III,
2407 1319 2559 1356 anno
2601 1301 2914 1358 Dominica
2946 1303 3372 1359 Incarnationis
3403 1304 3561 1370 1.096,

1922 1389 2295 1460 pontiﬁcatus
2330 1393 2521 1444 autem
2554 1391 2752 1444 domni
2804 1390 3019 1446 Urbani
3061 1393 3300 1446 secundi
3327 1393 3432 1448 PP.
3467 1409 3566 1447 oc-

1922 1481 2068 1533 tavo.

2606 1586 2882 1642 CXXXIX.

2027 1673 2232 1729 Urbani
2261 1676 2311 1729 II
2332 1689 2490 1744 papae
2515 1674 2585 1730 ad
2604 1675 2940 1730 Richardu'm
2967 1683 3174 1732 sancta
3209 1677 3467 1733 Romanae

2300 1745 2547 1802 Ecclesia
2573 1746 2912 1801 cardinatem
2943 1748 3190 1818 epistola.

2543 1836 2729 1904 (Anno
2764 1836 2947 1906 1095.)

2019 1923 2348 2004 [Dpcnasss
2378 1924 2538 2004 (fr),
2571 1925 2817 2004 Ιζίξεοένθ-
2834 1924 3490 2004 dentous‘lespardift‘aux

2071 1995 2354 2066 [ium-ais;
2386 1994 2568 2062 Paris,
2604 1996 2760 2062 1660,
2803 1994 3015 2061 in-fol.,
3049 2000 3091 2051 t.
3127 1996 3193 2062 Il,
3229 2013 3284 2067 p.
3318 1997 3431 2066 40.]

2003 2101 2279 2156 URBANUS
2311 2102 2638 2173 episcopus.
2662 2119 2862 2157 servus
2896 2099 3196 2158 servorum
3229 2103 3574 2168 Dei,dilecto

1932 2190 1989 2244 in
2019 2189 2246 2245 Christo
2267 2191 2427 2246 fratri
2461 2195 2517 2245 et
2547 2191 3017 2262 compresbytero
3042 2192 3576 2261 Ricnaanoaancta

1935 2279 2206 2333 Romana
2239 2278 2505 2334 Ecclesia
2540 2279 2818 2334 cardinali
2861 2285 2916 2335 et
2963 2279 3312 2336 Massiliensi
3357 2280 3574 2346 abbati,

1934 2370 2179 2439 ejusque
2211 2367 2648 2423 successoribus
2680 2367 3024 2440 regulariter
3053 2368 3484 2426 substituendis
3518 2368 3578 2424 in

1933 2461 2300 2528 perpetuum.

2008 2543 2040 2598 J
2052 2543 2202 2598 ustis
2231 2544 2378 2598 votis
2410 2560 2716 2599 assensum
2742 2547 3015 2616 praebere,
3037 2545 3334 2616 justisque
3359 2543 3581 2617 petitio-

1937 2631 2112 2686 nibus
2144 2649 2312 2686 aures
2345 2633 2716 2687 commodare
2749 2650 2852 2688 nos
2874 2631 3160 2699 convenit,
3195 2632 3293 2704 qui
3321 2632 3455 2688 licet
3484 2632 3580 2687 in-

1936 2720 2098 2793 digni
2121 2721 2365 2792 justitia
2397 2722 2669 2776 custodes
2716 2725 2888 2792 atque
2921 2737 3212 2793 pracones
3264 2721 3320 2775 in
3355 2720 3582 2776 excelsa

1937 2809 2332 2880 apostolorum
2365 2809 2695 2881 principum
2730 2810 2880 2864 Petri
2908 2814 2965 2865 et
3004 2809 3164 2864 Pauli
3197 2808 3436 2880 specula
3464 2808 3580 2863 Do-

1937 2898 2095 2952 mino
2128 2898 2472 2970 disponente
2509 2899 2777 2954 videmur
2808 2899 3072 2954 existere.
3107 2898 3252 2962 Quia
3297 2898 3493 2970 igitur,
3527 2901 3583 2950 et

1939 2991 2622 3043 antecessorumtuorum
2645 2992 2701 3042 et
2729 2986 2812 3042 tui
2845 2987 3160 3042 strenuitas
3189 2986 3247 3040 in
3263 2983 3584 3057 reparando

1939 3077 2329 3148 quorumdam
2364 3077 2758 3132 coenobiorum
2791 3080 2943 3131 statu
2977 3080 3212 3130 strenue
3241 3091 3308 3128 ac
3339 3073 3586 3129 sollicite

1937 3165 2210 3236 vigilavit,
2257 3165 2521 3237 petitioni
2576 3166 2703 3220 dua
2750 3165 3028 3220 duximus
3059 3163 3437 3219 annuendum
3469 3178 3585 3218 non

1941 3253 2253 3319 immerito,
2301 3257 2367 3308 ut
2414 3254 2472 3307 in
2518 3253 2733 3308 eisdem
2769 3252 3138 3308 monasteriis
3187 3251 3587 3322 disponendis,

1944 3342 2221 3397 abbatum
2253 3340 2476 3397 scilicet
2503 3341 2970 3396 ordinationibus
3012 3345 3188 3412 atque
3218 3341 3588 3395 correctioni-

1942 3430 2054 3484 bus
2085 3435 2312 3486 nostras
2330 3431 2433 3486 tibi
2447 3429 2682 3500 tuisque
2697 3430 2975 3501 legitimis
2989 3428 3589 3484 successoribusvices

1944 3521 2308 3575 committere
2337 3519 2673 3585 debeamus,
2709 3519 2862 3573 sicut
2893 3519 3304 3590 pradecessori
3352 3522 3452 3572 tuo
3495 3534 3591 3572 ve-

1945 3608 2189 3664 nerabili
2250 3609 2371 3663 viro
2427 3607 2718 3662 Bernardo
2777 3607 2848 3662 ab
2909 3605 3236 3678 apostolica
3297 3604 3589 3660 memoria

1945 3696 2218 3770 Gregorio
2242 3697 2660 3769 pradecessore
2695 3700 2896 3751 nostro
2927 3697 3251 3749 commissa
3282 3697 3443 3760 sunt,
3475 3697 3533 3748 et
3557 3710 3592 3748 a

1945 3786 2232 3858 religiosis
2279 3784 2568 3856 episcopis
2617 3788 2670 3839 et
2702 3784 3068 3856 principibus
3118 3783 3493 3847 conﬁrmata,
3529 3781 3586 3836 in

1945 3892 2195 3946 quorum
2227 3873 2518 3946 parochiis
2548 3872 2841 3928 habentur
2874 3871 3228 3927 monasteria
3261 3889 3273 3927 :
3311 3869 3592 3926 Videlicet

1945 3962 2368 4019 monasterium
2403 3963 2625 4017 Sancta
2658 3962 2849 4016 Maria
2881 3962 2952 4016 de
3004 3959 3250 4032 Riupoly
3275 3961 3334 4015 in
3365 3959 3590 4032 episco-

1948 4058 2091 4125 patu
2141 4050 2508 4107 Ausoniensi.
2561 4055 2623 4104 In
2676 4049 3026 4105 Girondensi
3077 4049 3497 4105 monasterium
3527 4049 3588 4104 S.

1947 4141 2224 4213 Stephani
2259 4142 2328 4195 de
2360 4139 2629 4209 Baleolis,
2659 4145 2716 4194 et
2749 4140 2806 4193 S.
2842 4138 2991 4194 Petri
3039 4140 3109 4192 de
3159 4137 3493 4192 Bisalduno.
3527 4137 3587 4191 In

1944 4231 2175 4286 Elnensi
2225 4228 2646 4284 monasterium
2701 4229 2760 4283 S.
2790 4227 3090 4283 Michaelis
3130 4229 3200 4282 de
3247 4227 3492 4282 Coxano.
3528 4225 3590 4279 In

1946 4319 2306 4392 Bigorritano
2341 4318 2764 4374 monasterium
2797 4318 2853 4372 S.
2883 4317 3077 4372 Savini
3112 4320 3168 4371 et
3198 4317 3258 4373 S.
3279 4314 3589 4382 ,Severi.ln

1944 4407 2203 4463 Albiensi
2236 4407 2656 4462 monasterium
2683 4407 2740 4461 S.
2776 4405 3067 4460 Benedicti
3109 4405 3178 4459 de
3209 4403 3454 4472 Castris,
3484 4402 3584 4458 ubi

1943 4497 2151 4551 beatus
2183 4495 2523 4550 Vincentius
2565 4493 2738 4549 levita
2777 4499 2833 4548 et
2883 4498 3102 4565 martyr
3152 4491 3488 4565 requiescit.
3522 4495 3590 4546 In

1945 4584 2234 4640 Tolosano
2267 4583 2602 4655 episcopatu
2622 4581 3041 4637 monasterium
3059 4583 3281 4637 Sancta
3300 4581 3494 4636 Maria
3519 4581 3592 4635 de

185 4674 460 4730 nationes
501 4672 865 4742 clericorum,
895 4681 950 4730 et
981 4675 1095 4732 alia
1125 4675 1518 4733 ecclesiastica
1560 4678 1836 4750 mysteria
1867 4695 1912 4760 D
1945 4674 2226 4731 Soricino.
2263 4673 2325 4726 in
2357 4670 2714 4726 Rhutenensi
2767 4669 3186 4725 monasterium
3221 4670 3277 4724 S.
3311 4667 3587 4735 Amantii,

181 4779 216 4818 a
245 4778 601 4836 quocunque
630 4763 928 4820 volueritis
961 4765 1242 4820 catholico
1292 4765 1465 4820 libere
1496 4765 1832 4839 suscipiatis

180 4851 479 4924 episcopo.
514 4852 594 4908 De
625 4856 830 4909 catero
864 4853 1061 4909 nullus
1091 4854 1583 4926 archiepiscopus,
1602 4856 1830 4926 episco-

177 4957 313 5014 pus,
361 4941 545 4996 abbas
593 4941 681 4997 vel
731 4943 1049 5009 abbatissa,
1097 4943 1233 5011 dux,
1283 4943 1563 5011 marchio,
1611 4960 1827 5014 comes,

175 5027 521 5096 vieecOmes,
546 5030 746 5100 judex,
780 5031 1087 5104 gastaldio,
1121 5037 1222 5088 aut
1253 5030 1527 5104 qualibet
1567 5032 1831 5088 ecclesia-

180 5117 330 5172 stica
359 5117 775 5192 sacularisque
797 5137 1044 5193 persona
1060 5121 1237 5192 hujus
1255 5119 1535 5192 privilegii
1556 5122 1830 5193 paginam

182 5206 402 5274 sciens,
460 5211 664 5277 contra
720 5226 846 5266 eam
917 5210 1112 5266 venire
1181 5209 1514 5276 tentaverit,
1573 5212 1830 5266 secundo

181 5295 425 5352 tertiove
463 5298 854 5355 commonitus
884 5300 932 5355 si
981 5316 1094 5355 non
1148 5297 1543 5355 satisfactione
1576 5317 1833 5371 congrua

178 5384 578 5441 emendaverit
634 5389 943 5459 potestatis
998 5389 1352 5461 honorisque
1402 5388 1494 5443 sui
1544 5388 1830 5460 dignitate

180 5478 374 5530 careat
406 5490 688 5548 reumque
719 5495 782 5533 se
822 5478 1015 5534 divino
1056 5478 1280 5550 judicio
1336 5477 1677 5532 existentem
1727 5495 1830 5549 pro

176 5566 406 5634 patrata
435 5562 745 5636 iniquitate
777 5572 1110 5641 cognoscat.
1126 5573 1181 5624 et
1215 5585 1248 5623 a
1277 5566 1674 5622 sacratissimo
1705 5583 1831 5621 cor-

178 5667 317 5723 pore
353 5655 414 5708 et
445 5653 738 5727 sanguine
769 5655 870 5713 Dei
901 5662 959 5713 et
983 5657 1214 5714 Domini
1237 5657 1419 5714 nostri
1446 5656 1475 5711 J
1486 5672 1586 5711 esu
1620 5655 1832 5713 Christi

178 5739 413 5802 alienus
447 5742 544 5803 fiat
583 5743 756 5815 atque
786 5743 1319 5804 extremoexamine
1350 5743 1596 5803 districti
1621 5745 1832 5815 judieii

1944 4771 2001 4820 et
2025 4761 2408 4820 Vabrcnse.In
2427 4757 2897 4815 Carcassionensi
2921 4758 3341 4813 monasterium
3367 4756 3591 4812 Sancta

1941 4852 2134 4910 Maria
2167 4853 2238 4907 de
2268 4851 2498 4906 Crasse.
2532 4849 2595 4903 In
2643 4847 3027 4903 Nemausensi
3071 4844 3495 4902 monasterium
3527 4844 3587 4900 S.

1940 4942 2093 4998 Petri
2146 4942 2215 4996 de
2279 4938 2631 4995 Psalmodio.
2686 4937 2748 4992 In
2801 4936 3144 5002 Arelatensi,
3209 4936 3268 4990 S.
3318 4934 3470 4990 Petri
3520 4934 3592 4989 de

1940 5033 2133 5087 Monte
2164 5028 2388 5100 Majori.
2411 5028 2472 5082 In
2503 5025 2720 5098 quibus
2750 5024 3026 5081 omnibus
3058 5025 3326 5080 defuncto
3358 5023 3590 5090 abbate,

1939 5120 2045 5176 tibi
2076 5119 2315 5190 tuisque
2348 5115 2785 5172 successoribus
2817 5131 2958 5171 cura
2990 5115 3085 5182 sit,
3122 5112 3422 5169 communi
3456 5111 3590 5168 reli-

1939 5212 2238 5283 giosorum
2274 5208 2518 5262 fratrum
2552 5204 2817 5272 consilio,
2851 5205 2922 5259 de
2967 5203 3230 5275 ipsorum
3283 5217 3593 5275 congrega-

1941 5299 2096 5354 tione
2127 5294 2471 5368 regulariter
2499 5293 2713 5364 eligere
2742 5291 3330 5357 suceessorem.Quod
3355 5289 3406 5345 si
3437 5289 3590 5344 inter

1939 5387 2099 5460 ipsos
2130 5385 2265 5440 huic
2296 5381 2566 5455 regimini
2599 5381 2925 5452 nequiverit
2956 5381 3206 5437 idoneus
3238 5378 3587 5445 inveniri,de

1937 5474 2213 5542 vestra,id
2236 5475 2326 5528 est
2342 5468 2695 5527 Massiliensi
2713 5471 3160 5543 congregatione
3184 5469 3297 5526 sibi
3316 5468 3588 5524 abbatem

1941 5567 2268 5629 assumant,
2301 5561 2454 5614 unde
2486 5558 2872 5616 institutionis
2923 5579 3041 5616 sua
3073 5577 3140 5616 ac
3173 5555 3476 5631 religionis
3507 5555 3589 5608 vi-

1943 5658 2154 5712 dentur
2197 5648 2524 5722 sumpsisse
2567 5648 2873 5721 principia.
2908 5651 2966 5706 Si
3021 5667 3174 5716 vero,
3208 5647 3363 5720 quod
3413 5643 3588 5710 absit,

1948 5745 2252 5804 ordinatus
2271 5740 2449 5796 abbas
2482 5755 2515 5793 a
2532 5738 2622 5794 sui
2642 5738 2863 5794 ordinis
2886 5739 3234 5795 rectitudine
3259 5732 3588 5801 deviaverit,
