3950 6378
424 402 540 470 411

1727 401 1797 471 Β.
1843 407 2138 474 URBANI
2179 407 2235 474 ῙῙ
2275 408 2528 476 ΡΛΡιΕ.

3702 416 3820 483 412

427 541 700 618 dunensi,
731 545 975 608 ecclesia
1005 547 1064 607 S.
1093 547 1268 617 Justi,
1301 547 1357 605 S.
1380 544 1658 605 Desiderii
1684 545 1963 618 ;ecclesia
1992 545 2064 603 de
2094 543 2152 611 Α
2181 545 2376 602 Sancti
2408 545 2701 603 Laurentii
2731 546 2802 604 de
2849 546 3206 606 Cuminiaco.
3239 549 3303 607 In
3347 547 3661 619 Laudensi,
3693 566 3819 607 mo-

429 641 830 708 Frontenaico,
858 641 930 698 de
961 639 1239 697 Rorterio.
1267 642 1333 694 In
1365 637 1798 704 Matisconensi,
1821 640 2068 696 ecclesia
2177 635 2430 692 nasterio
2465 635 2660 692 Sancti
2700 637 2898 706 Marci,
2932 655 3067 696 cum
3115 639 3207 695 his
3256 638 3437 708 cellis,
3471 640 3820 696 Sanctorum

428 733 500 787 de
531 731 758 796 Meleto,
789 731 860 786 de
892 731 1121 802 Otgers,
1171 729 1243 784 de
1271 729 1591 794 Saviniaco,
1623 729 1696 785 de
1743 729 2062 797 Seniciaco,

427 821 499 876 de
557 820 860 887 Berziaco;
919 818 1163 875 ecclesia
1210 819 1266 874 S.
1322 816 1635 890 Hippolyti,
1686 822 1740 872 S.
1807 818 2062 886 Martini,

426 913 646 964 Sancta
671 908 862 964 Maria
897 909 968 963 de
999 906 1329 963 Casellis.In
1359 906 2064 976 Augustudinensieccle-

427 999 516 1053 sia
561 999 634 1053 de
684 996 1008 1063 Monrisalt,
1041 997 1112 1053 de
1159 995 1445 1067 Pulignio,
1479 995 1549 1051 de
1595 993 1964 1062 Blanchiaco,
1994 996 2065 1050 de

424 1087 618 1142 Monte
665 1091 720 1140 S.
769 1085 1034 1152 Joannis,
1084 1087 1157 1140 de
1209 1084 1473 1150 Luciaco,
1521 1084 1593 1139 de
1639 1083 1942 1154 Crupellis,
1994 1085 2064 1140 de

425 1175 707 1246 Milpont:
734 1174 979 1230 ecclesia
1009 1175 1066 1230 8.
1093 1172 1442 1237 Mammetis,
1463 1173 1517 1228 S.
1555 1171 1975 1244 ChristOphori.
1995 1176 2062 1227 In

425 1262 798 1336 Lingonensi,
854 1262 1098 1318 ecclesia
1157 1263 1214 1316 S.
1266 1260 1521 1327 Eulalia,
1573 1264 1630 1314 S.
1679 1259 1921 1316 Joannis
1992 1261 2063 1316 de

425 1353 639 1417 Laona,
671 1352 743 1406 de
773 1351 996 1414 Trualt,
1029 1350 1102 1404 de
1133 1354 1308 1415 Arcu,
1341 1349 1412 1403 de
1450 1348 1776 1414 Vandovra,
1809 1349 1881 1403 de
1912 1350 2060 1404 Mar-

424 1440 741 1506 maissa,de
765 1438 1048 1494 Altars.In
1081 1436 1310 1493 Basila'
1331 1436 1576 1492 ecclesia
1605 1437 1800 1492 Sancti
1832 1436 2058 1492 Albani.

421 1528 488 1582 In
516 1525 1162 1592 Cabilonensi,ecclesia
1191 1526 1261 1581 de
1291 1524 1574 1581 Viniules.
1596 1526 1656 1580 In
1689 1526 2059 1590 Arvernensi,

417 1615 665 1671 ecclesia
710 1620 764 1670 S.
814 1615 1086 1680 Amandi,
1137 1615 1196 1670 S.
1247 1613 1508 1685 Sepulcri
1560 1615 1630 1669 de
1680 1615 1967 1679 Lavenna,
2000 1614 2058 1669 S.

417 1703 608 1760 Maria
651 1705 725 1759 de
752 1701 1022 1767 Castello,
1072 1703 1144 1757 de
1191 1701 1474 1766 Canariis,
1524 1702 1596 1757 de
1639 1702 1953 1766 Montanis,
1991 1703 2061 1756 de

416 1791 895 1864 Nigro-Stapulo,
931 1791 1001 1845 de
1034 1789 1336 1862 Angerolis
1383 1791 1454 1844 de
1481 1791 1760 1844 Arumna.
1793 1791 1853 1844 In
1886 1790 2061 1845 Vien-

417 1880 606 1972 nensi,
641 1879 886 1972 ecclesia
915 1879 1216 1972 de_Artaz,
1239 1878 1776 1972 _Moras,_Mantula,
1819 1879 2055 1972 _Lot_eng,
2090 1907 2138 1972 B

417 1967 944 2024 Monte-Casaneto.
1002 1967 1064 2022 In
1117 1965 1669 2038 Gratianopolitano,
1717 1966 1961 2022 ecclesia
1990 1969 2061 2022 de

416 2055 669 2120 Alavart,
724 2057 794 2110 de
842 2055 1083 2122 Avalun,
1135 2056 1205 2109 de
1259 2055 1448 2120 Teies,
1500 2055 1571 2110 de
1627 2055 1937 2120 Valbones,
1988 2056 2060 2111 de

416 2145 641 2201 Visilia.
688 2145 753 2199 In
798 2143 1238 2210 Valentiniensi,
1288 2142 1534 2199 ecclesia
1580 2144 1651 2198 de
1693 2143 1953 2209 Cabetul,
1987 2144 2060 2198 de

415 2232 703 2300 Castellis,
728 2232 799 2288 de
827 2232 982 2296 Ales,
1012 2233 1084 2287 de
1115 2231 1241 2287 Urz.
1271 2231 1331 2286 In
1365 2232 1562 2287 Diensi
1593 2231 1835 2287 ecclesia
1864 2230 2060 2286 Sancti

413 2320 762 2387 Sebastiani,
833 2321 1056 2376 Sancta
1128 2319 1426 2387 Eufemia,
1504 2319 1701 2375 Sancti
1778 2320 1927 2374 Petri
1984 2321 2056 2374 de

412 2411 656 2477 Trefort,
735 2409 804 2464 de
867 2411 1048 2475 Arun,
1124 2409 1194 2464 de
1267 2408 1462 2474 Aurel,
1525 2409 1598 2463 de
1663 2407 1920 2474 Calciun,
1987 2409 2059 2464 de

411 2497 942 2556 Castello-Novo.ln
975 2496 1488 2565 Tulensi,ecclesia
1516 2498 1588 2552 de
1618 2497 1834 2552 domna
1852 2497 2057 2566 Maria,

409 2588 481 2643 de
512 2587 835 2643 Frondonis
859 2585 1013 2641 villa.
1050 2587 1112 2641 In
1157 2586 1420 2652 Metensi,
1453 2585 1700 2640 ecclesia
1739 2586 1810 2641 de
1841 2585 2058 2640 Tiben-

409 2678 554 2731 curt.
590 2677 653 2730 In
708 2675 1124 2742 Lemovicensi,
1160 2673 1582 2730 monasterium
1635 2675 1789 2745 quod
1843 2673 2060 2729 dicitur

409 2765 600 2820 Boort.
633 2765 698 2818 In
730 2762 1084 2829 Belvacensi,
1117 2763 1365 2818 ecclesia
1409 2763 1604 2817 Sancti
1655 2763 1824 2834 Lupi,
1861 2763 2057 2818 Sancti

409 2850 832 2921 Christophori.
862 2851 925 2905 In
969 2850 1270 2917 Meldensi,
1301 2849 1546 2905 ecclesia
1595 2854 1815 2905 Sancta
1866 2850 2055 2906 Maria

409 2940 481 2994 de
510 2937 799 2994 Nantolio.
835 2940 896 2993 In
928 2938 1262 3004 Parisiensi,
1301 2937 1546 2994 ecclesia
1592 2942 1815 2993 Sancta
1865 2939 2056 2994 Maria

409 3029 482 3083 de
514 3027 908 3099 Longoponte,
943 3027 1014 3082 de
1041 3027 1237 3082 Alnes.
1272 3026 1334 3082 In
1368 3027 1772 3092 Ambianensi,
1816 3027 2059 3084 ecclesia

409 3115 606 3172 Sancti
657 3114 810 3171 Petri
865 3116 937 3170 de
1005 3115 1226 3170 Lehun.
1291 3116 1354 3171 In
1415 3115 1751 3185 Morinensi,
1811 3116 2057 3172 ecclesia

407 3203 605 3260 Sancti
649 3202 967 3259 Michaelis.
998 3201 1059 3258 In
1109 3204 1535 3272 Suessionensi,
1585 3203 1828 3261 ecclesia
1856 3205 2053 3261 Sancti

408 3292 559 3348 Petri
619 3293 690 3348 de
744 3292 1006 3348 Cusiaco.
1069 3292 1133 3348 In
1200 3293 1630 3365 Longobardia,
1697 3294 2051 3350 monasterio

405 3379 602 3436 Sancti
630 3380 918 3436 Valeriani
950 3381 1020 3436 de
1049 3380 1294 3437 Castello
1327 3381 1832 3450 Rothobio,Sancti
1857 3382 2052 3454 Majoli

409 3469 480 3524 de
513 3468 1077 3540 Papia,8.Michaelis
1108 3471 1177 3525 de
1208 3469 1600 3537 Mucharione,
1626 3471 1822 3526 Sancti
1855 3469 2051 3542 Majoli

410 3557 480 3612 de
537 3556 882 3623 Castemola,
935 3558 1157 3614 Sancta
1224 3559 1417 3614 Maria
1485 3560 1554 3616 de
1614 3560 1863 3628 Feraria,
1916 3576 2050 3615 cum

409 3645 686 3701 omnibus
717 3663 845 3717 qua
876 3646 934 3700 in
969 3647 1224 3703 Lomello
1256 3651 1313 3703 et
1343 3648 1666 3704 Lomellina
1687 3649 2052 3705 Gonteranus

408 3733 602 3789 dedit:
638 3733 882 3790 ecclesia
925 3735 1147 3791 Sancta
1178 3737 1368 3792 Maria
1401 3737 1472 3792 de
1503 3739 1676 3793 Lacu.
1713 3737 1776 3792 In
1823 3737 2048 3793 Vercel-

409 3820 556 3876 lensi
587 3821 1312 3893 episcopatu,monasterio
1344 3826 1541 3880 Sancti
1571 3824 1724 3879 Petri
1745 3825 1816 3881 de
1839 3825 2052 3881 Castel-

409 3908 556 3978 litio,
588 3909 784 3964 Sancti
827 3910 1068 3967 Joannis
1099 3913 1170 3968 de
1200 3913 1398 3979 Baina,
1433 3914 1779 3969 Sanctorum
1808 3913 2050 3968 Joannis
2125 3948 2131 3956 ε

411 4000 469 4053 et
495 3996 661 4052 Pauli
693 3997 762 4052 de
793 3999 1165 4066 Sandaliano,
1214 4005 1270 4054 S.
1319 4000 1552 4055 Martini
1600 4001 1670 4055 de
1718 3999 2050 4067 Salamone,

411 4086 634 4140 Sancta
686 4085 876 4141 Maria
927 4088 1330 4144 Ferminiana:
1383 4087 1629 4143 ecclesia
1676 4089 1747 4143 de
1786 4089 2048 4154 Parione,

413 4175 483 4230 de
519 4172 810 4243 Calvallio,
839 4177 1033 4232 Sancti
1066 4177 1217 4231 Petri
1253 4176 1324 4232 de
1353 4177 1522 4232 Sade.
1559 4177 1622 4231 In
1657 4176 2048 4249 Pergamensi,

413 4263 764 4318 monasterio
814 4265 1008 4320 Sancti
1063 4264 1268 4319 Jacobi
1318 4265 1390 4318 de
1436 4263 1715 4328 Ponticla,
1768 4282 1899 4320 cum
1957 4266 2050 4322 his

413 4351 778 4420 obedientiis,
812 4353 1086 4418 Presiate,
1138 4351 1474 4422 Mediolaco,
1510 4352 1850 4420 Portiziana,
1887 4355 2049 4412 Mau-

412 4440 598 4513 ringo,
631 4441 906 4510 Glariola,
927 4439 1271 4506 Verziliano,
1297 4439 1508 4512 Maglo,
1532 4441 1686 4511 Sala,
1709 4442 2010 4501 Vultulina
2034 4462 2047 4500 :

412 4528 604 4584 Sancti
636 4528 795 4584 Pauli
829 4545 963 4584 cum
995 4528 1086 4582 his
1116 4528 1482 4597 obedientiis,
1507 4533 1726 4586 Sancta
1757 4533 1950 4588 Maria
1981 4534 2052 4589 de

411 4617 725 4685 Sarnecho,
757 4622 812 4672 S.
847 4617 1002 4672 Petri
1032 4616 1104 4672 de
1134 4617 1467 4686 Umbriano,
1493 4620 1713 4676 Sanctae
1745 4621 2051 4678 Trinitatis
2082 4639 2130 4703 D

413 4707 485 4762 de
531 4705 824 4772 Cremina,
867 4705 1060 4760 Sancti
1114 4704 1264 4761 Petri
1311 4707 1381 4762 de
1423 4707 1820 4781 Madegniaco,
1855 4710 2050 4766 Sancti

415 4793 716 4851 Michaelis
741 4794 812 4848 de
842 4793 1318 4863 Sencino,Sancti
1350 4796 1584 4852 Martini
1617 4797 1687 4853 de
1718 4799 2050 4867 Rudiliano,

411 4888 632 4940 Sancta
661 4882 830 4938 Julia
862 4883 933 4938 de
962 4884 1236 4951 Cazacho,
1259 4889 1315 4940 S.
1341 4885 1576 4942 Thoma
1611 4887 1681 4942 de
1719 4887 2053 4956 Quintiano,

412 4972 605 5030 Sancti
649 4970 963 5027 Salvatoris
1006 4972 1076 5027 de
1107 4972 1252 5028 valle
1292 4974 1664 5040 Camonicha,
1710 4976 1906 5032 Sancti
1934 4979 2055 5032 An-

414 5063 564 5117 drea
614 5059 947 5133 Brigniano,
1003 5065 1222 5117 Sancta
1279 5063 1470 5119 Maria
1546 5064 1618 5119 de
1674 5064 1935 5131 Canturi,
1993 5066 2051 5122 S.

413 5148 626 5221 Egidii
673 5148 744 5203 de
791 5148 1146 5221 Vergesima.
1180 5152 1530 5208 Monasterio
1563 5153 1621 5207 S.
1658 5153 1806 5208 Petri
1840 5154 1911 5208 de
1943 5155 2052 5209 Ro-

414 5236 612 5308 dingo,
658 5237 851 5291 Sancti
899 5237 1049 5293 Petri
1097 5239 1167 5295 de
1221 5240 1482 5297 Provallo
1529 5257 1666 5295 cum
1720 5241 1812 5296 his
1861 5241 2053 5311 cellis,

415 5323 692 5396 Trigulis,
724 5324 1047 5397 Alﬁanello,
1077 5333 1132 5384 S.
1167 5328 1455 5386 Gabrielis
1486 5329 1558 5383 de
1587 5328 1872 5386 Cremona
1919 5347 2054 5387 cum

415 5414 578 5470 cellis
616 5415 740 5471 suis
791 5433 918 5487 qua
968 5417 1090 5474 sita
1140 5422 1281 5474 sunt
1328 5419 1385 5473 in
1433 5420 1625 5473 castro
1679 5419 2049 5486 Fontanella,

417 5503 676 5576 Trigulo,
736 5505 1050 5573 Grumello,
1110 5506 1504 5572 Scandolario,
1567 5506 1835 5564 Brixiana
1884 5509 2054 5580 juxta

415 5593 694 5650 Virolam.
722 5596 780 5650 In
816 5595 1125 5662 Placentia,
1164 5595 1513 5651 monasterio
1542 5595 1738 5652 Sancti
1771 5597 2050 5670 Gregorii,

416 5700 550 5741 cum
583 5683 674 5741 his
701 5684 884 5753 cellis,
907 5685 1151 5742 ecclesia
1181 5685 1377 5742 Sancti
1410 5684 1618 5744 Leonis
1647 5687 1717 5744 de
1749 5687 2049 5758 Miradolo,

2176 724 2348 779 Firmi
2383 729 2440 780 et
2470 725 2692 781 Rustici
2738 728 2809 782 de
2838 727 3054 798 Fratta,
3089 729 3313 784 Sancta
3360 728 3564 784 Crucis
3608 730 3678 785 de
3723 727 3822 783 Vi-

2175 814 2446 882 codardo,
2466 814 2691 870 Sancta
2722 815 2918 871 Maria
2943 817 3015 873 de
3037 816 3432 874 Calventiano.
3467 817 3824 874 Monasterio

2171 901 2370 957 Sancti
2399 902 2644 958 Joannis
2674 904 2745 959 de
2776 907 3128 961 Vertumade
3175 923 3310 962 cum
3364 906 3489 961 suis
3537 905 3822 975 ecclesiis,

2173 991 2517 1046 Sanctorum
2551 996 2875 1065 martyrum
2908 993 3171 1050 Cassiani
3204 998 3261 1049 et
3299 993 3595 1067 Hippolyti
3623 995 3695 1050 de
3724 994 3824 1050 Ul-

2172 1078 2332 1146 zade,
2366 1080 2588 1135 Sancta
2620 1081 2812 1135 Maria
2865 1082 2936 1137 de
2986 1081 3232 1150 Laveno,
3267 1087 3324 1138 et
3370 1084 3594 1138 Sancta
3645 1082 3822 1138 Helia

2173 1167 2243 1221 de
2292 1168 2485 1223 Monte
2533 1168 2796 1241 Veglimo
2846 1186 2979 1225 cum
3026 1170 3314 1227 universis
3363 1171 3723 1244 appendiciis
3766 1177 3824 1228 et

2174 1255 2537 1328 pertinentiis
2568 1258 2712 1313 suis.

2245 1346 2374 1400 Hac
2404 1345 2621 1413 omnia,
2653 1345 2738 1401 vel
2773 1363 2900 1418 qua
2933 1348 2991 1403 in
3043 1348 3330 1413 futurum,
3364 1349 3610 1406 Domino
3656 1352 3826 1422 adju-

2171 1438 2360 1504 vante,
2385 1435 2546 1506 juste
2575 1435 2840 1506 poteritis
2871 1435 3136 1509 adipisci,
3165 1437 3271 1492 tibi
3318 1437 3553 1510 tuisque
3594 1455 3825 1496 succes-

2172 1523 2404 1578 soribus
2436 1523 2516 1578 ita
2547 1528 2824 1595 perpetuo
2858 1525 3502 1598 regenda,disponenda
3529 1544 3596 1583 ac
3628 1529 3840 1600 possia

2173 1611 2363 1666 denda
2413 1613 2738 1680 firmamus,
2772 1619 2836 1667 ut
2864 1613 3081 1668 nemini
3113 1614 3577 1687 unquamliceat
3611 1633 3822 1673 eorum

2171 1698 2390 1771 aliquid
2422 1718 2456 1756 a
2486 1701 2731 1756 canobii
2763 1700 3162 1759 Cluniacensis
3193 1704 3418 1759 unitate
3448 1704 3822 1773 subtrahere.

2172 1788 2345 1844 Porro
2376 1789 2528 1844 sicut
2575 1805 2609 1845 a
2653 1789 2832 1845 beata
2886 1791 3178 1846 memoria
3233 1809 3385 1865 papa
3433 1793 3710 1866 Gregorio
3757 1794 3823 1850 in

2170 1877 2432 1933 Romana
2462 1879 2704 1950 synodo,
2735 1882 2794 1935 et
2837 1896 2872 1934 a
2919 1879 3091 1936 nobis
3141 1897 3328 1953 nuper
3375 1882 3434 1936 in
3479 1880 3826 1940 Placentina

2170 1969 2454 2021 statutum
2487 1972 2595 2033 est,
2620 1967 2923 2038 prasentis
2956 1967 3238 2041 privilegii
3265 1970 3610 2026 auctoritate
3625 1972 3824 2028 decer-

2170 2053 2388 2124 nimus,
2422 2058 2486 2110 ut
2531 2054 2674 2110 nulli
2721 2055 2798 2110 sit
2829 2055 3288 2129 archiepiscopo,
3324 2056 3468 2113 nulli
3516 2059 3825 2132 episcopo,

2169 2141 2317 2196 nulli
2370 2142 2700 2214 apostolica
2748 2144 2906 2199 sedis
2952 2144 3140 2216 legato
3175 2145 3442 2215 facultas,
3477 2146 3606 2202 sine
3662 2153 3823 2204 certo

2171 2230 2414 2286 Romani
2476 2231 2768 2302 pontificis
2828 2237 3132 2304 pracepto,
3185 2235 3495 2290 adversum
3551 2252 3657 2292 vos
3717 2243 3827 2305 aut

2166 2324 2425 2374 vestrum
2458 2319 2788 2375 coenobium
2807 2322 3431 2379 excommunicationis
3451 2328 3554 2380 aut
3575 2325 3827 2381 interdi-

2167 2407 2377 2463 ctionis
2424 2407 2679 2479 proferre
2730 2408 3102 2477 sententiam,
3156 2426 3345 2482 neque
3392 2415 3606 2479 vestra,
3652 2413 3826 2471 vobis

2169 2495 2386 2562 invitis,
2409 2495 2637 2566 judicia
2675 2496 2972 2552 ventilare.
3005 2497 3360 2566 Dalmatica,
3393 2516 3830 2574 compagorum

2166 2584 2605 2653 (sandaliorum),
2655 2585 3096 2656 chyrotecarum
3154 2589 3212 2642 et
3273 2587 3457 2644 mitra
3518 2605 3699 2646 usum
3763 2591 3824 2646 in

2168 2673 2582 2728 festivitatibus
2611 2677 2738 2728 octo
2770 2674 3100 2746 praecipuis,
3138 2675 3289 2731 sicut
3345 2676 3450 2732 tibi
3501 2694 3828 2736 concessus

2165 2765 2272 2827 est,
2307 2761 2388 2816 ita
2418 2761 2535 2816 tuis
2567 2777 2800 2832 quoque
2831 2763 3288 2830 successoribus,
3316 2781 3421 2835 pro
3445 2769 3556 2820 tua
3590 2766 3830 2840 religio-

2167 2849 2258 2903 nis
2289 2848 2558 2920 ampliori
2596 2848 2922 2916 dilectione,
2967 2850 3362 2907 concedimus.
3413 2852 3472 2909 Si
3518 2870 3636 2925 qua
3686 2873 3828 2913 vero

2165 2935 2558 2992 ecclesiastica
2587 2936 2950 2994 sacularisve
2996 2954 3246 3010 persona
3294 2939 3473 3012 hujus
3522 2941 3825 3017 privilegii

2164 3025 2438 3096 paginam
2471 3025 2684 3091 sciens,
2703 3031 2905 3081 contra
2929 3043 3057 3082 eam
3090 3031 3306 3083 temere
3329 3029 3526 3084 venire
3553 3034 3824 3089 tentave-

2164 3113 2257 3180 rit,
2288 3113 2545 3168 secundo
2594 3113 2833 3170 tertiove
2877 3115 3256 3185 commonita,
3309 3116 3360 3172 si
3409 3135 3525 3174 non
3576 3121 3823 3177 satisfa-

2162 3200 2351 3256 ctione
2381 3217 2641 3274 congrua
2669 3203 3081 3272 emendaverit,
3115 3204 3420 3276 potestatis
3455 3205 3826 3282 honorisque

2162 3289 2256 3345 sui
2303 3289 2586 3362 dignitate
2639 3295 2852 3357 careat,
2900 3307 3179 3365 reamque
3227 3310 3290 3350 se
3346 3294 3541 3351 divino
3579 3297 3824 3368 judicio

2163 3377 2407 3434 existere
2455 3379 2526 3434 de
2572 3383 2901 3452 perpetrata
2947 3379 3255 3452 iniquitate
3303 3389 3644 3456 cognoscat,
3675 3391 3738 3443 et
3791 3405 3828 3443 ο.

2162 3466 2559 3522 sacratissimo
2590 3484 2829 3540 corpore
2860 3485 2926 3524 ac
2975 3471 3262 3543 sanguine
3314 3471 3414 3526 Dei
3463 3477 3522 3528 et
3574 3472 3828 3532 Domini

2162 3554 2344 3611 nostri
2375 3556 2514 3613 Jesu
2555 3555 2769 3612 Christi
2820 3557 3010 3613 aliena
3060 3559 3185 3625 ﬁat,
3217 3564 3393 3631 atque
3440 3560 3500 3616 in
3550 3567 3823 3620 extremo

2159 3646 2425 3701 examine
2454 3644 2730 3701 districta
2763 3644 2972 3702 ultioni
3005 3647 3324 3719 subjaceat.
3340 3649 3576 3706 Cunctis
3609 3657 3821 3710 autem

2159 3735 2348 3790 eidem
2374 3733 2499 3790 loco
2523 3735 2692 3805 justa
2721 3735 3090 3792 servantibus
3121 3737 3197 3794 sit
3226 3754 3337 3809 pax
3352 3738 3588 3795 Domini
3621 3743 3820 3800 nostri

2156 3823 2299 3879 Jesu
2331 3822 2566 3878 Christi.
2593 3824 2796 3879 Amen.

2231 3911 2440 3965 Datum
2492 3909 2794 3966 Placentia
2845 3927 2948 3984 per
2996 3929 3239 3970 manum
3282 3915 3547 3981 Joannis,
3592 3923 3876 3994 sancta

2161 3997 2434 4054 Romana
2467 3997 2730 4054 Ecclesia
2763 3999 2991 4055 diaconi
3031 4002 3366 4070 cardinalis,
3415 4021 3528 4060 xvu
3562 4005 3817 4064 Kalend.

2158 4084 2364 4158 April.,
2399 4086 2772 4159 pontiﬁcatus
2815 4093 3012 4145 autem
3043 4089 3242 4146 domni
3292 4090 3509 4147 Urbani
3559 4095 3814 4151 secundi

2159 4191 2321 4247 papa
2354 4193 2506 4233 anno
2535 4194 2656 4233 νιιι.

2157 4391 2520 4460 Privilegium
2552 4392 2758 4448 Urbani
2782 4303 3171 4519 1)ξῖἔῖἶὲῐῆ
3202 4394 3427 4450 ecclesia
3475 4394 3530 4450 S.
3562 4396 3722 4453 Petri
3754 4397 3826 4454 de

2871 4480 2969 4519 uas
2994 4482 3028 4519 α,
3075 4481 3129 4518 α.

2871 4480 3129 4520 uastaua.

2785 4577 2968 4650 (Anno
3002 4579 3185 4650 1095.)

2271 4693 2462 4763 [Arso,
2497 4693 2694 4763 [storis
2720 4692 2865 4748 delle
2886 4696 3015 4750 σιἰιὰ
3045 4711 3072 4750 ε
3091 4694 3281 4750 ducam
3311 4694 3368 4749 di
3393 4693 3702 4763 Guastalla,

2431 4762 2729 4818 GuaStalla
2755 4764 2915 4833 i785,
2945 4765 3108 4832 iri-4°,
3142 4770 3182 4820 t.
3228 4766 3270 4832 Ι,
3299 4784 3356 4838 p.
3392 4766 3543 4838 325.]

2239 4887 2512 4942 Ussmus
2542 4889 3084 4961 episcopus,servus
3117 4907 3415 4947 servorum
3438 4890 3561 4959 Dei,
3579 4891 3828 4950 dilectis

2163 4975 2301 5032 filiis
2331 4977 2605 5045 ANDBEJ-J,
2639 4977 3139 5053 archipresbytero
3163 4979 3431 5036 Ecclesia
3460 4979 3622 5037 Beati
3658 4981 3829 5038 Petri

2163 5081 2290 5136 qua
2321 5064 2379 5121 in
2412 5065 2805 5124 Guastallensi
2837 5085 2985 5140 pago
3015 5067 3129 5125 sita
3153 5071 3513 5142 est,ejusque
3532 5069 3829 5127 fratribus

2162 5157 2281 5208 tam
2333 5155 2721 5226 prasentibus
2772 5173 2948 5229 quam
2999 5158 3213 5214 futuris
3261 5158 3539 5215 canonice
3587 5159 3830 5217 substi-

2163 5243 2396 5300 tuendis
2421 5242 2481 5298 in
2513 5249 2882 5316 perpetuum.

2229 5332 2260 5387 J
2271 5331 2420 5388 ustis
2449 5332 2601 5388 votis
2632 5349 2943 5390 assensum
2973 5335 3276 5406 perhibere
3297 5335 3599 5408 justisque
3622 5338 3828 5408 petio-

2161 5419 2334 5477 nibus
2365 5437 2536 5477 aures
2565 5423 3006 5481 accommodare
3037 5441 3143 5480 nos
3187 5424 3478 5494 convenit,
3514 5425 3641 5497 qui,
3671 5423 3832 5482 licet

2162 5509 2654 5583 indigniJustitia
2668 5512 2938 5568 custodes
2963 5517 3138 5586 atque
3159 5530 3453 5586 praecones
3473 5514 3532 5569 in
3552 5513 3836 5573 Ecclesia

2162 5599 2557 5673 apostolorum
2588 5600 2920 5674 principum
2950 5602 3101 5659 Petri
3125 5608 3181 5659 et
3212 5603 3372 5660 Pauli
3423 5603 3663 5676 specula
3707 5605 3833 5661 Do—

2162 5689 2320 5746 mino
2353 5688 2698 5760 disponente
2727 5689 2993 5749 videmur
3021 5691 3287 5749 existere.
3319 5693 3716 5766 Quapropter,
3738 5694 3834 5752 ﬁli
