3950 6374
157 435 274 501 413

1329 437 1736 504 EPISTOLE
1777 437 1877 505 ET
1922 417 2388 507 PRIVILEGIA.

3428 432 3558 512 ἰι-ιλιι

160 572 218 629 in
247 569 478 629 Christo
509 569 852 629 charissima
880 570 1127 640 Andrea,
1163 570 1486 630 devotionis
1515 579 1628 630 tuae
1673 591 1801 647 pre-
1832 569 1887 643 Α
1917 574 2480 645 subjaceat.Cunctis
2513 578 2707 632 autem
2737 573 3250 648 eidemloco,justa
3279 571 3558 638 servanti-

160 661 324 718 cibus
355 664 700 728 annuentes,
730 659 884 716 beati
927 659 1076 715 Petri
1119 661 1384 732 apostoli,
1414 662 1508 718 cui
1557 664 1802 720 Domino

162 756 395 806 auctore
427 749 703 823 praesides
723 748 1027 805 ecclesiam
1050 766 1178 820 quae
1198 749 1256 804 in
1285 751 1587 807 Guastalla
1609 753 1667 807 in
1697 769 1802 808 suo

161 839 374 912 praedio
415 839 730 895 constituta
778 855 812 894 a
855 837 1240 894 dilectissime
1286 840 1438 895 beati
1485 841 1633 896 Petri
1683 842 1803 897 tilio

162 929 556 1000 Ermengarda
576 927 776 1000 regina
795 931 851 982 et
878 945 907 981 a
940 927 1178 983 domino
1200 928 1510 984 Garimano
1541 932 1804 1002 ejusdem

161 1015 415 1074 ecclesiae
446 1017 752 1071 fundatore
804 1015 916 1071 Deo
947 1031 1012 1070 ac
1044 1016 1210 1070 beato
1263 1017 1429 1072 Petro
1470 1017 1665 1074 oblata
1695 1024 1804 1086 est,

162 1111 217 1161 et
271 1123 306 1160 a
352 1105 778 1177 praedecessore
822 1108 1018 1158 nostro
1068 1103 1254 1160 felicis
1313 1107 1604 1162 memorias
1656 1125 1808 1180 papa

166 1192 441 1266 Gregorio
473 1193 676 1264 quinto
726 1193 786 1247 in
817 1192 1046 1264 plebem
1097 1194 1167 1248 de
1213 1194 1433 1266 capella
1480 1201 1804 1268 promotam

164 1287 218 1339 et
262 1285 664 1339 consecratam
714 1281 823 1336 sub
873 1281 1202 1354 apostolicae
1254 1284 1410 1340 sedis
1454 1285 1807 1356 protectione

165 1370 496 1444 specialiter
545 1369 963 1426 confovendam
1013 1372 1391 1444 suscipimus,
1421 1378 1478 1429 et
1523 1374 1629 1429 tibi
1677 1391 1806 1430 eam

162 1461 401 1534 tuisque
430 1458 868 1516 successoribus
909 1460 1185 1516 canonice
1215 1462 1646 1519 substituendis
1671 1464 1809 1535 jure

164 1553 443 1622 perpetuo
474 1549 849 1604 concedimus
892 1553 1066 1621 atque
1097 1550 1403 1607 firmamus
1455 1569 1587 1607 cum
1619 1552 1809 1608 tribus

165 1636 425 1710 capellis,
478 1635 742 1692 videlicet
790 1637 846 1692 S.
894 1637 1321 1708 Bartholomzei,
1377 1641 1434 1696 S.
1477 1640 1706 1713 Georgii
1755 1646 1811 1696 et

165 1727 223 1783 S.
259 1725 520 1793 Martini,
555 1729 612 1780 et
661 1742 794 1780 cum
842 1726 1116 1781 omnibus
1165 1729 1290 1782 suis
1339 1729 1810 1800 possessionibus

166 1833 266 1873 seu
297 1815 546 1872 decimis
572 1814 642 1870 ad
669 1814 826 1887 ipsas
851 1815 1734 1886 pertinentibus.Constituimus
1749 1825 1812 1873 ut

166 1904 364 1961 nullus
415 1903 567 1959 infra
593 1904 876 1959 terminos
921 1909 1120 1959 vestrae
1170 1906 1456 1977 parochias
1505 1908 1810 1964 ecclesiam

169 1993 453 2049 aedificare
484 1997 800 2064 praesumat
830 1992 943 2047 nisi
989 2009 1091 2065 per
1143 1999 1390 2050 vestram
1440 1996 1731 2070 licentiam
1759 2003 1815 2052 et

169 2099 293 2155 quas
341 2081 509 2138 vobis
569 2081 774 2137 debeat
825 2097 954 2136 esse
1005 2083 1286 2152 subjecta.
1341 2085 1405 2158 Et
1455 2103 1814 2158 quaecunque

169 2169 612 2244 prasentialiter
670 2175 862 2226 vestra
920 2170 1165 2226 ecclesia
1219 2174 1377 2242 juste
1433 2193 1499 2229 ac
1551 2175 1816 2247 legaliter

149 2258 451 2332 possidet,
484 2257 601 2314 sive
630 2257 688 2311 in
731 2257 996 2314 futurum
1047 2261 1417 2317 concessione
1450 2263 1812 2334 pontificum,

169 2347 519 2404 liberalitate
562 2363 765 2419 regum
813 2345 902 2402 vel
960 2347 1312 2420 principum,
1364 2367 1468 2406 seu
1526 2351 1817 2408 oblatione

170 2436 432 2492 fidelium
472 2436 631 2507 juste
675 2440 732 2491 et
775 2435 1051 2490 canonice
1100 2437 1314 2508 poteris
1349 2439 1613 2511 adipisci,
1649 2442 1818 2497 firma

170 2527 333 2582 vobis
350 2524 676 2596 vestrisque
705 2524 1144 2580 successoribus
1163 2543 1500 2597 permanere
1513 2530 1817 2600 praesentis

173 2613 462 2687 privilegii
503 2613 848 2668 auctoritate
898 2613 1219 2670 sancimus.
1257 2616 1634 2674 Decernimus
1682 2636 1817 2692 ergo

174 2709 237 2759 ut
266 2702 418 2758 nulli
439 2702 677 2758 omnino
703 2701 1011 2756 hominum
1031 2701 1199 2758 liceat
1213 2706 1479 2760 eamdem
1503 2707 1819 2763 Ecclesiam

178 2799 394 2848 temere
426 2791 766 2864 perturbare
799 2795 900 2845 aut
927 2791 979 2845 ei
1012 2793 1278 2848 subditas
1307 2797 1706 2865 possessiones
1725 2815 1820 2851 au-

180 2883 328 2938 ferre
377 2880 468 2935 vel
501 2879 726 2936 ablatas
756 2879 1022 2948 retinere,
1056 2881 1340 2950 minuere,
1371 2882 1456 2940 vel
1496 2886 1820 2941 temerariis

172 2969 581 3026 vexationibus
624 2968 885 3041 fatigare,
920 2970 1020 3024 sed
1065 2971 1262 3027 omnia
1310 2973 1531 3044 integra
1586 2991 1819 3030 conser-

173 3063 386 3114 ventur
415 3073 616 3114 eorum
651 3075 754 3130 pro
787 3075 1037 3130 quorum
1069 3061 1492 3117 sustentatione
1523 3069 1580 3118 et
1609 3065 1819 3136 guber-

177 3147 417 3204 natione
448 3163 722 3203 concessa
751 3147 1474 3205 suntusibusomnimodis
1495 3153 1818 3222 profutura.

177 3239 443 3294 Obeunte
492 3241 685 3291 autem
733 3240 788 3291 te
836 3253 992 3291 nunc
1031 3239 1160 3308 ejus
1217 3237 1322 3293 loci
1373 3241 1682 3312 praeposito
1735 3240 1822 3297 vel

1915 664 2026 720 bus
2060 665 2135 720 sit
2158 683 2269 738 pax
2286 665 2516 721 Domini
2541 665 2725 722 nostri
2739 666 3293 738 RedemptorisJesu
3311 669 3390 724 Ch
3405 669 3552 738 ris'ti,

1915 757 2205 824 quatenus
2234 759 2291 810 et
2322 755 2415 809 hic
2448 756 2701 810 fructum
2734 756 2898 811 bonae
2947 756 3191 812 actionis
3236 755 3560 831 percipiant

1913 846 1972 896 et
2002 843 2156 913 apud
2187 842 2517 898 districtum
2540 843 2801 914 judicem
2844 845 3082 915 praemia
3129 849 3352 902 aeternas
3399 847 3557 919 pacis

1913 929 2230 992 inveniant.
2263 932 2468 1001 Amen,
2503 949 2694 996 amen,
2727 948 2919 987 amen.
2989 984 3002 994 ,
3287 930 3290 934 ’

1985 1020 2102 1091 Ego
2133 1020 2398 1075 Urbanus
2431 1020 2724 1076 catholicae
2754 1020 3017 1077 Ecclesiae
3050 1022 3377 1095 episcopus.

1985 1108 2197 1163 Datum
2257 1108 2561 1164 Placentiae
2619 1125 2722 1180 per
2779 1127 2989 1165 manus
3045 1111 3288 1166 Joannis
3345 1117 3556 1168 sanetae

1917 1196 2189 1251 Romamn
2223 1197 2489 1252 Ecclesiae
2523 1197 2857 1268 cardinalis,
2889 1197 3072 1269 pridie
3121 1199 3361 1254 Kalend.
3393 1202 3558 1274 Apri-

1915 1285 2009 1350 lis,
2045 1285 2245 1339 indict.
2282 1303 2364 1350 111,
2400 1303 2552 1340 anno
2595 1286 2908 1342 Dominicae
2940 1287 3366 1344 lncarnationis
3397 1290 3555 1356 1-096,

1916 1373 2288 1444 pontiﬁcatus
2323 1378 2516 1429 autem
2547 1375 2745 1428 domni
2799 1375 3013 1430 Urbani
3055 1377 3294 1431 secundi
3321 1377 3426 1433 PP.
3461 1394 3560 1432 oc-

1915 1465 2062 1518 tavo.

2599 1571 2876 1626 CXXXIX.

2020 1657 2226 1714 Urbani
2255 1660 2304 1713 ΙΙ
2325 1673 2484 1730 papae
2509 1658 2578 1714 ad
2598 1659 2934 1715 Richardum
2961 1667 3169 1716 sancta
3205 1661 3462 1718 Romanae

2293 1731 2541 1786 Ecclesia
2567 1731 2905 1786 cardinatem
2937 1733 3184 1803 epistola.

2536 1821 2722 1888 (Anno
2757 1820 2940 1891 1095.)

2011 1908 2340 1990 [Ducuesss
2371 1909 2531 2033 gn),
2565 1910 2810 1992 Histoire
2827 1909 2893 1964 de
2921 1917 3038 1964 tous
3068 1910 3143 1964 les
3175 1911 3483 1994 cardinem:

2067 1979 2347 2033 frmzcazs:
2425 1997 2560 2033 arls.
2597 1981 2753 2033 1660.
2797 1979 3008 2033 1n-fol..
3041 1986 3084 2033 t.
3120 1981 3186 2033 II.
3226 1999 3277 2033 ο.
3311 1983 3425 2033 40.1

2063 1979 2347 2050 frangetis;
2380 1979 2560 2048 Paris,
2597 1981 2753 2047 1660,
2797 1979 3008 2046 in-fol.,
3041 1986 3084 2036 t.
3120 1981 3186 2048 II,
3223 1983 3425 2052 p.‘40.]

1996 2085 2271 2141 Unnmus
2303 2086 2631 2158 episcopus,
2655 2104 2856 2142 servus
2889 2084 3190 2143 servorum
3222 2088 3566 2154 Dei,dilecto

1925 2174 1982 2229 in
2012 2174 2239 2230 Christo
2259 2176 2419 2230 fratri
2454 2179 2510 2229 et
2540 2177 3010 2248 compresbytero
3036 2177 3569 2246 Rlanano,sanctae

1928 2263 2199 2317 Romamn
2231 2263 2498 2319 Ecclesiae
2533 2265 2812 2319 cardinali
2854 2268 2908 2320 et
2956 2264 3304 2322 Massiliensi
3350 2265 3567 2332 abbati,

1926 2354 2171 2424 ejusque
2203 2352 2641 2408 successoribus
2674 2352 3017 2425 regulariter
3046 2353 3476 2412 substituendis
3511 2355 3571 2409 in

1926 2446 2292 2513 perpetuum.

2001 2528 2033 2583 J
2046 2528 2194 2583 ustis
2224 2529 2371 2584 votis
2403 2546 2709 2585 assensum
2735 2532 3008 2602 praebere,
3030 2530 3327 2602 justisque
3351 2529 3574 2604 petitio-

1930 2617 2104 2671 nibus
2137 2635 2305 2672 aures
2337 2619 2708 2673 commodare
2742 2636 2845 2674 nos
2868 2617 3153 2685 convenit,
3189 2619 3285 2690 qui
3314 2618 3448 2674 licet
3478 2618 3573 2674 in-

1928 2705 2090 2778 digni
2114 2707 2357 2777 justitiae
2389 2708 2661 2762 custodes
2708 2712 2882 2778 atque
2914 2723 3206 2780 praecones
3257 2708 3314 2761 in
3349 2707 3576 2763 excelsa

1929 2794 2324 2865 apostolorum
2357 2795 2688 2867 principum
2721 2796 2872 2850 Petri
2901 2800 2958 2851 et
2997 2795 3156 2850 Pauli
3190 2795 3428 2867 specula
3457 2795 3573 2849 Do-

1928 2883 2088 2938 mino
2120 2883 2464 2956 disponente
2503 2885 2769 2939 videmur
2800 2885 3065 2940 existere.
3099 2884 3245 2948 Quia
3291 2884 3487 2956 igitur,
3520 2887 3576 2937 et

1930 2977 2363 3028 antecessorum
2380 2977 2613 3028 tuorum
2636 2977 2693 3028 et
2720 2973 2804 3027 tui
2837 2973 3154 3028 strenuitas
3182 2972 3239 3026 in
3256 2971 3577 3044 reparando

1931 3063 2320 3132 quorumdam
2357 3063 2751 3117 coenobiorum
2783 3066 2935 3117 statu
2969 3067 3205 3116 strenue
3235 3077 3301 3115 ac
3332 3060 3580 3116 sollicite

1928 3149 2203 3221 vigilavit,
2248 3151 2512 3222 petitioni
2567 3151 2695 3206 dua:
2743 3151 3020 3206 duximus
3051 3150 3430 3206 annuendum
3462 3165 3578 3205 non

1933 3238 2246 3303 immerito,
2293 3243 2359 3294 ut
2405 3240 2464 3293 in
2509 3238 2725 3294 eisdem
2761 3238 3131 3294 monasteriis
3179 3238 3580 3309 disponendis,

178 3332 416 3383 tuorum
463 3325 724 3397 quolibet
768 3341 1172 3382 successorum
1224 3327 1421 3383 nullus
1453 3310 1531 3385 ibi
1564 3330 1825 3401 qualibet
1855 3310 1897 3377 Ο
1935 3327 2214 3383 abbatum
2245 3325 2468 3382 scilicet
2495 3327 2962 3382 ordinationibus
3004 3331 3179 3399 atque
3211 3326 3580 3382 correctioni-

179 3413 577 3487 subreptionis
610 3414 827 3469 astutia
857 3413 941 3468 vel
989 3413 1263 3470 violentia
1307 3423 1665 3487 proponatur
1713 3419 1825 3474 nisi

182 3520 356 3577 quem
391 3503 600 3558 fratres
633 3503 933 3558 communi
963 3521 1252 3560 consensu
1284 3505 1369 3560 vel
1415 3507 1658 3562 fratrum
1692 3521 1827 3579 pars

183 3591 414 3649 consilii
445 3591 694 3647 sanioris
723 3593 1047 3648 secundum
1071 3593 1171 3649 Dei
1203 3594 1470 3650 timorem
1487 3596 1829 3668 regulariter

181 3680 505 3755 elegerint;
557 3696 662 3736 nec
712 3681 858 3752 ipsis
901 3682 1083 3750 vobis,
1133 3699 1236 3738 nec
1285 3683 1458 3738 alicui
1507 3685 1613 3739 loci
1666 3685 1826 3740 illius

181 3770 456 3826 ministro
489 3769 736 3825 facultas
767 3769 844 3825 sit
873 3769 1128 3826 ecclesiae
1149 3771 1302 3826 bona
1332 3771 1390 3826 in
1416 3773 1652 3828 feudum
1679 3773 1827 3828 mili-

175 3858 338 3915 tibus
368 3857 459 3914 vel
490 3856 786 3930 aliquibus
818 3860 1083 3931 personis
1115 3859 1493 3917 saecularibus
1515 3862 1823 3934 impertiri.

178 3947 294 4003 Hoc
326 3963 563 4019 quoque
586 3949 856 4018 prmeenti
883 3947 1138 4020 capitulo
1162 3950 1579 4022 subjungimus
1611 3956 1676 4007 ut
1701 3953 1829 4024 ipsa

175 4035 424 4091 ecclesia
451 4039 509 4091 et
538 4035 724 4108 ipsius
756 4035 1020 4092 Ecclesiae
1054 4038 1315 4093 canonici
1351 4040 1422 4094 ab
1454 4041 1612 4095 omni
1645 4057 1825 4096 saecu-

177 4123 319 4180 laris
350 4122 569 4179 servitii
601 4124 717 4178 sint
745 4123 1117 4182 infestatione
1162 4127 1351 4181 securi
1392 4129 1668 4200 omnique
1696 4146 1825 4202 gra-

171 4213 404 4269 vamine
447 4213 753 4268 mundanae
803 4213 1208 4285 oppressionis
1262 4216 1466 4271 remoti
1515 4216 1568 4271 in
1612 4222 1828 4273 sanctae

171 4301 470 4375 religionis
517 4302 922 4358 observatione
975 4303 1165 4358 seduli
1212 4309 1386 4376 atque
1436 4305 1637 4376 quieti,
1683 4306 1826 4360 nulli

169 4389 267 4446 alii
301 4390 416 4447 nisi
444 4391 716 4447 Romanae
748 4396 805 4448 et
840 4392 1171 4464 apostolicae
1205 4393 1327 4449 sedi
1361 4395 1532 4464 cujus
1555 4394 1708 4466 juris
1738 4401 1828 4452 est

170 4479 402 4553 aliaque
431 4483 744 4537 teneantur
773 4482 1077 4538 occasione
1103 4483 1650 4554 subjecti.Chrisma
1671 4501 1824 4550 vero,

171 4569 366 4625 oleum
398 4572 698 4637 sanctum,
731 4571 1195 4627 consecrationes
1239 4571 1637 4640 ecclesiarum,
1671 4574 1823 4628 ordi-

1934 3415 2046 3469 bus
2077 3420 2304 3471 nostras
2323 3416 2425 3470 tibi
2440 3415 2674 3486 tuisque
2688 3415 2966 3487 legitimis
2981 3415 3581 3471 successoribusvices

1936 3505 2298 3560 committere
2329 3505 2665 3570 debeamus,
2700 3505 2854 3559 sicut
2884 3505 3296 3576 praedecessori
3343 3509 3444 3558 tuo
3487 3520 3583 3558 ve-

1937 3593 2180 3648 nerabili
2241 3595 2362 3648 viro
2418 3593 2709 3648 Bernardo
2769 3593 2840 3648 ab
2900 3591 3228 3663 apostolicae
3289 3591 3582 3646 memoriae

1937 3681 2209 3754 Gregorio
2233 3682 2652 3754 pra-decessore
2687 3685 2888 3736 nostro
2918 3683 3242 3735 commissae
3274 3683 3525 3746 sunt,-et
3549 3697 3583 3733 a

1936 3771 2223 3843 religiosis
2270 3769 2559 3842 episcopis
2609 3774 2660 3824 et
2694 3769 3060 3841 principibus
3109 3769 3485 3834 conﬁrmatae,
3521 3768 3579 3822 in

1936 3877 2186 3931 quorum
2219 3857 2509 3930 parochiis
2539 3858 2832 3913 habentur
2864 3857 3219 3913 monasteria
3252 3875 3264 3913 :
3302 3856 3584 3913 Videlicet

1935 3948 2360 4004 monasterium
2394 3948 2616 4003 Sanctae
2650 3947 2840 4002 Mariae
2872 3947 2942 4002 de
2995 3945 3242 4018 Riupoly
3265 3946 3325 4001 in
3356 3945 3582 4018 episco-

1939 4043 2082 4110 patu
2131 4036 2499 4092 Ausoniensi;
2551 4041 2614 4090 In
2668 4035 3017 4091 Girondensi
3067 4035 3489 4091 monasterium
3519 4035 3579 4090 S.

1937 4127 2215 4198 Stephani
2249 4127 2319 4181 de
2350 4124 2620 4194 Baleolis,
2651 4129 2706 4179 et
2739 4126 2797 4179 S.
2832 4123 2982 4179 Petri
3029 4125 3100 4179 de
3151 4123 3485 4178 Bisalduno.
3519 4123 3578 4178 In

1935 4215 2167 4271 Elnensi
2215 4214 2637 4270 monasterium
2693 4214 2751 4268 S.
2780 4213 3081 4269 Michaelis
3121 4215 3191 4268 de
3238 4214 3484 4268 Coxano.
3520 4211 3582 4266 In

1937 4304 2297 4377 Bigerritano
2331 4303 2755 4359 monasterium
2787 4304 2844 4358 S.
2874 4303 3068 4358 Savini
3102 4306 3159 4358 et
3189 4300 3580 4366 S.,Severi.1n

1935 4392 2194 4448 Albiensi
2226 4392 2647 4447 monasterium
2674 4392 2731 4447 S.
2767 4391 3058 4446 Benedicti
3099 4391 3169 4446 de
3200 4390 3445 4458 Castris,
3475 4388 3576 4444 ubi

1934 4482 2142 4536 beatus
2173 4480 2514 4535 Vincentius
2556 4479 2730 4535 levita
2768 4485 2824 4534 et
2873 4484 3092 4551 martyr
3143 4478 3479 4550 requiescit.
3513 4482 3580 4532 In

1936 4569 2225 4626 Tolosano
2257 4568 2592 4640 episcopatu
2613 4567 3032 4622 monasterium
3049 4569 3272 4623 Sancta:
3291 4567 3484 4622 Mariae
3509 4566 3582 4620 de

176 4657 451 4713 nationes
491 4657 855 4727 clericorum,
886 4664 941 4714 et
972 4659 1086 4715 alia
1117 4659 1509 4716 ecclesiastica.
1551 4662 1828 4733 mysteria
1858 4681 1902 4744 υ
1935 4657 2216 4716 Soricino.
2253 4659 2315 4710 in
2347 4656 2705 4712 Rbutenensi
2758 4655 3176 4711 monasterium
3211 4656 3268 4710 S.
3301 4652 3577 4719 Amantii,

172 4763 205 4802 a
234 4762 591 4820 quocunque
620 4746 918 4804 volueritis
952 4748 1234 4804 catholico
1283 4748 1456 4804 libere
1488 4750 1822 4822 suscipiatis

170 4836 469 4908 episcopo.
505 4836 585 4891 De
615 4839 820 4893 caetero
853 4837 1052 4894 nullus
1081 4837 1574 4910 archiepiscopus,
1593 4839 1820 4910 episeo-

167 4941 302 4998 pus,
352 4924 536 4980 abbas
584 4925 672 4981 vel
722 4926 1040 4992 abbatissa,
1088 4927 1224 4995 dux,
1275 4927 1554 4995 marchio,
1602 4944 1817 4998 comes,

164 5011 511 5080 vicecomes,
537 5013 737 5084 judex,
771 5015 1078 5088 gastaldio,
1112 5021 1212 5071 aut
1244 5013 1518 5087 quaelibet
1557 5016 1821 5072 ecclesia-

169 5101 320 5156 stica
349 5101 766 5175 saecularisque
787 5121 1035 5177 persona
1051 5105 1228 5176 hujus
1247 5103 1526 5176 privilegii
1546 5105 1822 5178 paginam

171 5190 394 5258 ciens,
450 5195 656 5262 contra
711 5210 838 5249 eam
906 5193 1103 5250 venire
1172 5193 1504 5260 tentaverit,
1564 5197 1820 5251 secundo

169 5279 416 5336 tertiove
453 5282 844 5339 commonitus
875 5285 922 5339 si
973 5300 1085 5338 non
1138 5282 1534 5338 satisfactione
1567 5300 1824 5355 congrua

167 5368 569 5425 emendaverit
624 5373 934 5443 potestatis
989 5373 1343 5444 honorisque
1393 5372 1485 5427 sui
1534 5372 1821 5444 dignitate

168 5461 365 5514 careat
396 5473 679 5531 reumquc
711 5478 771 5516 se
812 5461 1005 5518 divino
1047 5462 1271 5534 judicio
1326 5461 1667 5516 existentem
1718 5479 1820 5532 pro

166 5549 397 5618 patrata
425 5546 734 5619 iniquitate
767 5555 1100 5624 cognoscat,
1116 5556 1172 5607 et
1204 5568 1238 5606 a
1268 5550 1664 5606 sacratissimo
1696 5567 1822 5606 cor-

169 5651 307 5706 pore
342 5639 404 5692 et
434 5637 728 5710 sanguine
759 5639 860 5696 Dei
891 5645 949 5696 et
973 5640 1204 5697 Domini
1227 5641 1409 5697 nostri
1436 5639 1576 5695 Jesu
1610 5638 1823 5697 Christi

167 5723 403 5787 alienus
437 5726 534 5785 fiat
572 5727 746 5799 atque
776 5726 1310 5786 extremoexamine
1340 5727 1586 5786 districti
1611 5729 1824 5800 judicii

1935 4754 1992 4804 et
2014 4746 2398 4804 Vabrense.ln
2418 4743 2888 4800 Careassionensi
2911 4743 3332 4799 monasterium
3357 4742 3581 4796 Sancta:

1931 4837 2124 4894 Mariae
2157 4837 2229 4890 de
2259 4836 2488 4890 Crassa.
2522 4834 2586 4889 In
2633 4833 3017 4888 Nemausensi
3063 4829 3486 4888 monasterium
3517 4830 3578 4886 S.

1931 4925 2083 4982 Petri
2136 4926 2206 4979 de
2269 4923 2622 4978 Psalmodio.
2676 4923 2738 4977 In
2790 4921 3135 4987 Arelatensi,
3199 4921 3258 4976 S.
3309 4920 3460 4976 Petri
3511 4920 3583 4975 de

1931 5017 2124 5071 Monte
2155 5012 2379 5084 Majori.
2401 5013 2463 5067 ln
2493 5011 2710 5083 quibus
2740 5011 3016 5066 omnibus
3048 5011 3316 5066 defuncto
3348 5008 3580 5076 abbate,

1930 5104 2036 5160 tibi
2067 5103 2305 5173 tuisque
2338 5100 2776 5156 successoribus
2808 5117 2948 5156 cura
2980 5100 3075 5168 sit,
3112 5098 3412 5156 communi
3446 5097 3581 5153 reli-

1931 5197 2228 5268 giosorum
2264 5191 2509 5245 fratrum
2542 5188 2808 5256 consilio,
2842 5191 2912 5244 de
2957 5189 3220 5260 ipsorum
3272 5202 3583 5261 congrega-

1932 5285 2086 5338 tione
2117 5278 2461 5352 regulariter
2490 5278 2704 5349 eligere
2733 5277 3321 5343 suceessorem.Quod
3344 5275 3395 5331 si
3426 5275 3580 5330 inter

1930 5372 2089 5445 ipsos
2119 5370 2255 5425 huic
2287 5365 2556 5439 regimini
2590 5366 2915 5437 nequiverit
2947 5365 3195 5422 idoneus
3227 5364 3577 5431 inveniri,de

1927 5459 2203 5527 vestra,id
2226 5461 2315 5513 est
2332 5453 2686 5512 Massiliensi
2703 5455 3150 5528 congregatione
3174 5455 3285 5511 sibi
3305 5454 3578 5509 abbatem

1931 5551 2258 5615 assumant,
2291 5546 2445 5600 unde
2476 5543 2862 5600 institutionis
2913 5563 3032 5601 suae
3063 5562 3130 5600 ac
3163 5541 3466 5615 religionis
3496 5539 3578 5592 vi-

1933 5641 2144 5697 dentur
2187 5634 2513 5706 sumpsisse
2556 5633 2864 5706 principia.
2899 5635 2957 5690 Si
3010 5651 3163 5700 vero,
3198 5631 3352 5704 quod
3402 5627 3577 5694 absit,

1938 5729 2242 5788 ordinatus
2261 5725 2439 5780 abbas
2472 5740 2505 5778 a
2521 5723 2610 5778 sui
2632 5723 2853 5779 ordinis
2875 5723 3224 5779 rectitudine
3249 5715 3578 5784 deviaverit,
