  <div class='ocr_page' id='page_1' title='image "/cluster/home/n/w/nwhite01/storage/ocr_20150623/151/umn.31951002477444s/273.png"; bbox 0 0 3950 6438; ppageno 0'>
   <div class='ocr_carea' id='block_1_1' title="bbox 411 456 544 536">
    <p class='ocr_par' dir='ltr' id='par_1_1' title="bbox 411 456 544 536">
     <span class='ocr_line' id='line_1_1' title="bbox 411 456 544 536; baseline -0.008 0"><span class='ocrx_word' id='word_1_1' title='bbox 411 456 544 536; x_wconf 68' lang='grc' dir='ltr'><strong>ιιιίῦ</strong></span> 
     </span>
    </p>
   </div>
   <div class='ocr_carea' id='block_1_2' title="bbox 1709 457 2521 549">
    <p class='ocr_par' dir='ltr' id='par_1_2' title="bbox 1709 457 2521 549">
     <span class='ocr_line' id='line_1_2' title="bbox 1709 457 2521 549; baseline -0.005 -5"><span class='ocrx_word' id='word_1_2' title='bbox 1709 459 1791 544; x_wconf 79' lang='lat' dir='ltr'><strong>:B-</strong></span> <span class='ocrx_word' id='word_1_3' title='bbox 1836 459 2135 549; x_wconf 62' lang='lat' dir='ltr'><strong>URBANI</strong></span> <span class='ocrx_word' id='word_1_4' title='bbox 2174 457 2230 548; x_wconf 75' lang='grc' dir='ltr'>Η</span> <span class='ocrx_word' id='word_1_5' title='bbox 2269 459 2521 540; x_wconf 56' lang='lat' dir='ltr'><strong>PAPIR-</strong></span> 
     </span>
    </p>
   </div>
   <div class='ocr_carea' id='block_1_3' title="bbox 3695 461 3814 554">
    <p class='ocr_par' dir='ltr' id='par_1_3' title="bbox 3695 461 3814 554">
     <span class='ocr_line' id='line_1_3' title="bbox 3695 461 3814 554; baseline -0.059 -20"><span class='ocrx_word' id='word_1_6' title='bbox 3695 461 3814 554; x_wconf 63' lang='lat' dir='ltr'><strong>us</strong></span> 
     </span>
    </p>
   </div>
   <div class='ocr_carea' id='block_1_4' title="bbox 414 595 3810 685">
    <p class='ocr_par' dir='ltr' id='par_1_4' title="bbox 414 595 3810 685">
     <span class='ocr_line' id='line_1_4' title="bbox 414 595 3810 685; baseline -0.001 -27"><span class='ocrx_word' id='word_1_7' title='bbox 414 603 618 662; x_wconf 58' lang='lat' dir='ltr'><strong>vestra</strong></span> <span class='ocrx_word' id='word_1_8' title='bbox 646 597 931 660; x_wconf 76' lang='lat' dir='ltr'><strong>interierit</strong></span> <span class='ocrx_word' id='word_1_9' title='bbox 953 613 1086 658; x_wconf 90' lang='lat' dir='ltr'><strong>cum</strong></span> <span class='ocrx_word' id='word_1_10' title='bbox 1127 595 1461 672; x_wconf 87' lang='lat' dir='ltr'><strong>parochiani</strong></span> <span class='ocrx_word' id='word_1_11' title='bbox 1508 597 1768 673; x_wconf 85' lang='lat' dir='ltr'><strong>epiocopi</strong></span> <span class='ocrx_word' id='word_1_12' title='bbox 1820 597 2066 668; x_wconf 83' lang='lat' dir='ltr'><strong>consilio</strong></span> <span class='ocrx_word' id='word_1_13' title='bbox 2094 601 2146 685; x_wconf 63' lang='grc' dir='ltr'>Α</span> <span class='ocrx_word' id='word_1_14' title='bbox 2245 599 2455 658; x_wconf 81' lang='lat' dir='ltr'>Actum</span> <span class='ocrx_word' id='word_1_15' title='bbox 2509 595 2811 656; x_wconf 78' lang='lat' dir='ltr'><strong>Placentiae</strong></span> <span class='ocrx_word' id='word_1_16' title='bbox 2856 613 2960 678; x_wconf 87' lang='lat' dir='ltr'><strong>per</strong></span> <span class='ocrx_word' id='word_1_17' title='bbox 3001 614 3243 662; x_wconf 88' lang='lat' dir='ltr'><strong>manum</strong></span> <span class='ocrx_word' id='word_1_18' title='bbox 3292 597 3558 678; x_wconf 76' lang='lat' dir='ltr'><strong>Joannis,</strong></span> <span class='ocrx_word' id='word_1_19' title='bbox 3610 601 3810 680; x_wconf 68' lang='lat' dir='ltr'><strong>sancte</strong></span> 
     </span>
    </p>
   </div>
   <div class='ocr_carea' id='block_1_5' title="bbox 416 688 2064 763">
    <p class='ocr_par' dir='ltr' id='par_1_5' title="bbox 416 688 2064 763">
     <span class='ocr_line' id='line_1_5' title="bbox 416 688 2064 763; baseline -0.002 -15"><span class='ocrx_word' id='word_1_20' title='bbox 416 691 657 757; x_wconf 75' lang='lat' dir='ltr'><strong>,abbatis</strong></span> <span class='ocrx_word' id='word_1_21' title='bbox 683 690 875 763; x_wconf 80' lang='lat' dir='ltr'><strong>ipsius</strong></span> <span class='ocrx_word' id='word_1_22' title='bbox 899 689 1114 757; x_wconf 86' lang='lat' dir='ltr'><strong>delicta</strong></span> <span class='ocrx_word' id='word_1_23' title='bbox 1126 688 1375 763; x_wconf 77' lang='lat' dir='ltr'><strong>regulari</strong></span> <span class='ocrx_word' id='word_1_24' title='bbox 1403 688 1744 748; x_wconf 78' lang='lat' dir='ltr'><strong>austeritate</strong></span> <span class='ocrx_word' id='word_1_25' title='bbox 1759 689 2064 763; x_wconf 82' lang='lat' dir='ltr'><strong>corrigere.</strong></span> 
     </span>
    </p>
   </div>
   <div class='ocr_carea' id='block_1_6' title="bbox 417 777 2071 852">
    <p class='ocr_par' dir='ltr' id='par_1_6' title="bbox 417 777 2071 852">
     <span class='ocr_line' id='line_1_6' title="bbox 417 777 2071 852; baseline -0.002 -13"><span class='ocrx_word' id='word_1_26' title='bbox 417 783 551 847; x_wconf 72' lang='lat' dir='ltr'><strong>Qua</strong></span> <span class='ocrx_word' id='word_1_27' title='bbox 574 783 634 838; x_wconf 91' lang='lat' dir='ltr'><strong>in</strong></span> <span class='ocrx_word' id='word_1_28' title='bbox 666 799 727 837; x_wconf 88' lang='lat' dir='ltr'><strong>re</strong></span> <span class='ocrx_word' id='word_1_29' title='bbox 755 779 1044 852; x_wconf 72' lang='lat' dir='ltr'><strong>episcopis</strong></span> <span class='ocrx_word' id='word_1_30' title='bbox 1084 779 1231 851; x_wconf 87' lang='lat' dir='ltr'><strong>ipsis</strong></span> <span class='ocrx_word' id='word_1_31' title='bbox 1273 796 1396 844; x_wconf 81' lang='lat' dir='ltr'><strong>non</strong></span> <span class='ocrx_word' id='word_1_32' title='bbox 1448 778 1620 836; x_wconf 88' lang='lat' dir='ltr'><strong>liceat</strong></span> <span class='ocrx_word' id='word_1_33' title='bbox 1656 779 1819 835; x_wconf 83' lang='lat' dir='ltr'><strong>vobis</strong></span> <span class='ocrx_word' id='word_1_34' title='bbox 1873 777 2071 850; x_wconf 89' lang='lat' dir='ltr'><strong>aliqua</strong></span> 
     </span>
    </p>
   </div>
   <div class='ocr_carea' id='block_1_7' title="bbox 411 869 2066 945">
    <p class='ocr_par' dir='ltr' id='par_1_7' title="bbox 411 869 2066 945">
     <span class='ocr_line' id='line_1_7' title="bbox 411 869 2066 945; baseline -0.004 -17"><span class='ocrx_word' id='word_1_35' title='bbox 411 872 708 945; x_wconf 73' lang='lat' dir='ltr'><strong>pravitate</strong></span> <span class='ocrx_word' id='word_1_36' title='bbox 739 870 1029 927; x_wconf 76' lang='lat' dir='ltr'><strong>resistere.</strong></span> <span class='ocrx_word' id='word_1_37' title='bbox 1066 869 1241 924; x_wconf 85' lang='lat' dir='ltr'><strong>Porro</strong></span> <span class='ocrx_word' id='word_1_38' title='bbox 1264 885 1339 926; x_wconf 80' lang='lat' dir='ltr'><strong>ea</strong></span> <span class='ocrx_word' id='word_1_39' title='bbox 1365 886 1496 940; x_wconf 72' lang='lat' dir='ltr'><strong>quae</strong></span> <span class='ocrx_word' id='word_1_40' title='bbox 1527 885 1630 940; x_wconf 93' lang='lat' dir='ltr'><strong>per</strong></span> <span class='ocrx_word' id='word_1_41' title='bbox 1659 869 2066 941; x_wconf 87' lang='lat' dir='ltr'><strong>episcoporum</strong></span> 
     </span>
    </p>
   </div>
   <div class='ocr_carea' id='block_1_8' title="bbox 425 956 2070 1031">
    <p class='ocr_par' dir='ltr' id='par_1_8' title="bbox 425 956 2070 1031">
     <span class='ocr_line' id='line_1_8' title="bbox 425 956 2070 1031; baseline -0.004 -14"><span class='ocrx_word' id='word_1_42' title='bbox 425 961 1002 1030; x_wconf 90' lang='lat' dir='ltr'><strong>concessionem,per</strong></span> <span class='ocrx_word' id='word_1_43' title='bbox 1031 957 1364 1031; x_wconf 86' lang='lat' dir='ltr'><strong>principum</strong></span> <span class='ocrx_word' id='word_1_44' title='bbox 1394 957 1823 1027; x_wconf 80' lang='lat' dir='ltr'><strong>liberalitatem,</strong></span> <span class='ocrx_word' id='word_1_45' title='bbox 1855 956 1939 1013; x_wconf 91' lang='lat' dir='ltr'><strong>vel</strong></span> <span class='ocrx_word' id='word_1_46' title='bbox 1969 973 2070 1029; x_wconf 88' lang='lat' dir='ltr'><strong>per</strong></span> 
     </span>
    </p>
   </div>
   <div class='ocr_carea' id='block_1_9' title="bbox 425 1045 2067 1118">
    <p class='ocr_par' dir='ltr' id='par_1_9' title="bbox 425 1045 2067 1118">
     <span class='ocr_line' id='line_1_9' title="bbox 425 1045 2067 1118; baseline -0.003 -12"><span class='ocrx_word' id='word_1_47' title='bbox 425 1050 779 1107; x_wconf 77' lang='lat' dir='ltr'><strong>oblationem</strong></span> <span class='ocrx_word' id='word_1_48' title='bbox 812 1047 1074 1105; x_wconf 81' lang='lat' dir='ltr'><strong>ﬁdelium</strong></span> <span class='ocrx_word' id='word_1_49' title='bbox 1105 1051 1209 1104; x_wconf 79' lang='lat' dir='ltr'><strong>tua</strong></span> <span class='ocrx_word' id='word_1_50' title='bbox 1245 1046 1567 1110; x_wconf 84' lang='lat' dir='ltr'><strong>strenuitas</strong></span> <span class='ocrx_word' id='word_1_51' title='bbox 1596 1045 1929 1118; x_wconf 79' lang='lat' dir='ltr'><strong>acquisivit,</strong></span> <span class='ocrx_word' id='word_1_52' title='bbox 1960 1062 2067 1102; x_wconf 93' lang='lat' dir='ltr'><strong>nos</strong></span> 
     </span>
    </p>
   </div>
   <div class='ocr_carea' id='block_1_10' title="bbox 407 1136 2066 1210">
    <p class='ocr_par' dir='ltr' id='par_1_10' title="bbox 407 1136 2066 1210">
     <span class='ocr_line' id='line_1_10' title="bbox 407 1136 2066 1210; baseline -0.003 -15"><span class='ocrx_word' id='word_1_53' title='bbox 407 1138 528 1195; x_wconf 52' lang='lat' dir='ltr'><strong>ttibi</strong></span> <span class='ocrx_word' id='word_1_54' title='bbox 558 1138 796 1210; x_wconf 89' lang='lat' dir='ltr'><strong>tuisque</strong></span> <span class='ocrx_word' id='word_1_55' title='bbox 823 1136 1352 1200; x_wconf 74' lang='lat' dir='ltr'><strong>successoribusad</strong></span> <span class='ocrx_word' id='word_1_56' title='bbox 1387 1152 1556 1192; x_wconf 89' lang='lat' dir='ltr'><strong>usum</strong></span> <span class='ocrx_word' id='word_1_57' title='bbox 1576 1137 1822 1192; x_wconf 76' lang='lat' dir='ltr'><strong>fratrum</strong></span> <span class='ocrx_word' id='word_1_58' title='bbox 1853 1141 2066 1191; x_wconf 89' lang='lat' dir='ltr'><strong>vestro-</strong></span> 
     </span>
    </p>
   </div>
   <div class='ocr_carea' id='block_1_11' title="bbox 407 1224 2064 1299">
    <p class='ocr_par' dir='ltr' id='par_1_11' title="bbox 407 1224 2064 1299">
     <span class='ocr_line' id='line_1_11' title="bbox 407 1224 2064 1299; baseline -0.002 -17"><span class='ocrx_word' id='word_1_59' title='bbox 407 1245 558 1284; x_wconf 88' lang='lat' dir='ltr'><strong>-rum</strong></span> <span class='ocrx_word' id='word_1_60' title='bbox 591 1230 867 1299; x_wconf 81' lang='lat' dir='ltr'><strong>perpetuo</strong></span> <span class='ocrx_word' id='word_1_61' title='bbox 895 1225 1253 1296; x_wconf 83' lang='lat' dir='ltr'><strong>possidenda</strong></span> <span class='ocrx_word' id='word_1_62' title='bbox 1264 1225 1565 1296; x_wconf 80' lang='lat' dir='ltr'><strong>praesentis</strong></span> <span class='ocrx_word' id='word_1_63' title='bbox 1583 1224 1796 1280; x_wconf 81' lang='lat' dir='ltr'><strong>decreti</strong></span> <span class='ocrx_word' id='word_1_64' title='bbox 1822 1224 2064 1278; x_wconf 89' lang='lat' dir='ltr'><strong>auctori-</strong></span> 
     </span>
    </p>
   </div>
   <div class='ocr_carea' id='block_1_12' title="bbox 411 1313 2064 1384">
    <p class='ocr_par' dir='ltr' id='par_1_12' title="bbox 411 1313 2064 1384">
     <span class='ocr_line' id='line_1_12' title="bbox 411 1313 2064 1384; baseline -0.002 -14"><span class='ocrx_word' id='word_1_65' title='bbox 411 1319 542 1372; x_wconf 76' lang='lat' dir='ltr'><strong>tate</strong></span> <span class='ocrx_word' id='word_1_66' title='bbox 572 1313 1479 1384; x_wconf 82' lang='lat' dir='ltr'><strong>firmamus,salvaepiscoporum</strong></span> <span class='ocrx_word' id='word_1_67' title='bbox 1509 1313 1786 1367; x_wconf 86' lang='lat' dir='ltr'><strong>canonica</strong></span> <span class='ocrx_word' id='word_1_68' title='bbox 1808 1329 2064 1368; x_wconf 90' lang='lat' dir='ltr'><strong>reveren-</strong></span> 
     </span>
    </p>
   </div>
   <div class='ocr_carea' id='block_1_13' title="bbox 401 1400 2064 1472">
    <p class='ocr_par' dir='ltr' id='par_1_13' title="bbox 401 1400 2064 1472">
     <span class='ocr_line' id='line_1_13' title="bbox 401 1400 2064 1472; baseline -0.002 -13"><span class='ocrx_word' id='word_1_69' title='bbox 401 1403 523 1461; x_wconf 86' lang='lat' dir='ltr'><strong>-tia.</strong></span> <span class='ocrx_word' id='word_1_70' title='bbox 559 1403 856 1462; x_wconf 68' lang='lat' dir='ltr'><strong>“Videlicet</strong></span> <span class='ocrx_word' id='word_1_71' title='bbox 903 1402 1075 1472; x_wconf 81' lang='lat' dir='ltr'><strong>juxta</strong></span> <span class='ocrx_word' id='word_1_72' title='bbox 1141 1401 1494 1458; x_wconf 84' lang='lat' dir='ltr'><strong>Avenionem</strong></span> <span class='ocrx_word' id='word_1_73' title='bbox 1560 1400 1854 1458; x_wconf 88' lang='lat' dir='ltr'><strong>civitatem</strong></span> <span class='ocrx_word' id='word_1_74' title='bbox 1919 1400 2064 1456; x_wconf 86' lang='lat' dir='ltr'><strong>cella</strong></span> 
     </span>
    </p>
   </div>
   <div class='ocr_carea' id='block_1_14' title="bbox 419 1489 2059 1560">
    <p class='ocr_par' dir='ltr' id='par_1_14' title="bbox 419 1489 2059 1560">
     <span class='ocr_line' id='line_1_14' title="bbox 419 1489 2059 1560; baseline -0.002 -13"><span class='ocrx_word' id='word_1_75' title='bbox 419 1493 615 1548; x_wconf 85' lang='lat' dir='ltr'><strong>Sancti</strong></span> <span class='ocrx_word' id='word_1_76' title='bbox 677 1489 998 1547; x_wconf 85' lang='lat' dir='ltr'><strong>Saturnini.</strong></span> <span class='ocrx_word' id='word_1_77' title='bbox 1052 1491 1114 1544; x_wconf 87' lang='lat' dir='ltr'><strong>In</strong></span> <span class='ocrx_word' id='word_1_78' title='bbox 1174 1490 1508 1560; x_wconf 84' lang='lat' dir='ltr'><strong>episcopatu</strong></span> <span class='ocrx_word' id='word_1_79' title='bbox 1569 1489 1797 1544; x_wconf 89' lang='lat' dir='ltr'><strong>Uzetico</strong></span> <span class='ocrx_word' id='word_1_80' title='bbox 1865 1491 2059 1558; x_wconf 85' lang='lat' dir='ltr'><strong>Sancti</strong></span> 
     </span>
    </p>
   </div>
   <div class='ocr_carea' id='block_1_15' title="bbox 420 1577 2150 1650">
    <p class='ocr_par' dir='ltr' id='par_1_15' title="bbox 420 1577 2150 1650">
     <span class='ocr_line' id='line_1_15' title="bbox 420 1577 2150 1650; baseline -0.002 -13"><span class='ocrx_word' id='word_1_81' title='bbox 420 1579 752 1637; x_wconf 88' lang='lat' dir='ltr'><strong>Mammetis</strong></span> <span class='ocrx_word' id='word_1_82' title='bbox 774 1578 978 1635; x_wconf 87' lang='lat' dir='ltr'><strong>cellam</strong></span> <span class='ocrx_word' id='word_1_83' title='bbox 1004 1577 1256 1633; x_wconf 70' lang='lat' dir='ltr'><strong>Lurann</strong></span> <span class='ocrx_word' id='word_1_84' title='bbox 1279 1577 1780 1650; x_wconf 88' lang='lat' dir='ltr'><strong>archiepiscopatu</strong></span> <span class='ocrx_word' id='word_1_85' title='bbox 1803 1578 2059 1650; x_wconf 88' lang='lat' dir='ltr'><strong>Aquensi</strong></span> <span class='ocrx_word' id='word_1_86' title='bbox 2148 1641 2150 1646; x_wconf 33' lang='grc' dir='ltr'>ι</span> 
     </span>
    </p>
   </div>
   <div class='ocr_carea' id='block_1_16' title="bbox 419 1665 2060 1742">
    <p class='ocr_par' dir='ltr' id='par_1_16' title="bbox 419 1665 2060 1742">
     <span class='ocr_line' id='line_1_16' title="bbox 419 1665 2060 1742; baseline -0.001 -19"><span class='ocrx_word' id='word_1_87' title='bbox 419 1667 810 1742; x_wconf 84' lang='lat' dir='ltr'><strong>parochialem</strong></span> <span class='ocrx_word' id='word_1_88' title='bbox 843 1665 1163 1723; x_wconf 84' lang='lat' dir='ltr'><strong>ecclesiam</strong></span> <span class='ocrx_word' id='word_1_89' title='bbox 1197 1666 1269 1722; x_wconf 91' lang='lat' dir='ltr'><strong>de</strong></span> <span class='ocrx_word' id='word_1_90' title='bbox 1291 1665 1504 1730; x_wconf 81' lang='lat' dir='ltr'><strong>Cretis,</strong></span> <span class='ocrx_word' id='word_1_91' title='bbox 1535 1669 1592 1720; x_wconf 90' lang='lat' dir='ltr'><strong>et</strong></span> <span class='ocrx_word' id='word_1_92' title='bbox 1622 1665 1958 1737; x_wconf 86' lang='lat' dir='ltr'><strong>parochiam</strong></span> <span class='ocrx_word' id='word_1_93' title='bbox 1989 1667 2060 1722; x_wconf 92' lang='lat' dir='ltr'><strong>de</strong></span> 
     </span>
    </p>
   </div>
   <div class='ocr_carea' id='block_1_17' title="bbox 415 1753 2057 1828">
    <p class='ocr_par' dir='ltr' id='par_1_17' title="bbox 415 1753 2057 1828">
     <span class='ocr_line' id='line_1_17' title="bbox 415 1753 2057 1828; baseline -0.002 -15"><span class='ocrx_word' id='word_1_94' title='bbox 415 1757 685 1823; x_wconf 79' lang='lat' dir='ltr'><strong>Affuel,et</strong></span> <span class='ocrx_word' id='word_1_95' title='bbox 715 1755 1050 1828; x_wconf 80' lang='lat' dir='ltr'><strong>parochiam</strong></span> <span class='ocrx_word' id='word_1_96' title='bbox 1081 1756 1150 1810; x_wconf 90' lang='lat' dir='ltr'><strong>de</strong></span> <span class='ocrx_word' id='word_1_97' title='bbox 1171 1755 1324 1810; x_wconf 90' lang='lat' dir='ltr'><strong>Boch</strong></span> <span class='ocrx_word' id='word_1_98' title='bbox 1351 1759 1406 1810; x_wconf 91' lang='lat' dir='ltr'><strong>et</strong></span> <span class='ocrx_word' id='word_1_99' title='bbox 1434 1755 1505 1810; x_wconf 92' lang='lat' dir='ltr'><strong>de</strong></span> <span class='ocrx_word' id='word_1_100' title='bbox 1537 1753 1906 1827; x_wconf 87' lang='lat' dir='ltr'><strong>Caudalonga</strong></span> <span class='ocrx_word' id='word_1_101' title='bbox 1924 1772 2057 1810; x_wconf 90' lang='lat' dir='ltr'><strong>cum</strong></span> 
     </span>
    </p>
   </div>
   <div class='ocr_carea' id='block_1_18' title="bbox 416 1842 2058 1914">
    <p class='ocr_par' dir='ltr' id='par_1_18' title="bbox 416 1842 2058 1914">
     <span class='ocr_line' id='line_1_18' title="bbox 416 1842 2058 1914; baseline -0.001 -14"><span class='ocrx_word' id='word_1_102' title='bbox 416 1845 622 1901; x_wconf 90' lang='lat' dir='ltr'><strong>eodem</strong></span> <span class='ocrx_word' id='word_1_103' title='bbox 654 1849 866 1907; x_wconf 85' lang='lat' dir='ltr'><strong>castro,</strong></span> <span class='ocrx_word' id='word_1_104' title='bbox 899 1842 1238 1914; x_wconf 88' lang='lat' dir='ltr'><strong>parochiam</strong></span> <span class='ocrx_word' id='word_1_105' title='bbox 1263 1844 1335 1898; x_wconf 91' lang='lat' dir='ltr'><strong>de</strong></span> <span class='ocrx_word' id='word_1_106' title='bbox 1364 1842 1602 1908; x_wconf 83' lang='lat' dir='ltr'><strong>Roseth,</strong></span> <span class='ocrx_word' id='word_1_107' title='bbox 1634 1842 1939 1898; x_wconf 88' lang='lat' dir='ltr'><strong>ecclesiam</strong></span> <span class='ocrx_word' id='word_1_108' title='bbox 1963 1860 2058 1914; x_wconf 89' lang='lat' dir='ltr'><strong>pa-</strong></span> 
     </span>
    </p>
   </div>
   <div class='ocr_carea' id='block_1_19' title="bbox 2168 675 3808 770">
    <p class='ocr_par' dir='ltr' id='par_1_19' title="bbox 2168 675 3808 770">
     <span class='ocr_line' id='line_1_19' title="bbox 2168 675 3808 770; baseline 0.001 -26"><span class='ocrx_word' id='word_1_109' title='bbox 2168 688 2456 756; x_wconf 76' lang='lat' dir='ltr'><strong>=Romanae</strong></span> <span class='ocrx_word' id='word_1_110' title='bbox 2489 687 2752 750; x_wconf 71' lang='lat' dir='ltr'><strong>Ecclesia:</strong></span> <span class='ocrx_word' id='word_1_111' title='bbox 2782 675 3010 770; x_wconf 86' lang='lat' dir='ltr'><strong>diaconi</strong></span> <span class='ocrx_word' id='word_1_112' title='bbox 3041 688 3379 756; x_wconf 89' lang='lat' dir='ltr'><strong>cardinalis,</strong></span> <span class='ocrx_word' id='word_1_113' title='bbox 3405 675 3598 762; x_wconf 85' lang='lat' dir='ltr'><strong>pridie</strong></span> <span class='ocrx_word' id='word_1_114' title='bbox 3629 677 3808 760; x_wconf 76' lang='lat' dir='ltr'><strong>Neues</strong></span> 
     </span>
    </p>
   </div>
   <div class='ocr_carea' id='block_1_20' title="bbox 2165 776 3806 860">
    <p class='ocr_par' dir='ltr' id='par_1_20' title="bbox 2165 776 3806 860">
     <span class='ocr_line' id='line_1_20' title="bbox 2165 776 3806 860; baseline 0.001 -28"><span class='ocrx_word' id='word_1_115' title='bbox 2165 776 2414 848; x_wconf 42' lang='lat' dir='ltr'><strong>,Aprilis,</strong></span> <span class='ocrx_word' id='word_1_116' title='bbox 2449 776 2765 838; x_wconf 89' lang='lat' dir='ltr'><strong>indictione</strong></span> <span class='ocrx_word' id='word_1_117' title='bbox 2791 794 2878 857; x_wconf 55' lang='lat' dir='ltr'><strong>tu,</strong></span> <span class='ocrx_word' id='word_1_118' title='bbox 2912 795 3062 860; x_wconf 71' lang='lat' dir='ltr'><strong>anno</strong></span> <span class='ocrx_word' id='word_1_119' title='bbox 3107 778 3423 855; x_wconf 68' lang='lat' dir='ltr'><strong>Dominicaa</strong></span> <span class='ocrx_word' id='word_1_120' title='bbox 3462 777 3806 860; x_wconf 84' lang='lat' dir='ltr'><strong>Incarnatio-</strong></span> 
     </span>
    </p>
   </div>
   <div class='ocr_carea' id='block_1_21' title="bbox 2180 866 3807 948">
    <p class='ocr_par' dir='ltr' id='par_1_21' title="bbox 2180 866 3807 948">
     <span class='ocr_line' id='line_1_21' title="bbox 2180 866 3807 948; baseline 0.001 -28"><span class='ocrx_word' id='word_1_121' title='bbox 2180 866 2272 920; x_wconf 87' lang='lat' dir='ltr'><strong>nis</strong></span> <span class='ocrx_word' id='word_1_122' title='bbox 2302 868 2458 932; x_wconf 80' lang='grc'><strong>1096,</strong></span> <span class='ocrx_word' id='word_1_123' title='bbox 2491 866 2864 939; x_wconf 84' lang='lat' dir='ltr'><strong>pontiﬁcatus</strong></span> <span class='ocrx_word' id='word_1_124' title='bbox 2907 871 3102 932; x_wconf 85' lang='lat' dir='ltr'><strong>autem</strong></span> <span class='ocrx_word' id='word_1_125' title='bbox 3134 867 3333 948; x_wconf 83' lang='lat' dir='ltr'><strong>domni</strong></span> <span class='ocrx_word' id='word_1_126' title='bbox 3389 866 3604 945; x_wconf 82' lang='lat' dir='ltr'><strong>Urbani</strong></span> <span class='ocrx_word' id='word_1_127' title='bbox 3634 868 3682 922; x_wconf 83' lang='lat' dir='ltr'><strong>ll</strong></span> <span class='ocrx_word' id='word_1_128' title='bbox 3711 883 3807 939; x_wconf 89' lang='lat' dir='ltr'><strong>pa-</strong></span> 
     </span>
    </p>
   </div>
   <div class='ocr_carea' id='block_1_22' title="bbox 2168 969 2413 1028">
    <p class='ocr_par' dir='ltr' id='par_1_22' title="bbox 2168 969 2413 1028">
     <span class='ocr_line' id='line_1_22' title="bbox 2168 969 2413 1028; baseline 0 -18"><span class='ocrx_word' id='word_1_129' title='bbox 2168 971 2260 1028; x_wconf 81' lang='lat' dir='ltr'><strong>.pae</strong></span> <span class='ocrx_word' id='word_1_130' title='bbox 2291 969 2413 1010; x_wconf 79' lang='grc' dir='ltr'>νιιι.</span> 
     </span>
    </p>
   </div>
   <div class='ocr_carea' id='block_1_23' title="bbox 2911 1062 3067 1119">
    <p class='ocr_par' dir='ltr' id='par_1_23' title="bbox 2911 1062 3067 1119">
     <span class='ocr_line' id='line_1_23' title="bbox 2911 1062 3067 1119; baseline 0 -1"><span class='ocrx_word' id='word_1_131' title='bbox 2911 1062 3067 1119; x_wconf 86' lang='lat' dir='ltr'><strong>CXL.</strong></span> 
     </span>
    </p>
   </div>
   <div class='ocr_carea' id='block_1_24' title="bbox 2156 1150 3808 1235">
    <p class='ocr_par' dir='ltr' id='par_1_24' title="bbox 2156 1150 3808 1235">
     <span class='ocr_line' id='line_1_24' title="bbox 2156 1150 3808 1235; baseline -0.002 -26"><span class='ocrx_word' id='word_1_132' title='bbox 2156 1150 2385 1234; x_wconf 67' lang='lat' dir='ltr'><strong>.Urbani</strong></span> <span class='ocrx_word' id='word_1_133' title='bbox 2398 1151 2926 1235; x_wconf 34' lang='lat' dir='ltr'><strong>papglll‘rdccretun}</strong></span> <span class='ocrx_word' id='word_1_134' title='bbox 2948 1168 3051 1234; x_wconf 70' lang='lat' dir='ltr'><strong>quo</strong></span> <span class='ocrx_word' id='word_1_135' title='bbox 3081 1154 3273 1234; x_wconf 63' lang='lat' dir='ltr'><strong>statuit</strong></span> <span class='ocrx_word' id='word_1_136' title='bbox 3301 1155 3360 1235; x_wconf 76' lang='lat' dir='ltr'><strong>ut</strong></span> <span class='ocrx_word' id='word_1_137' title='bbox 3389 1151 3624 1234; x_wconf 59' lang='lat' dir='ltr'><strong>Ecclesia</strong></span> <span class='ocrx_word' id='word_1_138' title='bbox 3650 1151 3808 1235; x_wconf 65' lang='lat' dir='ltr'><strong>Arau-</strong></span> 
     </span>
    </p>
   </div>
   <div class='ocr_carea' id='block_1_25' title="bbox 2241 1223 3807 1350">
    <p class='ocr_par' dir='ltr' id='par_1_25' title="bbox 2241 1223 3807 1350">
     <span class='ocr_line' id='line_1_25' title="bbox 2241 1223 3807 1296; baseline 0.001 -19"><span class='ocrx_word' id='word_1_139' title='bbox 2241 1223 2432 1286; x_wconf 77' lang='grc' dir='ltr'><strong>,ςίυαηα</strong></span> <span class='ocrx_word' id='word_1_140' title='bbox 2450 1233 2577 1292; x_wconf 78' lang='lat' dir='ltr'><strong>post</strong></span> <span class='ocrx_word' id='word_1_141' title='bbox 2594 1223 2918 1294; x_wconf 79' lang='lat' dir='ltr'><strong>G[uillelmi]</strong></span> <span class='ocrx_word' id='word_1_142' title='bbox 2949 1223 3186 1295; x_wconf 63' lang='lat' dir='ltr'><strong>epis-capi</strong></span> <span class='ocrx_word' id='word_1_143' title='bbox 3200 1232 3425 1279; x_wconf 79' lang='lat' dir='ltr'><strong>mortem</strong></span> <span class='ocrx_word' id='word_1_144' title='bbox 3441 1224 3576 1296; x_wconf 78' lang='lat' dir='ltr'><strong>conj</strong></span> <span class='ocrx_word' id='word_1_145' title='bbox 3581 1223 3807 1294; x_wconf 71' lang='lat' dir='ltr'><strong>ungatur</strong></span> 
     </span>
     <span class='ocr_line' id='line_1_26' title="bbox 2242 1294 3565 1350; baseline 0.002 -3"><span class='ocrx_word' id='word_1_146' title='bbox 2242 1311 2367 1348; x_wconf 89' lang='lat' dir='ltr'><strong>cum</strong></span> <span class='ocrx_word' id='word_1_147' title='bbox 2400 1294 2784 1350; x_wconf 74' lang='lat' dir='ltr'><strong>Tricastinensi</strong></span> <span class='ocrx_word' id='word_1_148' title='bbox 2811 1295 3069 1349; x_wconf 80' lang='lat' dir='ltr'><strong>Ecclesia.</strong></span> <span class='ocrx_word' id='word_1_149' title='bbox 3563 1310 3565 1313; x_wconf 86' lang='lat'>&#39;</span> 
     </span>
    </p>
   </div>
   <div class='ocr_carea' id='block_1_26' title="bbox 2273 1311 3195 1453">
    <p class='ocr_par' dir='ltr' id='par_1_26' title="bbox 2273 1311 3195 1453">
     <span class='ocr_line' id='line_1_27' title="bbox 2273 1311 3069 1368; baseline 0.001 -20"><span class='ocrx_word' id='word_1_150' title='bbox 2273 1311 2367 1348; x_wconf 89' lang='lat' dir='ltr'><strong>um</strong></span> <span class='ocrx_word' id='word_1_151' title='bbox 2403 1311 2782 1368; x_wconf 70' lang='lat' dir='ltr'><strong>lrzcastznensz</strong></span> <span class='ocrx_word' id='word_1_152' title='bbox 2811 1311 3069 1349; x_wconf 69' lang='lat' dir='ltr'><strong>ncctesza.</strong></span> 
     </span>
     <span class='ocr_line' id='line_1_28' title="bbox 2795 1383 3195 1453; baseline 0.003 -17"><span class='ocrx_word' id='word_1_153' title='bbox 2795 1383 2980 1453; x_wconf 87' lang='lat' dir='ltr'><strong>(Anno</strong></span> <span class='ocrx_word' id='word_1_154' title='bbox 3013 1383 3195 1453; x_wconf 86' lang='grc'><strong>1095.)</strong></span> 
     </span>
    </p>
   </div>
   <div class='ocr_carea' id='block_1_27' title="bbox 2587 1470 3398 1546">
    <p class='ocr_par' dir='ltr' id='par_1_27' title="bbox 2587 1470 3398 1546">
     <span class='ocr_line' id='line_1_29' title="bbox 2587 1470 3398 1546; baseline -0.002 -20"><span class='ocrx_word' id='word_1_155' title='bbox 2587 1471 2821 1542; x_wconf 73' lang='grc' dir='ltr'><strong>[ΜΑΝ51,</strong></span> <span class='ocrx_word' id='word_1_156' title='bbox 2856 1470 3058 1546; x_wconf 79' lang='lat' dir='ltr'><strong>Concil.</strong></span> <span class='ocrx_word' id='word_1_157' title='bbox 3095 1470 3208 1537; x_wconf 85' lang='lat' dir='ltr'><strong>XX,</strong></span> <span class='ocrx_word' id='word_1_158' title='bbox 3245 1471 3398 1542; x_wconf 76' lang='lat'>809.]</span> 
     </span>
    </p>
   </div>
   <div class='ocr_carea' id='block_1_28' title="bbox 2241 1575 3801 1654">
    <p class='ocr_par' dir='ltr' id='par_1_28' title="bbox 2241 1575 3801 1654">
     <span class='ocr_line' id='line_1_30' title="bbox 2241 1575 3801 1654; baseline 0.001 -22"><span class='ocrx_word' id='word_1_159' title='bbox 2241 1577 2768 1654; x_wconf 64' lang='lat' dir='ltr'><strong>Uasaxus,etc.Ad</strong></span> <span class='ocrx_word' id='word_1_160' title='bbox 2801 1577 3175 1649; x_wconf 81' lang='lat' dir='ltr'><strong>praesentium</strong></span> <span class='ocrx_word' id='word_1_161' title='bbox 3210 1575 3475 1643; x_wconf 84' lang='lat' dir='ltr'><strong>notitiam</strong></span> <span class='ocrx_word' id='word_1_162' title='bbox 3506 1581 3563 1650; x_wconf 81' lang='lat' dir='ltr'><strong>et</strong></span> <span class='ocrx_word' id='word_1_163' title='bbox 3588 1577 3801 1634; x_wconf 83' lang='lat' dir='ltr'><strong>futuro-</strong></span> 
     </span>
    </p>
   </div>
   <div class='ocr_carea' id='block_1_29' title="bbox 2172 1664 3806 1744">
    <p class='ocr_par' dir='ltr' id='par_1_29' title="bbox 2172 1664 3806 1744">
     <span class='ocr_line' id='line_1_31' title="bbox 2172 1664 3806 1744; baseline 0.002 -26"><span class='ocrx_word' id='word_1_164' title='bbox 2172 1682 2301 1720; x_wconf 88' lang='lat' dir='ltr'><strong>rum</strong></span> <span class='ocrx_word' id='word_1_165' title='bbox 2335 1665 2677 1722; x_wconf 86' lang='lat' dir='ltr'><strong>memoriam</strong></span> <span class='ocrx_word' id='word_1_166' title='bbox 2711 1682 2825 1720; x_wconf 90' lang='lat' dir='ltr'><strong>non</strong></span> <span class='ocrx_word' id='word_1_167' title='bbox 2849 1664 3026 1720; x_wconf 87' lang='lat' dir='ltr'><strong>latere</strong></span> <span class='ocrx_word' id='word_1_168' title='bbox 3056 1665 3326 1720; x_wconf 90' lang='lat' dir='ltr'><strong>volumus</strong></span> <span class='ocrx_word' id='word_1_169' title='bbox 3359 1665 3637 1738; x_wconf 88' lang='lat' dir='ltr'><strong>quoniam</strong></span> <span class='ocrx_word' id='word_1_170' title='bbox 3661 1666 3806 1744; x_wconf 79' lang='lat' dir='ltr'><strong>inter</strong></span> 
     </span>
    </p>
   </div>
   <div class='ocr_carea' id='block_1_30' title="bbox 2167 1752 3805 1834">
    <p class='ocr_par' dir='ltr' id='par_1_30' title="bbox 2167 1752 3805 1834">
     <span class='ocr_line' id='line_1_32' title="bbox 2167 1752 3805 1834; baseline 0.001 -26"><span class='ocrx_word' id='word_1_171' title='bbox 2167 1753 2524 1808; x_wconf 88' lang='lat' dir='ltr'><strong>Tricastinos</strong></span> <span class='ocrx_word' id='word_1_172' title='bbox 2555 1758 2611 1808; x_wconf 91' lang='lat' dir='ltr'><strong>et</strong></span> <span class='ocrx_word' id='word_1_173' title='bbox 2634 1752 2945 1812; x_wconf 85' lang='lat' dir='ltr'><strong>Arausicos</strong></span> <span class='ocrx_word' id='word_1_174' title='bbox 2976 1753 3254 1808; x_wconf 90' lang='lat' dir='ltr'><strong>diuturna</strong></span> <span class='ocrx_word' id='word_1_175' title='bbox 3287 1753 3580 1834; x_wconf 71' lang='lat' dir='ltr'><strong>contentio</strong></span> <span class='ocrx_word' id='word_1_176' title='bbox 3613 1755 3805 1824; x_wconf 83' lang='lat' dir='ltr'><strong>habita</strong></span> 
     </span>
    </p>
   </div>
   <div class='ocr_carea' id='block_1_31' title="bbox 2167 1841 3802 1918">
    <p class='ocr_par' dir='ltr' id='par_1_31' title="bbox 2167 1841 3802 1918">
     <span class='ocr_line' id='line_1_33' title="bbox 2167 1841 3802 1918; baseline 0.001 -20"><span class='ocrx_word' id='word_1_177' title='bbox 2167 1845 2275 1898; x_wconf 89' lang='lat' dir='ltr'><strong>est.</strong></span> <span class='ocrx_word' id='word_1_178' title='bbox 2301 1841 2645 1898; x_wconf 83' lang='lat' dir='ltr'><strong>Tricastinis</strong></span> <span class='ocrx_word' id='word_1_179' title='bbox 2681 1841 2918 1918; x_wconf 88' lang='lat' dir='ltr'><strong>quidem</strong></span> <span class='ocrx_word' id='word_1_180' title='bbox 2950 1843 3018 1898; x_wconf 88' lang='lat' dir='ltr'><strong>de</strong></span> <span class='ocrx_word' id='word_1_181' title='bbox 3051 1842 3647 1910; x_wconf 86' lang='lat' dir='ltr'><strong>unitione,Arausicis</strong></span> <span class='ocrx_word' id='word_1_182' title='bbox 3675 1845 3802 1901; x_wconf 74' lang='lat' dir='ltr'><strong>Vero</strong></span> 
     </span>
    </p>
   </div>
   <div class='ocr_carea' id='block_1_32' title="bbox 418 1922 3802 2031">
    <p class='ocr_par' dir='ltr' id='par_1_32' title="bbox 418 1922 3802 2031">
     <span class='ocr_line' id='line_1_34' title="bbox 418 1922 3802 2031; baseline 0 -44"><span class='ocrx_word' id='word_1_183' title='bbox 418 1931 733 1988; x_wconf 84' lang='lat' dir='ltr'><strong>rochialem</strong></span> <span class='ocrx_word' id='word_1_184' title='bbox 763 1932 834 1988; x_wconf 90' lang='lat' dir='ltr'><strong>de</strong></span> <span class='ocrx_word' id='word_1_185' title='bbox 873 1932 1175 2002; x_wconf 84' lang='lat' dir='ltr'><strong>Sparo,.et</strong></span> <span class='ocrx_word' id='word_1_186' title='bbox 1201 1931 1414 2002; x_wconf 79' lang='lat' dir='ltr'><strong>Arhga.</strong></span> <span class='ocrx_word' id='word_1_187' title='bbox 1446 1932 1714 2031; x_wconf 45' lang='lat' dir='ltr'><strong>Cas-trum</strong></span> <span class='ocrx_word' id='word_1_188' title='bbox 1759 1931 1830 1986; x_wconf 92' lang='lat' dir='ltr'><strong>de</strong></span> <span class='ocrx_word' id='word_1_189' title='bbox 1879 1931 2057 2004; x_wconf 90' lang='lat' dir='ltr'><strong>Papia</strong></span> <span class='ocrx_word' id='word_1_190' title='bbox 2085 1965 2132 2031; x_wconf 83' lang='lat' dir='ltr'><strong>B</strong></span> <span class='ocrx_word' id='word_1_191' title='bbox 2163 1931 2241 2031; x_wconf 75' lang='lat' dir='ltr'><strong>de</strong></span> <span class='ocrx_word' id='word_1_192' title='bbox 2267 1930 2673 2031; x_wconf 71' lang='lat' dir='ltr'><strong>parochiarum</strong></span> <span class='ocrx_word' id='word_1_193' title='bbox 2705 1929 3086 2030; x_wconf 75' lang='lat' dir='ltr'><strong>ecclesiarum</strong></span> <span class='ocrx_word' id='word_1_194' title='bbox 3117 1930 3400 2031; x_wconf 76' lang='lat' dir='ltr'><strong>divisione</strong></span> <span class='ocrx_word' id='word_1_195' title='bbox 3428 1922 3802 2031; x_wconf 78' lang='lat' dir='ltr'><strong>contestanti-</strong></span> 
     </span>
    </p>
   </div>
   <div class='ocr_carea' id='block_1_33' title="bbox 409 2020 2053 2093">
    <p class='ocr_par' dir='ltr' id='par_1_33' title="bbox 409 2020 2053 2093">
     <span class='ocr_line' id='line_1_35' title="bbox 409 2020 2053 2093; baseline -0.001 -17"><span class='ocrx_word' id='word_1_196' title='bbox 409 2022 582 2093; x_wconf 82' lang='lat' dir='ltr'><strong>juxta</strong></span> <span class='ocrx_word' id='word_1_197' title='bbox 611 2020 996 2076; x_wconf 86' lang='lat' dir='ltr'><strong>Marimanam</strong></span> <span class='ocrx_word' id='word_1_198' title='bbox 1041 2037 1174 2076; x_wconf 89' lang='lat' dir='ltr'><strong>cum</strong></span> <span class='ocrx_word' id='word_1_199' title='bbox 1205 2024 1374 2091; x_wconf 89' lang='lat' dir='ltr'><strong>portu</strong></span> <span class='ocrx_word' id='word_1_200' title='bbox 1419 2021 1490 2076; x_wconf 93' lang='lat' dir='ltr'><strong>de</strong></span> <span class='ocrx_word' id='word_1_201' title='bbox 1538 2020 1852 2092; x_wconf 83' lang='lat' dir='ltr'><strong>Bagneras,</strong></span> <span class='ocrx_word' id='word_1_202' title='bbox 1879 2037 2053 2092; x_wconf 89' lang='lat' dir='ltr'><strong>paro-</strong></span> 
     </span>
    </p>
   </div>
   <div class='ocr_carea' id='block_1_34' title="bbox 389 2107 2056 2180">
    <p class='ocr_par' dir='ltr' id='par_1_34' title="bbox 389 2107 2056 2180">
     <span class='ocr_line' id='line_1_36' title="bbox 389 2107 2056 2180; baseline -0.001 -14"><span class='ocrx_word' id='word_1_203' title='bbox 389 2109 608 2168; x_wconf 42' lang='lat' dir='ltr'><strong>wcbiam</strong></span> <span class='ocrx_word' id='word_1_204' title='bbox 638 2109 714 2164; x_wconf 87' lang='lat' dir='ltr'><strong>de</strong></span> <span class='ocrx_word' id='word_1_205' title='bbox 741 2109 960 2164; x_wconf 83' lang='lat' dir='ltr'><strong>Cofors.</strong></span> <span class='ocrx_word' id='word_1_206' title='bbox 999 2108 1059 2162; x_wconf 84' lang='lat' dir='ltr'><strong>In</strong></span> <span class='ocrx_word' id='word_1_207' title='bbox 1105 2107 1483 2179; x_wconf 83' lang='lat' dir='ltr'><strong>Forojuliensi</strong></span> <span class='ocrx_word' id='word_1_208' title='bbox 1529 2108 1832 2166; x_wconf 85' lang='lat' dir='ltr'><strong>ecclesiam</strong></span> <span class='ocrx_word' id='word_1_209' title='bbox 1883 2126 2056 2180; x_wconf 89' lang='lat' dir='ltr'><strong>paro-</strong></span> 
     </span>
    </p>
   </div>
   <div class='ocr_carea' id='block_1_35' title="bbox 416 2195 2056 2270">
    <p class='ocr_par' dir='ltr' id='par_1_35' title="bbox 416 2195 2056 2270">
     <span class='ocr_line' id='line_1_37' title="bbox 416 2195 2056 2270; baseline -0.001 -16"><span class='ocrx_word' id='word_1_210' title='bbox 416 2197 668 2258; x_wconf 84' lang='lat' dir='ltr'><strong>chialem</strong></span> <span class='ocrx_word' id='word_1_211' title='bbox 698 2197 769 2253; x_wconf 92' lang='lat' dir='ltr'><strong>de</strong></span> <span class='ocrx_word' id='word_1_212' title='bbox 798 2195 1036 2264; x_wconf 81' lang='lat' dir='ltr'><strong>Grimal,</strong></span> <span class='ocrx_word' id='word_1_213' title='bbox 1070 2197 1401 2270; x_wconf 89' lang='lat' dir='ltr'><strong>parochiam</strong></span> <span class='ocrx_word' id='word_1_214' title='bbox 1448 2198 1519 2252; x_wconf 92' lang='lat' dir='ltr'><strong>de</strong></span> <span class='ocrx_word' id='word_1_215' title='bbox 1537 2198 1644 2254; x_wconf 82' lang='lat' dir='ltr'><strong>Aix</strong></span> <span class='ocrx_word' id='word_1_216' title='bbox 1671 2202 1729 2252; x_wconf 90' lang='lat' dir='ltr'><strong>et</strong></span> <span class='ocrx_word' id='word_1_217' title='bbox 1758 2198 1827 2254; x_wconf 89' lang='lat' dir='ltr'><strong>de</strong></span> <span class='ocrx_word' id='word_1_218' title='bbox 1860 2197 2056 2270; x_wconf 83' lang='lat' dir='ltr'><strong>Flayo-</strong></span> 
     </span>
    </p>
   </div>
   <div class='ocr_carea' id='block_1_36' title="bbox 391 2285 2057 2357">
    <p class='ocr_par' dir='ltr' id='par_1_36' title="bbox 391 2285 2057 2357">
     <span class='ocr_line' id='line_1_38' title="bbox 391 2285 2057 2357; baseline -0.003 -12"><span class='ocrx_word' id='word_1_219' title='bbox 391 2298 535 2354; x_wconf 46' lang='grc' dir='ltr'><strong>μου,</strong></span> <span class='ocrx_word' id='word_1_220' title='bbox 557 2286 872 2346; x_wconf 66' lang='lat' dir='ltr'><strong>ecclesiam</strong></span> <span class='ocrx_word' id='word_1_221' title='bbox 905 2285 1098 2342; x_wconf 85' lang='lat' dir='ltr'><strong>Sancti</strong></span> <span class='ocrx_word' id='word_1_222' title='bbox 1133 2285 1277 2342; x_wconf 88' lang='lat' dir='ltr'><strong>Petri</strong></span> <span class='ocrx_word' id='word_1_223' title='bbox 1309 2302 1438 2340; x_wconf 89' lang='lat' dir='ltr'><strong>cum</strong></span> <span class='ocrx_word' id='word_1_224' title='bbox 1473 2285 1788 2357; x_wconf 90' lang='lat' dir='ltr'><strong>parochiali</strong></span> <span class='ocrx_word' id='word_1_225' title='bbox 1813 2285 2057 2342; x_wconf 88' lang='lat' dir='ltr'><strong>ecclesia</strong></span> 
     </span>
    </p>
   </div>
   <div class='ocr_carea' id='block_1_37' title="bbox 413 2373 2050 2442">
    <p class='ocr_par' dir='ltr' id='par_1_37' title="bbox 413 2373 2050 2442">
     <span class='ocr_line' id='line_1_39' title="bbox 413 2373 2050 2442; baseline -0.002 -10"><span class='ocrx_word' id='word_1_226' title='bbox 413 2375 486 2432; x_wconf 88' lang='lat' dir='ltr'><strong>de</strong></span> <span class='ocrx_word' id='word_1_227' title='bbox 515 2374 792 2440; x_wconf 88' lang='lat' dir='ltr'><strong>Salernis,</strong></span> <span class='ocrx_word' id='word_1_228' title='bbox 811 2373 1116 2430; x_wconf 86' lang='lat' dir='ltr'><strong>ecclesiam</strong></span> <span class='ocrx_word' id='word_1_229' title='bbox 1145 2373 1368 2442; x_wconf 74' lang='lat' dir='ltr'><strong>Sanctae</strong></span> <span class='ocrx_word' id='word_1_230' title='bbox 1399 2374 1592 2430; x_wconf 63' lang='lat' dir='ltr'><strong>Mariae</strong></span> <span class='ocrx_word' id='word_1_231' title='bbox 1624 2391 1756 2430; x_wconf 91' lang='lat' dir='ltr'><strong>cum</strong></span> <span class='ocrx_word' id='word_1_232' title='bbox 1783 2375 1898 2429; x_wconf 91' lang='lat' dir='ltr'><strong>alia</strong></span> <span class='ocrx_word' id='word_1_233' title='bbox 1919 2391 2050 2429; x_wconf 92' lang='lat' dir='ltr'><strong>con-</strong></span> 
     </span>
    </p>
   </div>
   <div class='ocr_carea' id='block_1_38' title="bbox 413 2461 2052 2534">
    <p class='ocr_par' dir='ltr' id='par_1_38' title="bbox 413 2461 2052 2534">
     <span class='ocr_line' id='line_1_40' title="bbox 413 2461 2052 2534; baseline -0.001 -16"><span class='ocrx_word' id='word_1_234' title='bbox 413 2463 579 2534; x_wconf 86' lang='lat' dir='ltr'><strong>tigua</strong></span> <span class='ocrx_word' id='word_1_235' title='bbox 606 2461 910 2518; x_wconf 87' lang='lat' dir='ltr'><strong>ecclesiam</strong></span> <span class='ocrx_word' id='word_1_236' title='bbox 931 2463 1001 2517; x_wconf 89' lang='lat' dir='ltr'><strong>de</strong></span> <span class='ocrx_word' id='word_1_237' title='bbox 1031 2461 1272 2527; x_wconf 88' lang='lat' dir='ltr'><strong>Cabaza,</strong></span> <span class='ocrx_word' id='word_1_238' title='bbox 1304 2462 1642 2534; x_wconf 87' lang='lat' dir='ltr'><strong>parochiam</strong></span> <span class='ocrx_word' id='word_1_239' title='bbox 1671 2464 1742 2520; x_wconf 91' lang='lat' dir='ltr'><strong>de</strong></span> <span class='ocrx_word' id='word_1_240' title='bbox 1773 2462 1954 2518; x_wconf 89' lang='lat' dir='ltr'><strong>Luch.</strong></span> <span class='ocrx_word' id='word_1_241' title='bbox 1988 2462 2052 2518; x_wconf 91' lang='lat' dir='ltr'><strong>In</strong></span> 
     </span>
    </p>
   </div>
   <div class='ocr_carea' id='block_1_39' title="bbox 397 2550 2049 2624">
    <p class='ocr_par' dir='ltr' id='par_1_39' title="bbox 397 2550 2049 2624">
     <span class='ocr_line' id='line_1_41' title="bbox 397 2550 2049 2624; baseline -0.002 -17"><span class='ocrx_word' id='word_1_242' title='bbox 397 2550 915 2624; x_wconf 72' lang='lat' dir='ltr'><strong>.-Carpenterasensi</strong></span> <span class='ocrx_word' id='word_1_243' title='bbox 942 2550 1284 2622; x_wconf 80' lang='lat' dir='ltr'><strong>episcopatu</strong></span> <span class='ocrx_word' id='word_1_244' title='bbox 1315 2550 1620 2606; x_wconf 86' lang='lat' dir='ltr'><strong>ecclesiam</strong></span> <span class='ocrx_word' id='word_1_245' title='bbox 1652 2551 1952 2606; x_wconf 91' lang='lat' dir='ltr'><strong>S.Felicis.</strong></span> <span class='ocrx_word' id='word_1_246' title='bbox 1988 2553 2049 2606; x_wconf 92' lang='lat' dir='ltr'><strong>In</strong></span> 
     </span>
    </p>
   </div>
   <div class='ocr_carea' id='block_1_40' title="bbox 410 2638 2048 2711">
    <p class='ocr_par' dir='ltr' id='par_1_40' title="bbox 410 2638 2048 2711">
     <span class='ocr_line' id='line_1_42' title="bbox 410 2638 2048 2711; baseline -0.002 -15"><span class='ocrx_word' id='word_1_247' title='bbox 410 2638 1321 2711; x_wconf 84' lang='lat' dir='ltr'><strong>Ebredunensiarchiepiscopatu</strong></span> <span class='ocrx_word' id='word_1_248' title='bbox 1343 2639 1679 2711; x_wconf 89' lang='lat' dir='ltr'><strong>parochiam</strong></span> <span class='ocrx_word' id='word_1_249' title='bbox 1701 2641 1772 2695; x_wconf 90' lang='lat' dir='ltr'><strong>de</strong></span> <span class='ocrx_word' id='word_1_250' title='bbox 1792 2640 2048 2696; x_wconf 89' lang='lat' dir='ltr'><strong>Turries.</strong></span> 
     </span>
    </p>
   </div>
   <div class='ocr_carea' id='block_1_41' title="bbox 379 2725 2051 2799">
    <p class='ocr_par' dir='ltr' id='par_1_41' title="bbox 379 2725 2051 2799">
     <span class='ocr_line' id='line_1_43' title="bbox 379 2725 2051 2799; baseline 0.001 -17"><span class='ocrx_word' id='word_1_251' title='bbox 379 2760 382 2764; x_wconf 94' lang='lat'><strong>-</strong></span> <span class='ocrx_word' id='word_1_252' title='bbox 411 2728 473 2784; x_wconf 82' lang='lat' dir='ltr'><strong>In</strong></span> <span class='ocrx_word' id='word_1_253' title='bbox 507 2726 812 2799; x_wconf 79' lang='lat' dir='ltr'><strong>Vapicensi</strong></span> <span class='ocrx_word' id='word_1_254' title='bbox 843 2725 1146 2782; x_wconf 84' lang='lat' dir='ltr'><strong>ecclesiam</strong></span> <span class='ocrx_word' id='word_1_255' title='bbox 1201 2727 1399 2784; x_wconf 89' lang='lat' dir='ltr'><strong>Sancti</strong></span> <span class='ocrx_word' id='word_1_256' title='bbox 1449 2728 1626 2798; x_wconf 86' lang='lat' dir='ltr'><strong>Erigii</strong></span> <span class='ocrx_word' id='word_1_257' title='bbox 1659 2728 1718 2782; x_wconf 91' lang='lat' dir='ltr'><strong>in</strong></span> <span class='ocrx_word' id='word_1_258' title='bbox 1763 2728 2051 2790; x_wconf 84' lang='lat' dir='ltr'><strong>castrode</strong></span> 
     </span>
    </p>
   </div>
   <div class='ocr_carea' id='block_1_42' title="bbox 409 2814 2051 2889">
    <p class='ocr_par' dir='ltr' id='par_1_42' title="bbox 409 2814 2051 2889">
     <span class='ocr_line' id='line_1_44' title="bbox 409 2814 2051 2889; baseline 0.001 -17"><span class='ocrx_word' id='word_1_259' title='bbox 409 2814 659 2872; x_wconf 84' lang='lat' dir='ltr'><strong>Medoilo</strong></span> <span class='ocrx_word' id='word_1_260' title='bbox 689 2815 840 2886; x_wconf 86' lang='lat' dir='ltr'><strong>apud</strong></span> <span class='ocrx_word' id='word_1_261' title='bbox 873 2815 1458 2880; x_wconf 85' lang='lat' dir='ltr'><strong>Zeniam.S.Victoris</strong></span> <span class='ocrx_word' id='word_1_262' title='bbox 1489 2815 1694 2872; x_wconf 89' lang='lat' dir='ltr'><strong>cellam</strong></span> <span class='ocrx_word' id='word_1_263' title='bbox 1729 2817 1783 2872; x_wconf 92' lang='lat' dir='ltr'><strong>in</strong></span> <span class='ocrx_word' id='word_1_264' title='bbox 1819 2817 2051 2889; x_wconf 89' lang='lat' dir='ltr'><strong>proprio</strong></span> 
     </span>
    </p>
   </div>
   <div class='ocr_carea' id='block_1_43' title="bbox 380 2903 2048 2974">
    <p class='ocr_par' dir='ltr' id='par_1_43' title="bbox 380 2903 2048 2974">
     <span class='ocr_line' id='line_1_45' title="bbox 380 2903 2048 2974; baseline 0.001 -14"><span class='ocrx_word' id='word_1_265' title='bbox 380 2903 759 2960; x_wconf 83' lang='lat' dir='ltr'><strong>--Masiliensis</strong></span> <span class='ocrx_word' id='word_1_266' title='bbox 790 2903 1035 2959; x_wconf 69' lang='lat' dir='ltr'><strong>cmnobii</strong></span> <span class='ocrx_word' id='word_1_267' title='bbox 1059 2904 1195 2974; x_wconf 88' lang='lat' dir='ltr'><strong>jure</strong></span> <span class='ocrx_word' id='word_1_268' title='bbox 1224 2906 1725 2961; x_wconf 86' lang='lat' dir='ltr'><strong>constructum.ln</strong></span> <span class='ocrx_word' id='word_1_269' title='bbox 1759 2906 2048 2973; x_wconf 88' lang='lat' dir='ltr'><strong>Sardinia,</strong></span> 
     </span>
    </p>
   </div>
   <div class='ocr_carea' id='block_1_44' title="bbox 409 2990 2048 3067">
    <p class='ocr_par' dir='ltr' id='par_1_44' title="bbox 409 2990 2048 3067">
     <span class='ocr_line' id='line_1_46' title="bbox 409 2990 2048 3067; baseline -0.001 -17"><span class='ocrx_word' id='word_1_270' title='bbox 409 2991 472 3050; x_wconf 86' lang='lat' dir='ltr'><strong>in</strong></span> <span class='ocrx_word' id='word_1_271' title='bbox 491 2990 830 3051; x_wconf 74' lang='lat' dir='ltr'><strong>,Gall—urensi</strong></span> <span class='ocrx_word' id='word_1_272' title='bbox 855 2992 1194 3064; x_wconf 85' lang='lat' dir='ltr'><strong>episcopatu</strong></span> <span class='ocrx_word' id='word_1_273' title='bbox 1227 2992 1531 3049; x_wconf 88' lang='lat' dir='ltr'><strong>ecclesiam</strong></span> <span class='ocrx_word' id='word_1_274' title='bbox 1558 2994 1752 3049; x_wconf 88' lang='lat' dir='ltr'><strong>Sancti</strong></span> <span class='ocrx_word' id='word_1_275' title='bbox 1769 2993 2048 3067; x_wconf 88' lang='lat' dir='ltr'><strong>Stephani</strong></span> 
     </span>
    </p>
   </div>
   <div class='ocr_carea' id='block_1_45' title="bbox 385 3079 2051 3154">
    <p class='ocr_par' dir='ltr' id='par_1_45' title="bbox 385 3079 2051 3154">
     <span class='ocr_line' id='line_1_47' title="bbox 385 3079 2051 3154; baseline 0.001 -18"><span class='ocrx_word' id='word_1_276' title='bbox 385 3117 388 3121; x_wconf 89' lang='lat'><strong><em>-</em></strong></span> <span class='ocrx_word' id='word_1_277' title='bbox 413 3079 488 3136; x_wconf 89' lang='lat' dir='ltr'><strong>de</strong></span> <span class='ocrx_word' id='word_1_278' title='bbox 503 3079 924 3148; x_wconf 88' lang='lat' dir='ltr'><strong>Pausada,cum</strong></span> <span class='ocrx_word' id='word_1_279' title='bbox 942 3081 1160 3138; x_wconf 78' lang='lat' dir='ltr'><strong>caeteris</strong></span> <span class='ocrx_word' id='word_1_280' title='bbox 1177 3080 1438 3138; x_wconf 90' lang='lat' dir='ltr'><strong>ecclesiis</strong></span> <span class='ocrx_word' id='word_1_281' title='bbox 1449 3097 1595 3152; x_wconf 89' lang='lat' dir='ltr'><strong>quas</strong></span> <span class='ocrx_word' id='word_1_282' title='bbox 1611 3085 1730 3138; x_wconf 88' lang='lat' dir='ltr'><strong>tam</strong></span> <span class='ocrx_word' id='word_1_283' title='bbox 1744 3082 2051 3154; x_wconf 91' lang='lat' dir='ltr'><strong>episcopus</strong></span> 
     </span>
    </p>
   </div>
   <div class='ocr_carea' id='block_1_46' title="bbox 411 3168 2049 3238">
    <p class='ocr_par' dir='ltr' id='par_1_46' title="bbox 411 3168 2049 3238">
     <span class='ocr_line' id='line_1_48' title="bbox 411 3168 2049 3238; baseline 0.002 -16"><span class='ocrx_word' id='word_1_284' title='bbox 411 3168 792 3238; x_wconf 47' lang='lat' dir='ltr'><strong>quamvjudex</strong></span> <span class='ocrx_word' id='word_1_285' title='bbox 841 3168 1147 3225; x_wconf 87' lang='lat' dir='ltr'><strong>Mallielini.</strong></span> <span class='ocrx_word' id='word_1_286' title='bbox 1168 3169 1523 3226; x_wconf 88' lang='lat' dir='ltr'><strong>monasterio</strong></span> <span class='ocrx_word' id='word_1_287' title='bbox 1562 3169 1952 3225; x_wconf 90' lang='lat' dir='ltr'><strong>contulerunt.</strong></span> <span class='ocrx_word' id='word_1_288' title='bbox 1985 3171 2049 3226; x_wconf 91' lang='lat' dir='ltr'><strong>In</strong></span> 
     </span>
    </p>
   </div>
   <div class='ocr_carea' id='block_1_47' title="bbox 389 3253 2046 3327">
    <p class='ocr_par' dir='ltr' id='par_1_47' title="bbox 389 3253 2046 3327">
     <span class='ocr_line' id='line_1_49' title="bbox 389 3253 2046 3327; baseline 0.003 -16"><span class='ocrx_word' id='word_1_289' title='bbox 389 3253 734 3318; x_wconf 79' lang='lat' dir='ltr'><strong>.Calarifano</strong></span> <span class='ocrx_word' id='word_1_290' title='bbox 759 3255 1026 3327; x_wconf 91' lang='lat' dir='ltr'><strong>judicatu</strong></span> <span class='ocrx_word' id='word_1_291' title='bbox 1071 3255 1374 3312; x_wconf 89' lang='lat' dir='ltr'><strong>ecclesiam</strong></span> <span class='ocrx_word' id='word_1_292' title='bbox 1407 3257 1602 3316; x_wconf 82' lang='lat' dir='ltr'><strong>Sancti</strong></span> <span class='ocrx_word' id='word_1_293' title='bbox 1633 3257 1880 3314; x_wconf 86' lang='lat' dir='ltr'><strong>Luciferi</strong></span> <span class='ocrx_word' id='word_1_294' title='bbox 1913 3276 2046 3316; x_wconf 91' lang='lat' dir='ltr'><strong>cum</strong></span> 
     </span>
    </p>
   </div>
   <div class='ocr_carea' id='block_1_48' title="bbox 2163 2018 3800 2095">
    <p class='ocr_par' dir='ltr' id='par_1_48' title="bbox 2163 2018 3800 2095">
     <span class='ocr_line' id='line_1_50' title="bbox 2163 2018 3800 2095; baseline 0.001 -19"><span class='ocrx_word' id='word_1_295' title='bbox 2163 2020 2294 2076; x_wconf 92' lang='lat' dir='ltr'><strong>bus.</strong></span> <span class='ocrx_word' id='word_1_296' title='bbox 2329 2020 2397 2075; x_wconf 91' lang='lat' dir='ltr'><strong>Et</strong></span> <span class='ocrx_word' id='word_1_297' title='bbox 2429 2018 2782 2076; x_wconf 88' lang='lat' dir='ltr'><strong>concertatio</strong></span> <span class='ocrx_word' id='word_1_298' title='bbox 2831 2035 2966 2074; x_wconf 91' lang='lat' dir='ltr'><strong>cum</strong></span> <span class='ocrx_word' id='word_1_299' title='bbox 3015 2019 3499 2084; x_wconf 89' lang='lat' dir='ltr'><strong>reverendissimo</strong></span> <span class='ocrx_word' id='word_1_300' title='bbox 3541 2021 3800 2095; x_wconf 83' lang='lat' dir='ltr'><strong>pontifici</strong></span> 
     </span>
    </p>
   </div>
   <div class='ocr_carea' id='block_1_49' title="bbox 2164 2101 3800 2180">
    <p class='ocr_par' dir='ltr' id='par_1_49' title="bbox 2164 2101 3800 2180">
     <span class='ocr_line' id='line_1_51' title="bbox 2164 2101 3800 2180; baseline 0.001 -15"><span class='ocrx_word' id='word_1_301' title='bbox 2164 2109 2440 2180; x_wconf 85' lang='lat' dir='ltr'><strong>Gregorio</strong></span> <span class='ocrx_word' id='word_1_302' title='bbox 2471 2107 2881 2179; x_wconf 65' lang='lat' dir='ltr'><strong>praedecessori</strong></span> <span class='ocrx_word' id='word_1_303' title='bbox 2922 2112 3188 2173; x_wconf 86' lang='lat' dir='ltr'><strong>nostro...</strong></span> <span class='ocrx_word' id='word_1_304' title='bbox 3215 2109 3546 2165; x_wconf 90' lang='lat' dir='ltr'><strong>Arausici...</strong></span> <span class='ocrx_word' id='word_1_305' title='bbox 3570 2101 3800 2167; x_wconf 86' lang='lat' dir='ltr'><strong>litteras</strong></span> 
     </span>
    </p>
   </div>
   <div class='ocr_carea' id='block_1_50' title="bbox 2150 2195 3801 2277">
    <p class='ocr_par' dir='ltr' id='par_1_50' title="bbox 2150 2195 3801 2277">
     <span class='ocr_line' id='line_1_52' title="bbox 2150 2195 3801 2277; baseline 0.001 -24"><span class='ocrx_word' id='word_1_306' title='bbox 2150 2195 2441 2275; x_wconf 84' lang='lat' dir='ltr'><strong>dirigens,</strong></span> <span class='ocrx_word' id='word_1_307' title='bbox 2465 2196 2723 2275; x_wconf 86' lang='lat' dir='ltr'><strong>legatum</strong></span> <span class='ocrx_word' id='word_1_308' title='bbox 2755 2213 2859 2268; x_wconf 92' lang='lat' dir='ltr'><strong>pro</strong></span> <span class='ocrx_word' id='word_1_309' title='bbox 2892 2197 3071 2277; x_wconf 86' lang='lat' dir='ltr'><strong>hujus</strong></span> <span class='ocrx_word' id='word_1_310' title='bbox 3095 2197 3177 2275; x_wconf 68' lang='lat' dir='ltr'><strong>rei</strong></span> <span class='ocrx_word' id='word_1_311' title='bbox 3211 2197 3577 2277; x_wconf 85' lang='lat' dir='ltr'><strong>discussione</strong></span> <span class='ocrx_word' id='word_1_312' title='bbox 3607 2199 3676 2268; x_wconf 85' lang='lat' dir='ltr'><strong>ad</strong></span> <span class='ocrx_word' id='word_1_313' title='bbox 3705 2216 3801 2256; x_wconf 89' lang='lat' dir='ltr'><strong>eos</strong></span> 
     </span>
    </p>
   </div>
   <div class='ocr_carea' id='block_1_51' title="bbox 2163 2273 3800 2362">
    <p class='ocr_par' dir='ltr' id='par_1_51' title="bbox 2163 2273 3800 2362">
     <span class='ocr_line' id='line_1_53' title="bbox 2163 2273 3800 2362; baseline 0 -18"><span class='ocrx_word' id='word_1_314' title='bbox 2163 2302 2226 2344; x_wconf 86' lang='lat' dir='ltr'><strong>se</strong></span> <span class='ocrx_word' id='word_1_315' title='bbox 2265 2273 2587 2342; x_wconf 89' lang='lat' dir='ltr'><strong>missurum</strong></span> <span class='ocrx_word' id='word_1_316' title='bbox 2637 2284 2928 2362; x_wconf 83' lang='lat' dir='ltr'><strong>pollicitus</strong></span> <span class='ocrx_word' id='word_1_317' title='bbox 2960 2273 3048 2342; x_wconf 85' lang='lat' dir='ltr'><strong>est</strong></span> <span class='ocrx_word' id='word_1_318' title='bbox 3080 2273 3280 2358; x_wconf 43' lang='lat' dir='ltr'><strong>{quod</strong></span> <span class='ocrx_word' id='word_1_319' title='bbox 3309 2277 3505 2343; x_wconf 88' lang='lat' dir='ltr'><strong>tamen</strong></span> <span class='ocrx_word' id='word_1_320' title='bbox 3537 2291 3800 2360; x_wconf 89' lang='lat' dir='ltr'><strong>postea...</strong></span> 
     </span>
    </p>
   </div>
   <div class='ocr_carea' id='block_1_52' title="bbox 2162 2364 3800 2448">
    <p class='ocr_par' dir='ltr' id='par_1_52' title="bbox 2162 2364 3800 2448">
     <span class='ocr_line' id='line_1_54' title="bbox 2162 2364 3800 2448; baseline 0.002 -20"><span class='ocrx_word' id='word_1_321' title='bbox 2162 2373 2441 2447; x_wconf 87' lang='lat' dir='ltr'><strong>indagare</strong></span> <span class='ocrx_word' id='word_1_322' title='bbox 2467 2374 2858 2445; x_wconf 86' lang='lat' dir='ltr'><strong>nequivimus.</strong></span> <span class='ocrx_word' id='word_1_323' title='bbox 2876 2364 3079 2430; x_wconf 35' lang='lat' dir='ltr'><strong>In&#39;hac</strong></span> <span class='ocrx_word' id='word_1_324' title='bbox 3099 2379 3295 2430; x_wconf 88' lang='lat' dir='ltr'><strong>autem</strong></span> <span class='ocrx_word' id='word_1_325' title='bbox 3328 2371 3800 2448; x_wconf 64' lang='lat' dir='ltr'><strong>suspensione...</strong></span> 
     </span>
    </p>
   </div>
   <div class='ocr_carea' id='block_1_53' title="bbox 2162 2453 3803 2534">
    <p class='ocr_par' dir='ltr' id='par_1_53' title="bbox 2162 2453 3803 2534">
     <span class='ocr_line' id='line_1_55' title="bbox 2162 2453 3803 2534; baseline 0.003 -16"><span class='ocrx_word' id='word_1_326' title='bbox 2162 2463 2298 2518; x_wconf 91' lang='lat' dir='ltr'><strong>G....</strong></span> <span class='ocrx_word' id='word_1_327' title='bbox 2350 2461 2654 2523; x_wconf 87' lang='lat' dir='ltr'><strong>ecclesiam</strong></span> <span class='ocrx_word' id='word_1_328' title='bbox 2699 2461 3007 2534; x_wconf 88' lang='lat' dir='ltr'><strong>episcopus</strong></span> <span class='ocrx_word' id='word_1_329' title='bbox 3055 2461 3274 2520; x_wconf 88' lang='lat' dir='ltr'><strong>electus</strong></span> <span class='ocrx_word' id='word_1_330' title='bbox 3323 2453 3380 2519; x_wconf 85' lang='lat' dir='ltr'><strong>et</strong></span> <span class='ocrx_word' id='word_1_331' title='bbox 3429 2458 3803 2534; x_wconf 75' lang='lat' dir='ltr'><strong>consecratus</strong></span> 
     </span>
    </p>
   </div>
   <div class='ocr_carea' id='block_1_54' title="bbox 2162 2542 3801 2623">
    <p class='ocr_par' dir='ltr' id='par_1_54' title="bbox 2162 2542 3801 2623">
     <span class='ocr_line' id='line_1_56' title="bbox 2162 2542 3801 2623; baseline 0.002 -17"><span class='ocrx_word' id='word_1_332' title='bbox 2162 2554 2267 2606; x_wconf 87' lang='lat' dir='ltr'><strong>est.</strong></span> <span class='ocrx_word' id='word_1_333' title='bbox 2283 2550 2645 2607; x_wconf 89' lang='lat' dir='ltr'><strong>Tricastinus</strong></span> <span class='ocrx_word' id='word_1_334' title='bbox 2676 2566 2812 2621; x_wconf 90' lang='lat' dir='ltr'><strong>ergo</strong></span> <span class='ocrx_word' id='word_1_335' title='bbox 2843 2550 3152 2622; x_wconf 88' lang='lat' dir='ltr'><strong>episcopus</strong></span> <span class='ocrx_word' id='word_1_336' title='bbox 3182 2549 3425 2607; x_wconf 88' lang='lat' dir='ltr'><strong>Pontius</strong></span> <span class='ocrx_word' id='word_1_337' title='bbox 3453 2542 3801 2623; x_wconf 75' lang='lat' dir='ltr'><strong>Arausicen-</strong></span> 
     </span>
    </p>
   </div>
   <div class='ocr_carea' id='block_1_55' title="bbox 2162 2632 3804 2714">
    <p class='ocr_par' dir='ltr' id='par_1_55' title="bbox 2162 2632 3804 2714">
     <span class='ocr_line' id='line_1_57' title="bbox 2162 2632 3804 2714; baseline 0.002 -19"><span class='ocrx_word' id='word_1_338' title='bbox 2162 2656 2283 2695; x_wconf 91' lang='lat' dir='ltr'><strong>sem</strong></span> <span class='ocrx_word' id='word_1_339' title='bbox 2316 2636 2632 2714; x_wconf 15' lang='lat' dir='ltr'><strong>ecclesiam,</strong></span> <span class='ocrx_word' id='word_1_340' title='bbox 2654 2653 2922 2694; x_wconf 89' lang='lat' dir='ltr'><strong>asserens</strong></span> <span class='ocrx_word' id='word_1_341' title='bbox 2953 2655 3056 2712; x_wconf 91' lang='lat' dir='ltr'><strong>per</strong></span> <span class='ocrx_word' id='word_1_342' title='bbox 3108 2638 3325 2696; x_wconf 91' lang='lat' dir='ltr'><strong>multos</strong></span> <span class='ocrx_word' id='word_1_343' title='bbox 3372 2632 3638 2714; x_wconf 75' lang='lat' dir='ltr'><strong>annosa</strong></span> <span class='ocrx_word' id='word_1_344' title='bbox 3682 2644 3804 2700; x_wconf 87' lang='lat' dir='ltr'><strong>suis</strong></span> 
     </span>
    </p>
   </div>
   <div class='ocr_carea' id='block_1_56' title="bbox 2160 2721 3803 2802">
    <p class='ocr_par' dir='ltr' id='par_1_56' title="bbox 2160 2721 3803 2802">
     <span class='ocr_line' id='line_1_58' title="bbox 2160 2721 3803 2802; baseline 0.003 -18"><span class='ocrx_word' id='word_1_345' title='bbox 2160 2728 2686 2801; x_wconf 77' lang='lat' dir='ltr'><strong>praedecessoribus</strong></span> <span class='ocrx_word' id='word_1_346' title='bbox 2717 2727 2898 2786; x_wconf 83' lang='lat' dir='ltr'><strong>fuisse</strong></span> <span class='ocrx_word' id='word_1_347' title='bbox 2931 2744 3289 2799; x_wconf 87' lang='lat' dir='ltr'><strong>possessam,</strong></span> <span class='ocrx_word' id='word_1_348' title='bbox 3319 2721 3620 2802; x_wconf 76' lang='lat' dir='ltr'><strong>querelam</strong></span> <span class='ocrx_word' id='word_1_349' title='bbox 3654 2727 3803 2789; x_wconf 86' lang='lat' dir='ltr'><strong>hanc</strong></span> 
     </span>
    </p>
   </div>
   <div class='ocr_carea' id='block_1_57' title="bbox 2161 2813 3806 2887">
    <p class='ocr_par' dir='ltr' id='par_1_57' title="bbox 2161 2813 3806 2887">
     <span class='ocr_line' id='line_1_59' title="bbox 2161 2813 3806 2887; baseline 0.004 -15"><span class='ocrx_word' id='word_1_350' title='bbox 2161 2833 2293 2872; x_wconf 90' lang='lat' dir='ltr'><strong>cum</strong></span> <span class='ocrx_word' id='word_1_351' title='bbox 2327 2816 2396 2871; x_wconf 90' lang='lat' dir='ltr'><strong>ad</strong></span> <span class='ocrx_word' id='word_1_352' title='bbox 2431 2820 2662 2870; x_wconf 89' lang='lat' dir='ltr'><strong>nostras</strong></span> <span class='ocrx_word' id='word_1_353' title='bbox 2685 2831 2855 2871; x_wconf 90' lang='lat' dir='ltr'><strong>aures</strong></span> <span class='ocrx_word' id='word_1_354' title='bbox 2873 2831 2976 2887; x_wconf 91' lang='lat' dir='ltr'><strong>pro</strong></span> <span class='ocrx_word' id='word_1_355' title='bbox 3009 2815 3212 2872; x_wconf 88' lang='lat' dir='ltr'><strong>multis</strong></span> <span class='ocrx_word' id='word_1_356' title='bbox 3239 2813 3504 2874; x_wconf 76' lang='lat' dir='ltr'><strong>EcClesiae</strong></span> <span class='ocrx_word' id='word_1_357' title='bbox 3531 2819 3806 2878; x_wconf 68' lang='lat' dir='ltr'><strong>Romanae</strong></span> 
     </span>
    </p>
   </div>
   <div class='ocr_carea' id='block_1_58' title="bbox 2161 2895 3805 2982">
    <p class='ocr_par' dir='ltr' id='par_1_58' title="bbox 2161 2895 3805 2982">
     <span class='ocr_line' id='line_1_60' title="bbox 2161 2895 3805 2982; baseline 0.002 -21"><span class='ocrx_word' id='word_1_358' title='bbox 2161 2904 2666 2977; x_wconf 89' lang='lat' dir='ltr'><strong>persecutionibus</strong></span> <span class='ocrx_word' id='word_1_359' title='bbox 2717 2905 2974 2976; x_wconf 88' lang='lat' dir='ltr'><strong>proferre</strong></span> <span class='ocrx_word' id='word_1_360' title='bbox 3019 2921 3135 2960; x_wconf 91' lang='lat' dir='ltr'><strong>non</strong></span> <span class='ocrx_word' id='word_1_361' title='bbox 3176 2895 3402 2977; x_wconf 79' lang='lat' dir='ltr'><strong>posset</strong></span> <span class='ocrx_word' id='word_1_362' title='bbox 3430 2906 3489 2962; x_wconf 91' lang='lat' dir='ltr'><strong>in</strong></span> <span class='ocrx_word' id='word_1_363' title='bbox 3534 2903 3805 2982; x_wconf 84' lang='lat' dir='ltr'><strong>pluribus</strong></span> 
     </span>
    </p>
   </div>
   <div class='ocr_carea' id='block_1_59' title="bbox 2161 2983 3809 3066">
    <p class='ocr_par' dir='ltr' id='par_1_59' title="bbox 2161 2983 3809 3066">
     <span class='ocr_line' id='line_1_61' title="bbox 2161 2983 3809 3066; baseline 0.002 -16"><span class='ocrx_word' id='word_1_364' title='bbox 2161 2992 2566 3066; x_wconf 87' lang='lat' dir='ltr'><strong>Transalpinis</strong></span> <span class='ocrx_word' id='word_1_365' title='bbox 2596 2992 2856 3048; x_wconf 89' lang='lat' dir='ltr'><strong>conciliis</strong></span> <span class='ocrx_word' id='word_1_366' title='bbox 2885 2994 3092 3064; x_wconf 85' lang='lat' dir='ltr'><strong>exponi</strong></span> <span class='ocrx_word' id='word_1_367' title='bbox 3123 2983 3809 3066; x_wconf 82' lang='lat' dir='ltr'><strong>procuravit.Novissime</strong></span> 
     </span>
    </p>
   </div>
   <div class='ocr_carea' id='block_1_60' title="bbox 2160 3075 3806 3160">
    <p class='ocr_par' dir='ltr' id='par_1_60' title="bbox 2160 3075 3806 3160">
     <span class='ocr_line' id='line_1_62' title="bbox 2160 3075 3806 3160; baseline 0.003 -21"><span class='ocrx_word' id='word_1_368' title='bbox 2160 3099 2294 3139; x_wconf 90' lang='lat' dir='ltr'><strong>cum</strong></span> <span class='ocrx_word' id='word_1_369' title='bbox 2327 3082 2398 3138; x_wconf 92' lang='lat' dir='ltr'><strong>ad</strong></span> <span class='ocrx_word' id='word_1_370' title='bbox 2430 3085 2692 3137; x_wconf 87' lang='lat' dir='ltr'><strong>nostram</strong></span> <span class='ocrx_word' id='word_1_371' title='bbox 2726 3081 2991 3138; x_wconf 85' lang='lat' dir='ltr'><strong>notitiam</strong></span> <span class='ocrx_word' id='word_1_372' title='bbox 3023 3075 3400 3156; x_wconf 88' lang='lat' dir='ltr'><strong>pervenisset,</strong></span> <span class='ocrx_word' id='word_1_373' title='bbox 3434 3102 3806 3160; x_wconf 86' lang='lat' dir='ltr'><strong>nosquoque</strong></span> 
     </span>
    </p>
   </div>
   <div class='ocr_carea' id='block_1_61' title="bbox 2159 3167 3806 3242">
    <p class='ocr_par' dir='ltr' id='par_1_61' title="bbox 2159 3167 3806 3242">
     <span class='ocr_line' id='line_1_63' title="bbox 2159 3167 3806 3242; baseline 0.002 -15"><span class='ocrx_word' id='word_1_374' title='bbox 2159 3187 2288 3228; x_wconf 90' lang='lat' dir='ltr'><strong>eam</strong></span> <span class='ocrx_word' id='word_1_375' title='bbox 2348 3171 2419 3225; x_wconf 90' lang='lat' dir='ltr'><strong>ad</strong></span> <span class='ocrx_word' id='word_1_376' title='bbox 2470 3169 2696 3225; x_wconf 89' lang='lat' dir='ltr'><strong>concilii</strong></span> <span class='ocrx_word' id='word_1_377' title='bbox 2747 3171 3030 3242; x_wconf 50' lang='lat' dir='ltr'><strong>proxime,</strong></span> <span class='ocrx_word' id='word_1_378' title='bbox 3066 3171 3395 3239; x_wconf 86' lang='lat' dir='ltr'><strong>celebrandi</strong></span> <span class='ocrx_word' id='word_1_379' title='bbox 3441 3167 3806 3231; x_wconf 83' lang='lat' dir='ltr'><strong>audientiam</strong></span> 
     </span>
    </p>
   </div>
   <div class='ocr_carea' id='block_1_62' title="bbox 2159 3257 3807 3331">
    <p class='ocr_par' dir='ltr' id='par_1_62' title="bbox 2159 3257 3807 3331">
     <span class='ocr_line' id='line_1_64' title="bbox 2159 3257 3807 3331; baseline 0.004 -18"><span class='ocrx_word' id='word_1_380' title='bbox 2159 3258 2376 3315; x_wconf 72' lang='lat' dir='ltr'><strong>differri</strong></span> <span class='ocrx_word' id='word_1_381' title='bbox 2405 3257 3386 3331; x_wconf 63' lang='lat' dir='ltr'><strong>praecepimuslnterimvenerabili</strong></span> <span class='ocrx_word' id='word_1_382' title='bbox 3408 3260 3567 3317; x_wconf 86' lang='lat' dir='ltr'><strong>fratri</strong></span> <span class='ocrx_word' id='word_1_383' title='bbox 3603 3265 3807 3320; x_wconf 93' lang='lat' dir='ltr'><strong>nostro</strong></span> 
     </span>
    </p>
   </div>
   <div class='ocr_carea' id='block_1_63' title="bbox 361 3323 3806 3422">
    <p class='ocr_par' dir='ltr' id='par_1_63' title="bbox 361 3323 3806 3422">
     <span class='ocr_line' id='line_1_65' title="bbox 361 3323 3806 3422; baseline 0.001 -17"><span class='ocrx_word' id='word_1_384' title='bbox 361 3323 998 3413; x_wconf 43' lang='lat' dir='ltr'><strong>.iaubjeotisecclesiis.</strong></span> <span class='ocrx_word' id='word_1_385' title='bbox 1032 3343 1347 3402; x_wconf 88' lang='lat' dir='ltr'><strong>Ecclesiam</strong></span> <span class='ocrx_word' id='word_1_386' title='bbox 1386 3345 1606 3401; x_wconf 79' lang='lat' dir='ltr'><strong>Sanctae</strong></span> <span class='ocrx_word' id='word_1_387' title='bbox 1638 3345 1947 3415; x_wconf 66' lang='lat' dir='ltr'><strong>Catellinaa,</strong></span> <span class='ocrx_word' id='word_1_388' title='bbox 1983 3349 2042 3405; x_wconf 90' lang='lat' dir='ltr'><strong>in</strong></span> <span class='ocrx_word' id='word_1_389' title='bbox 2078 3323 2120 3390; x_wconf 60' lang='grc' dir='ltr'><strong>(ἶ</strong></span> <span class='ocrx_word' id='word_1_390' title='bbox 2157 3323 2469 3406; x_wconf 77' lang='lat' dir='ltr'><strong>Guillelmo</strong></span> <span class='ocrx_word' id='word_1_391' title='bbox 2495 3323 2860 3402; x_wconf 70' lang='lat' dir='ltr'><strong>Arausicensi</strong></span> <span class='ocrx_word' id='word_1_392' title='bbox 2883 3323 3163 3420; x_wconf 81' lang='lat' dir='ltr'><strong>episcopo</strong></span> <span class='ocrx_word' id='word_1_393' title='bbox 3213 3347 3543 3421; x_wconf 83' lang='lat' dir='ltr'><strong>signiﬁcare</strong></span> <span class='ocrx_word' id='word_1_394' title='bbox 3573 3352 3806 3407; x_wconf 88' lang='lat' dir='ltr'><strong>curavi-</strong></span> 
     </span>
    </p>
   </div>
   <div class='ocr_carea' id='block_1_64' title="bbox 359 3430 2048 3512">
    <p class='ocr_par' dir='ltr' id='par_1_64' title="bbox 359 3430 2048 3512">
     <span class='ocr_line' id='line_1_66' title="bbox 359 3430 2048 3512; baseline 0.004 -24"><span class='ocrx_word' id='word_1_395' title='bbox 359 3462 365 3467; x_wconf 91' lang='lat'><strong><em>-</em></strong></span> <span class='ocrx_word' id='word_1_396' title='bbox 407 3430 1157 3503; x_wconf 74' lang='lat' dir='ltr'><strong>Semellia;-monasterium</strong></span> <span class='ocrx_word' id='word_1_397' title='bbox 1191 3449 1422 3512; x_wconf 83' lang='lat' dir='ltr'><strong>quoque</strong></span> <span class='ocrx_word' id='word_1_398' title='bbox 1448 3433 1643 3489; x_wconf 88' lang='lat' dir='ltr'><strong>Sancti</strong></span> <span class='ocrx_word' id='word_1_399' title='bbox 1670 3435 1969 3494; x_wconf 88' lang='lat' dir='ltr'><strong>Saturnini</strong></span> <span class='ocrx_word' id='word_1_400' title='bbox 1990 3442 2048 3494; x_wconf 92' lang='lat' dir='ltr'><strong>et</strong></span> 
     </span>
    </p>
   </div>
   <div class='ocr_carea' id='block_1_65' title="bbox 384 3519 2044 3594">
    <p class='ocr_par' dir='ltr' id='par_1_65' title="bbox 384 3519 2044 3594">
     <span class='ocr_line' id='line_1_67' title="bbox 384 3519 2044 3594; baseline 0.002 -16"><span class='ocrx_word' id='word_1_401' title='bbox 384 3521 602 3578; x_wconf 74' lang='lat' dir='ltr'><strong>-Sancti</strong></span> <span class='ocrx_word' id='word_1_402' title='bbox 634 3522 902 3579; x_wconf 80' lang='lat' dir='ltr'><strong>Antiochi</strong></span> <span class='ocrx_word' id='word_1_403' title='bbox 933 3540 968 3576; x_wconf 89' lang='lat' dir='ltr'><strong>a</strong></span> <span class='ocrx_word' id='word_1_404' title='bbox 995 3519 1321 3578; x_wconf 87' lang='lat' dir='ltr'><strong>Caralitano</strong></span> <span class='ocrx_word' id='word_1_405' title='bbox 1370 3522 1645 3594; x_wconf 86' lang='lat' dir='ltr'><strong>episcopo</strong></span> <span class='ocrx_word' id='word_1_406' title='bbox 1674 3524 2044 3586; x_wconf 81' lang='lat' dir='ltr'><strong>vobistradi-</strong></span> 
     </span>
    </p>
   </div>
   <div class='ocr_carea' id='block_1_66' title="bbox 355 3609 2046 3684">
    <p class='ocr_par' dir='ltr' id='par_1_66' title="bbox 355 3609 2046 3684">
     <span class='ocr_line' id='line_1_68' title="bbox 355 3609 2046 3684; baseline 0.004 -21"><span class='ocrx_word' id='word_1_407' title='bbox 355 3611 539 3672; x_wconf 42' lang='lat' dir='ltr'><strong>wtum-</strong></span> <span class='ocrx_word' id='word_1_408' title='bbox 563 3609 622 3664; x_wconf 90' lang='lat' dir='ltr'><strong>in</strong></span> <span class='ocrx_word' id='word_1_409' title='bbox 673 3617 1020 3684; x_wconf 85' lang='lat' dir='ltr'><strong>perpetuum</strong></span> <span class='ocrx_word' id='word_1_410' title='bbox 1067 3612 1256 3666; x_wconf 89' lang='lat' dir='ltr'><strong>vestro</strong></span> <span class='ocrx_word' id='word_1_411' title='bbox 1298 3610 1556 3666; x_wconf 80' lang='lat' dir='ltr'><strong>ccenobio</strong></span> <span class='ocrx_word' id='word_1_412' title='bbox 1605 3612 1931 3680; x_wconf 78' lang='lat' dir='ltr'><strong>firmamus,</strong></span> <span class='ocrx_word' id='word_1_413' title='bbox 1965 3615 2046 3670; x_wconf 92' lang='lat' dir='ltr'><strong>ita</strong></span> 
     </span>
    </p>
   </div>
   <div class='ocr_carea' id='block_1_67' title="bbox 375 3694 2044 3770">
    <p class='ocr_par' dir='ltr' id='par_1_67' title="bbox 375 3694 2044 3770">
     <span class='ocr_line' id='line_1_69' title="bbox 375 3694 2044 3770; baseline 0.004 -19"><span class='ocrx_word' id='word_1_414' title='bbox 375 3694 671 3764; x_wconf 68' lang='lat' dir='ltr'><strong>videlicet</strong></span> <span class='ocrx_word' id='word_1_415' title='bbox 702 3703 768 3754; x_wconf 90' lang='lat' dir='ltr'><strong>ut</strong></span> <span class='ocrx_word' id='word_1_416' title='bbox 811 3716 913 3770; x_wconf 92' lang='lat' dir='ltr'><strong>pro</strong></span> <span class='ocrx_word' id='word_1_417' title='bbox 969 3699 1198 3753; x_wconf 84' lang='lat' dir='ltr'><strong>decreto</strong></span> <span class='ocrx_word' id='word_1_418' title='bbox 1231 3699 1393 3770; x_wconf 91' lang='lat' dir='ltr'><strong>.quod</strong></span> <span class='ocrx_word' id='word_1_419' title='bbox 1425 3715 1460 3754; x_wconf 89' lang='lat' dir='ltr'><strong>a</strong></span> <span class='ocrx_word' id='word_1_420' title='bbox 1481 3699 1658 3755; x_wconf 86' lang='lat' dir='ltr'><strong>nobis</strong></span> <span class='ocrx_word' id='word_1_421' title='bbox 1695 3701 2044 3758; x_wconf 88' lang='lat' dir='ltr'><strong>venerabilis</strong></span> 
     </span>
    </p>
   </div>
   <div class='ocr_carea' id='block_1_68' title="bbox 397 3786 2046 3862">
    <p class='ocr_par' dir='ltr' id='par_1_68' title="bbox 397 3786 2046 3862">
     <span class='ocr_line' id='line_1_70' title="bbox 397 3786 2046 3862; baseline 0.002 -18"><span class='ocrx_word' id='word_1_422' title='bbox 397 3786 565 3844; x_wconf 69' lang='lat' dir='ltr'><strong>idem</strong></span> <span class='ocrx_word' id='word_1_423' title='bbox 588 3789 765 3844; x_wconf 79' lang='lat' dir='ltr'><strong>frater</strong></span> <span class='ocrx_word' id='word_1_424' title='bbox 793 3793 992 3844; x_wconf 87' lang='lat' dir='ltr'><strong>noster</strong></span> <span class='ocrx_word' id='word_1_425' title='bbox 1019 3791 1079 3842; x_wconf 91' lang='lat' dir='ltr'><strong>et</strong></span> <span class='ocrx_word' id='word_1_426' title='bbox 1113 3788 1493 3861; x_wconf 87' lang='lat' dir='ltr'><strong>coepiscopus</strong></span> <span class='ocrx_word' id='word_1_427' title='bbox 1531 3790 1695 3862; x_wconf 82' lang='lat' dir='ltr'><strong>Hugo</strong></span> <span class='ocrx_word' id='word_1_428' title='bbox 1723 3792 2046 3862; x_wconf 86' lang='lat' dir='ltr'><strong>promeruit</strong></span> 
     </span>
    </p>
   </div>
   <div class='ocr_carea' id='block_1_69' title="bbox 389 3876 2044 3951">
    <p class='ocr_par' dir='ltr' id='par_1_69' title="bbox 389 3876 2044 3951">
     <span class='ocr_line' id='line_1_71' title="bbox 389 3876 2044 3951; baseline 0.001 -17"><span class='ocrx_word' id='word_1_429' title='bbox 389 3876 960 3951; x_wconf 64' lang='lat' dir='ltr'><strong>supraepiscopalis</strong></span> <span class='ocrx_word' id='word_1_430' title='bbox 991 3876 1330 3934; x_wconf 84' lang='lat' dir='ltr'><strong>obedientias</strong></span> <span class='ocrx_word' id='word_1_431' title='bbox 1361 3879 1466 3950; x_wconf 89' lang='lat' dir='ltr'><strong>jus</strong></span> <span class='ocrx_word' id='word_1_432' title='bbox 1515 3877 1660 3934; x_wconf 90' lang='lat' dir='ltr'><strong>nihil</strong></span> <span class='ocrx_word' id='word_1_433' title='bbox 1707 3879 1819 3935; x_wconf 89' lang='lat' dir='ltr'><strong>sibi</strong></span> <span class='ocrx_word' id='word_1_434' title='bbox 1867 3879 1926 3935; x_wconf 90' lang='lat' dir='ltr'><strong>in</strong></span> <span class='ocrx_word' id='word_1_435' title='bbox 1959 3881 2044 3938; x_wconf 89' lang='lat' dir='ltr'><strong>eis</strong></span> 
     </span>
    </p>
   </div>
   <div class='ocr_carea' id='block_1_70' title="bbox 379 3964 2044 4043">
    <p class='ocr_par' dir='ltr' id='par_1_70' title="bbox 379 3964 2044 4043">
     <span class='ocr_line' id='line_1_72' title="bbox 379 3964 2044 4043; baseline 0.003 -23"><span class='ocrx_word' id='word_1_436' title='bbox 379 3964 708 4029; x_wconf 63' lang='lat' dir='ltr'><strong>:Catalitani</strong></span> <span class='ocrx_word' id='word_1_437' title='bbox 757 3965 1015 4038; x_wconf 89' lang='lat' dir='ltr'><strong>episcopi</strong></span> <span class='ocrx_word' id='word_1_438' title='bbox 1073 3965 1324 4021; x_wconf 86' lang='lat' dir='ltr'><strong>debeant</strong></span> <span class='ocrx_word' id='word_1_439' title='bbox 1378 3966 1690 4022; x_wconf 90' lang='lat' dir='ltr'><strong>vindicare.</strong></span> <span class='ocrx_word' id='word_1_440' title='bbox 1746 3967 2044 4043; x_wconf 90' lang='lat' dir='ltr'><strong>Episcopis</strong></span> 
     </span>
    </p>
   </div>
   <div class='ocr_carea' id='block_1_71' title="bbox 371 4050 2042 4134">
    <p class='ocr_par' dir='ltr' id='par_1_71' title="bbox 371 4050 2042 4134">
     <span class='ocr_line' id='line_1_73' title="bbox 371 4050 2042 4134; baseline 0.002 -24"><span class='ocrx_word' id='word_1_441' title='bbox 371 4058 596 4118; x_wconf 25' lang='lat' dir='ltr'><strong>cautem</strong></span> <span class='ocrx_word' id='word_1_442' title='bbox 643 4053 1012 4110; x_wconf 85' lang='lat' dir='ltr'><strong>interdictam</strong></span> <span class='ocrx_word' id='word_1_443' title='bbox 1045 4050 1336 4120; x_wconf 84' lang='lat' dir='ltr'><strong>volumus,</strong></span> <span class='ocrx_word' id='word_1_444' title='bbox 1362 4070 1439 4114; x_wconf 53' lang='lat' dir='ltr'><strong>,ne</strong></span> <span class='ocrx_word' id='word_1_445' title='bbox 1482 4054 2042 4134; x_wconf 77' lang='lat' dir='ltr'><strong>inconsultisvobis</strong></span> 
     </span>
    </p>
   </div>
   <div class='ocr_carea' id='block_1_72' title="bbox 340 4140 2040 4222">
    <p class='ocr_par' dir='ltr' id='par_1_72' title="bbox 340 4140 2040 4222">
     <span class='ocr_line' id='line_1_74' title="bbox 340 4140 2040 4222; baseline 0.002 -22"><span class='ocrx_word' id='word_1_446' title='bbox 340 4149 503 4207; x_wconf 84' lang='lat' dir='ltr'><strong>&#39;.aut</strong></span> <span class='ocrx_word' id='word_1_447' title='bbox 549 4144 810 4202; x_wconf 85' lang='lat' dir='ltr'><strong>locorum</strong></span> <span class='ocrx_word' id='word_1_448' title='bbox 863 4140 1155 4214; x_wconf 66' lang='lat' dir='ltr'><strong>praepositi</strong></span> <span class='ocrx_word' id='word_1_449' title='bbox 1215 4141 1342 4197; x_wconf 88' lang='lat' dir='ltr'><strong>loca</strong></span> <span class='ocrx_word' id='word_1_450' title='bbox 1388 4146 1587 4210; x_wconf 87' lang='lat' dir='ltr'><strong>nostra</strong></span> <span class='ocrx_word' id='word_1_451' title='bbox 1632 4143 1719 4199; x_wconf 89' lang='lat' dir='ltr'><strong>vel</strong></span> <span class='ocrx_word' id='word_1_452' title='bbox 1768 4145 2040 4222; x_wconf 80' lang='lat' dir='ltr'><strong>ecclesias</strong></span> 
     </span>
    </p>
   </div>
   <div class='ocr_carea' id='block_1_73' title="bbox 351 4229 2040 4301">
    <p class='ocr_par' dir='ltr' id='par_1_73' title="bbox 351 4229 2040 4301">
     <span class='ocr_line' id='line_1_75' title="bbox 351 4229 2040 4301; baseline 0.003 -14"><span class='ocrx_word' id='word_1_453' title='bbox 351 4271 353 4274; x_wconf 63' lang='grc' dir='ltr'><strong><em>ι</em></strong></span> <span class='ocrx_word' id='word_1_454' title='bbox 391 4231 908 4293; x_wconf 78' lang='lat' dir='ltr'><strong>excommunicent</strong></span> <span class='ocrx_word' id='word_1_455' title='bbox 936 4234 1039 4284; x_wconf 88' lang='lat' dir='ltr'><strong>aut</strong></span> <span class='ocrx_word' id='word_1_456' title='bbox 1066 4229 1431 4301; x_wconf 87' lang='lat' dir='ltr'><strong>interdicant.</strong></span> <span class='ocrx_word' id='word_1_457' title='bbox 1464 4231 1640 4288; x_wconf 90' lang='lat' dir='ltr'><strong>Porro</strong></span> <span class='ocrx_word' id='word_1_458' title='bbox 1679 4233 1738 4287; x_wconf 93' lang='lat' dir='ltr'><strong>in</strong></span> <span class='ocrx_word' id='word_1_459' title='bbox 1781 4233 2040 4292; x_wconf 88' lang='lat' dir='ltr'><strong>ecclesiis</strong></span> 
     </span>
    </p>
   </div>
   <div class='ocr_carea' id='block_1_74' title="bbox 397 4315 2042 4394">
    <p class='ocr_par' dir='ltr' id='par_1_74' title="bbox 397 4315 2042 4394">
     <span class='ocr_line' id='line_1_76' title="bbox 397 4315 2042 4394; baseline 0.004 -20"><span class='ocrx_word' id='word_1_460' title='bbox 397 4319 726 4386; x_wconf 76' lang='lat' dir='ltr'><strong>interdictis</strong></span> <span class='ocrx_word' id='word_1_461' title='bbox 755 4318 919 4372; x_wconf 91' lang='lat' dir='ltr'><strong>vobis</strong></span> <span class='ocrx_word' id='word_1_462' title='bbox 947 4315 1673 4392; x_wconf 81' lang='lat' dir='ltr'><strong>licentiamindulgemus,</strong></span> <span class='ocrx_word' id='word_1_463' title='bbox 1705 4325 1944 4394; x_wconf 82' lang='lat' dir='ltr'><strong>cumad</strong></span> <span class='ocrx_word' id='word_1_464' title='bbox 1973 4341 2042 4388; x_wconf 87' lang='lat' dir='ltr'><strong>ea</strong></span> 
     </span>
    </p>
   </div>
   <div class='ocr_carea' id='block_1_75' title="bbox 398 4405 2033 4478">
    <p class='ocr_par' dir='ltr' id='par_1_75' title="bbox 398 4405 2033 4478">
     <span class='ocr_line' id='line_1_77' title="bbox 398 4405 2033 4478; baseline 0.004 -16"><span class='ocrx_word' id='word_1_465' title='bbox 398 4409 525 4476; x_wconf 78' lang='lat' dir='ltr'><strong>loca</strong></span> <span class='ocrx_word' id='word_1_466' title='bbox 559 4405 864 4472; x_wconf 85' lang='lat' dir='ltr'><strong>veneritis,</strong></span> <span class='ocrx_word' id='word_1_467' title='bbox 923 4422 1189 4462; x_wconf 86' lang='lat' dir='ltr'><strong>seorsum</strong></span> <span class='ocrx_word' id='word_1_468' title='bbox 1239 4407 1436 4478; x_wconf 83' lang='lat' dir='ltr'><strong>divina</strong></span> <span class='ocrx_word' id='word_1_469' title='bbox 1487 4409 1676 4466; x_wconf 79' lang='lat' dir='ltr'><strong>officio</strong></span> <span class='ocrx_word' id='word_1_470' title='bbox 1728 4411 2033 4471; x_wconf 89' lang='lat' dir='ltr'><strong>celebrare.</strong></span> 
     </span>
    </p>
   </div>
   <div class='ocr_carea' id='block_1_76' title="bbox 368 4493 2037 4575">
    <p class='ocr_par' dir='ltr' id='par_1_76' title="bbox 368 4493 2037 4575">
     <span class='ocr_line' id='line_1_78' title="bbox 368 4493 2037 4575; baseline 0.007 -29"><span class='ocrx_word' id='word_1_471' title='bbox 368 4559 370 4561; x_wconf 6' lang='lat' dir='ltr'><strong>p</strong></span> <span class='ocrx_word' id='word_1_472' title='bbox 396 4497 554 4563; x_wconf 74' lang='lat' dir='ltr'><strong>sane</strong></span> <span class='ocrx_word' id='word_1_473' title='bbox 577 4493 791 4566; x_wconf 85' lang='lat' dir='ltr'><strong>siquis</strong></span> <span class='ocrx_word' id='word_1_474' title='bbox 820 4493 881 4549; x_wconf 89' lang='lat' dir='ltr'><strong>in</strong></span> <span class='ocrx_word' id='word_1_475' title='bbox 911 4495 1240 4562; x_wconf 86' lang='lat' dir='ltr'><strong>crastinum</strong></span> <span class='ocrx_word' id='word_1_476' title='bbox 1273 4495 1748 4572; x_wconf 90' lang='lat' dir='ltr'><strong>archiepiscopus</strong></span> <span class='ocrx_word' id='word_1_477' title='bbox 1786 4506 1889 4557; x_wconf 89' lang='lat' dir='ltr'><strong>aut</strong></span> <span class='ocrx_word' id='word_1_478' title='bbox 1917 4503 2037 4575; x_wconf 88' lang='lat' dir='ltr'><strong>epi-</strong></span> 
     </span>
    </p>
   </div>
   <div class='ocr_carea' id='block_1_77' title="bbox 384 4582 2040 4660">
    <p class='ocr_par' dir='ltr' id='par_1_77' title="bbox 384 4582 2040 4660">
     <span class='ocr_line' id='line_1_79' title="bbox 384 4582 2040 4660; baseline 0.004 -20"><span class='ocrx_word' id='word_1_479' title='bbox 384 4587 693 4655; x_wconf 83' lang='lat' dir='ltr'><strong>scopatus,</strong></span> <span class='ocrx_word' id='word_1_480' title='bbox 719 4582 1037 4655; x_wconf 87' lang='lat' dir='ltr'><strong>imperator</strong></span> <span class='ocrx_word' id='word_1_481' title='bbox 1063 4588 1165 4640; x_wconf 89' lang='lat' dir='ltr'><strong>aut</strong></span> <span class='ocrx_word' id='word_1_482' title='bbox 1192 4586 1600 4660; x_wconf 83' lang='lat' dir='ltr'><strong>rex,princeps</strong></span> <span class='ocrx_word' id='word_1_483' title='bbox 1617 4593 1720 4644; x_wconf 82' lang='lat' dir='ltr'><strong>aut</strong></span> <span class='ocrx_word' id='word_1_484' title='bbox 1747 4590 2040 4658; x_wconf 87' lang='lat' dir='ltr'><strong>dux,mar-</strong></span> 
     </span>
    </p>
   </div>
   <div class='ocr_carea' id='block_1_78' title="bbox 2153 3431 3797 3520">
    <p class='ocr_par' dir='ltr' id='par_1_78' title="bbox 2153 3431 3797 3520">
     <span class='ocr_line' id='line_1_80' title="bbox 2153 3431 3797 3520; baseline 0.004 -29"><span class='ocrx_word' id='word_1_485' title='bbox 2153 3453 2285 3498; x_wconf 87' lang='lat' dir='ltr'><strong>mus</strong></span> <span class='ocrx_word' id='word_1_486' title='bbox 2316 3441 2379 3491; x_wconf 88' lang='lat' dir='ltr'><strong>ut</strong></span> <span class='ocrx_word' id='word_1_487' title='bbox 2408 3436 2476 3491; x_wconf 90' lang='lat' dir='ltr'><strong>ad</strong></span> <span class='ocrx_word' id='word_1_488' title='bbox 2511 3436 2798 3508; x_wconf 80' lang='lat' dir='ltr'><strong>synodum</strong></span> <span class='ocrx_word' id='word_1_489' title='bbox 2828 3435 3087 3503; x_wconf 90' lang='lat' dir='ltr'><strong>veniens,</strong></span> <span class='ocrx_word' id='word_1_490' title='bbox 3123 3453 3186 3491; x_wconf 90' lang='lat' dir='ltr'><strong>se</strong></span> <span class='ocrx_word' id='word_1_491' title='bbox 3235 3437 3307 3496; x_wconf 82' lang='lat' dir='ltr'><strong>ad</strong></span> <span class='ocrx_word' id='word_1_492' title='bbox 3358 3431 3797 3520; x_wconf 79' lang='lat' dir='ltr'><strong>defendendum</strong></span> 
     </span>
    </p>
   </div>
   <div class='ocr_carea' id='block_1_79' title="bbox 2153 3517 3803 3603">
    <p class='ocr_par' dir='ltr' id='par_1_79' title="bbox 2153 3517 3803 3603">
     <span class='ocr_line' id='line_1_81' title="bbox 2153 3517 3803 3603; baseline 0.003 -23"><span class='ocrx_word' id='word_1_493' title='bbox 2153 3523 2492 3595; x_wconf 84' lang='lat' dir='ltr'><strong>hujusmodi</strong></span> <span class='ocrx_word' id='word_1_494' title='bbox 2526 3523 2820 3598; x_wconf 85' lang='lat' dir='ltr'><strong>negotium</strong></span> <span class='ocrx_word' id='word_1_495' title='bbox 2853 3525 3370 3596; x_wconf 62' lang='lat' dir='ltr'><strong>praepararetﬂum</strong></span> <span class='ocrx_word' id='word_1_496' title='bbox 3393 3517 3803 3603; x_wconf 75' lang='lat' dir='ltr'><strong>autemvenis-</strong></span> 
     </span>
    </p>
   </div>
   <div class='ocr_carea' id='block_1_80' title="bbox 2155 3603 3804 3686">
    <p class='ocr_par' dir='ltr' id='par_1_80' title="bbox 2155 3603 3804 3686">
     <span class='ocr_line' id='line_1_82' title="bbox 2155 3603 3804 3686; baseline 0.002 -16"><span class='ocrx_word' id='word_1_497' title='bbox 2155 3617 2260 3681; x_wconf 89' lang='lat' dir='ltr'><strong>set,</strong></span> <span class='ocrx_word' id='word_1_498' title='bbox 2295 3611 2421 3685; x_wconf 88' lang='lat' dir='ltr'><strong>ipse</strong></span> <span class='ocrx_word' id='word_1_499' title='bbox 2451 3611 2688 3684; x_wconf 89' lang='lat' dir='ltr'><strong>quidem</strong></span> <span class='ocrx_word' id='word_1_500' title='bbox 2721 3611 3022 3668; x_wconf 76' lang='lat' dir='ltr'><strong>divisionis</strong></span> <span class='ocrx_word' id='word_1_501' title='bbox 3055 3612 3224 3666; x_wconf 88' lang='lat' dir='ltr'><strong>istius</strong></span> <span class='ocrx_word' id='word_1_502' title='bbox 3255 3603 3572 3684; x_wconf 77' lang='lat' dir='ltr'><strong>canonicas</strong></span> <span class='ocrx_word' id='word_1_503' title='bbox 3587 3632 3804 3686; x_wconf 87' lang='lat' dir='ltr'><strong>causas</strong></span> 
     </span>
    </p>
   </div>
   <div class='ocr_carea' id='block_1_81' title="bbox 2153 3691 3804 3780">
    <p class='ocr_par' dir='ltr' id='par_1_81' title="bbox 2153 3691 3804 3780">
     <span class='ocr_line' id='line_1_83' title="bbox 2153 3691 3804 3780; baseline 0.002 -24"><span class='ocrx_word' id='word_1_504' title='bbox 2153 3701 2407 3776; x_wconf 83' lang='lat' dir='ltr'><strong>proferre</strong></span> <span class='ocrx_word' id='word_1_505' title='bbox 2437 3716 2553 3754; x_wconf 91' lang='lat' dir='ltr'><strong>non</strong></span> <span class='ocrx_word' id='word_1_506' title='bbox 2585 3699 2796 3772; x_wconf 88' lang='lat' dir='ltr'><strong>potuit.</strong></span> <span class='ocrx_word' id='word_1_507' title='bbox 2829 3699 3167 3756; x_wconf 90' lang='lat' dir='ltr'><strong>Tricasinus</strong></span> <span class='ocrx_word' id='word_1_508' title='bbox 3215 3718 3348 3773; x_wconf 91' lang='lat' dir='ltr'><strong>vero</strong></span> <span class='ocrx_word' id='word_1_509' title='bbox 3396 3691 3528 3774; x_wconf 87' lang='lat' dir='ltr'><strong>post</strong></span> <span class='ocrx_word' id='word_1_510' title='bbox 3567 3695 3804 3780; x_wconf 81' lang='lat' dir='ltr'><strong>diutur-</strong></span> 
     </span>
    </p>
   </div>
   <div class='ocr_carea' id='block_1_82' title="bbox 2153 3788 3805 3865">
    <p class='ocr_par' dir='ltr' id='par_1_82' title="bbox 2153 3788 3805 3865">
     <span class='ocr_line' id='line_1_84' title="bbox 2153 3788 3805 3865; baseline 0.002 -18"><span class='ocrx_word' id='word_1_511' title='bbox 2153 3807 2288 3847; x_wconf 91' lang='lat' dir='ltr'><strong>nam</strong></span> <span class='ocrx_word' id='word_1_512' title='bbox 2319 3794 2376 3844; x_wconf 89' lang='lat' dir='ltr'><strong>et</strong></span> <span class='ocrx_word' id='word_1_513' title='bbox 2406 3788 2718 3861; x_wconf 87' lang='lat' dir='ltr'><strong>plusquam</strong></span> <span class='ocrx_word' id='word_1_514' title='bbox 2751 3789 3144 3846; x_wconf 88' lang='lat' dir='ltr'><strong>centenariam</strong></span> <span class='ocrx_word' id='word_1_515' title='bbox 3174 3790 3608 3865; x_wconf 81' lang='lat' dir='ltr'><strong>possessionem</strong></span> <span class='ocrx_word' id='word_1_516' title='bbox 3629 3809 3805 3850; x_wconf 84' lang='lat' dir='ltr'><strong>vene-</strong></span> 
     </span>
    </p>
   </div>
   <div class='ocr_carea' id='block_1_83' title="bbox 2135 3867 3803 3960">
    <p class='ocr_par' dir='ltr' id='par_1_83' title="bbox 2135 3867 3803 3960">
     <span class='ocr_line' id='line_1_85' title="bbox 2135 3867 3803 3960; baseline 0.001 -24"><span class='ocrx_word' id='word_1_517' title='bbox 2135 3877 2423 3936; x_wconf 31' lang='lat' dir='ltr'><strong>.rabilium</strong></span> <span class='ocrx_word' id='word_1_518' title='bbox 2472 3877 2814 3950; x_wconf 80' lang='lat' dir='ltr'><strong>pontificum</strong></span> <span class='ocrx_word' id='word_1_519' title='bbox 2865 3869 3376 3960; x_wconf 27' lang='lat' dir='ltr'><strong>Romanorum,let</strong></span> <span class='ocrx_word' id='word_1_520' title='bbox 3419 3867 3707 3954; x_wconf 72' lang='lat' dir='ltr'><strong>Gregorii,</strong></span> <span class='ocrx_word' id='word_1_521' title='bbox 3741 3886 3803 3954; x_wconf 80' lang='lat' dir='ltr'><strong>et</strong></span> 
     </span>
    </p>
   </div>
   <div class='ocr_carea' id='block_1_84' title="bbox 2148 3961 3803 4044">
    <p class='ocr_par' dir='ltr' id='par_1_84' title="bbox 2148 3961 3803 4044">
     <span class='ocr_line' id='line_1_86' title="bbox 2148 3961 3803 4044; baseline 0.003 -22"><span class='ocrx_word' id='word_1_522' title='bbox 2148 3964 2457 4026; x_wconf 77' lang='lat' dir='ltr'><strong>Alexandri</strong></span> <span class='ocrx_word' id='word_1_523' title='bbox 2502 3963 2841 4038; x_wconf 85' lang='lat' dir='ltr'><strong>privilegiis,</strong></span> <span class='ocrx_word' id='word_1_524' title='bbox 2875 3983 3061 4022; x_wconf 81' lang='lat' dir='ltr'><strong>causae</strong></span> <span class='ocrx_word' id='word_1_525' title='bbox 3105 3984 3225 4038; x_wconf 67' lang='lat' dir='ltr'><strong>suae</strong></span> <span class='ocrx_word' id='word_1_526' title='bbox 3267 3971 3461 4040; x_wconf 86' lang='lat' dir='ltr'><strong>partes</strong></span> <span class='ocrx_word' id='word_1_527' title='bbox 3492 3961 3803 4044; x_wconf 70' lang='lat' dir='ltr'><strong>tuebatur.</strong></span> 
     </span>
    </p>
   </div>
   <div class='ocr_carea' id='block_1_85' title="bbox 2105 4047 3804 4130">
    <p class='ocr_par' dir='ltr' id='par_1_85' title="bbox 2105 4047 3804 4130">
     <span class='ocr_line' id='line_1_87' title="bbox 2105 4047 3804 4130; baseline 0 -16"><span class='ocrx_word' id='word_1_528' title='bbox 2105 4124 2108 4126; x_wconf 22' lang='grc' dir='ltr'><em>τ</em></span> <span class='ocrx_word' id='word_1_529' title='bbox 2151 4058 2340 4125; x_wconf 79' lang='lat' dir='ltr'><strong>Quare</strong></span> <span class='ocrx_word' id='word_1_530' title='bbox 2385 4054 2591 4130; x_wconf 17' lang='lat' dir='ltr'><strong>nos‘de</strong></span> <span class='ocrx_word' id='word_1_531' title='bbox 2623 4053 2883 4128; x_wconf 87' lang='lat' dir='ltr'><strong>Gregorii</strong></span> <span class='ocrx_word' id='word_1_532' title='bbox 2923 4055 3172 4123; x_wconf 89' lang='lat' dir='ltr'><strong>decreto,</strong></span> <span class='ocrx_word' id='word_1_533' title='bbox 3220 4073 3335 4128; x_wconf 91' lang='lat' dir='ltr'><strong>quo</strong></span> <span class='ocrx_word' id='word_1_534' title='bbox 3379 4058 3458 4126; x_wconf 84' lang='lat' dir='ltr'><strong>ab</strong></span> <span class='ocrx_word' id='word_1_535' title='bbox 3485 4047 3641 4130; x_wconf 55' lang='grc' dir='ltr'><strong>’ξιτεδ</strong></span> <span class='ocrx_word' id='word_1_536' title='bbox 3670 4047 3804 4115; x_wconf 65' lang='lat' dir='ltr'><strong>fuit</strong></span> 
     </span>
    </p>
   </div>
   <div class='ocr_carea' id='block_1_86' title="bbox 2135 4141 3808 4220">
    <p class='ocr_par' dir='ltr' id='par_1_86' title="bbox 2135 4141 3808 4220">
     <span class='ocr_line' id='line_1_88' title="bbox 2135 4141 3808 4220; baseline 0.001 -20"><span class='ocrx_word' id='word_1_537' title='bbox 2135 4141 2405 4214; x_wconf 87' lang='lat' dir='ltr'><strong>_Ecc_1esia</strong></span> <span class='ocrx_word' id='word_1_538' title='bbox 2461 4141 2730 4218; x_wconf 84' lang='lat' dir='ltr'><strong>potitum,</strong></span> <span class='ocrx_word' id='word_1_539' title='bbox 2786 4144 3051 4216; x_wconf 82' lang='lat' dir='ltr'><strong>quaedam</strong></span> <span class='ocrx_word' id='word_1_540' title='bbox 3109 4143 3260 4200; x_wconf 86' lang='lat' dir='ltr'><strong>inter</strong></span> <span class='ocrx_word' id='word_1_541' title='bbox 3313 4145 3520 4212; x_wconf 84' lang='lat' dir='ltr'><strong>fratres</strong></span> <span class='ocrx_word' id='word_1_542' title='bbox 3565 4150 3808 4220; x_wconf 81' lang='lat' dir='ltr'><strong>nostros</strong></span> 
     </span>
    </p>
   </div>
   <div class='ocr_carea' id='block_1_87' title="bbox 2150 4219 3806 4313">
    <p class='ocr_par' dir='ltr' id='par_1_87' title="bbox 2150 4219 3806 4313">
     <span class='ocr_line' id='line_1_89' title="bbox 2150 4219 3806 4313; baseline 0.001 -26"><span class='ocrx_word' id='word_1_543' title='bbox 2150 4231 2394 4306; x_wconf 60' lang='lat' dir='ltr'><strong>quaestio</strong></span> <span class='ocrx_word' id='word_1_544' title='bbox 2421 4235 2548 4287; x_wconf 90' lang='lat' dir='ltr'><strong>orta</strong></span> <span class='ocrx_word' id='word_1_545' title='bbox 2597 4235 2705 4300; x_wconf 88' lang='lat' dir='ltr'><strong>est,</strong></span> <span class='ocrx_word' id='word_1_546' title='bbox 2757 4231 2979 4304; x_wconf 89' lang='lat' dir='ltr'><strong>placuit</strong></span> <span class='ocrx_word' id='word_1_547' title='bbox 3026 4232 3207 4288; x_wconf 91' lang='lat' dir='ltr'><strong>alium</strong></span> <span class='ocrx_word' id='word_1_548' title='bbox 3240 4233 3432 4292; x_wconf 87' lang='lat' dir='ltr'><strong>adhuc</strong></span> <span class='ocrx_word' id='word_1_549' title='bbox 3454 4219 3806 4313; x_wconf 28' lang='lat' dir='ltr'><strong>‘_definien&#39;di</strong></span> 
     </span>
    </p>
   </div>
   <div class='ocr_carea' id='block_1_88' title="bbox 2147 4314 3806 4396">
    <p class='ocr_par' dir='ltr' id='par_1_88' title="bbox 2147 4314 3806 4396">
     <span class='ocr_line' id='line_1_90' title="bbox 2147 4314 3806 4396; baseline 0.001 -18"><span class='ocrx_word' id='word_1_550' title='bbox 2147 4338 2333 4378; x_wconf 64' lang='lat' dir='ltr'><strong>causa</strong></span> <span class='ocrx_word' id='word_1_551' title='bbox 2365 4320 2681 4388; x_wconf 85' lang='lat' dir='ltr'><strong>terminum</strong></span> <span class='ocrx_word' id='word_1_552' title='bbox 2713 4321 3002 4387; x_wconf 90' lang='lat' dir='ltr'><strong>adhiberi,</strong></span> <span class='ocrx_word' id='word_1_553' title='bbox 3036 4321 3094 4377; x_wconf 92' lang='lat' dir='ltr'><strong>in</strong></span> <span class='ocrx_word' id='word_1_554' title='bbox 3141 4339 3256 4396; x_wconf 91' lang='lat' dir='ltr'><strong>quo</strong></span> <span class='ocrx_word' id='word_1_555' title='bbox 3306 4325 3362 4378; x_wconf 92' lang='lat' dir='ltr'><strong>et</strong></span> <span class='ocrx_word' id='word_1_556' title='bbox 3391 4314 3806 4396; x_wconf 87' lang='lat' dir='ltr'><strong>Arausicensis</strong></span> 
     </span>
    </p>
   </div>
   <div class='ocr_carea' id='block_1_89' title="bbox 2147 4402 3805 4482">
    <p class='ocr_par' dir='ltr' id='par_1_89' title="bbox 2147 4402 3805 4482">
     <span class='ocr_line' id='line_1_91' title="bbox 2147 4402 3805 4482; baseline 0.002 -16"><span class='ocrx_word' id='word_1_557' title='bbox 2147 4411 2477 4482; x_wconf 89' lang='lat' dir='ltr'><strong>episcopus,</strong></span> <span class='ocrx_word' id='word_1_558' title='bbox 2503 4409 2550 4465; x_wconf 91' lang='lat' dir='ltr'><strong>si</strong></span> <span class='ocrx_word' id='word_1_559' title='bbox 2584 4426 2760 4480; x_wconf 89' lang='lat' dir='ltr'><strong>quam</strong></span> <span class='ocrx_word' id='word_1_560' title='bbox 2794 4414 3009 4481; x_wconf 90' lang='lat' dir='ltr'><strong>posset,</strong></span> <span class='ocrx_word' id='word_1_561' title='bbox 3039 4407 3460 4480; x_wconf 58' lang='lat' dir='ltr'><strong>defensionem&#39;</strong></span> <span class='ocrx_word' id='word_1_562' title='bbox 3489 4402 3805 4482; x_wconf 78' lang='lat' dir='ltr'><strong>nancisce-</strong></span> 
     </span>
    </p>
   </div>
   <div class='ocr_carea' id='block_1_90' title="bbox 2146 4497 3804 4574">
    <p class='ocr_par' dir='ltr' id='par_1_90' title="bbox 2146 4497 3804 4574">
     <span class='ocr_line' id='line_1_92' title="bbox 2146 4497 3804 4574; baseline 0.001 -19"><span class='ocrx_word' id='word_1_563' title='bbox 2146 4503 2324 4568; x_wconf 88' lang='lat' dir='ltr'><strong>retur,</strong></span> <span class='ocrx_word' id='word_1_564' title='bbox 2357 4503 2416 4554; x_wconf 92' lang='lat' dir='ltr'><strong>et</strong></span> <span class='ocrx_word' id='word_1_565' title='bbox 2441 4497 2777 4554; x_wconf 83' lang='lat' dir='ltr'><strong>Tricastinae</strong></span> <span class='ocrx_word' id='word_1_566' title='bbox 2810 4497 3079 4555; x_wconf 58' lang='lat' dir='ltr'><strong>Ecclesiae</strong></span> <span class='ocrx_word' id='word_1_567' title='bbox 3110 4499 3302 4570; x_wconf 87' lang='lat' dir='ltr'><strong>clerici</strong></span> <span class='ocrx_word' id='word_1_568' title='bbox 3338 4499 3636 4574; x_wconf 88' lang='lat' dir='ltr'><strong>deeodem</strong></span> <span class='ocrx_word' id='word_1_569' title='bbox 3669 4502 3804 4573; x_wconf 87' lang='lat' dir='ltr'><strong>pri-</strong></span> 
     </span>
    </p>
   </div>
   <div class='ocr_carea' id='block_1_91' title="bbox 2143 4586 3806 4664">
    <p class='ocr_par' dir='ltr' id='par_1_91' title="bbox 2143 4586 3806 4664">
     <span class='ocr_line' id='line_1_93' title="bbox 2143 4586 3806 4664; baseline 0.001 -21"><span class='ocrx_word' id='word_1_570' title='bbox 2143 4587 2351 4664; x_wconf 82' lang='lat' dir='ltr'><strong>vilegio</strong></span> <span class='ocrx_word' id='word_1_571' title='bbox 2400 4603 2505 4654; x_wconf 83' lang='lat' dir='ltr'><strong>nos</strong></span> <span class='ocrx_word' id='word_1_572' title='bbox 2542 4586 2932 4657; x_wconf 87' lang='lat' dir='ltr'><strong>jurejurando</strong></span> <span class='ocrx_word' id='word_1_573' title='bbox 2961 4587 3238 4656; x_wconf 71' lang='lat' dir='ltr'><strong>facerent</strong></span> <span class='ocrx_word' id='word_1_574' title='bbox 3285 4588 3580 4662; x_wconf 85' lang='lat' dir='ltr'><strong>certiores.</strong></span> <span class='ocrx_word' id='word_1_575' title='bbox 3615 4589 3806 4662; x_wconf 83' lang='lat' dir='ltr'><strong>Cum-</strong></span> 
     </span>
    </p>
   </div>
   <div class='ocr_carea' id='block_1_92' title="bbox 371 4671 3810 4764">
    <p class='ocr_par' dir='ltr' id='par_1_92' title="bbox 371 4671 3810 4764">
     <span class='ocr_line' id='line_1_94' title="bbox 371 4671 3810 4764; baseline 0.003 -38"><span class='ocrx_word' id='word_1_576' title='bbox 371 4671 548 4738; x_wconf 84' lang='lat' dir='ltr'><strong>:chio,</strong></span> <span class='ocrx_word' id='word_1_577' title='bbox 581 4671 1173 4742; x_wconf 79' lang='lat' dir='ltr'><strong>comes,.vicecomes,</strong></span> <span class='ocrx_word' id='word_1_578' title='bbox 1211 4674 1526 4744; x_wconf 77' lang='lat' dir='ltr'><strong>judexaut</strong></span> <span class='ocrx_word' id='word_1_579' title='bbox 1555 4676 1827 4747; x_wconf 84' lang='lat' dir='ltr'><strong>quaelibet</strong></span> <span class='ocrx_word' id='word_1_580' title='bbox 1855 4678 2037 4734; x_wconf 91' lang='lat' dir='ltr'><strong>eccle-</strong></span> <span class='ocrx_word' id='word_1_581' title='bbox 2069 4699 2116 4764; x_wconf 70' lang='grc' dir='ltr'>Β</span> <span class='ocrx_word' id='word_1_582' title='bbox 2146 4694 2362 4754; x_wconf 55' lang='lat' dir='ltr'><strong>quem,</strong></span> <span class='ocrx_word' id='word_1_583' title='bbox 2383 4675 2793 4732; x_wconf 89' lang='lat' dir='ltr'><strong>convenissent</strong></span> <span class='ocrx_word' id='word_1_584' title='bbox 2823 4681 2879 4732; x_wconf 91' lang='lat' dir='ltr'><strong>et</strong></span> <span class='ocrx_word' id='word_1_585' title='bbox 2906 4676 3196 4732; x_wconf 88' lang='lat' dir='ltr'><strong>confrater</strong></span> <span class='ocrx_word' id='word_1_586' title='bbox 3224 4679 3422 4732; x_wconf 88' lang='lat' dir='ltr'><strong>noster</strong></span> <span class='ocrx_word' id='word_1_587' title='bbox 3450 4678 3810 4756; x_wconf 79' lang='lat' dir='ltr'><strong>Arausicen-</strong></span> 
     </span>
    </p>
   </div>
   <div class='ocr_carea' id='block_1_93' title="bbox 395 4758 2036 4840">
    <p class='ocr_par' dir='ltr' id='par_1_93' title="bbox 395 4758 2036 4840">
     <span class='ocr_line' id='line_1_95' title="bbox 395 4758 2036 4840; baseline 0.004 -24"><span class='ocrx_word' id='word_1_588' title='bbox 395 4758 633 4824; x_wconf 78' lang='lat' dir='ltr'><strong>siastica</strong></span> <span class='ocrx_word' id='word_1_589' title='bbox 659 4759 1023 4818; x_wconf 74' lang='lat' dir='ltr'><strong>szecularisve</strong></span> <span class='ocrx_word' id='word_1_590' title='bbox 1052 4778 1301 4834; x_wconf 84' lang='lat' dir='ltr'><strong>persona</strong></span> <span class='ocrx_word' id='word_1_591' title='bbox 1330 4761 1512 4834; x_wconf 85' lang='lat' dir='ltr'><strong>hujus</strong></span> <span class='ocrx_word' id='word_1_592' title='bbox 1525 4764 1740 4822; x_wconf 89' lang='lat' dir='ltr'><strong>decreti</strong></span> <span class='ocrx_word' id='word_1_593' title='bbox 1762 4767 2036 4840; x_wconf 83' lang='lat' dir='ltr'><strong>paginam</strong></span> 
     </span>
    </p>
   </div>
   <div class='ocr_carea' id='block_1_94' title="bbox 369 4848 2038 4930">
    <p class='ocr_par' dir='ltr' id='par_1_94' title="bbox 369 4848 2038 4930">
     <span class='ocr_line' id='line_1_96' title="bbox 369 4848 2038 4930; baseline 0.006 -27"><span class='ocrx_word' id='word_1_594' title='bbox 369 4848 606 4916; x_wconf 33' lang='lat' dir='ltr'><strong>ﬁsciens,</strong></span> <span class='ocrx_word' id='word_1_595' title='bbox 639 4854 849 4906; x_wconf 74' lang='lat' dir='ltr'><strong>contra.</strong></span> <span class='ocrx_word' id='word_1_596' title='bbox 870 4867 1000 4906; x_wconf 86' lang='lat' dir='ltr'><strong>eam</strong></span> <span class='ocrx_word' id='word_1_597' title='bbox 1029 4851 1472 4908; x_wconf 83' lang='lat' dir='ltr'><strong>temerevenire</strong></span> <span class='ocrx_word' id='word_1_598' title='bbox 1499 4854 2038 4930; x_wconf 85' lang='lat' dir='ltr'><strong>tentaverit,secun-</strong></span> 
     </span>
    </p>
   </div>
   <div class='ocr_carea' id='block_1_95' title="bbox 349 4937 2040 5018">
    <p class='ocr_par' dir='ltr' id='par_1_95' title="bbox 349 4937 2040 5018">
     <span class='ocr_line' id='line_1_97' title="bbox 349 4937 2040 5018; baseline 0.005 -26"><span class='ocrx_word' id='word_1_599' title='bbox 349 4969 352 4972; x_wconf 92' lang='lat'><strong><em>-</em></strong></span> <span class='ocrx_word' id='word_1_600' title='bbox 393 4937 497 5002; x_wconf 59' lang='lat' dir='ltr'><strong>dio,</strong></span> <span class='ocrx_word' id='word_1_601' title='bbox 518 4939 772 5004; x_wconf 73' lang='lat' dir='ltr'><strong>ettertio</strong></span> <span class='ocrx_word' id='word_1_602' title='bbox 804 4939 1216 5008; x_wconf 90' lang='lat' dir='ltr'><strong>commonitus,</strong></span> <span class='ocrx_word' id='word_1_603' title='bbox 1242 4939 1290 4995; x_wconf 89' lang='lat' dir='ltr'><strong>si</strong></span> <span class='ocrx_word' id='word_1_604' title='bbox 1329 4957 1444 4996; x_wconf 90' lang='lat' dir='ltr'><strong>non</strong></span> <span class='ocrx_word' id='word_1_605' title='bbox 1485 4943 1878 5018; x_wconf 79' lang='lat' dir='ltr'><strong>satisfactione</strong></span> <span class='ocrx_word' id='word_1_606' title='bbox 1909 4962 2040 5002; x_wconf 85' lang='lat' dir='ltr'><strong>con-</strong></span> 
     </span>
    </p>
   </div>
   <div class='ocr_carea' id='block_1_96' title="bbox 392 5027 2036 5107">
    <p class='ocr_par' dir='ltr' id='par_1_96' title="bbox 392 5027 2036 5107">
     <span class='ocr_line' id='line_1_98' title="bbox 392 5027 2036 5107; baseline 0.005 -25"><span class='ocrx_word' id='word_1_607' title='bbox 392 5027 981 5099; x_wconf 65' lang='lat' dir='ltr'><strong>gnuaemendaverit,</strong></span> <span class='ocrx_word' id='word_1_608' title='bbox 999 5027 1302 5098; x_wconf 82' lang='lat' dir='ltr'><strong>potestatis</strong></span> <span class='ocrx_word' id='word_1_609' title='bbox 1332 5028 1687 5104; x_wconf 87' lang='lat' dir='ltr'><strong>honorisque</strong></span> <span class='ocrx_word' id='word_1_610' title='bbox 1717 5033 1812 5087; x_wconf 92' lang='lat' dir='ltr'><strong>sui</strong></span> <span class='ocrx_word' id='word_1_611' title='bbox 1845 5034 2036 5107; x_wconf 88' lang='lat' dir='ltr'><strong>digni-</strong></span> 
     </span>
    </p>
   </div>
   <div class='ocr_carea' id='block_1_97' title="bbox 370 5116 2037 5188">
    <p class='ocr_par' dir='ltr' id='par_1_97' title="bbox 370 5116 2037 5188">
     <span class='ocr_line' id='line_1_99' title="bbox 370 5116 2037 5188; baseline 0.006 -18"><span class='ocrx_word' id='word_1_612' title='bbox 370 5119 514 5176; x_wconf 74' lang='lat' dir='ltr'><strong>tate</strong></span> <span class='ocrx_word' id='word_1_613' title='bbox 537 5119 749 5183; x_wconf 85' lang='lat' dir='ltr'><strong>careat,</strong></span> <span class='ocrx_word' id='word_1_614' title='bbox 784 5131 1064 5188; x_wconf 89' lang='lat' dir='ltr'><strong>reumque</strong></span> <span class='ocrx_word' id='word_1_615' title='bbox 1094 5133 1158 5172; x_wconf 89' lang='lat' dir='ltr'><strong>se</strong></span> <span class='ocrx_word' id='word_1_616' title='bbox 1188 5116 1382 5173; x_wconf 90' lang='lat' dir='ltr'><strong>divino</strong></span> <span class='ocrx_word' id='word_1_617' title='bbox 1424 5119 1639 5188; x_wconf 83' lang='lat' dir='ltr'><strong>iudicio</strong></span> <span class='ocrx_word' id='word_1_618' title='bbox 1683 5121 1928 5184; x_wconf 82' lang='lat' dir='ltr'><strong>existere</strong></span> <span class='ocrx_word' id='word_1_619' title='bbox 1965 5125 2037 5180; x_wconf 91' lang='lat' dir='ltr'><strong>de</strong></span> 
     </span>
    </p>
   </div>
   <div class='ocr_carea' id='block_1_98' title="bbox 333 5202 2037 5278">
    <p class='ocr_par' dir='ltr' id='par_1_98' title="bbox 333 5202 2037 5278">
     <span class='ocr_line' id='line_1_100' title="bbox 333 5202 2037 5278; baseline 0.008 -24"><span class='ocrx_word' id='word_1_620' title='bbox 333 5248 340 5254; x_wconf 94' lang='lat'><strong>.</strong></span> <span class='ocrx_word' id='word_1_621' title='bbox 392 5207 723 5276; x_wconf 83' lang='lat' dir='ltr'><strong>perpetrata</strong></span> <span class='ocrx_word' id='word_1_622' title='bbox 753 5202 1062 5275; x_wconf 87' lang='lat' dir='ltr'><strong>iniquitate</strong></span> <span class='ocrx_word' id='word_1_623' title='bbox 1098 5210 1430 5278; x_wconf 88' lang='lat' dir='ltr'><strong>cognoscat,</strong></span> <span class='ocrx_word' id='word_1_624' title='bbox 1458 5210 1515 5262; x_wconf 91' lang='lat' dir='ltr'><strong>et</strong></span> <span class='ocrx_word' id='word_1_625' title='bbox 1561 5226 1595 5264; x_wconf 89' lang='lat' dir='ltr'><strong>a</strong></span> <span class='ocrx_word' id='word_1_626' title='bbox 1638 5210 2037 5268; x_wconf 89' lang='lat' dir='ltr'><strong>sacratissimo</strong></span> 
     </span>
    </p>
   </div>
   <div class='ocr_carea' id='block_1_99' title="bbox 338 5292 2036 5372">
    <p class='ocr_par' dir='ltr' id='par_1_99' title="bbox 338 5292 2036 5372">
     <span class='ocr_line' id='line_1_101' title="bbox 338 5292 2036 5372; baseline 0.007 -27"><span class='ocrx_word' id='word_1_627' title='bbox 338 5307 629 5364; x_wconf 64' lang='lat' dir='ltr'><strong>~oorpore</strong></span> <span class='ocrx_word' id='word_1_628' title='bbox 676 5307 742 5347; x_wconf 89' lang='lat' dir='ltr'><strong>ac</strong></span> <span class='ocrx_word' id='word_1_629' title='bbox 773 5292 1060 5364; x_wconf 86' lang='lat' dir='ltr'><strong>sanguine</strong></span> <span class='ocrx_word' id='word_1_630' title='bbox 1113 5293 1212 5349; x_wconf 91' lang='lat' dir='ltr'><strong>Dei</strong></span> <span class='ocrx_word' id='word_1_631' title='bbox 1264 5298 1322 5350; x_wconf 86' lang='lat' dir='ltr'><strong>et</strong></span> <span class='ocrx_word' id='word_1_632' title='bbox 1375 5296 1601 5352; x_wconf 89' lang='lat' dir='ltr'><strong>Domini</strong></span> <span class='ocrx_word' id='word_1_633' title='bbox 1651 5299 2036 5372; x_wconf 89' lang='lat' dir='ltr'><strong>redemptoris</strong></span> 
     </span>
    </p>
   </div>
   <div class='ocr_carea' id='block_1_100' title="bbox 392 5379 2035 5462">
    <p class='ocr_par' dir='ltr' id='par_1_100' title="bbox 392 5379 2035 5462">
     <span class='ocr_line' id='line_1_102' title="bbox 392 5379 2035 5462; baseline 0.009 -28"><span class='ocrx_word' id='word_1_634' title='bbox 392 5379 574 5442; x_wconf 85' lang='lat' dir='ltr'><strong>nostri</strong></span> <span class='ocrx_word' id='word_1_635' title='bbox 611 5381 753 5442; x_wconf 82' lang='lat' dir='ltr'><strong>.Jesu</strong></span> <span class='ocrx_word' id='word_1_636' title='bbox 789 5380 1001 5437; x_wconf 89' lang='lat' dir='ltr'><strong>Christi</strong></span> <span class='ocrx_word' id='word_1_637' title='bbox 1058 5382 1285 5441; x_wconf 86' lang='lat' dir='ltr'><strong>alienus</strong></span> <span class='ocrx_word' id='word_1_638' title='bbox 1312 5384 1645 5462; x_wconf 39' lang='lat' dir='ltr'><strong>ﬁat,.atque</strong></span> <span class='ocrx_word' id='word_1_639' title='bbox 1669 5385 1730 5443; x_wconf 93' lang='lat' dir='ltr'><strong>in</strong></span> <span class='ocrx_word' id='word_1_640' title='bbox 1779 5394 2035 5450; x_wconf 83' lang='lat' dir='ltr'><strong>extremo</strong></span> 
     </span>
    </p>
   </div>
   <div class='ocr_carea' id='block_1_101' title="bbox 391 5467 2034 5544">
    <p class='ocr_par' dir='ltr' id='par_1_101' title="bbox 391 5467 2034 5544">
     <span class='ocr_line' id='line_1_103' title="bbox 391 5467 2034 5544; baseline 0.007 -20"><span class='ocrx_word' id='word_1_641' title='bbox 391 5467 667 5533; x_wconf 72' lang='lat' dir='ltr'><strong>districta:</strong></span> <span class='ocrx_word' id='word_1_642' title='bbox 705 5468 913 5526; x_wconf 86' lang='lat' dir='ltr'><strong>ultioni</strong></span> <span class='ocrx_word' id='word_1_643' title='bbox 961 5471 1282 5544; x_wconf 84' lang='lat' dir='ltr'><strong>subjaceat.</strong></span> <span class='ocrx_word' id='word_1_644' title='bbox 1315 5474 1551 5530; x_wconf 89' lang='lat' dir='ltr'><strong>Cunctis</strong></span> <span class='ocrx_word' id='word_1_645' title='bbox 1601 5481 1798 5542; x_wconf 79' lang='lat' dir='ltr'><strong>autem</strong></span> <span class='ocrx_word' id='word_1_646' title='bbox 1844 5484 2034 5536; x_wconf 89' lang='lat' dir='ltr'><strong>vestro</strong></span> 
     </span>
    </p>
   </div>
   <div class='ocr_carea' id='block_1_102' title="bbox 391 5556 2033 5642">
    <p class='ocr_par' dir='ltr' id='par_1_102' title="bbox 391 5556 2033 5642">
     <span class='ocr_line' id='line_1_104' title="bbox 391 5556 2033 5642; baseline 0.007 -28"><span class='ocrx_word' id='word_1_647' title='bbox 391 5556 650 5614; x_wconf 79' lang='lat' dir='ltr'><strong>ccenobio</strong></span> <span class='ocrx_word' id='word_1_648' title='bbox 673 5559 840 5630; x_wconf 78' lang='lat' dir='ltr'><strong>justa</strong></span> <span class='ocrx_word' id='word_1_649' title='bbox 866 5559 1258 5630; x_wconf 77' lang='lat' dir='ltr'><strong>servantibus,</strong></span> <span class='ocrx_word' id='word_1_650' title='bbox 1290 5561 1367 5618; x_wconf 91' lang='lat' dir='ltr'><strong>sit</strong></span> <span class='ocrx_word' id='word_1_651' title='bbox 1415 5579 1527 5635; x_wconf 81' lang='lat' dir='ltr'><strong>pax</strong></span> <span class='ocrx_word' id='word_1_652' title='bbox 1569 5564 1798 5642; x_wconf 85' lang='lat' dir='ltr'><strong>Domini</strong></span> <span class='ocrx_word' id='word_1_653' title='bbox 1847 5569 2033 5642; x_wconf 72' lang='lat' dir='ltr'><strong>nostri</strong></span> 
     </span>
    </p>
   </div>
   <div class='ocr_carea' id='block_1_103' title="bbox 389 5636 2033 5724">
    <p class='ocr_par' dir='ltr' id='par_1_103' title="bbox 389 5636 2033 5724">
     <span class='ocr_line' id='line_1_105' title="bbox 389 5636 2033 5724; baseline 0.007 -21"><span class='ocrx_word' id='word_1_654' title='bbox 389 5647 528 5703; x_wconf 85' lang='lat' dir='ltr'><strong>Jesu</strong></span> <span class='ocrx_word' id='word_1_655' title='bbox 561 5647 1090 5719; x_wconf 27' lang='lat' dir='ltr'><strong>Christi,qu‘atenus</strong></span> <span class='ocrx_word' id='word_1_656' title='bbox 1111 5655 1168 5704; x_wconf 92' lang='lat' dir='ltr'><strong>et</strong></span> <span class='ocrx_word' id='word_1_657' title='bbox 1199 5649 1292 5706; x_wconf 92' lang='lat' dir='ltr'><strong>hic</strong></span> <span class='ocrx_word' id='word_1_658' title='bbox 1322 5650 1576 5724; x_wconf 85' lang='lat' dir='ltr'><strong>fructum</strong></span> <span class='ocrx_word' id='word_1_659' title='bbox 1596 5636 1759 5710; x_wconf 79' lang='lat' dir='ltr'><strong>bonae</strong></span> <span class='ocrx_word' id='word_1_660' title='bbox 1789 5636 2033 5714; x_wconf 86' lang='lat' dir='ltr'><strong>actionis</strong></span> 
     </span>
    </p>
   </div>
   <div class='ocr_carea' id='block_1_104' title="bbox 389 5735 2034 5818">
    <p class='ocr_par' dir='ltr' id='par_1_104' title="bbox 389 5735 2034 5818">
     <span class='ocr_line' id='line_1_106' title="bbox 389 5735 2034 5818; baseline 0.009 -28"><span class='ocrx_word' id='word_1_661' title='bbox 389 5735 735 5808; x_wconf 86' lang='lat' dir='ltr'><strong>percipiant,</strong></span> <span class='ocrx_word' id='word_1_662' title='bbox 784 5741 841 5792; x_wconf 89' lang='lat' dir='ltr'><strong>et</strong></span> <span class='ocrx_word' id='word_1_663' title='bbox 877 5738 1044 5809; x_wconf 84' lang='lat' dir='ltr'><strong>apud</strong></span> <span class='ocrx_word' id='word_1_664' title='bbox 1095 5738 1429 5796; x_wconf 88' lang='lat' dir='ltr'><strong>districtum</strong></span> <span class='ocrx_word' id='word_1_665' title='bbox 1479 5741 1743 5812; x_wconf 83' lang='lat' dir='ltr'><strong>judicem</strong></span> <span class='ocrx_word' id='word_1_666' title='bbox 1795 5747 2034 5818; x_wconf 71' lang='lat' dir='ltr'><strong>praemia</strong></span> 
     </span>
    </p>
   </div>
   <div class='ocr_carea' id='block_1_105' title="bbox 392 5826 1376 5899">
    <p class='ocr_par' dir='ltr' id='par_1_105' title="bbox 392 5826 1376 5899">
     <span class='ocr_line' id='line_1_107' title="bbox 392 5826 1376 5899; baseline 0 -18"><span class='ocrx_word' id='word_1_667' title='bbox 392 5829 616 5881; x_wconf 67' lang='lat' dir='ltr'><strong>aeternae</strong></span> <span class='ocrx_word' id='word_1_668' title='bbox 639 5826 797 5899; x_wconf 86' lang='lat' dir='ltr'><strong>pacis</strong></span> <span class='ocrx_word' id='word_1_669' title='bbox 828 5826 1142 5884; x_wconf 87' lang='lat' dir='ltr'><strong>inveniant.</strong></span> <span class='ocrx_word' id='word_1_670' title='bbox 1173 5829 1376 5882; x_wconf 86' lang='lat' dir='ltr'><strong>Amen.</strong></span> 
     </span>
    </p>
   </div>
   <div class='ocr_carea' id='block_1_106' title="bbox 2148 4762 3807 4846">
    <p class='ocr_par' dir='ltr' id='par_1_106' title="bbox 2148 4762 3807 4846">
     <span class='ocr_line' id='line_1_108' title="bbox 2148 4762 3807 4846; baseline 0.001 -25"><span class='ocrx_word' id='word_1_671' title='bbox 2148 4765 2230 4834; x_wconf 90' lang='lat' dir='ltr'><strong>sis</strong></span> <span class='ocrx_word' id='word_1_672' title='bbox 2257 4763 2610 4839; x_wconf 83' lang='lat' dir='ltr'><strong>episcopus,</strong></span> <span class='ocrx_word' id='word_1_673' title='bbox 2657 4762 2808 4830; x_wconf 86' lang='lat' dir='ltr'><strong>sicut</strong></span> <span class='ocrx_word' id='word_1_674' title='bbox 2854 4763 3203 4837; x_wconf 87' lang='lat' dir='ltr'><strong>promiserat</strong></span> <span class='ocrx_word' id='word_1_675' title='bbox 3232 4782 3348 4846; x_wconf 82' lang='lat' dir='ltr'><strong>non</strong></span> <span class='ocrx_word' id='word_1_676' title='bbox 3379 4767 3807 4846; x_wconf 26' lang='lat' dir='ltr'><strong>venisset,Anec</strong></span> 
     </span>
    </p>
   </div>
   <div class='ocr_carea' id='block_1_107' title="bbox 2133 4840 3808 4930">
    <p class='ocr_par' dir='ltr' id='par_1_107' title="bbox 2133 4840 3808 4930">
     <span class='ocr_line' id='line_1_109' title="bbox 2133 4840 3808 4930; baseline 0.001 -20"><span class='ocrx_word' id='word_1_677' title='bbox 2133 4853 2549 4930; x_wconf 80' lang='lat' dir='ltr'><strong>excusationes</strong></span> <span class='ocrx_word' id='word_1_678' title='bbox 2598 4852 2827 4926; x_wconf 86' lang='lat' dir='ltr'><strong>aliquas</strong></span> <span class='ocrx_word' id='word_1_679' title='bbox 2879 4840 3283 4926; x_wconf 63' lang='lat' dir='ltr'><strong>praemisisset,</strong></span> <span class='ocrx_word' id='word_1_680' title='bbox 3335 4858 3392 4910; x_wconf 90' lang='lat' dir='ltr'><strong>et</strong></span> <span class='ocrx_word' id='word_1_681' title='bbox 3441 4845 3578 4910; x_wconf 86' lang='lat' dir='ltr'><strong>tunc</strong></span> <span class='ocrx_word' id='word_1_682' title='bbox 3630 4840 3808 4912; x_wconf 75' lang='lat' dir='ltr'><strong>nbbis</strong></span> 
     </span>
    </p>
   </div>
   <div class='ocr_carea' id='block_1_108' title="bbox 2147 4933 3806 5016">
    <p class='ocr_par' dir='ltr' id='par_1_108' title="bbox 2147 4933 3806 5016">
     <span class='ocr_line' id='line_1_110' title="bbox 2147 4933 3806 5016; baseline 0.001 -18"><span class='ocrx_word' id='word_1_683' title='bbox 2147 4942 2368 5016; x_wconf 89' lang='lat' dir='ltr'><strong>placuit</strong></span> <span class='ocrx_word' id='word_1_684' title='bbox 2415 4941 2628 5013; x_wconf 85' lang='lat' dir='ltr'><strong>negotii</strong></span> <span class='ocrx_word' id='word_1_685' title='bbox 2681 4942 2856 4998; x_wconf 78' lang='lat' dir='ltr'><strong>linem</strong></span> <span class='ocrx_word' id='word_1_686' title='bbox 2906 4942 2965 4998; x_wconf 91' lang='lat' dir='ltr'><strong>in</strong></span> <span class='ocrx_word' id='word_1_687' title='bbox 3013 4933 3249 5016; x_wconf 86' lang='lat' dir='ltr'><strong>tempus</strong></span> <span class='ocrx_word' id='word_1_688' title='bbox 3296 4941 3457 4999; x_wconf 86' lang='lat' dir='ltr'><strong>aliud</strong></span> <span class='ocrx_word' id='word_1_689' title='bbox 3495 4941 3806 5016; x_wconf 89' lang='lat' dir='ltr'><strong>protelari.</strong></span> 
     </span>
    </p>
   </div>
   <div class='ocr_carea' id='block_1_109' title="bbox 2102 5024 3809 5104">
    <p class='ocr_par' dir='ltr' id='par_1_109' title="bbox 2102 5024 3809 5104">
     <span class='ocr_line' id='line_1_111' title="bbox 2102 5024 3809 5104; baseline 0.001 -17"><span class='ocrx_word' id='word_1_690' title='bbox 2102 5029 2105 5031; x_wconf 73' lang='grc'><em>’</em></span> <span class='ocrx_word' id='word_1_691' title='bbox 2145 5032 2427 5087; x_wconf 84' lang='lat' dir='ltr'><strong>Caeterum</strong></span> <span class='ocrx_word' id='word_1_692' title='bbox 2459 5029 2682 5087; x_wconf 88' lang='lat' dir='ltr'><strong>clericis</strong></span> <span class='ocrx_word' id='word_1_693' title='bbox 2729 5034 2785 5084; x_wconf 90' lang='lat' dir='ltr'><strong>et</strong></span> <span class='ocrx_word' id='word_1_694' title='bbox 2823 5029 3048 5086; x_wconf 89' lang='lat' dir='ltr'><strong>itineris</strong></span> <span class='ocrx_word' id='word_1_695' title='bbox 3079 5024 3482 5102; x_wconf 67' lang='lat' dir='ltr'><strong>difficultates,</strong></span> <span class='ocrx_word' id='word_1_696' title='bbox 3507 5032 3565 5088; x_wconf 85' lang='lat' dir='ltr'><strong>et</strong></span> <span class='ocrx_word' id='word_1_697' title='bbox 3596 5048 3809 5104; x_wconf 80' lang='lat' dir='ltr'><strong>rerum</strong></span> 
     </span>
    </p>
   </div>
   <div class='ocr_carea' id='block_1_110' title="bbox 2145 5117 3812 5196">
    <p class='ocr_par' dir='ltr' id='par_1_110' title="bbox 2145 5117 3812 5196">
     <span class='ocr_line' id='line_1_112' title="bbox 2145 5117 3812 5196; baseline 0.001 -20"><span class='ocrx_word' id='word_1_698' title='bbox 2145 5120 2316 5193; x_wconf 87' lang='lat' dir='ltr'><strong>longa</strong></span> <span class='ocrx_word' id='word_1_699' title='bbox 2331 5117 2638 5194; x_wconf 86' lang='lat' dir='ltr'><strong>dispendia</strong></span> <span class='ocrx_word' id='word_1_700' title='bbox 2658 5120 3286 5190; x_wconf 67' lang='lat' dir='ltr'><strong>praetendentibusmec</strong></span> <span class='ocrx_word' id='word_1_701' title='bbox 3314 5119 3609 5196; x_wconf 86' lang='lat' dir='ltr'><strong>longiores</strong></span> <span class='ocrx_word' id='word_1_702' title='bbox 3620 5121 3812 5196; x_wconf 84' lang='lat' dir='ltr'><strong>posse</strong></span> 
     </span>
    </p>
   </div>
   <div class='ocr_carea' id='block_1_111' title="bbox 2148 5201 3811 5286">
    <p class='ocr_par' dir='ltr' id='par_1_111' title="bbox 2148 5201 3811 5286">
     <span class='ocr_line' id='line_1_113' title="bbox 2148 5201 3811 5286; baseline 0.001 -21"><span class='ocrx_word' id='word_1_703' title='bbox 2148 5227 2340 5266; x_wconf 89' lang='lat' dir='ltr'><strong>moras</strong></span> <span class='ocrx_word' id='word_1_704' title='bbox 2369 5208 2488 5280; x_wconf 90' lang='lat' dir='ltr'><strong>pati</strong></span> <span class='ocrx_word' id='word_1_705' title='bbox 2515 5207 2938 5266; x_wconf 83' lang='lat' dir='ltr'><strong>instantissime</strong></span> <span class='ocrx_word' id='word_1_706' title='bbox 2965 5201 3811 5286; x_wconf 8' lang='lat' dir='ltr'><strong>proclamantibusﬁisumgest</strong></span> 
     </span>
    </p>
   </div>
   <div class='ocr_carea' id='block_1_112' title="bbox 2147 5281 3807 5378">
    <p class='ocr_par' dir='ltr' id='par_1_112' title="bbox 2147 5281 3807 5378">
     <span class='ocr_line' id='line_1_114' title="bbox 2147 5281 3807 5378; baseline 0.001 -26"><span class='ocrx_word' id='word_1_707' title='bbox 2147 5297 2424 5353; x_wconf 88' lang='lat' dir='ltr'><strong>fratribus</strong></span> <span class='ocrx_word' id='word_1_708' title='bbox 2467 5297 2705 5364; x_wconf 89' lang='lat' dir='ltr'><strong>nostris,</strong></span> <span class='ocrx_word' id='word_1_709' title='bbox 2738 5291 2858 5353; x_wconf 85' lang='lat' dir='ltr'><strong>tam</strong></span> <span class='ocrx_word' id='word_1_710' title='bbox 2909 5298 3198 5371; x_wconf 88' lang='lat' dir='ltr'><strong>episcopis</strong></span> <span class='ocrx_word' id='word_1_711' title='bbox 3242 5281 3423 5371; x_wconf 21' lang='lat' dir='ltr'><strong>quam:</strong></span> <span class='ocrx_word' id='word_1_712' title='bbox 3449 5281 3807 5378; x_wconf 30' lang='lat' dir='ltr'><strong>iet&#39;nostraa</strong></span> 
     </span>
    </p>
   </div>
   <div class='ocr_carea' id='block_1_113' title="bbox 2143 5368 3806 5463">
    <p class='ocr_par' dir='ltr' id='par_1_113' title="bbox 2143 5368 3806 5463">
     <span class='ocr_line' id='line_1_115' title="bbox 2143 5368 3806 5463; baseline 0 -21"><span class='ocrx_word' id='word_1_713' title='bbox 2143 5385 2468 5460; x_wconf 61' lang='lat' dir='ltr'><strong>apostolica</strong></span> <span class='ocrx_word' id='word_1_714' title='bbox 2492 5384 2754 5442; x_wconf 76' lang='lat' dir='ltr'><strong>Ecclesiae</strong></span> <span class='ocrx_word' id='word_1_715' title='bbox 2785 5368 3277 5457; x_wconf 61' lang='lat' dir='ltr'><strong>cardinalibusmt</strong></span> <span class='ocrx_word' id='word_1_716' title='bbox 3294 5368 3806 5463; x_wconf 72' lang='lat' dir='ltr'><strong>Triscastinorum</strong></span> 
     </span>
    </p>
   </div>
   <div class='ocr_carea' id='block_1_114' title="bbox 2089 5462 3806 5558">
    <p class='ocr_par' dir='ltr' id='par_1_114' title="bbox 2089 5462 3806 5558">
     <span class='ocr_line' id='line_1_116' title="bbox 2089 5462 3806 5558; baseline 0 -26"><span class='ocrx_word' id='word_1_717' title='bbox 2089 5545 2095 5552; x_wconf 27' lang='grc' dir='ltr'><strong><em>η</em></strong></span> <span class='ocrx_word' id='word_1_718' title='bbox 2144 5475 2485 5548; x_wconf 86' lang='lat' dir='ltr'><strong>clericorum</strong></span> <span class='ocrx_word' id='word_1_719' title='bbox 2547 5474 3003 5558; x_wconf 80' lang='lat' dir='ltr'><strong>satisfactionem</strong></span> <span class='ocrx_word' id='word_1_720' title='bbox 3061 5462 3381 5552; x_wconf 24' lang='lat' dir='ltr'><strong>suscipere;</strong></span> <span class='ocrx_word' id='word_1_721' title='bbox 3414 5462 3806 5558; x_wconf 67' lang='lat' dir='ltr'><strong>deberemus.</strong></span> 
     </span>
    </p>
   </div>
   <div class='ocr_carea' id='block_1_115' title="bbox 2143 5547 3812 5646">
    <p class='ocr_par' dir='ltr' id='par_1_115' title="bbox 2143 5547 3812 5646">
     <span class='ocr_line' id='line_1_117' title="bbox 2143 5547 3812 5646; baseline -0.001 -24"><span class='ocrx_word' id='word_1_722' title='bbox 2143 5567 2284 5622; x_wconf 91' lang='lat' dir='ltr'><strong>Tres</strong></span> <span class='ocrx_word' id='word_1_723' title='bbox 2317 5565 2512 5637; x_wconf 90' lang='lat' dir='ltr'><strong>itaque</strong></span> <span class='ocrx_word' id='word_1_724' title='bbox 2532 5547 2866 5620; x_wconf 65' lang='lat' dir='ltr'><strong>Tricastinis</strong></span> <span class='ocrx_word' id='word_1_725' title='bbox 2900 5553 3162 5646; x_wconf 68' lang='lat' dir='ltr'><strong>Ecclesia:</strong></span> <span class='ocrx_word' id='word_1_726' title='bbox 3189 5547 3378 5621; x_wconf 82' lang='lat' dir='ltr'><strong>clerici</strong></span> <span class='ocrx_word' id='word_1_727' title='bbox 3409 5547 3812 5644; x_wconf 64' lang='lat' dir='ltr'><strong>superEvan-</strong></span> 
     </span>
    </p>
   </div>
   <div class='ocr_carea' id='block_1_116' title="bbox 2141 5643 3807 5738">
    <p class='ocr_par' dir='ltr' id='par_1_116' title="bbox 2141 5643 3807 5738">
     <span class='ocr_line' id='line_1_118' title="bbox 2141 5643 3807 5738; baseline -0.001 -26"><span class='ocrx_word' id='word_1_728' title='bbox 2141 5655 2292 5728; x_wconf 87' lang='lat' dir='ltr'><strong>gelia</strong></span> <span class='ocrx_word' id='word_1_729' title='bbox 2338 5657 2710 5726; x_wconf 81' lang='lat' dir='ltr'><strong>sacrosancta</strong></span> <span class='ocrx_word' id='word_1_730' title='bbox 2747 5654 3028 5724; x_wconf 90' lang='lat' dir='ltr'><strong>jurarunt</strong></span> <span class='ocrx_word' id='word_1_731' title='bbox 3078 5643 3149 5710; x_wconf 87' lang='lat' dir='ltr'><strong>se</strong></span> <span class='ocrx_word' id='word_1_732' title='bbox 3200 5643 3515 5732; x_wconf 28' lang='lat' dir='ltr'><strong>vidisse&#39;et</strong></span> <span class='ocrx_word' id='word_1_733' title='bbox 3572 5643 3807 5738; x_wconf 81' lang='lat' dir='ltr'><strong>legisse</strong></span> 
     </span>
    </p>
   </div>
   <div class='ocr_carea' id='block_1_117' title="bbox 2115 5727 3802 5820">
    <p class='ocr_par' dir='ltr' id='par_1_117' title="bbox 2115 5727 3802 5820">
     <span class='ocr_line' id='line_1_119' title="bbox 2115 5727 3802 5820; baseline -0.001 -18"><span class='ocrx_word' id='word_1_734' title='bbox 2115 5727 2386 5802; x_wconf 52' lang='lat' dir='ltr'><strong>itomani</strong></span> <span class='ocrx_word' id='word_1_735' title='bbox 2436 5741 2729 5815; x_wconf 81' lang='lat' dir='ltr'><strong>pontificis</strong></span> <span class='ocrx_word' id='word_1_736' title='bbox 2769 5727 3363 5817; x_wconf 86' lang='lat' dir='ltr'><strong>Gregoriibullarum</strong></span> <span class='ocrx_word' id='word_1_737' title='bbox 3410 5727 3802 5820; x_wconf 79' lang='lat' dir='ltr'><strong>privilegium</strong></span> 
     </span>
    </p>
   </div>
   <div class='ocr_carea' id='block_1_118' title="bbox 2143 5830 3806 5907">
    <p class='ocr_par' dir='ltr' id='par_1_118' title="bbox 2143 5830 3806 5907">
     <span class='ocr_line' id='line_1_120' title="bbox 2143 5830 3806 5907; baseline -0.001 -15"><span class='ocrx_word' id='word_1_738' title='bbox 2143 5830 2436 5892; x_wconf 84' lang='lat' dir='ltr'><strong>Bonifacio</strong></span> <span class='ocrx_word' id='word_1_739' title='bbox 2465 5831 2786 5890; x_wconf 89' lang='lat' dir='ltr'><strong>Tricastino</strong></span> <span class='ocrx_word' id='word_1_740' title='bbox 2819 5831 3089 5906; x_wconf 89' lang='lat' dir='ltr'><strong>episcopo</strong></span> <span class='ocrx_word' id='word_1_741' title='bbox 3121 5833 3600 5907; x_wconf 88' lang='lat' dir='ltr'><strong>attributum,per</strong></span> <span class='ocrx_word' id='word_1_742' title='bbox 3630 5835 3806 5907; x_wconf 77' lang='lat' dir='ltr'><strong>quod</strong></span> 
     </span>
    </p>
   </div>
  </div>
