3950 6368
353 341 472 409 449
1650 335 1720 404 Β.
1768 340 1913 405 URE

2218 333 2454 400 ΡΑΡΛΞ.
3636 330 3762 391 420

1067 473 1301 533 CXLIII.
2040 474 2082 537 Α
2115 470 2411 525 volueritis
2444 466 2728 525 catholico
2755 466 3046 540 episcopo,
3078 481 3174 521 eas
3205 461 3462 537 accipere
3503 462 3758 518 liberum

359 550 607 606 Urbanus
664 550 711 603 ll
767 547 1009 605 ccclcsiae
1050 548 1105 603 S.
1163 550 1319 603 Petri
1366 546 1913 611 Standalmontcusz’s,
1965 562 2000 600 α
2110 559 2204 614 sit,

429 618 1591 718 5.93329".filiifisi‘iﬁ;fimum}???.
1617 619 2001 718 7173555991333"
2177 647 2261 702 Ad
2294 646 2401 701 hoc
2431 646 2743 718 adjicimus
2775 648 2841 699 ut
2870 644 3181 717 episcopus
3201 642 3395 698 locum
3416 641 3612 713 ipsum
3635 656 3766 713 era-

426 691 661 761 suscipit
681 693 732 744 ct
763 690 906 744 bona
934 692 1242 761 conﬁrmat,
1274 706 1338 744 ea
1389 691 1502 757 lege
1532 697 1592 744 ut
1630 689 1818 742 clerici
1845 692 1998 758 ιμιοί-
2107 689 2261 761 mi“
2275 689 2401 761 ξς]
2424 689 3457 761 ςξιζξξῖζζξξιιζξςῖξζτξξλξξξξξᾶξ

2107 752 2243 790 vare
2275 751 2388 790 non
2423 735 2653 802 audeat,
2689 749 2793 788 nec
2825 731 3082 804 aliquam
3114 730 3600 788 consuetudinem
3632 746 3765 802 quae

380 885 386 895 ,
428 833 748 896 bisantium,
772 832 983 903 palatio
1012 818 1369 887 Latcrdnensi
1382 818 1746 904 persolvant.
2109 822 2468 895 regularium
2498 822 2746 878 fratrum
2790 820 2968 893 quieti
3002 823 3228 889 noceat,
3271 820 3551 891 irrogare.
3584 818 3763 874 Porro

975 920 1161 991 (Anno
1186 918 1371 992 4095.)
2108 910 2170 967 in
2229 910 2489 967 ecclesiis
2547 927 2695 983 quas
2746 926 2850 982 per
2901 908 3163 965 diversos
3217 905 3589 980 episcopatus
3647 906 3761 962 sub

355 1011 523 1082 [Dom
553 1009 800 1075 CALMET,
832 1009 973 1064 Hist.
1005 1008 1071 1064 de
1116 1010 1400 1075 Lorrainc,
1443 1008 1712 1072 Preuves,
1758 1022 1815 1077 p.
1845 1005 1996 1075 505.]
2100 1001 2235 1071 jure
2264 998 2439 1054 vestri
2481 997 2594 1055 loci
2636 996 2885 1065 habetis,
2939 996 3009 1053 dc
3054 994 3525 1070 congregationis
3553 998 3762 1051 vestrae

424 1096 1064 1169 Unsnxusepiscopus,
1097 1113 1299 1152 servus
1320 1111 1616 1152 servorum
1643 1093 1999 1162 Dei,dilectis
2107 1088 2388 1144 fratribus
2435 1092 2689 1144 rectores
2720 1084 3065 1142 instituendi
3116 1084 3362 1141 liberam
3407 1083 3570 1140 vobis
3616 1099 3759 1139 con-

352 1184 409 1240 in
453 1185 686 1241 Christo
710 1184 848 1241 liliis
875 1190 1161 1241 Lausmco
1192 1190 1250 1240 et
1277 1184 1626 1247 Guncsnmo,
1657 1182 1996 1254 ceterisque
2106 1176 2375 1231 cedimus
2407 1175 2765 1242 facultatem,
2797 1173 2957 1230 salvo
2994 1174 3129 1251 jure
3178 1171 3450 1231 catholici
3498 1170 3761 1244 episcopi

354 1274 453 1330 Dei
487 1273 689 1338 servis.
722 1279 842 1328 tam
874 1272 1099 1328 clericis
1149 1289 1325 1345 quam
1376 1288 1576 1327 secum
1624 1271 1997 1326 manentibus
2107 1266 2165 1320 in
2189 1265 2358 1335 cujus
2397 1264 2631 1320 dioecesi
2679 1261 2934 1319 ecclesiae
2979 1263 3101 1318 sitm
3151 1266 3309 1318 sunt.
3335 1261 3420 1316 Ad
3467 1260 3757 1324 indicium

350 1362 538 1427 laicis,
564 1363 620 1416 in
653 1362 776 1417 loco
799 1361 899 1433 qui
925 1360 1137 1416 dicitur
1157 1360 1632 1416 Standulmontin
1655 1360 1995 1431 episcopatu
2107 1358 2301 1409 autem
2336 1356 2616 1425 percepta
2648 1352 2826 1423 hujus
2854 1369 2887 1404 a
2918 1351 3178 1406 Romana
3224 1349 3481 1406 Ecclesia
3516 1348 3766 1404 liberta-

351 1451 614 1519 Metensi,
662 1466 983 1521 eorumque
1021 1449 1460 1506 successoribus
1506 1448 1566 1503 in
1612 1449 1814 1504 eadem
1863 1446 1996 1504 reli-
2106 1443 2207 1509 tis,
2240 1441 2643 1513 supradictum
2677 1456 2918 1496 censum
2954 1456 3058 1511 per
3105 1455 3292 1495 annos
3340 1438 3624 1512 singulos,
3656 1441 3766 1494 aut

353 1539 525 1610 gionc
554 1538 956 1610 permansuris
978 1538 1035 1593 in
1071 1542 1436 1611 perpetuum.
2105 1531 2165 1586 in
2197 1533 2404 1601 quarto
2437 1547 2587 1584 anno
2622 1528 2964 1596 bisantium,
2989 1527 3363 1584 Lateraneusi
3386 1525 3602 1601 palatio
3632 1544 3766 1600 per-

420 1625 785 1683 Desiderium
827 1627 981 1698 quod
1018 1627 1090 1684 ad
1146 1626 1481 1699 religiosum
1527 1626 1892 1698 prapcsitnm
1941 1629 1999 1681 et
2107 1617 2434 1675 solvetis.Si
2469 1635 2587 1690 qua
2617 1635 2757 1673 sane
2788 1618 2845 1672 in
2869 1616 3189 1673 crastinum
3221 1615 3622 1673 ecclesiastica
3650 1632 3762 1677 ste-

349 1715 680 1779 animarum
734 1714 982 1771 salutem
1033 1714 1320 1786 pertinere
1351 1718 1728 1783 monstratur,
1761 1719 1997 1771 auctore
2106 1706 2390 1762 cularisve
2430 1722 2699 1779 persona,
2735 1705 2912 1776 hujus
2960 1704 3174 1762 decreti
3218 1704 3490 1777 paginam
3541 1703 3760 1772 sciens,

347 1803 465 1860 Deo
492 1804 617 1859 sine
649 1802 847 1874 aliqua
875 1802 1156 1859 dilatione
1183 1806 1273 1859 est
1301 1803 1737 1875 complendum.
1776 1803 1997 1859 Vestris
2025 1833 2074 1899 B
2106 1800 2309 1894 contra
2338 1812 2466 1851 eam
2498 1800 2717 1893 temere
2746 1795 2943 1850 venire
2965 1793 3323 1899 .tentaverit,
3352 1793 3609 1877 secundo
3638 1796 3761 1849 ter-

347 1907 504 1963 ergo,
528 1889 631 1944 filii
662 1890 724 1945 in
756 1890 986 1946 Christo
999 1890 1380 1958 venerabiles,
1396 1890 1751 1964 precibus,et
1779 1890 1997 1947 choris-
2025 1882 2074 1899 ”
2103 1884 2256 1939 tiove
2278 1883 2708 1947 commonita,si
2735 1898 2847 1938 non
2868 1882 3264 1938 satisfactione
3285 1896 3546 1955 congrua
3566 1897 3764 1938 emen-

349 1980 513 2035 simsa
541 1978 695 2036 beati
725 1979 876 2034 Petri
899 1979 1032 2034 ﬁlias
1057 1979 1354 2035 Mathildis
1380 1980 1692 2037 comitissaa
1718 1979 1993 2036 interces-
2105 1972 2348 2038 (laverit,
2381 1971 2685 2044 potestatis
2715 1970 3072 2043 honorisque
3101 1970 3193 2026 ευί
3227 1969 3514 2043 dignitate
3537 1973 3754 2037 estest,

347 2068 613 2124 sionihus
644 2068 929 2138 inclinati,
970 2072 1174 2123 vestrae
1206 2068 1587 2125 habitationis
1636 2068 1850 2139 locum,
1894 2070 1994 2141 qui
2105 2076 2381 2132 reamque
2413 2077 2474 2115 se
2517 2059 2713 2115 diVino
2744 2059 2971 2130 jlldiCio
3014 2059 3259 2115 existere
3302 2059 3374 2114 de
3423 2062 3760 2131 perpetrata.

348 2155 563 2211 dicitur
592 2154 1022 2223 Standalmont,
1082 2160 1141 2210 et
1197 2156 1546 2212 destinatam
1595 2157 1993 2229 apostolorum
2105 2149 2413 2221 iniquitate
2432 2152 2764 2221 cognoscat,
2798 2153 3031 2220 atquea
3078 2146 3476 2204 sacratissimo
3517 2162 3759 2220 corpore

348 2243 631 2316 principis
664 2244 884 2299 nomini
915 2243 1241 2311 ecclesiam,
1262 2245 1371 2299 sub
1394 2245 1528 2315 jure
1557 2249 1615 2300 et
1643 2244 1995 2316 protectione
2104 2243 2161 2292 et
2189 2237 2475 2310 sanguine
2506 2236 2603 2291 Dei
2634 2253 2699 2292 ac
2724 2236 2949 2291 Domini
2974 2234 3381 2307 Redemptoris
3408 2235 3595 2291 nostri
3614 2235 3759 2296 Jesn

348 2333 506 2388 sedis
537 2332 866 2404 apostolica
906 2332 1236 2404 specialiter
1282 2332 1698 2389 confovendam
1748 2333 1991 2406 suscipi-
2102 2325 2318 2381 Christi
2348 2324 2541 2381 aliena
2571 2325 2691 2392 ﬁat,
2724 2329 2782 2380 et
2812 2325 2871 2379 in
2903 2329 3160 2380 extremo
3190 2324 3454 2380 examine
3475 2323 3755 2381 districta

349 2437 501 2477 mus.
534 2422 716 2485 Quem
746 2420 1014 2478 videlicet
1028 2421 1221 2477 locum
1243 2422 1416 2477 certis
1432 2422 1698 2478 terminis
1712 2423 1993 2479 circums-
2102 2415 2309 2470 Ultioni
2345 2415 2665 2486 subjaoeot,
2699 2413 2926 2469 cunctis
2973 2417 3167 2469 autem
3217 2412 3407 2469 eidem
3438 2411 3566 2469 loco
3588 2414 3762 2483 juste.

345 2509 623 2581 criptum,
656 2508 894 2581 praefata
942 2509 1096 2564 beati
1147 2509 1298 2565 Petri
1331 2509 1454 2565 ﬁlia
1485 2509 1785 2566 Mathildis
1812 2511 1991 2566 comi-
2102 2504 2470 2559 servantibus
2515 2503 2593 2558 sit
2641 2519 2754 2574 pax
2800 2502 3035 2557 Domini
3084 2501 3265 2558 nostri
3321 2501 3461 2558 Jesu
3511 2500 3753 2570 Christi,

346 2598 510 2663 tissa,
542 2602 743 2653 vestrm
795 2597 1061 2671 religioni
1092 2599 1163 2654 ad
1197 2600 1483 2672 agendam
1532 2615 1904 2655 communem
1936 2604 1993 2655 et
2101 2597 2392 2663 quatenus
2422 2595 2481 2647 et
2510 2591 2603 2646 hic
2634 2592 2891 2646 fructum
2924 2591 3087 2646 bona;
3120 2589 3366 2646 actionis
3407 2589 3754 2662 percipiant,

345 2686 686 2742 canonicam
715 2686 894 2742 vitam
926 2686 1189 2757 tradidit,
1214 2688 1324 2742 sub
1355 2704 1535 2743 censu
1582 2689 1803 2743 denarii
1831 2689 1990 2744 aurei
2099 2686 2157 2736 et
2188 2681 2342 2752 apud
2373 2679 2705 2736 districtum
2729 2680 2994 2750 judiccm
3042 2679 3281 2752 praemia
3325 2683 3549 2737 aeternas
3591 2678 3757 2751 pacis

346 2791 538 2830 annuo
570 2775 947 2830 Lateranensi
971 2774 1183 2846 palatio
1203 2775 1718 2847 persolvendo.Per
1740 2793 1988 2847 praesen-
2099 2770 2416 2825 inveniant.
2441 2771 2642 2825 Amen.
3484 2824 3489 2828 .

346 2863 421 2918 tis
451 2879 588 2934 ergo
625 2861 912 2934 privilegii
963 2862 1237 2934 paginam
1278 2863 1598 2934 apostolica
1647 2865 1989 2921 auctoritate
2169 2858 2379 2914 Datum
2414 2856 2724 2913 MediOIaHi
2757 2874 2858 2929 per
2904 2873 3146 2912 manum
3200 2857 3473 2933 Joannis,
3526 2862 3751 2914 sanctae

348 2950 662 3006 statuimus
695 2954 762 3004 ut
790 2966 1033 3021 quisque
1082 2950 1238 3005 dona
1285 2967 1550 3023 quasque
1589 2954 1988 3023 possessiones
2099 2947 2371 3003 Romanae
2414 2944 2678 3002 Ecclesiae
2722 2946 2952 3002 diaconi
3004 2946 3336 3015 cardinalis,
3372 2936 3454 3003 vn
3501 2946 3743 3003 Kalend.

347 3039 550 3094 eadem
592 3037 892 3093 comitissa
930 3043 1133 3094 vestrae
1179 3039 1425 3095 contulit
1469 3040 1746 3110 ecclesiae,
1794 3043 1880 3098 vel
1929 3044 1986 3100 in
2095 3035 2277 3102 Junii,
2310 3036 2509 3090 indict.
2543 3052 2623 3099 in,
2653 3035 3029 3107 pontificatus
3060 3040 3253 3091 autem
3285 3036 3484 3091 domni
3518 3034 3745 3091 Urbani

346 3128 612 3182 futurum
673 3126 920 3181 Domino
960 3127 1281 3199 inspirante
1337 3128 1664 3196 contulerit,
1697 3130 1984 3203 quidquid
2023 3192 2058 3203 Α
2096 3123 2336 3180 secundi
2369 3141 2529 3197 papae
2560 3127 2781 3179 octavo.

346 3214 521 3314 etiam
554 3213 754 3270 ﬁdeles
778 3214 1027 3314 quilibet
1049 3192 1107 3270 in
1140 3232 1374 3314 quoque
1401 3192 1736 3314 episcopatu
1775 3192 1984 3277 de‘suo
2016 3192 2059 3258 C
2371 3192 2387 3197 —
2446 3192 2463 3196 —
2804 3257 3013 3314 CXLIV

501 3319 608 3403 ΓΟ
637 3319 880 3403 Siliani?)
920 3304 1249 3403 aniinarum
1282 3304 1471 3403 saluti
1517 3308 1987 3403 deincepiomu'
2103 3346 2310 3403 Urbani
2363 3347 2412 3401 11
2480 3361 2631 3403 υαυκ
2675 3301 3032 3403 ευίιςεῐὶὲιωιίά
3099 3346 3577 3403 Salmoriaccnscs.
3633 3350 3699 3403 ta:

346 3361 366 3447 ἰ
436 3390 448 3403 .
503 3361 523 3375 ³
653 3390 664 3403 .
799 3392 808 3402 .
1455 3393 1467 3405 .
1569 3361 1578 3362 ί
1827 3361 1960 3364 ‘"'“
2103 3361 2307 3403 Uroam
2363 3361 2409 3401 ιι
2475 3361 2631 3418 papae
2675 3361 2903 3417 epzswta
2958 3361 3030 3401 aa
3099 3361 3577 3417 oatmormccnscs,
3633 3361 3751 3403 tam

350 3392 852 3489 _er1nt,.qu1dquid
894 3396 1175 3489 praeterea
1212 3410 1582 3489 concessmne
1623 3396 1988 3467 pontificum,
2594 3417 2817 3472 σιρνίεοε
2860 3433 3023 3489 quam
3060 3418 3246 3474 [ηεροδ-

346 3479 694 3535 liberalitate
722 3480 1052 3553 principum
1077 3482 1238 3552 juste
1285 3483 1675 3555 canoniceque
1724 3485 1990 3556 poteritis
2721 3479 2902 3556 ,,___'_
2945 3533 3074 3556 mn!

346 3532 422 3535 ηπ
438 3532 485 3535 --
502 3532 687 3535 --π-ντνν
722 3532 751 3551 ι-
768 3532 779 3533 ί
796 3532 943 3553 ί---ιέ
960 3532 1052 3536 ----
1077 3532 1101 3552 υ
1117 3532 1177 3537 ν*
1191 3532 1235 3537 ⁷-
1290 3532 1674 3555 "‘""“"1"'
1725 3532 1878 3556 ιη’-ν·
1895 3532 1989 3541 ""'
3045 3535 3074 3551 ν

346 3568 614 3642 adipisci,
639 3569 809 3625 ﬁrma
834 3570 999 3626 vobis
1020 3571 1343 3644 vestrisque
1365 3572 1805 3630 successoribus
1834 3577 1891 3630 et
1922 3574 1989 3629 il-
2328 3631 2390 3644 ω
2439 3630 2479 3644 ,κ
2645 3622 2648 3626 .
2720 3532 2906 3644 (Almo

346 3630 525 3717 ιίιοέιε
555 3630 955 3730 ρένηηηθεηι,
1247 3630 1264 3644 ³
2327 3631 2415 3701 [1).
2439 3630 2735 3696 Βουρυετ,
2766 3630 3002 3701 Recucil,
3034 3637 3075 3686 t.
3109 3631 3250 3701 xw,
3284 3649 3342 3705 p.
3372 3632 3526 3702 760.]

416 3745 794 3802 Decernimus
821 3762 957 3816 ergo
975 3745 1196 3802 utnulli
1232 3747 1471 3804 omnino
1492 3748 1802 3804 hominum
1821 3748 1994 3805 liceat
2173 3746 2449 3802 URBANUS
2480 3746 2812 3818 cpiscopus,
2847 3763 3048 3802 servus
3081 3763 3382 3804 servorum
3414 3746 3539 3816 Dei,
3573 3746 3756 3805 dilec-

345 3835 617 3892 eumdem
643 3834 836 3891 locum
872 3840 1091 3892 temere
1124 3837 1591 3908 perturbare,aut
1613 3840 1740 3910 ejus
1761 3856 1991 3911 posses-
2100 3835 2176 3891 tis
2208 3834 2345 3890 ﬁliis
2374 3838 2495 3891 tam
2545 3832 2771 3890 clericis
2819 3851 2999 3906 quam
3029 3834 3216 3903 laicis,
3258 3837 3318 3891 in
3350 3851 3498 3910 pago
3532 3824 3757 3894 Salmo-

348 3923 540 3980 siones
566 3923 907 3991 auferre,vel
939 3924 1164 3979 ablatas
1196 3924 1462 3993 retinere,
1498 3926 1881 3994 minuere,vel
1908 3932 1991 3984 te-
2102 3923 2348 3979 riacensi
2396 3921 2921 3990 commorantibus,
2971 3922 3222 3979 salutem
3265 3928 3322 3979 et
3372 3923 3755 3997 apostolicam

349 4011 614 4068 merariis
642 4011 1048 4067 vexationibus
1078 4012 1341 4085 fatigare,
1375 4014 1475 4068 sed
1526 4015 1725 4070 omnia
1769 4015 1995 4089 integra
2101 4010 2586 4068 benedictionem.

346 4103 783 4168 conserventur,
811 4116 1012 4155 eorum
1041 4117 1143 4171 pro
1175 4117 1425 4171 quorum
1473 4104 1898 4171 sustentatione
1928 4123 1993 4163 ac
2172 4101 2455 4168 Quoniam
2487 4101 2665 4157 frater
2685 4100 3035 4158 Viennensis
3055 4102 3529 4175 archiepiscopus
3552 4107 3757 4160 nostro

347 4189 767 4262 gubernatione
797 4203 1071 4244 concessa
1085 4189 1454 4256 sunt,usibus
1484 4191 1838 4250 omnimodis
1859 4212 1992 4268 pro-
2100 4195 2158 4247 et
2185 4189 2415 4246 concilii
2444 4190 2599 4262 quod
2650 4188 2931 4263 largiente
2968 4190 3215 4247 Domino
3264 4190 3561 4264 placentia
3606 4192 3758 4250 cele-

350 4278 564 4334 futura.
597 4276 859 4333 Obeunte
904 4278 1373 4349 congregationis
1420 4285 1620 4336 vestrae
1663 4285 1990 4356 praeposito,
2100 4281 2335 4337 bratum
2365 4277 2695 4350 estjudicio
2727 4279 2963 4336 obedire
2988 4280 3360 4353 contempsit,
3392 4284 3458 4335 ut
3484 4280 3773 4337 videlicet.

349 4365 548 4421 nullus
578 4365 657 4419 ibi
672 4364 934 4435 qualibet
953 4365 1346 4437 subreptionis
1369 4369 1584 4425 astutia
1605 4369 1691 4424 vel
1723 4372 1995 4430 violentia
2104 4367 2640 4441 Gratianopolitano
2672 4367 2942 4440 episcopo
2994 4367 3518 4426 Salmoriacenssm
3559 4370 3759 4427 archi-

350 4458 742 4527 praeponatur,
777 4453 892 4510 nisi
918 4470 1091 4525 quem
1118 4455 1324 4512 fratres
1350 4458 1648 4515 communi
1678 4478 1989 4533 consensu,
2103 4457 2436 4513 diaconiam
2467 4457 2819 4525 restitueret,
2850 4455 3003 4511 sicut
3026 4458 3096 4513 de
3119 4474 3186 4513 ea
3210 4457 3402 4514 fuerat
3424 4457 3759 4529 investitus,

348 4541 436 4599 vel
468 4543 715 4598 fratrum
766 4559 901 4615 pars
931 4543 1155 4600 consilii
1208 4545 1482 4614 sanioris,
1532 4550 1855 4607 secundum
1895 4552 1999 4609 Dei
2028 4558 2074 4622 Ι)
2106 4562 2213 4601 nos
2243 4544 2408 4600 vobis
2439 4543 2814 4616 praesentium
2845 4543 3172 4601 litterarum
3197 4546 3542 4603 auctoritate
3563 4547 3764 4620 praeci-

350 4631 620 4690 timorem
654 4632 1202 4705 institutionemque
1248 4634 1587 4692 canonicam
1640 4639 2001 4709 providerint
2113 4634 2308 4706 pimus
2339 4636 2424 4699 ut,
2457 4633 2723 4702 eJUSdem
2755 4632 3103 4692 Viennensis
3152 4634 3579 4709 archiepiscopi
3619 4638 3761 4693 sub-

347 4721 704 4795 eligendum.
738 4722 1066 4778 Statuimus
1115 4723 1292 4779 etiam
1336 4742 1408 4780 ne
1437 4724 1530 4780 cui
1563 4726 1834 4797 fratrum,
1868 4734 2005 4801 post
2105 4721 2361 4794 jectione
2393 4720 2725 4793 posthabita
2755 4737 2932 4793 quam
2964 4740 2999 4779 a
3022 4724 3186 4780 vobis
3214 4724 3446 4781 videtur
3475 4724 3763 4782 violenter

349 4811 767 4883 professionem
800 4811 1141 4879 exhibitam,
1180 4812 1351 4869 liceat
1409 4830 1475 4869 ex
1515 4816 1717 4871 eodem
1750 4817 2004 4874 claustro
2114 4810 2360 4883 exigere,
2401 4807 2938 4882 Gratianopolitano
2986 4812 3263 4890 deinceps
3296 4816 3581 4885 tanquam
3634 4831 3765 4888 pro-

350 4899 477 4953 sine
506 4898 799 4972 praepositi
820 4915 921 4956 seu
936 4902 1405 4973 congregationis
1427 4904 1812 4974 permissione
1826 4906 2007 4962 disce-
2113 4899 2239 4971 prio
2271 4898 2542 4969 episcopo
2572 4897 2880 4965 Obediotis,
2919 4900 3103 4957 donec
3146 4901 3413 4974 utrisque
3457 4905 3763 4976 praesnti.-

350 4988 513 5043 dere:
547 4986 940 5043 discedentem
972 5005 1105 5042 vero
1133 4989 1331 5045 nullus
1353 4991 1632 5047 abbatum
1660 4993 1746 5048 vel
1779 4995 2000 5066 cpisco-
2114 4991 2223 5043 bus
2254 4987 2406 5042 idem
2438 4986 2735 5060 negotium
2767 4988 2827 5043 in
2860 4993 3059 5046 nostra
3102 4990 3193 5046 vel
3232 4990 3409 5064 legati
3441 4992 3627 5048 nostri
3660 5010 3763 5049 au-

350 5092 583 5150 porum,
616 5075 815 5131 nullus
846 5076 1267 5134 monachorum
1300 5096 1401 5135 seu
1436 5081 1847 5137 canonicorum
1872 5082 1998 5138 sine
2113 5076 2334 5131 dientia
2363 5075 2640 5131 canonico
2677 5075 2904 5147 judicio
2952 5079 3284 5141 deﬁniatur.
3318 5079 3379 5137 Si
3423 5097 3556 5137 vero
3583 5082 3762 5138 etiam

350 5163 752 5221 communium
785 5165 1054 5221 cautione
1082 5166 1407 5224 litterarum
1440 5170 1747 5241 suscipiat.
1781 5171 1995 5228 Conse-
2104 5182 2262 5221 nunc
2294 5163 2643 5221 Viennensis
2675 5165 3148 5242 archiepiscopus
3178 5186 3367 5244 usque
3406 5171 3479 5227 ad
3524 5172 3764 5227 canoni-

351 5253 642 5310 crationes
669 5252 1070 5323 ecclesiarum,
1118 5257 1510 5314 ordinationes
1547 5256 1893 5316 clericorum
1924 5261 1995 5316 ab
2108 5270 2243 5311 cum
2292 5253 2579 5322 judicium
2631 5271 2808 5329 super
2863 5255 3233 5316 investitione
3283 5260 3393 5315 hac
3433 5259 3763 5332 inquietare

351 5343 625 5416 episcopo
646 5344 704 5399 in
727 5344 1143 5416 cujusdimcesi
1166 5346 1324 5417 estis,
1342 5346 1677 5419 accipietis;
1705 5347 1996 5421 siquidem
2106 5342 2571 5418 praesumpserit,
2606 5361 2712 5400 nos
2742 5345 2939 5418 ipsum
2996 5346 3231 5421 interim
3287 5349 3360 5404 ab
3407 5330 3570 5406 illius
3626 5330 3761 5407 obe-

351 5432 672 5490 catholicus
703 5433 896 5503 fuerit,
929 5438 986 5491 et
1013 5434 1063 5491 si
1112 5438 1360 5509 gratiam
1409 5418 1483 5492 et
1523 5418 1998 5495 communionem
2113 5433 2333 5491 dientia
2363 5431 2786 5490 subtrahimus.
3100 5418 3107 5423 ’

350 5522 677 5598 apostolicae
719 5524 874 5581 sedis
914 5524 1206 5595 habuerit,
1240 5531 1298 5582 et
1327 5525 1377 5582 si
1426 5541 1523 5581 eas
1556 5527 1739 5600 gratis
1766 5527 2000 5601 impen-
2177 5523 2323 5582 Data
2337 5521 2661 5581 Mediolano
2692 5521 2939 5598 septimo
2961 5523 3089 5585 Kal.
3116 5525 3298 5586 Junii.

352 5613 488 5678 dore
516 5629 583 5675 eo
613 5613 739 5676 sine
760 5614 1038 5693 pravitate
1065 5612 1315 5678 voluerit
1347 5631 1361 5676 :
1396 5612 1655 5695 alioquin
1687 5633 1722 5677 ο.
1754 5633 1990 5699 quoque
