3950 6374
170 340 283 405 421

276 566 490 624 Urbani
512 570 565 625 II
584 480 1340 646 pﬁvikgiugx;:.Ewlesia
1374 581 1725 638 Vesontiensi.

819 663 986 719 Anno
1016 664 1175 721 1095.

199 759 221 767 ’·
242 745 497 813 [Donum
532 747 667 805 Hist.
701 748 793 805 des
823 750 1149 824 Séquanais,
1207 757 1351 811 tom.
1385 756 1456 825 II,
1487 774 1545 832 p.
1577 759 1731 831 585.]

241 848 528 909 URBANUS
558 853 889 928 episcopus,
922 874 1126 916 servus
1156 877 1457 920 servorum
1489 864 1828 933 Dei,dilecto

169 937 295 995 tilio
326 939 572 1008 chom,
601 942 774 1001 tertio
805 950 1019 1002 sanctis
1049 948 1529 1010 Vesontionensis
1558 953 1827 1011 Ecclesiae

170 1025 635 1104 archiepiscopo,
653 1032 899 1106 ejusque
925 1038 1386 1107 successoribus,
1400 1042 1672 1099 canonice
1689 1046 1827 1100 sub-

171 1114 490 1174 stituendis
520 1119 580 1175 in
605 1126 973 1193 perpetuum.

241 1205 602 1263 Potestatem
637 1207 856 1282 ligandi
890 1215 1065 1284 atque
1095 1214 1354 1272 solvendi
1385 1217 1443 1273 in
1472 1217 1631 1276 cmlis
1680 1224 1736 1276 et
1765 1221 1825 1276 in

169 1297 348 1364 terra,
379 1294 551 1351 beato
582 1297 750 1353 Petro
780 1299 1026 1372 ejusque
1083 1306 1541 1374 successoribus,
1594 1313 1828 1365 auctore

170 1382 749 1457 Deo,principalitcr
802 1389 1100 1456 traditam,
1160 1391 1415 1450 Ecclesia
1461 1397 1653 1452 verbis
1711 1397 1827 1455 illis

171 1470 477 1543 agnoscit:
503 1473 845 1548 Quaecunque
886 1478 1143 1549 ligaveris
1198 1498 1361 1554 super
1391 1486 1615 1552 terram,
1666 1495 1827 1543 erunt

169 1560 345 1630 ligata
372 1563 425 1616 et
452 1563 513 1617 in
534 1562 685 1629 caelo,
718 1568 768 1620 et
800 1581 1137 1641 quacunque
1164 1572 1389 1627 solveris
1418 1589 1580 1645 super
1602 1582 1825 1642 terram,

169 1656 334 1706 erunt
361 1650 544 1707 soluta
572 1653 622 1708 et
666 1653 726 1708 in
774 1654 953 1722 θαλίη
1004 1654 1235 1730 ipsique
1266 1659 1513 1717 ﬁrmitas
1543 1666 1599 1718 et
1628 1662 1827 1720 alienae

171 1736 309 1794 fidei
340 1739 710 1796 conﬁrmatio
739 1743 942 1798 eodem
967 1749 1202 1801 auctore
1225 1747 1340 1803 Deo
1360 1755 1826 1821 praestatur,cum

1349 352 1753 421 EPISTOL/E
1794 350 1895 422 E'l‘
1935 352 2379 425 PRIVILEGIA
2396 408 2411 424 .

1851 495 1906 561 Α
1937 492 2155 550 nullius
2178 512 2439 567 unquam
2462 498 2668 557 faciem
2692 507 2892 562 contra
2908 508 3212 570 veritatem
3235 520 3574 594 respiciens,

3460 387 3579 451 492

1937 580 2158 638 nullius
2211 601 2473 680 unquam
2536 587 2743 647 faciem
2801 611 2905 666 pro
2960 598 3202 658 veritate
3243 580 3575 680 loq-uenteni

1935 686 2226 742 premens,
2263 672 2675 734 misericordia
2706 682 2915 753 opibus
2935 685 3108 758 juxta
3134 672 3407 753 virtutem
3438 700 3576 756 sub-

1936 758 2165 815 stantias
2188 760 2484 833 insistens,
2508 769 2566 822 et
2597 771 2791 826 tamen
2817 788 2995 846 super
3016 776 3287 838 virtutem
3310 783 3581 844 insistere

1936 846 2201 918 cupiens,
2233 848 2482 908 inﬁrmis
2509 858 2892 929 compatiens,
2933 862 3410 929 benevalcntibus
3441 890 3580 933 con-

1935 935 2219 1036 gaudens,
2252 938 2324 1036 de
2353 939 2563 1036 alienis
2620 947 2853 1036 gaudiis
2884 954 3163 1025 tanquam
3198 959 3270 1016 de
3326 964 3580 1036 propriis

1935 1024 2257 1095 exsultans,
2291 1027 2350 1082 in
2381 1030 2741 1103 corrigendis
2764 1037 2920 1093 vitiis
2949 1024 3212 1116 saiviens,
3233 1047 3292 1104 in
3317 1024 3579 1110 fovendis

1935 1113 2255 1170 virtutibus
2315 1117 2648 1176 auditorum
2706 1125 2936 1184 animos
2983 1113 3344 1207 demulcens,
3376 1138 3435 1196 in
3492 1142 3582 1198 ira

1928 1202 2219 1273 judicium
2252 1203 2394 1261 sine'
2434 1206 2522 1263 ira
2557 1213 2783 1279 tenens,
2816 1213 2873 1270 in
2932 1202 3340 1293 tranquilitats-
3383 1233 3578 1285 autem

1937 1291 2263 1347 severitatis
2285 1293 2463 1364 justze
2491 1312 2797 1356 censuram
2832 1321 2944 1360 non
2977 1291 3271 1369 deserens.
3313 1315 3443 1373 Haec
3469 1324 3576 1388 est,

1937 1378 2114 1434 frater
2143 1379 2505 1449 charissime,
2538 1386 2695 1456 pallii
2731 1394 2948 1463 accepti
3009 1396 3283 1470 dignitas,
3318 1419 3495 1475 quam
3529 1378 3577 1462 si

1936 1466 2181 1523 sollicite
2205 1472 2542 1544 servaveris,
2576 1478 2729 1546 quod
2759 1480 2896 1536 foris
2919 1466 3210 1557 accepisse
3229 1466 3576 1563 ostenderis,

1934 1554 2095 1611 intus
2116 1554 2378 1614 habebis.
2405 1560 2845 1622 Fraternitatem
2868 1573 3031 1627 tuam
3049 1554 3304 1647 superna
3318 1554 3578 1653 dignatio

1935 1660 2039 1716 per
2066 1648 2330 1717 tempora
2360 1646 2537 1721 longa
2565 1660 2864 1711 conservet
2893 1646 3244 1721 incolumen.

2013 1738 2155 1788 Data
2181 1736 2337 1807 apud
2369 1736 2612 1804 Ostiam,
2648 1757 2750 1812 per
2798 1762 3038 1804 manum
3069 1749 3331 1823 Joannis,
3366 1762 3579 1816 sancta)

172 1825 244 1881 ad
269 1824 443 1882 illum
477 1827 730 1885 dicitur:
762 1831 966 1902 Rogavi
986 1850 1087 1905 pro
1121 1842 1170 1889 te
1197 1842 1257 1892 ut
1288 1852 1399 1892 non
1425 1838 1641 1909 deﬁciat
1683 1841 1823 1912 ﬁdes
1857 1854 1904 1919 Β
1936 1821 2208 1921 βοξξηῗξπθ
2248 1824 2517 1881 Ecclesiae
2573 1832 2910 1921 {Mdinalisi
2970 1837 3174 1909 quinto
3230 1821 3352 1899 Kaj'
3413 1846 3577 1918 Julii,

173 1917 311 1978 tua;
360 1922 421 1971 tu
475 1924 659 1973 autem
727 1934 1016 1976 conversus
1077 1924 1342 1995 conﬁrma
1418 1927 1619 1997 fratres
1683 1932 1819 1986 tuos.

174 2003 414 2076 Oportet
434 2020 571 2079 ergo
602 2022 729 2074 nos,
763 2008 884 2080 qui,
919 2008 1055 2066 licet
1083 2010 1329 2085 indigni,
1362 2013 1510 2070 Petri
1571 2016 1823 2073 residere

171 2092 445 2149 videmur
472 2088 532 2150 in
562 2094 711 2163 loco,
744 2113 922 2170 prava
957 2099 1264 2173 corrigere,
1298 2105 1455 2158 certa
1480 2104 1734 2173 ﬁrmare,
1767 2110 1823 2162 et

170 2182 230 2237 in
263 2182 428 2238 omni
449 2182 802 2253 Ecclesia,ad
827 2186 1037 2243 interni
1061 2190 1367 2246 arbitrium
1384 2192 1604 2264 judicis
1629 2195 1824 2267 dispo-

173 2272 366 2327 nendo
400 2270 485 2328 sic
522 2272 850 2347 disponere,
886 2280 950 2331 ut
1001 2278 1072 2333 de
1125 2277 1290 2334 vultu
1351 2281 1479 2352 ejus
1527 2282 1821 2353 judicium

172 2356 444 2416 nostrum
477 2362 738 2433 prodeat,
770 2368 829 2420 et
852 2364 1005 2420 oculi
1035 2366 1270 2423 videant
1297 2371 1651 2441 aequitatem.
1680 2372 1823 2429 Tuis

172 2447 527 2522 ergo,ﬁliiin
561 2449 790 2508 Christo
813 2453 1159 2511 charissima
1181 2456 1371 2529 Hugo,
1391 2458 1574 2529 justis
1595 2459 1822 2532 petitio-

172 2538 350 2594 nibus
382 2543 730 2608 annuentes,
766 2545 1030 2598 sanctam
1063 2543 1431 2601 Bisuntinam
1481 2547 1819 2618 Ecclesium,

174 2626 265 2681 cui
296 2626 415 2682 Deo
433 2631 668 2684 auctore
684 2630 995 2701 praesidere
1025 2637 1082 2687 et
1110 2634 1440 2705 apostolicae
1455 2637 1611 2694 sedis
1632 2644 1825 2695 aucto-

175 2714 347 2772 ritate
376 2715 613 2783 videris,
636 2718 955 2776 statuimus
980 2738 992 2787 ;
1028 2728 1409 2794 quascunque
1434 2725 1628 2794 urbes,
1653 2742 1827 2798 quas-

174 2820 408 2876 cunque
424 2804 904 2879 parochias,quas
917 2809 1289 2866 decessorum
1306 2816 1541 2868 tuorum
1563 2818 1826 2888 tempore

174 2892 427 2964 prmfate
463 2894 788 2967 metropoli,
822 2896 1152 2968 apostolica
1183 2899 1340 2955 sedis
1370 2903 1669 2960 concessio
1690 2906 1825 2961 sub-

173 2981 344 3051 didit,
378 2987 659 3055 perpetuo
678 2984 944 3040 subditas
962 3002 1324 3057 permanere.
1352 2990 1631 3049 Abbatias
1651 2995 1825 3050 etiam

170 3069 326 3126 intra
354 3071 585 3138 urbem,
619 3088 765 3144 quas
796 3072 1126 3130 Busuntina
1157 3075 1408 3133 Ecclesia
1438 3081 1825 3154 antiquojure

169 3158 508 3230 possedisse
524 3160 875 3232 agnoscitur,
897 3161 955 3217 in
979 3164 1181 3219 eadem
1203 3182 1433 3239 semper
1447 3170 1822 3228 concedimus

1931 1910 2249 1969 indictione
2279 1929 2362 1982 III,
2396 1930 2548 1971 anno
2579 1916 2893 1977 Dominicaa
2949 1925 3370 1989 Incarnationis
3419 1910 3578 2005 1096,

1931 1999 2306 2071 pontificatus
2337 2007 2532 2060 autem
2563 2006 2761 2063 domui
2794 2010 3010 2068 Urbani
3041 2015 3090 2071 II
3119 2034 3284 2093 papa:
3312 2038 3435 2097 vui.

2638 2113 2869 2174 CXLVI.

2005 2196 2211 2252 Urbani
2260 2199 2312 2252 II
2338 2201 2564 2271 epistola
2593 2203 2675 2286 ad.
2702 2206 3051 2265 Lambcrtum
3104 2214 3511 2276 Atrebatens‘em

2584 2289 2915 2348 eprscoImm.

2552 2362 2739 2433 (Anno
2772 2367 2954 2441 1095.)

2358 2447 2588 2518 [MANSI,
2623 2451 2828 2509 Concil.
2853 2455 2964 2525 XX,
2998 2459 3150 2534 694.]

2003 2532 2279 2591 URBANUS
2308 2535 2637 2610 episcopus,
2669 2556 2871 2599 servus
2902 2532 3200 2605 servorum
3233 2552 3577 2620 Dei,dilecto

1932 2621 2094 2676 fratri
2130 2628 2459 2690 Lamssn'ro,
2489 2627 2851 2687 Atrebatensi
2880 2634 3171 2709 episcopo,
3232 2639 3481 2698 salutem
3521 2649 3578 2700 et

1934 2709 2312 2782 apostolicam
2341 2713 2828 2774 benedictionem.

2005 2798 2238 2857 Noverit
2266 2799 2498 2858 dilectio
2526 2806 2627 2858 tua
2685 2822 2793 2862 nos
2824 2808 2881 2863 in
2926 2811 3190 2881 proximo
3245 2815 3573 2889 Novembri,

1933 2886 1992 2942 in
2026 2888 2247 2943 octavio
2276 2888 2543 2947 videlicet
2565 2892 2624 2948 S.
2678 2894 2934 2965 Martini,
2981 2901 3137 2972 apud
3169 2886 3576 2963 Clarummon;

1933 2978 2073 3044 tem,
2122 2981 2419 3033 annuente
2450 2980 2717 3050 Domino,
2772 2987 3050 3056 synodale
3106 2990 3419 3050 concilium
3456 2999 3576 3055 sta-

1933 3063 2139 3133 tuisse,
2172 3065 2244 3121 ad
2276 3067 2431 3138 quod
2463 3072 2626 3125 tuam
2665 3072 3088 3143 providentiam
3121 3078 3459 3149 invitemus,
3490 3089 3573 3155 ut,

1934 3153 2095 3208 omni
2124 3154 2430 3211 occasione
2459 3156 2733 3230 seposita,
2768 3166 2985 3220 statuto
3015 3165 3074 3221 in
3118 3170 3402 3241 tempore,
3431 3153 3575 3245 prae?

169 3218 193 3230 -
558 3218 593 3232 υ
864 3218 874 3229 ,
1102 3218 1131 3219 ρ
1154 3218 1181 3219 φ
1211 3218 1423 3239 η-τ--
1451 3218 1787 3228 "mw-.."

168 3247 547 3319 possessione
573 3250 883 3322 pertinere.
920 3251 981 3306 In
1012 3251 1105 3307 his
1140 3258 1337 3311 autem
1368 3273 1495 3329 quas
1525 3263 1687 3315 extra
1723 3278 1793 3316 ur

2524 3218 2543 3230 ,
2720 3218 2731 3227 ,
2962 3218 2972 3220 ἡ
3125 3218 3237 3223 -ν-
3285 3218 3402 3240 ν--ι
3473 3218 3547 3230 --ν

1965 3240 2089 3297 licto
2120 3244 2179 3297 in
2209 3241 2356 3311 loco,
2390 3261 2506 3300 non
2537 3247 2767 3304 omittat
2796 3266 3116 3309 occurrere.
3162 3218 3403 3315 Noli—reris
3430 3218 3576 3332 pr-

164 3336 302 3392 bem
336 3339 479 3393 sunt
495 3336 631 3393 sita:
658 3356 671 3406 ;
701 3338 968 3396 videlicet
998 3340 1312 3410 Balménsi,
1335 3343 1517 3401 Castri
1545 3346 1816 3417 Canonis,

166 3425 484 3495 Laonensi,
515 3425 643 3483 Alte
675 3427 957 3499 Patrensi,
989 3429 1317 3500 Cusatensi,
1375 3433 1816 3506 Valleclusensi,

164 3513 486 3583 Palmensi,
546 3515 913 3586 Luxoviensi,
990 3518 1279 3586 Lutrensi,
1354 3521 1814 3596 Faverniacensi,

160 3602 361 3659 Sancti
393 3602 700 3674 Urcissini,
734 3605 791 3661 id
842 3607 998 3678 juris
1036 3612 1141 3663 tua
1193 3609 1527 3669 fraternitas
1581 3613 1814 3682 habeat,

161 3691 316 3763 quod
339 3687 798 3765 prmdecessores
816 3699 947 3752 tuos
970 3700 1217 3765 constat,
1251 3700 1635 3771 permissione
1660 3704 1815 3760 sedis

160 3780 495 3853 apostolicis
506 3780 805 3839 habuisse.
828 3784 911 3838 Ad
939 3783 1057 3841 haec
1080 3802 1463 3861 quascunque
1493 3792 1813 3863 possessio-

160 3871 1343 3944 nes,quaecunquebona,praedecessorum
1359 3880 1712 3948 tuorum,vel
1725 3883 1809 3937 tui

158 3956 346 4030 ipsius
368 3958 679 4028 industria,
714 3964 927 4018 sanctae
953 3960 1272 4020 Bisuntinse
1304 3964 1568 4023 Ecclesiae
1589 3968 1814 4042 jugiter

159 4063 223 4102 ac
251 4046 523 4118 legaliter
541 4048 869 4121 acquisivit,
901 4051 991 4106 vel
1024 4052 1081 4107 in
1106 4053 1679 4130 futurum,largiente
1700 4064 1811 4116 Do-

159 4136 561 4210 mino,poterit
579 4137 887 4210 adipisci,fi
898 4157 1023 4197 rma
1042 4158 1273 4216 semper
1291 4143 1506 4202 habere
1519 4151 1574 4203 et
1587 4146 1811 4207 illibata

158 4225 483 4282 sancimus.
516 4226 796 4283 Praeterea
824 4227 1091 4300 pallium,
1123 4230 1303 4289 totius
1332 4233 1601 4291 videlicet
1619 4241 1808 4309 ponti-

158 4313 341 4371 ficalis
367 4312 671 4388 dignitatis
701 4315 1154 4389 plenitudinem,
1211 4321 1317 4377 tibi
1349 4338 1418 4378 ex
1474 4326 1805 4397 apostolicae

158 4403 309 4460 sedis
338 4402 703 4476 benignitate
753 4422 819 4461 ac
848 4407 1056 4479 gratia,
1113 4409 1510 4484 indulgemus,
1561 4431 1675 4487 quo
1704 4421 1807 4475 tua

158 4490 511 4560 fraternitas,
536 4492 690 4549 intra
718 4494 1023 4552 ecclesiam
1054 4500 1217 4554 tuam
1249 4500 1334 4555 uti
1364 4501 1437 4557 ad
1486 4503 1800 4563 missarum

1914 3334 2085 3386 terea
2113 3331 2591 3391 Cameracensem
2614 3335 2954 3411 episcopum
2977 3341 3178 3399 missis
3197 3345 3270 3401 ad
3302 3363 3409 3404 nos
3430 3331 3578 3407 litte-

1928 3418 2009 3475 ris
2037 3436 2105 3475 ac
2135 3420 2360 3477 nuntiis
2390 3438 2493 3493 pro
2522 3424 2889 3484 Atrebatensi
2923 3430 3178 3490 Ecclesia
3196 3434 3575 3494 vehementer

1924 3507 2637 3581 interpellasse,dicentem
2667 3530 2730 3570 se
2759 3520 2817 3571 et
2837 3516 3157 3578 Ecclesiam
3178 3539 3347 3579 suam
3368 3525 3577 3583 Roma-

1926 3595 2017 3653 nis
2052 3596 2367 3670 privilegiis
2422 3615 2552 3656 esse
2605 3602 2891 3660 munitam
2922 3624 2936 3672 ;
2968 3609 3121 3663 unde
3177 3615 3404 3683 oportet
3431 3630 3571 3686 pru-

1925 3685 2180 3741 dentiam
2221 3692 2382 3742 tuam
2416 3689 2487 3743 ad
2521 3687 2700 3760 hujus
2730 3693 2948 3764 negotii
2996 3685 3449 3769 responsionem
3466 3719 3570 3775 pa-

1923 3779 2109 3831 ratam
2132 3791 2267 3831 cum
2289 3776 2410 3832 tuis
2440 3777 2665 3835 clericis
2695 3782 3019 3841 convenire.
3304 3780 3326 3817 ·’
3416 3790 3421 3795 ’

1994 3864 2136 3920 Data
2167 3866 2322 3937 apud
2352 3866 2623 3923 Anicium
2655 3886 2790 3926 xvm
2822 3871 2945 3928 Kal.
2976 3875 3225 3948 Augusti
3254 3878 3387 3951 (37).

1923 4060 2130 4118 Urbani
2156 4062 2206 4116 Il
2226 4078 2386 4137 papae
2427 3974 2910 4137 privilgfuluygro
2966 4074 3294 4128 monasterio
3348 4055 3564 4132 monia-

2345 4135 2482 4193 lium
2509 4140 2569 4191 S.
2595 4137 2746 4192 Petri
2765 4135 3135 4198 Blasiliensis.

2536 4225 2725 4296 (Anno
2758 4228 2941 4301 1095.)

1917 4309 2320 4381 [COQUELINES,
2351 4313 2589 4370 Βαιιαν..
2909 4336 3108 4376 summ.
3136 4326 3288 4394 poni.
3321 4323 3561 4395 ϐοηθοίη

1983 4489 2260 4546 URBANUS
2289 4491 2620 4564 episcopus,
2652 4510 2854 4550 servus
2884 4512 3184 4556 servorum
3214 4500 3563 4574 Dei,dilectte

157 4580 441 4638 solemnia
473 4580 820 4641 celebranda
878 4586 1235 4657 meminerit,
1269 4588 1384 4646 illis
1434 4591 1804 4653 solummodo
1836 4573 1881 4638 Π
1911 4576 1971 4633 in
2005 4577 2237 4635 ChriStO
2268 4579 2401 4634 ﬁlia?
2426 4581 3108 4653 Fwnzmmiabbaﬁsw
3138 4573 3475 4649 monasterii
3498 4594 3557 4650 S-

156 4669 384 4738 diebus,
417 4687 568 4742 quos
627 4672 1151 4744 praedecessoribus
1179 4676 1298 4733 tuis
1354 4680 1804 4751 apostolicorum

156 4758 591 4833 privilegiorum
624 4761 969 4819 auctoritate
998 4779 1360 4822 concessum.
1384 4766 1629 4826 Crucem
1660 4788 1801 4844 quo-

156 4861 261 4918 que
287 4851 429 4905 ante
485 4847 694 4905 faciem
748 4852 913 4907 tuam
966 4854 1290 4910 secundum
1325 4857 1628 4931 antiquam
1688 4866 1801 4919 tute

156 4935 408 4994 ecclesiae
440 4938 922 4996 consuetudinem
954 4940 1334 5013 bajulandam
1366 4950 1475 5001 tuae
1508 4947 1800 5007 dilectioni

155 5026 555 5083 concedimus.
588 5025 755 5082 Pallii
799 5045 932 5086 vero
964 5031 1222 5103 genium,
1277 5038 1334 5090 te
1380 5035 1650 5095 volumus
1698 5058 1803 5113 per

156 5115 348 5171 omnia
378 5113 697 5184 vindicare,
755 5116 1054 5190 hujusque
1104 5120 1437 5179 indumenti
1492 5124 1794 5202 honorem,

155 5199 547 5261 humilitatem
577 5207 754 5278 atque
797 5207 1114 5279 justitiam.
1174 5211 1322 5268 Tota
1368 5212 1550 5285 igitur
1604 5199 1799 5275 mente

157 5289 487 5350 fraternitas
512 5299 612 5351 tua
639 5293 892 5366 festinet,
947 5314 1010 5354 se
1066 5297 1336 5357 exhibere
1382 5301 1442 5358 in
1501 5307 1798 5379 prosperis

159 5376 467 5454 humilem,
488 5385 557 5438 et
581 5380 643 5438 in
675 5383 933 5443 adversis
964 5386 1013 5445 si
1045 5390 1281 5461 quando
1310 5376 1661 5450 emerserint
1685 5395 1796 5452 for-

154 5470 291 5539 tem,
319 5487 457 5527 cum
477 5472 714 5544 justitia
750 5472 898 5553 boni
925 5476 1115 5537 amica
1143 5480 1432 5554 perversis
1464 5484 1791 5558 contraria;

223 5611 334 5695 (37)
367 5613 502 5695 Leg.
532 5630 671 5680 mu
701 5615 823 5679 Kal.
852 5616 1000 5698 δορι.

1918 4667 2067 4723 Petri
2095 4668 2168 4723 de
2197 4668 2432 4726 Blasilia
2458 4670 2578 4741 [al.,
2602 4672 2673 4727 de
2692 4671 2909 4747 Bleﬂ‘e],
2943 4679 3002 4730 et
3028 4677 3112 4731 eis
3133 4694 3260 4750 quae
3283 4680 3342 4735 in
3372 4681 3558 4754 ipsius

1914 4755 2024 4812 loci
2054 4757 2341 4837 regimine
2396 4761 2802 4832 successerint,
2860 4764 3221 4838 regulariter,
3268 4767 3326 4825 in
3353 4786 3556 4844 perpe-

1909 4848 2102 4902 tuum.

1978 4934 2063 4990 Ad
2095 4935 2215 4991 haac
2246 4953 2352 4991 nos
2383 4936 2727 5010 disponente
2757 4940 3003 4999 Domino
3023 4943 3082 5000 in
3112 4945 3443 5018 apostolica
3464 4967 3554 5008 se-

1909 5023 2001 5078 dis
2033 5024 2333 5081 servitium
2366 5033 2665 5098 promotos
2710 5033 3109 5107 agnoscimus,
3141 5039 3206 5091 ut
3258 5037 3387 5109 ejus
3415 5038 3554 5098 filiis

1909 5111 2192 5169 auxilium
2224 5113 2676 5186 implorantibus
2706 5120 3018 5179 efﬁcaciter
3054 5126 3384 5198 subvenire,
3415 5134 3473 5185 et
3500 5130 3553 5187 ei

1907 5200 2243 5258 obedientes
2274 5202 2425 5259 tueri
2456 5222 2522 5261 ac
2552 5209 2874 5283 protegere,
2914 5216 3086 5285 prout
3116 5215 3399 5275 Dominus
3451 5218 3550 5276 de-

1906 5290 2075 5357 derit,
2106 5291 2445 5350 debeamus.
2488 5294 2652 5353 Unde
2707 5303 2935 5371 oportet
2962 5318 3069 5359 nos
3120 5306 3551 5366 venerabilibus

1903 5378 2047 5436 locis
2079 5395 2321 5437 manum
2377 5385 2754 5455 protectionis
2781 5390 3109 5463 extendere,
3142 5399 3199 5451 et
3249 5412 3549 5456 servorum

1903 5472 2080 5547 atque
2107 5470 2452 5533 ancillarum
2473 5473 2575 5533 Dei
2607 5477 2787 5553 quieti
2810 5481 3089 5541 attentius
3118 5482 3438 5561 providere.
