3950 6420
387 382 506 443 423

1698 371 1764 438 Β.
1813 377 2112 446 UBBANI
2159 378 2208 438 ll
2253 377 2501 437 ΡΑΡᾹΞ.

3681 368 3807 432 424

456 515 596 570 'l‘uis
627 515 826 586 igitur,
861 510 1070 570 dilecta
1091 511 1211 569 ﬁlia
1238 512 1296 568 in
1329 512 1554 568 Christo
1581 511 2035 580 Florentia,pre-
2069 515 2123 579 Α
2157 513 2222 564 de
2258 511 2510 564 claustro
2542 509 2840 562 discedere
2872 507 3061 576 liceat,
3118 506 3546 574 interdicimus,
3597 511 3653 559 et
3681 511 3804 559 tam

388 604 556 660 cibus
588 605 935 671 annuentes,
969 607 1032 657 B.
1061 601 1212 658 Petri
1243 602 1315 657 de
1345 599 1587 658 Blazilia
1616 599 2038 655 monasterium

389 691 450 748 in
479 691 823 748 Arvernensi
856 692 1136 747 comitatu
1168 691 1369 755 situm,
1395 689 1488 744 cui.
1511 689 1626 745 Deo
1650 692 1882 743 auctore
1905 704 2043 756 prae-

388 781 567 848 sides,
601 780 674 834 ab
705 779 1106 852 Ermengarda
1153 778 1454 834 comitissa
1510 781 1934 840 constructum,
1984 780 2042 831 et

387 867 662 923 Romanis
693 866 948 924 ecclesiae
978 867 1286 931 traditum,
1319 867 1429 923 sub
1449 867 1583 936 jure
1605 870 1662 922 et
1685 864 2041 937 protectione

387 955 544 1011 sedis
577 954 908 1028 apostolicae
937 954 1823 1028 suscipimus,quemadmodum
1851 970 1884 1009 a
1904 970 2041 1024 prae-

387 1044 796 1100 decessorib‘us
843 1045 1060 1100 nostris
1120 1048 1348 1100 constat
1366 1060 1492 1100 esse
1541 1046 1899 1114 susceptum.
1933 1042 2041 1096 Per

383 1138 730 1204 praesentem
762 1133 958 1204 itaque
984 1132 1269 1205 privilegii
1301 1133 1575 1204 paginam
1600 1129 1921 1203 apostolica
1943 1147 2042 1185 au-

385 1220 649 1277 ctoritate
679 1220 1021 1286 statuimus,
1055 1225 1113 1276 et
1141 1237 1501 1293 quaecunque
1533 1220 1686 1275 idem
1711 1217 2038 1274 coenobium

384 1307 726 1378 hodiejnste
749 1308 1118 1379 possidet,vel
1142 1308 1200 1362 in
1229 1309 1494 1367 futurum
1504 1309 1663 1376 juste
1685 1310 1742 1361 et
1763 1306 2038 1362 canonice

384 1395 788 1468 possidebit,et
821 1397 1031 1468 poterit
1063 1396 1328 1468 adipisci,
1361 1398 1418 1450 in
1451 1394 1704 1456 cellis,in
1741 1393 2032 1461 ecclesiis,

384 1483 444 1538 in
474 1482 648 1549 villis,
680 1488 737 1538 et
766 1484 824 1538 in
857 1483 1080 1540 caeteris
1111 1485 1288 1540 rebus
1317 1482 1633 1539 mobilibus
1663 1483 1784 1538 sive
1816 1481 2034 1537 immo-

381 1570 730 1641 bilibus,tibi
745 1572 980 1644 tuisque
1003 1571 1304 1628 sororibus
1321 1575 1440 1630 tam
1456 1570 1838 1644 praesentibus
1855 1587 2031 1641 quam

380 1657 616 1728 futuris,
646 1659 990 1731 regulariter
1010 1660 1272 1726 victuris,
1295 1661 1464 1720 firma
1488 1676 1719 1732 semper
1739 1662 1794 1715 et
1809 1657 2035 1714 illibata

379 1753 781 1820 permaneant.

453 1836 831 1894 Decernimus
858 1851 1016 1908 ergo,
1049 1839 1114 1890 ut
1153 1835 1299 1892 nulli
1330 1836 1568 1892 omnino
1619 1834 1928 1891 hominum
1960 1834 2028 1889 li-
2061 1870 2108 1942 Β

383 1929 527 1995 cent,
559 1925 714 1980 idem
745 1924 1078 1980 coenobium
1110 1929 1328 1981 temere
1375 1924 1733 1996 perturbare,
1767 1927 1868 1980 aut
1902 1925 2030 1995 ejus

381 2013 784 2084 possessiones
815 2013 1062 2081 auferre,
1095 2011 1181 2068 vel
1214 2011 1438 2068 ablatas
1471 2013 1735 2080 retinere,
1769 2012 2031 2067 minuere

381 2099 470 2155 vel
502 2100 828 2156 temerariis
858 2100 1258 2157 vexationibus
1291 2101 1567 2173 fatigare;
1599 2101 1698 2156 sed
1730 2100 1927 2155 omnia
1950 2099 2031 2154 in-

382 2192 546 2260 tegra
577 2192 994 2244 conserventur
1022 2205 1244 2257 earum,
1296 2205 1399 2261 pro
1453 2206 1702 2260 quarum
1735 2192 2028 2244 sustenta-

380 2276 538 2332 tione
566 2281 623 2331 et
650 2277 1071 2349 gubernatione
1102 2294 1376 2334 concessa
1407 2285 1562 2348 sunt,
1588 2277 1814 2332 nisibus
1839 2277 2025 2332 omni-

381 2365 574 2420 modis
603 2365 927 2436 profutura,
962 2366 1121 2421 salvo
1168 2366 1448 2422 canonico
1486 2366 1653 2445 sedis
1701 2364 2026 2436 apostolicae

373 2453 530 2524 jure.
559 2454 646 2508 Ad
679 2453 962 2510 indicium
985 2459 1175 2511 autem
1207 2455 1384 2525 hujus
1407 2459 1686 2527 perceptae
1705 2471 1738 2508 a
1767 2454 2027 2509 Romana

379 2541 636 2597 Ecclesia
661 2541 967 2610 libertatis,
1002 2561 1103 2616 per
1126 2543 1391 2616 singulos
1411 2560 1597 2599 annos
1628 2543 1885 2614 quinque
1909 2559 2028 2597 mo-

379 2635 524 2684 netae
554 2635 758 2686 vestrae
783 2628 1000 2688 solidos
1023 2633 1397 2690 Lateranensi
1423 2631 1638 2704 palatio
1663 2630 2022 2702 persolvetis.

377 2717 438 2775 Si
468 2719 603 2790 quis
635 2736 774 2775 sane
804 2720 862 2775 in
895 2721 1219 2778 crastinum
1267 2720 1760 2791 archiepiscopus,
1794 2719 2024 2790 episco-

377 2823 510 2878 pus,
543 2808 861 2879 imperator
891 2813 993 2864 aut
1023 2826 1139 2876 rex,
1172 2814 1274 2864 aut
1307 2810 1598 2881 princeps,
1634 2812 1734 2864 aut
1761 2809 1896 2874 dux,
1925 2812 2025 2862 aut

377 2911 594 2960 comes,
617 2899 720 2950 aut
748 2895 1020 2962 vicomes,
1048 2897 1249 2966 judex,
1290 2902 1391 2952 aut
1415 2896 1688 2968 qualibet
1719 2895 2022 2951 ecclesias-

376 2983 494 3038 tica
522 2981 610 3038 vel
665 2983 962 3040 saecularis
993 3002 1261 3057 persona,
1295 2986 1485 3042 sciens
1515 2985 1694 3055 hujus
1737 2984 2021 3055 privilegii

375 3069 672 3143 paginam,
705 3076 908 3128 contra
935 3089 1064 3129 eam
1093 3074 1286 3130 venire
1318 3079 1532 3131 temere
1565 3073 1884 3140 tentaverit,
1931 3089 2022 3128 se-

375 3160 567 3214 cundo
613 3160 850 3215 tertiove
906 3162 1323 3230 commonitus,
1373 3163 1423 3219 si
1456 3179 1568 3218 non
1625 3161 2018 3222 satisfactione

2149 616 2248 654 vos
2281 614 2459 670 quam
2481 601 2672 652 vestra
2695 597 2894 652 omnia
2915 596 3070 652 sedis
3093 595 3422 670 apostolicae
3443 591 3805 666 protectione

2151 687 2471 742 munimus.
2505 685 2685 741 Vobis
2716 686 2932 758 itaque,
2956 685 3279 757 vestrisque
3309 682 3721 739 succcsoribus
3744 680 3805 736 in

2150 776 2352 830 eadem
2384 774 2663 846 religione
2697 774 3118 846 permansuris,
3153 789 3221 829 ea
3273 772 3473 828 omnia
3520 774 3806 844 perpetuo

2149 864 2506 935 possidenda
2538 863 2990 934 sancimus,quaz
3020 860 3368 919 venerabilis
3397 860 3575 915 frater
3603 862 3806 915 noster

2148 951 2420 1008 Giraldus
2460 951 2830 1007 Caturcensis
2888 951 3196 1023 episcopus
3227 951 3300 1005 ad
3358 947 3803 1022 gubernationis

2147 1046 2348 1097 vestrae
2363 1041 2572 1097 solatia
2592 1040 2853 1096 noscitur
2874 1039 3192 1096 contulisse
3213 1058 3225 1106 ;
3251 1038 3558 1095 ecclesiam
3579 1034 3804 1115 scilicet

2148 1131 2208 1184 S.
2239 1129 2459 1184 Juliani
2491 1131 2561 1184 de
2590 1129 2835 1196 Bovena,
2881 1129 3183 1183 ecclesiam
3217 1129 3273 1183 S.
3334 1126 3487 1182 Petri
3517 1126 3587 1181 de
3641 1125 3797 1181 Mor-

2148 1219 2347 1286 trado;
2385 1217 2605 1273 reditus
2636 1217 2809 1282 villae,
2843 1233 2968 1290 quae
2999 1217 3213 1271 dicitur
3243 1215 3545 1282 Pardinas,
3581 1213 3799 1269 medie-

2145 1309 2323 1361 tatem
2355 1305 2718 1361 oblationum
2744 1322 2813 1360 ex
2860 1304 3024 1360 alteri
3055 1305 3208 1360 beati
3240 1303 3540 1376 Stephani,
3575 1301 3796 1356 medie-

2146 1398 2322 1450 tatem
2355 1412 2566 1450 census
2618 1399 2860 1449 monetaa
2918 1395 3308 1460 Caturcensis,
3363 1392 3460 1464 qui
3520 1391 3797 1462 episcopo

2145 1488 2471 1556 competere
2501 1483 2748 1549 videtur,
2781 1482 3016 1539 tertiam
3048 1486 3271 1555 partem
3295 1483 3795 1554 paratarum,quae

2142 1571 2479 1644 parochiani
2504 1571 2692 1627 solent
2721 1571 2990 1643 epiSCOpo
3013 1569 3572 1642 comparari,caetera
3592 1567 3798 1644 omnia

2143 1678 2269 1732 quae
2301 1660 2454 1715 idem
2487 1659 2794 1732 episcopus
2823 1659 2910 1714 vel
2945 1661 3071 1730 jam
3103 1658 3264 1714 vobis
3295 1655 3558 1724 contulit,
3609 1654 3697 1710 vel
3730 1655 3793 1709 in

2143 1750 2406 1804 futurum
2435 1753 2523 1803 est
2554 1747 2833 1820 largiente
2869 1748 3114 1802 Domino
3146 1746 3485 1805 collaturus.
3507 1744 3584 1799 Ea
3613 1742 3795 1821 etiam

2141 1853 2266 1909 qua:
2298 1836 2434 1892 olim
2468 1838 2538 1892 ad
2569 1836 3006 1892 Catursiensum
3042 1834 3454 1891 canonicorum
3479 1848 3655 1888 usum
3677 1831 3796 1886 eol-

2139 1925 2276 1995 lata,
2339 1926 2439 1980 sed
2473 1929 2603 1996 post
2632 1941 2834 1980 eorum
2898 1923 3268 1996 negligentiis
3327 1921 3560 1992 detrita,
3619 1924 3678 1996 et
3727 1920 3791 1998 in

2141 2031 2351 2070 manus
2367 2013 2616 2068 militum
2632 2018 3089 2084 caaterorumque
3111 2010 3478 2067 saecularium
3501 2009 3793 2086 dissipata

2139 2105 2292 2159 sunt.
2330 2102 2705 2157 Decernimus
2736 2117 2869 2173 ergo
2905 2107 2970 2155 ut
3022 2099 3166 2155 nulli
3200 2099 3436 2156 omnino
3475 2097 3789 2154 hominum

2137 2190 2305 2246 liceat
2336 2191 2599 2246 eamdem
2654 2190 2991 2245 canonicam
3022 2193 3236 2243 temere
3287 2188 3644 2260 perturbare,
3696 2185 3792 2248 vel

2137 2281 2263 2352 ejus
2295 2279 2697 2351 possessiones
2726 2279 2975 2343 auferre,
3009 2276 3094 2332 vel
3129 2277 3354 2331 ablatas
3384 2275 3788 2351 retinere,mi-

2137 2385 2334 2435 nuere,
2367 2368 2452 2423 vel
2510 2366 2836 2422 temerariis
2887 2365 3289 2420 vexationibus
3341 2364 3621 2442 fatigare;
3676 2365 3783 2419 sed

2135 2457 2331 2513 omnia
2362 2458 2586 2528 integra
2645 2459 3058 2510 conserventur
3105 2470 3327 2520 eorum,
3378 2469 3480 2525 pro
3529 2468 3786 2525 quarum

2136 2545 2555 2602 sustentatione
2587 2562 2651 2600 ac
2669 2543 3089 2617 gubernatione
3111 2559 3387 2599 concessa
3407 2540 3789 2607 sunt,usibus

2134 2634 2489 2690 omnimodis
2520 2633 2841 2705 profutura.
2905 2631 3052 2686 Illud
3085 2631 3260 2687 etiam
3313 2630 3788 2710 supranominati

2132 2722 2389 2796 episcopi
2417 2723 2798 2778 constitutum
2832 2721 3132 2793 praesentis
3165 2719 3376 2775 decreti
3409 2718 3622 2792 pagina
3659 2724 3788 2786 sta-

2133 2812 2393 2876 bilimus,
2437 2816 2503 2866 ut
2561 2811 2963 2882 prapositura,
2998 2810 3116 2865 sive
3165 2808 3695 2875 archidiaconatus,
3729 2813 3790 2886 et

2132 2900 2322 2956 caeteri
2359 2899 2732 2956 ecclesiastici
2789 2898 3040 2954 honores
3100 2897 3469 2953 Caturcensis
3522 2895 3786 2953 ecclesia;

2130 2989 2338 3043 vestris
2385 2992 2834 3058 vestrorumque
2867 3002 3273 3041 successorum
3306 2983 3569 3040 consiliis
3622 2985 3785 3042 ordi-

2129 3081 2358 3131 nentur.
2392 3076 2450 3130 Si
2484 3091 2599 3146 qua
2625 3091 2758 3130 vero
2789 3075 2847 3128 in
2881 3075 3142 3129 futurum
3173 3072 3566 3129 ecclesiastica
3595 3089 3784 3130 saecu-

2131 3163 2339 3219 larisve
2357 3180 2606 3236 persona
2627 3162 2804 3233 hujus
2816 3166 3022 3218 nostrae
3041 3161 3480 3217 constitutionis
3497 3161 3781 3234 paginam

375 3262 636 3320 congrua
661 3249 1075 3318 emendaverit,
1109 3251 1413 3324 potestatis
1439 3251 1794 3322 honorisque
1823 3250 1913 3306 sui
1936 3249 2018 3306 di-
2049 3232 2091 3298 ί)
2132 3232 2577 3319 sciens,_contra
2604 3232 2732 3306 eam
2765 3254 2978 3307 temere
3002 3251 3198 3306 venire
3217 3232 3542 3317 tentaverit,
3568 3232 3780 3306 secun-

371 3334 594 3407 gnitate
622 3341 832 3396 camat.

444 3424 672 3496 Reliqua
691 3425 1088 3490 desiderantur.

1036 3533 1320 3590 CXLVIII.

374 3627 717 3683 Caturcensi:
763 3623 996 3679 ecclesia
1041 3623 1293 3679 canonici
1342 3623 1740 3693 conﬁrmantur
1793 3623 1857 3677 in
1884 3637 2012 3692 pro-

437 3700 670 3770 fessione
735 3699 866 3752 vitae
940 3697 1231 3766 regularis,
1299 3711 1463 3764 quam
1529 3711 1712 3751 recens
1780 3694 2014 3765 professi

438 3778 612 3826 erant.

995 3837 1181 3906 (Anno
1209 3836 1394 3907 4095.)

752 3926 1146 3996 [COOUELINES,
1181 3928 1322 3978 tom.
1358 3923 1428 3989 II,
1463 3939 1520 3993 p.
1544 3923 1632 3993 84]

441 4015 718 4071 URBANUS
743 4014 1076 4086 episcOpus,
1102 4028 1304 4066 servus
1335 4027 1634 4065 servorum
1658 4010 2014 4076 Dei,dilectis

369 4104 430 4160 in
460 4103 684 4160 Christo
707 4102 866 4170 ﬁliis,
901 4101 1206 4156 GOLBERTO
1236 4098 1436 4170 priori,
1471 4100 1717 4170 ejusque
1738 4099 2014 4155 fratribus

368 4192 428 4247 in
459 4191 800 4248 Caturcensi
824 4187 1071 4245 ecclesia
1091 4186 1432 4242 canonicam
1455 4186 1633 4241 vitam
1657 4187 2017 4259 profcssis,et

367 4297 569 4336 eorum
603 4274 1067 4342 successoribus,
1097 4275 1155 4328 in
1187 4275 1388 4330 eadem
1435 4274 1711 4347 religione
1741 4293 2014 4347 perman—

369 4368 547 4435 suris,
581 4367 642 4422 in
674 4368 1045 4437 perpetuum.

441 4456 549 4510 Pie
573 4452 887 4527 postulatio
900 4451 1213 4506 voluntatis
1225 4451 1430 4507 effectu
1445 4451 1612 4508 debet
1629 4459 2015 4527 prosequente

368 4543 669 4615 compleri,
703 4546 991 4614 quatenus
1022 4545 1076 4594 et
1107 4540 1426 4596 devotionis
1473 4542 1776 4598 sinceritas
1809 4543 2013 4600 lauda-

371 4632 564 4689 biliter
591 4631 893 4696 enitescat,
928 4634 985 4684 et
1017 4627 1233 4684 utiliter
1275 4629 1569 4701 postulata
1598 4631 1747 4688 vires
1779 4632 2010 4688 indubi-

366 4727 557 4778 tanter
586 4724 868 4778 assumat.
903 4718 1050 4782 Quia
1081 4717 1260 4791 igitur
1289 4737 1409 4787 vos,
1472 4736 1504 4775 ο
1536 4719 1638 4773 filii
1673 4721 1733 4775 in
1791 4721 2013 4776 Christo

367 4810 717 4877 charissimi,
774 4825 877 4880 per
904 4807 1158 4863 divinam
1190 4809 1440 4881 gratiam
1497 4809 1757 4880 aspirati,
1821 4825 2012 4864 mores

367 4903 588 4955 vestros
619 4899 730 4954 sub
776 4896 1060 4970 regularis
1113 4899 1240 4954 vitae
1289 4897 1601 4968 disciplina
1641 4913 1920 4963 coercere,
1955 4901 2011 4952 et

367 4986 757 5044 communiter
809 4987 1126 5041 secundum
1179 4986 1273 5039 SS.
1312 4985 1546 5038 Patrum
1579 4985 2006 5040 institutionem

368 5074 750 5148 omnipotenti
783 5075 1024 5130 Domino
1071 5072 1360 5127 deservire
1417 5073 1844 5143 proposuistis;
1905 5092 2010 5130 nos
2047 5095 2055 5116 έ

365 5163 514 5220 votis
544 5161 750 5218 vestris
772 5169 948 5235 atque
980 5159 1358 5234 petitionibus
1382 5166 1622 5231 paterna
1652 5161 2008 5234 benignitate

367 5251 736 5323 impertimur
766 5265 1096 5307 assensum.
1129 5247 1273 5302 Vitae
1304 5249 1519 5321 quippe
1551 5250 1836 5306 canonicae
1859 5252 2011 5306 ordi-

368 5357 522 5407 nem,
568 5357 742 5412 quem
773 5338 1020 5413 professi
1045 5337 1208 5406 estis,
1258 5339 1560 5408 praesentis
1591 5339 1873 5411 privilegii
1905 5357 2007 5396 au-

365 5428 630 5485 ctoritate
678 5430 1021 5496 ﬁrmamus;
1055 5430 1111 5482 et
1141 5442 1212 5482 ne
1264 5426 1356 5481 cui
1405 5431 1538 5499 post
1586 5428 2007 5500 professionem

365 5517 682 5574 exhibitam
715 5517 840 5574 sine
871 5515 1081 5589 prioris
1111 5531 1217 5574 seu
1276 5517 1744 5592 congregationis
1771 5517 2006 5580 licentia

436 5643 551 5731 (38)
575 5643 711 5720 ιιοε.
747 5641 902 5707 1095.

2122 3342 2195 3397 do
2217 3341 2463 3396 terviove
2483 3341 2859 3407 commonita,
2884 3339 2932 3395 si
2955 3356 3069 3394 non
3092 3337 3488 3395 satisfactione
3511 3355 3777 3412 congrua
3865 3395 3869 3401 ,

2121 3429 2532 3494 emendaverit,
2593 3428 2897 3499 potestatis
2928 3427 3283 3498 honorisque
3338 3427 3430 3484 sui
3485 3413 3774 3501 dignitate

2122 3521 2352 3584 careat;
2386 3533 2662 3588 reamque
2692 3531 2753 3572 se
2785 3516 2978 3570 divino
3000 3515 3226 3587 judicio
3260 3515 3503 3575 existere
3533 3515 3604 3570 de
3637 3505 3770 3588 per-

2122 3611 2346 3679 petrata
2374 3606 2680 3678 iniquitate
2709 3608 3050 3677 cognoscat;
3083 3608 3256 3676 atque
3300 3621 3334 3661 a
3372 3593 3778 3682 Βᾶθι-ᾳῐὶεεὶωο

2123 3712 2357 3767 corpore
2390 3712 2454 3750 ac
2479 3694 2764 3765 sanguine
2777 3693 2877 3749 Dei
2906 3698 2963 3748 et
2987 3693 3214 3748 Domini
3240 3693 3623 3764 redemptoris
3645 3710 3782 3749 nos-

2122 3783 2195 3838 tri
2223 3784 2364 3839 Jesu
2405 3783 2617 3838 Christi
2663 3781 2849 3837 aliena
2881 3781 2998 3849 fiat,
3033 3785 3088 3836 et
3116 3781 3175 3835 in
3216 3785 3470 3838 extremo
3509 3768 3777 3838 examine

2124 3872 2400 3926 districtae
2433 3871 2642 3926 ultioni
2676 3871 2995 3941 subjaceat.
3032 3870 3272 3925 Cunctis
3330 3875 3525 3925 autem
3583 3871 3776 3926 eidem

2123 3959 2248 4014 loco
2291 3961 2458 4023 justa
2487 3959 2855 4015 servantibus
2887 3959 2961 4014 sit
3009 3977 3121 4031 pax
3157 3958 3387 4015 Domini
3419 3959 3606 4015 nostri
3634 3959 3779 4016 Jesu

2124 4047 2365 4112 Christi,
2398 4053 2690 4119 quatenus
2721 4051 2777 4103 et
2797 4047 2890 4101 hic
2916 4047 3171 4102 fructum
3195 4048 3358 4102 bona
3381 4048 3633 4103 actionis
3657 4065 3783 4120 per-

2124 4136 2360 4208 cipiant,
2383 4140 2437 4191 et
2460 4137 2613 4208 apud
2639 4137 2972 4192 districtum
2993 4137 3254 4207 judicem
3279 4137 3520 4207 praemia
3550 4129 3780 4192 aeterna:

2123 4225 2286 4298 pacis
2308 4225 2626 4282 inveniant.
2661 4229 2863 4294 Amen,
2899 4243 3089 4292 amen,
3125 4242 3316 4280 amen.

2197 4358 2208 4369 .
2247 4359 2258 4370 .
2298 4359 2308 4370 .
2348 4358 2358 4370 .
2392 4315 2638 4370 Joannis
2671 4319 2883 4370 sanctae
2918 4315 3190 4370 Romanae
3219 4314 3490 4371 Ecclesiae
3542 4315 3775 4372 diaconi

2123 4403 2458 4469 cardinalis,
2492 4421 2527 4458 x
2558 4403 2681 4458 Kal.
2721 4404 2877 4474 Sept.
2914 4403 3114 4459 indict.
3149 4421 3231 4473 ιιι,
3267 4421 3417 4460 anno
3460 4404 3774 4464 Dominicaa

2123 4492 2547 4548 Incarnationis
2597 4493 2735 4546 1096
2766 4494 2898 4564 (38),
2936 4535 2947 4546 .
2986 4535 2997 4548 .
3038 4535 3050 4548 .
3087 4535 3108 4556 .,
3133 4492 3267 4547 bani
3312 4493 3551 4548 secundi
3594 4479 3773 4567 papae

2042 4599 2088 4663 D
2121 4587 2340 4637 octavo.

2831 4688 3056 4744 CXLIX.

2361 4777 2726 4846 Privilegium
2751 4794 2851 4849 pro
2879 4780 3204 4834 monasterio
3238 4778 3527 4856 Cassa-Dei.

2749 4885 2934 4954 (Anno
2967 4885 3147 4955 1095.)

2425 4972 2690 5042 [ΜΑΒιιι.
2718 4974 2920 5028 Annal.
2954 4974 3174 5042 Bened.,
3207 4973 3274 5042 V,
3307 4975 3457 5044 337.]

2192 5077 2469 5134 Unsmus
2499 5079 3042 5151 episcopus,servus
3074 5096 3374 5136 servorum
3408 5081 3511 5136 Dei
3541 5081 3768 5138 dilectis

2121 5163 2258 5220 filiis
2275 5166 2484 5222 Pormo
2499 5166 2694 5222 abbati
2709 5169 3050 5225 monasterii
3066 5170 3221 5242 quod
3236 5169 3512 5226 Casa-Dei
3526 5170 3707 5226 dicitu
3717 5188 3764 5237 r,

2117 5257 2174 5309 et
2205 5255 2482 5310 universe
2532 5257 2964 5329 congregationi
3015 5257 3265 5315 salutem
3295 5263 3352 5315 et
3380 5258 3762 5331 apostolicam

2118 5344 2598 5401 benedictionem.

2186 5432 2327 5489 Cum
2359 5433 2776 5508 omnipotentis
2805 5435 2903 5492 Dei
2934 5437 3122 5508 gratia
3168 5441 3429 5493 vestrum
3461 5441 3760 5494 monaste-

2115 5522 2266 5580 rium
2299 5541 2401 5598 per
2429 5540 2535 5583 nos
2565 5524 2806 5596 visitari,
2841 5529 2898 5582 et
2929 5525 2988 5582 in
3019 5526 3238 5584 honore
3266 5543 3332 5585 ac
3362 5526 3603 5585 nomine
3621 5543 3758 5584 san-

3093 5740 3134 5762 δ
