  <div class='ocr_page' id='page_1' title='image "/cluster/home/n/w/nwhite01/storage/ocr_20150623/151/umn.31951002477444s/278.png"; bbox 0 0 3950 6426; ppageno 0'>
   <div class='ocr_carea' id='block_1_1' title="bbox 148 452 245 514">
    <p class='ocr_par' dir='ltr' id='par_1_1' title="bbox 148 452 245 514">
     <span class='ocr_line' id='line_1_1' title="bbox 148 452 245 514; baseline -0.021 0"><span class='ocrx_word' id='word_1_1' title='bbox 148 452 245 514; x_wconf 72' lang='lat'>425</span> 
     </span>
    </p>
   </div>
   <div class='ocr_carea' id='block_1_2' title="bbox 1283 451 2347 515">
    <p class='ocr_par' dir='ltr' id='par_1_2' title="bbox 1283 451 2347 515">
     <span class='ocr_line' id='line_1_2' title="bbox 1283 451 2347 515; baseline -0.001 -1"><span class='ocrx_word' id='word_1_2' title='bbox 1283 451 1690 515; x_wconf 67' lang='lat' dir='ltr'>EPISTOLE</span> <span class='ocrx_word' id='word_1_3' title='bbox 1732 451 1833 513; x_wconf 87' lang='lat' dir='ltr'>ET</span> <span class='ocrx_word' id='word_1_4' title='bbox 1875 451 2347 515; x_wconf 83' lang='lat' dir='ltr'>PRIVILEGIA.</span> 
     </span>
    </p>
   </div>
   <div class='ocr_carea' id='block_1_3' title="bbox 3391 451 3510 513">
    <p class='ocr_par' dir='ltr' id='par_1_3' title="bbox 3391 451 3510 513">
     <span class='ocr_line' id='line_1_3' title="bbox 3391 451 3510 513; baseline 0.008 -2"><span class='ocrx_word' id='word_1_5' title='bbox 3391 451 3510 513; x_wconf 73' lang='grc'>426</span> 
     </span>
    </p>
   </div>
   <div class='ocr_carea' id='block_1_4' title="bbox 149 584 3507 660">
    <p class='ocr_par' dir='ltr' id='par_1_4' title="bbox 149 584 3507 660">
     <span class='ocr_line' id='line_1_4' title="bbox 149 584 3507 660; baseline -0 -18"><span class='ocrx_word' id='word_1_6' title='bbox 149 591 340 642; x_wconf 87' lang='lat' dir='ltr'>ctorum</span> <span class='ocrx_word' id='word_1_7' title='bbox 362 588 680 657; x_wconf 77' lang='lat' dir='ltr'>martyrum</span> <span class='ocrx_word' id='word_1_8' title='bbox 695 585 902 642; x_wconf 83' lang='lat' dir='ltr'>Vitalis</span> <span class='ocrx_word' id='word_1_9' title='bbox 933 592 987 641; x_wconf 87' lang='lat' dir='ltr'>et</span> <span class='ocrx_word' id='word_1_10' title='bbox 1011 586 1288 660; x_wconf 76' lang='lat' dir='ltr'>Agricolae</span> <span class='ocrx_word' id='word_1_11' title='bbox 1307 586 1491 658; x_wconf 88' lang='lat' dir='ltr'>ipsius</span> <span class='ocrx_word' id='word_1_12' title='bbox 1504 585 1748 642; x_wconf 77' lang='lat' dir='ltr'>cmnobii</span> <span class='ocrx_word' id='word_1_13' title='bbox 1778 586 1835 654; x_wconf 76' lang='grc' dir='ltr'><strong>Α</strong></span> <span class='ocrx_word' id='word_1_14' title='bbox 1863 587 2206 644; x_wconf 85' lang='lat' dir='ltr'>roboramus</span> <span class='ocrx_word' id='word_1_15' title='bbox 2231 592 2287 642; x_wconf 89' lang='lat' dir='ltr'>et</span> <span class='ocrx_word' id='word_1_16' title='bbox 2307 587 2593 659; x_wconf 85' lang='lat' dir='ltr'>quidquid</span> <span class='ocrx_word' id='word_1_17' title='bbox 2617 604 2792 659; x_wconf 84' lang='lat' dir='ltr'>super</span> <span class='ocrx_word' id='word_1_18' title='bbox 2811 602 2880 643; x_wconf 88' lang='lat' dir='ltr'>ea</span> <span class='ocrx_word' id='word_1_19' title='bbox 2900 602 3006 642; x_wconf 90' lang='lat' dir='ltr'>nos</span> <span class='ocrx_word' id='word_1_20' title='bbox 3035 585 3198 642; x_wconf 81' lang='lat' dir='ltr'>vobis</span> <span class='ocrx_word' id='word_1_21' title='bbox 3227 584 3507 641; x_wconf 76' lang='lat' dir='ltr'>hactenus</span> 
     </span>
    </p>
   </div>
   <div class='ocr_carea' id='block_1_5' title="bbox 148 673 1755 748">
    <p class='ocr_par' dir='ltr' id='par_1_5' title="bbox 148 673 1755 748">
     <span class='ocr_line' id='line_1_5' title="bbox 148 673 1755 748; baseline 0 -18"><span class='ocrx_word' id='word_1_22' title='bbox 148 674 417 732; x_wconf 79' lang='lat' dir='ltr'>basilicam</span> <span class='ocrx_word' id='word_1_23' title='bbox 451 673 720 730; x_wconf 75' lang='lat' dir='ltr'>dedicare</span> <span class='ocrx_word' id='word_1_24' title='bbox 749 675 1060 748; x_wconf 84' lang='lat' dir='ltr'>disposuit,</span> <span class='ocrx_word' id='word_1_25' title='bbox 1094 676 1339 748; x_wconf 88' lang='lat' dir='ltr'>dignum</span> <span class='ocrx_word' id='word_1_26' title='bbox 1382 676 1657 730; x_wconf 80' lang='lat' dir='ltr'>duximus</span> <span class='ocrx_word' id='word_1_27' title='bbox 1689 679 1755 730; x_wconf 91' lang='lat' dir='ltr'>ut</span> 
     </span>
    </p>
   </div>
   <div class='ocr_carea' id='block_1_6' title="bbox 147 762 1754 837">
    <p class='ocr_par' dir='ltr' id='par_1_6' title="bbox 147 762 1754 837">
     <span class='ocr_line' id='line_1_6' title="bbox 147 762 1754 837; baseline 0.001 -19"><span class='ocrx_word' id='word_1_28' title='bbox 147 768 246 820; x_wconf 87' lang='lat' dir='ltr'>tam</span> <span class='ocrx_word' id='word_1_29' title='bbox 271 780 365 836; x_wconf 87' lang='lat' dir='ltr'>pro</span> <span class='ocrx_word' id='word_1_30' title='bbox 397 762 545 819; x_wconf 80' lang='lat' dir='ltr'>beati</span> <span class='ocrx_word' id='word_1_31' title='bbox 580 764 812 820; x_wconf 82' lang='lat' dir='ltr'>Roberti</span> <span class='ocrx_word' id='word_1_32' title='bbox 862 765 1107 832; x_wconf 90' lang='lat' dir='ltr'>meritis,</span> <span class='ocrx_word' id='word_1_33' title='bbox 1137 765 1236 837; x_wconf 89' lang='lat' dir='ltr'>qui</span> <span class='ocrx_word' id='word_1_34' title='bbox 1287 765 1614 820; x_wconf 72' lang='lat' dir='ltr'>coenobium</span> <span class='ocrx_word' id='word_1_35' title='bbox 1647 782 1754 819; x_wconf 92' lang='lat' dir='ltr'>sua</span> 
     </span>
    </p>
   </div>
   <div class='ocr_carea' id='block_1_7' title="bbox 145 853 1752 926">
    <p class='ocr_par' dir='ltr' id='par_1_7' title="bbox 145 853 1752 926">
     <span class='ocr_line' id='line_1_7' title="bbox 145 853 1752 926; baseline 0 -18"><span class='ocrx_word' id='word_1_36' title='bbox 145 853 405 925; x_wconf 85' lang='lat' dir='ltr'>quondam</span> <span class='ocrx_word' id='word_1_37' title='bbox 437 869 611 925; x_wconf 82' lang='lat' dir='ltr'>opera</span> <span class='ocrx_word' id='word_1_38' title='bbox 641 853 930 920; x_wconf 84' lang='lat' dir='ltr'>fundavit,</span> <span class='ocrx_word' id='word_1_39' title='bbox 956 858 1013 909; x_wconf 90' lang='lat' dir='ltr'>et</span> <span class='ocrx_word' id='word_1_40' title='bbox 1045 871 1200 909; x_wconf 91' lang='lat' dir='ltr'>nunc</span> <span class='ocrx_word' id='word_1_41' title='bbox 1223 853 1349 909; x_wconf 85' lang='lat' dir='ltr'>suis</span> <span class='ocrx_word' id='word_1_42' title='bbox 1381 853 1604 909; x_wconf 91' lang='lat' dir='ltr'>meritis</span> <span class='ocrx_word' id='word_1_43' title='bbox 1627 870 1752 926; x_wconf 91' lang='lat' dir='ltr'>pro-</span> 
     </span>
    </p>
   </div>
   <div class='ocr_carea' id='block_1_8' title="bbox 142 941 1751 1015">
    <p class='ocr_par' dir='ltr' id='par_1_8' title="bbox 142 941 1751 1015">
     <span class='ocr_line' id='line_1_8' title="bbox 142 941 1751 1015; baseline 0.001 -19"><span class='ocrx_word' id='word_1_44' title='bbox 142 941 278 1015; x_wconf 83' lang='lat' dir='ltr'>tegit,</span> <span class='ocrx_word' id='word_1_45' title='bbox 307 958 480 1013; x_wconf 88' lang='lat' dir='ltr'>quam</span> <span class='ocrx_word' id='word_1_46' title='bbox 510 958 614 1013; x_wconf 90' lang='lat' dir='ltr'>pro</span> <span class='ocrx_word' id='word_1_47' title='bbox 646 941 944 1015; x_wconf 89' lang='lat' dir='ltr'>religionis</span> <span class='ocrx_word' id='word_1_48' title='bbox 982 946 1183 998; x_wconf 71' lang='lat' dir='ltr'>vestrae</span> <span class='ocrx_word' id='word_1_49' title='bbox 1216 941 1554 1008; x_wconf 90' lang='lat' dir='ltr'>reverentia,</span> <span class='ocrx_word' id='word_1_50' title='bbox 1587 941 1751 997; x_wconf 89' lang='lat' dir='ltr'>vobis</span> 
     </span>
    </p>
   </div>
   <div class='ocr_carea' id='block_1_9' title="bbox 140 1029 1754 1104">
    <p class='ocr_par' dir='ltr' id='par_1_9' title="bbox 140 1029 1754 1104">
     <span class='ocr_line' id='line_1_9' title="bbox 140 1029 1754 1104; baseline 0 -18"><span class='ocrx_word' id='word_1_51' title='bbox 140 1029 432 1102; x_wconf 81' lang='lat' dir='ltr'>vestrisque</span> <span class='ocrx_word' id='word_1_52' title='bbox 462 1031 900 1088; x_wconf 89' lang='lat' dir='ltr'>successoribus</span> <span class='ocrx_word' id='word_1_53' title='bbox 924 1030 982 1086; x_wconf 92' lang='lat' dir='ltr'>in</span> <span class='ocrx_word' id='word_1_54' title='bbox 1007 1030 1290 1104; x_wconf 86' lang='lat' dir='ltr'>regularis</span> <span class='ocrx_word' id='word_1_55' title='bbox 1314 1030 1631 1102; x_wconf 81' lang='lat' dir='ltr'>disciplinae</span> <span class='ocrx_word' id='word_1_56' title='bbox 1657 1031 1754 1087; x_wconf 93' lang='lat' dir='ltr'>ob-</span> 
     </span>
    </p>
   </div>
   <div class='ocr_carea' id='block_1_10' title="bbox 142 1118 1751 1191">
    <p class='ocr_par' dir='ltr' id='par_1_10' title="bbox 142 1118 1751 1191">
     <span class='ocr_line' id='line_1_10' title="bbox 142 1118 1751 1191; baseline -0.001 -15"><span class='ocrx_word' id='word_1_57' title='bbox 142 1118 432 1176; x_wconf 88' lang='lat' dir='ltr'>servatione</span> <span class='ocrx_word' id='word_1_58' title='bbox 481 1118 776 1174; x_wconf 88' lang='lat' dir='ltr'>mansuris</span> <span class='ocrx_word' id='word_1_59' title='bbox 827 1119 1154 1191; x_wconf 82' lang='lat' dir='ltr'>Spiritualia</span> <span class='ocrx_word' id='word_1_60' title='bbox 1221 1121 1371 1175; x_wconf 89' lang='lat' dir='ltr'>sedis</span> <span class='ocrx_word' id='word_1_61' title='bbox 1423 1120 1751 1190; x_wconf 77' lang='lat' dir='ltr'>apostolicae</span> 
     </span>
    </p>
   </div>
   <div class='ocr_carea' id='block_1_11' title="bbox 142 1206 1752 1281">
    <p class='ocr_par' dir='ltr' id='par_1_11' title="bbox 142 1206 1752 1281">
     <span class='ocr_line' id='line_1_11' title="bbox 142 1206 1752 1281; baseline -0.001 -17"><span class='ocrx_word' id='word_1_62' title='bbox 142 1210 270 1265; x_wconf 90' lang='lat' dir='ltr'>dona</span> <span class='ocrx_word' id='word_1_63' title='bbox 296 1206 658 1280; x_wconf 88' lang='lat' dir='ltr'>largiremur.</span> <span class='ocrx_word' id='word_1_64' title='bbox 691 1207 806 1263; x_wconf 86' lang='lat' dir='ltr'>Vos</span> <span class='ocrx_word' id='word_1_65' title='bbox 839 1208 1019 1280; x_wconf 86' lang='lat' dir='ltr'>igitur</span> <span class='ocrx_word' id='word_1_66' title='bbox 1050 1209 1108 1263; x_wconf 91' lang='lat' dir='ltr'>in</span> <span class='ocrx_word' id='word_1_67' title='bbox 1163 1208 1447 1281; x_wconf 87' lang='lat' dir='ltr'>speciales</span> <span class='ocrx_word' id='word_1_68' title='bbox 1479 1209 1752 1264; x_wconf 81' lang='lat' dir='ltr'>Romanae</span> 
     </span>
    </p>
   </div>
   <div class='ocr_carea' id='block_1_12' title="bbox 139 1295 1126 1369">
    <p class='ocr_par' dir='ltr' id='par_1_12' title="bbox 139 1295 1126 1369">
     <span class='ocr_line' id='line_1_12' title="bbox 139 1295 1126 1369; baseline -0.003 -15"><span class='ocrx_word' id='word_1_69' title='bbox 139 1296 376 1354; x_wconf 74' lang='lat' dir='ltr'>Ecclesiae</span> <span class='ocrx_word' id='word_1_70' title='bbox 396 1295 546 1354; x_wconf 87' lang='lat' dir='ltr'>ﬁlios</span> <span class='ocrx_word' id='word_1_71' title='bbox 577 1297 983 1369; x_wconf 88' lang='lat' dir='ltr'>suscipientes,</span> <span class='ocrx_word' id='word_1_72' title='bbox 1019 1303 1126 1353; x_wconf 89' lang='lat' dir='ltr'>etc.</span> 
     </span>
    </p>
   </div>
   <div class='ocr_carea' id='block_1_13' title="bbox 195 1384 1754 1459">
    <p class='ocr_par' dir='ltr' id='par_1_13' title="bbox 195 1384 1754 1459">
     <span class='ocr_line' id='line_1_13' title="bbox 195 1384 1754 1459; baseline 0.001 -19"><span class='ocrx_word' id='word_1_73' title='bbox 195 1389 388 1441; x_wconf 86' lang='lat' dir='ltr'>Datum</span> <span class='ocrx_word' id='word_1_74' title='bbox 420 1384 573 1456; x_wconf 86' lang='lat' dir='ltr'>apud</span> <span class='ocrx_word' id='word_1_75' title='bbox 604 1384 877 1458; x_wconf 68' lang='lat' dir='ltr'>burgum.</span> <span class='ocrx_word' id='word_1_76' title='bbox 908 1385 1103 1441; x_wconf 84' lang='lat' dir='ltr'>Sancti</span> <span class='ocrx_word' id='word_1_77' title='bbox 1152 1386 1362 1459; x_wconf 61' lang='lat' dir='ltr'>IEgidii</span> <span class='ocrx_word' id='word_1_78' title='bbox 1397 1404 1499 1458; x_wconf 91' lang='lat' dir='ltr'>per</span> <span class='ocrx_word' id='word_1_79' title='bbox 1540 1402 1754 1442; x_wconf 88' lang='lat' dir='ltr'>manus</span> 
     </span>
    </p>
   </div>
   <div class='ocr_carea' id='block_1_14' title="bbox 130 1473 1754 1543">
    <p class='ocr_par' dir='ltr' id='par_1_14' title="bbox 130 1473 1754 1543">
     <span class='ocr_line' id='line_1_14' title="bbox 130 1473 1754 1543; baseline -0.001 -12"><span class='ocrx_word' id='word_1_80' title='bbox 130 1474 426 1543; x_wconf 79' lang='lat' dir='ltr'>.Ieannis,S.</span> <span class='ocrx_word' id='word_1_81' title='bbox 481 1473 549 1528; x_wconf 79' lang='lat' dir='ltr'>lt.</span> <span class='ocrx_word' id='word_1_82' title='bbox 601 1473 902 1530; x_wconf 89' lang='lat' dir='ltr'>E.diaconi</span> <span class='ocrx_word' id='word_1_83' title='bbox 950 1474 1285 1540; x_wconf 89' lang='lat' dir='ltr'>cardinalis,</span> <span class='ocrx_word' id='word_1_84' title='bbox 1319 1493 1420 1530; x_wconf 82' lang='lat' dir='ltr'><strong>VIII</strong></span> <span class='ocrx_word' id='word_1_85' title='bbox 1473 1476 1610 1530; x_wconf 90' lang='lat' dir='ltr'>Idus</span> <span class='ocrx_word' id='word_1_86' title='bbox 1653 1475 1754 1530; x_wconf 87' lang='lat' dir='ltr'>Se-</span> 
     </span>
    </p>
   </div>
   <div class='ocr_carea' id='block_1_15' title="bbox 133 1562 1750 1638">
    <p class='ocr_par' dir='ltr' id='par_1_15' title="bbox 133 1562 1750 1638">
     <span class='ocr_line' id='line_1_15' title="bbox 133 1562 1750 1638; baseline -0.001 -19"><span class='ocrx_word' id='word_1_87' title='bbox 133 1562 411 1638; x_wconf 88' lang='lat' dir='ltr'>ptembris,</span> <span class='ocrx_word' id='word_1_88' title='bbox 439 1579 590 1619; x_wconf 90' lang='lat' dir='ltr'>anno</span> <span class='ocrx_word' id='word_1_89' title='bbox 626 1563 937 1619; x_wconf 73' lang='lat' dir='ltr'>Dominicaa</span> <span class='ocrx_word' id='word_1_90' title='bbox 961 1563 1385 1620; x_wconf 86' lang='lat' dir='ltr'>Incarnationis</span> <span class='ocrx_word' id='word_1_91' title='bbox 1417 1563 1574 1628; x_wconf 64' lang='lat'>4095,</span> <span class='ocrx_word' id='word_1_92' title='bbox 1608 1579 1750 1634; x_wconf 90' lang='lat' dir='ltr'>pon-</span> 
     </span>
    </p>
   </div>
   <div class='ocr_carea' id='block_1_16' title="bbox 131 1651 1679 1724">
    <p class='ocr_par' dir='ltr' id='par_1_16' title="bbox 131 1651 1679 1724">
     <span class='ocr_line' id='line_1_16' title="bbox 131 1651 1679 1724; baseline -0.001 -17"><span class='ocrx_word' id='word_1_93' title='bbox 131 1652 363 1708; x_wconf 86' lang='lat' dir='ltr'>tiﬁcatus</span> <span class='ocrx_word' id='word_1_94' title='bbox 395 1655 588 1707; x_wconf 88' lang='lat' dir='ltr'>autem</span> <span class='ocrx_word' id='word_1_95' title='bbox 623 1652 822 1707; x_wconf 90' lang='lat' dir='ltr'>domni</span> <span class='ocrx_word' id='word_1_96' title='bbox 859 1651 1076 1708; x_wconf 84' lang='lat' dir='ltr'>Urbani</span> <span class='ocrx_word' id='word_1_97' title='bbox 1109 1652 1159 1707; x_wconf 91' lang='lat' dir='ltr'>II</span> <span class='ocrx_word' id='word_1_98' title='bbox 1190 1669 1351 1724; x_wconf 77' lang='lat' dir='ltr'>papae</span> <span class='ocrx_word' id='word_1_99' title='bbox 1380 1669 1532 1707; x_wconf 89' lang='lat' dir='ltr'>anno</span> <span class='ocrx_word' id='word_1_100' title='bbox 1563 1669 1679 1706; x_wconf 88' lang='lat' dir='ltr'>Vlll.</span> 
     </span>
    </p>
   </div>
   <div class='ocr_carea' id='block_1_17' title="bbox 882 1741 986 1797">
    <p class='ocr_par' dir='ltr' id='par_1_17' title="bbox 882 1741 986 1797">
     <span class='ocr_line' id='line_1_17' title="bbox 882 1741 986 1797; baseline -0.019 0"><span class='ocrx_word' id='word_1_101' title='bbox 882 1741 986 1797; x_wconf 90' lang='lat' dir='ltr'>CL.</span> 
     </span>
    </p>
   </div>
   <div class='ocr_carea' id='block_1_18' title="bbox 138 1828 1753 1901">
    <p class='ocr_par' dir='ltr' id='par_1_18' title="bbox 138 1828 1753 1901">
     <span class='ocr_line' id='line_1_18' title="bbox 138 1828 1753 1901; baseline -0.002 -14"><span class='ocrx_word' id='word_1_102' title='bbox 138 1831 363 1888; x_wconf 80' lang='lat' dir='ltr'>Urbanus</span> <span class='ocrx_word' id='word_1_103' title='bbox 393 1831 671 1885; x_wconf 79' lang='lat' dir='ltr'>universos</span> <span class='ocrx_word' id='word_1_104' title='bbox 689 1846 788 1901; x_wconf 85' lang='lat' dir='ltr'>per</span> <span class='ocrx_word' id='word_1_105' title='bbox 832 1830 1079 1886; x_wconf 79' lang='lat' dir='ltr'>Gothiam</span> <span class='ocrx_word' id='word_1_106' title='bbox 1120 1837 1171 1886; x_wconf 77' lang='lat' dir='ltr'>et</span> <span class='ocrx_word' id='word_1_107' title='bbox 1196 1831 1542 1886; x_wconf 74' lang='lat' dir='ltr'>Provinciam</span> <span class='ocrx_word' id='word_1_108' title='bbox 1571 1828 1753 1898; x_wconf 75' lang='lat' dir='ltr'>fideles</span> 
     </span>
    </p>
   </div>
   <div class='ocr_carea' id='block_1_19' title="bbox 186 1901 1750 1972">
    <p class='ocr_par' dir='ltr' id='par_1_19' title="bbox 186 1901 1750 1972">
     <span class='ocr_line' id='line_1_19' title="bbox 186 1901 1750 1972; baseline -0.001 -17"><span class='ocrx_word' id='word_1_109' title='bbox 186 1902 423 1957; x_wconf 74' lang='lat' dir='ltr'>hortatur</span> <span class='ocrx_word' id='word_1_110' title='bbox 451 1905 510 1956; x_wconf 84' lang='lat' dir='ltr'>ut</span> <span class='ocrx_word' id='word_1_111' title='bbox 541 1901 822 1972; x_wconf 80' lang='lat' dir='ltr'>conferant</span> <span class='ocrx_word' id='word_1_112' title='bbox 849 1902 916 1956; x_wconf 87' lang='lat' dir='ltr'>ad</span> <span class='ocrx_word' id='word_1_113' title='bbox 960 1902 1243 1957; x_wconf 84' lang='lat' dir='ltr'>ecclesiam</span> <span class='ocrx_word' id='word_1_114' title='bbox 1288 1901 1343 1956; x_wconf 90' lang='lat' dir='ltr'>S.</span> <span class='ocrx_word' id='word_1_115' title='bbox 1379 1901 1589 1956; x_wconf 74' lang='lat' dir='ltr'>Nicolai</span> <span class='ocrx_word' id='word_1_116' title='bbox 1617 1916 1750 1955; x_wconf 85' lang='lat' dir='ltr'>con-</span> 
     </span>
    </p>
   </div>
   <div class='ocr_carea' id='block_1_20' title="bbox 189 1972 1752 2043">
    <p class='ocr_par' dir='ltr' id='par_1_20' title="bbox 189 1972 1752 2043">
     <span class='ocr_line' id='line_1_20' title="bbox 189 1972 1752 2043; baseline -0.002 -14"><span class='ocrx_word' id='word_1_117' title='bbox 189 1972 496 2029; x_wconf 72' lang='lat' dir='ltr'>struendum</span> <span class='ocrx_word' id='word_1_118' title='bbox 524 1973 584 2026; x_wconf 78' lang='lat' dir='ltr'>in</span> <span class='ocrx_word' id='word_1_119' title='bbox 626 1973 833 2043; x_wconf 73' lang='lat' dir='ltr'>praedio</span> <span class='ocrx_word' id='word_1_120' title='bbox 863 1990 898 2028; x_wconf 88' lang='lat' dir='ltr'>a</span> <span class='ocrx_word' id='word_1_121' title='bbox 919 1972 1212 2043; x_wconf 77' lang='lat' dir='ltr'>Slephanz&#39;a</span> <span class='ocrx_word' id='word_1_122' title='bbox 1258 1975 1535 2028; x_wconf 50' lang='lat' dir='ltr'>eo&#39;milz&#39;ssa</span> <span class='ocrx_word' id='word_1_123' title='bbox 1564 1988 1752 2026; x_wconf 88' lang='lat' dir='ltr'>mona-</span> 
     </span>
    </p>
   </div>
   <div class='ocr_carea' id='block_1_21' title="bbox 188 2043 1750 2116">
    <p class='ocr_par' dir='ltr' id='par_1_21' title="bbox 188 2043 1750 2116">
     <span class='ocr_line' id='line_1_21' title="bbox 188 2043 1750 2116; baseline -0.001 -15"><span class='ocrx_word' id='word_1_124' title='bbox 188 2046 342 2101; x_wconf 73' lang='lat' dir='ltr'>sterio</span> <span class='ocrx_word' id='word_1_125' title='bbox 373 2045 429 2100; x_wconf 83' lang='lat'>8.</span> <span class='ocrx_word' id='word_1_126' title='bbox 467 2045 693 2116; x_wconf 82' lang='lat' dir='ltr'>Victoris</span> <span class='ocrx_word' id='word_1_127' title='bbox 722 2044 1052 2100; x_wconf 71' lang='lat' dir='ltr'>Massiliensi</span> <span class='ocrx_word' id='word_1_128' title='bbox 1096 2061 1197 2116; x_wconf 85' lang='lat' dir='ltr'>per</span> <span class='ocrx_word' id='word_1_129' title='bbox 1251 2047 1434 2115; x_wconf 75' lang='lat' dir='ltr'>ipsum</span> <span class='ocrx_word' id='word_1_130' title='bbox 1478 2043 1625 2114; x_wconf 84' lang='lat' dir='ltr'>apud</span> <span class='ocrx_word' id='word_1_131' title='bbox 1657 2045 1750 2099; x_wconf 89' lang='lat' dir='ltr'>Ta-</span> 
     </span>
    </p>
   </div>
   <div class='ocr_carea' id='block_1_22' title="bbox 189 2115 713 2172">
    <p class='ocr_par' dir='ltr' id='par_1_22' title="bbox 189 2115 713 2172">
     <span class='ocr_line' id='line_1_22' title="bbox 189 2115 713 2172; baseline -0.002 -1"><span class='ocrx_word' id='word_1_132' title='bbox 189 2132 462 2172; x_wconf 56' lang='lat' dir='ltr'>rtareo-nem</span> <span class='ocrx_word' id='word_1_133' title='bbox 492 2115 713 2171; x_wconf 76' lang='lat' dir='ltr'>tributo.</span> 
     </span>
    </p>
   </div>
   <div class='ocr_carea' id='block_1_23' title="bbox 729 2203 1130 2275">
    <p class='ocr_par' dir='ltr' id='par_1_23' title="bbox 729 2203 1130 2275">
     <span class='ocr_line' id='line_1_23' title="bbox 729 2203 1130 2275; baseline -0.005 -17"><span class='ocrx_word' id='word_1_134' title='bbox 729 2203 914 2273; x_wconf 88' lang='lat' dir='ltr'>(Anno</span> <span class='ocrx_word' id='word_1_135' title='bbox 949 2203 1130 2275; x_wconf 77' lang='lat'>1095.)</span> 
     </span>
    </p>
   </div>
   <div class='ocr_carea' id='block_1_24' title="bbox 405 2291 1440 2364">
    <p class='ocr_par' dir='ltr' id='par_1_24' title="bbox 405 2291 1440 2364">
     <span class='ocr_line' id='line_1_24' title="bbox 405 2291 1440 2364; baseline -0.003 -16"><span class='ocrx_word' id='word_1_136' title='bbox 405 2293 728 2364; x_wconf 60' lang='lat' dir='ltr'>[Mum-ins,</span> <span class='ocrx_word' id='word_1_137' title='bbox 760 2293 928 2362; x_wconf 85' lang='lat' dir='ltr'>ampl.</span> <span class='ocrx_word' id='word_1_138' title='bbox 965 2293 1181 2346; x_wconf 79' lang='lat' dir='ltr'>Collect.</span> <span class='ocrx_word' id='word_1_139' title='bbox 1217 2291 1258 2358; x_wconf 84' lang='grc' dir='ltr'>Ι,</span> <span class='ocrx_word' id='word_1_140' title='bbox 1289 2291 1440 2361; x_wconf 85' lang='grc'>556.]</span> 
     </span>
    </p>
   </div>
   <div class='ocr_carea' id='block_1_25' title="bbox 185 2380 1751 2452">
    <p class='ocr_par' dir='ltr' id='par_1_25' title="bbox 185 2380 1751 2452">
     <span class='ocr_line' id='line_1_25' title="bbox 185 2380 1751 2452; baseline -0.003 -13"><span class='ocrx_word' id='word_1_141' title='bbox 185 2383 458 2439; x_wconf 74' lang='lat' dir='ltr'>URBANUS</span> <span class='ocrx_word' id='word_1_142' title='bbox 487 2380 1026 2452; x_wconf 88' lang='lat' dir='ltr'>episcopus,servus</span> <span class='ocrx_word' id='word_1_143' title='bbox 1059 2397 1358 2436; x_wconf 91' lang='lat' dir='ltr'>servorum</span> <span class='ocrx_word' id='word_1_144' title='bbox 1389 2380 1751 2448; x_wconf 80' lang='lat' dir='ltr'>Dei,univer-</span> 
     </span>
    </p>
   </div>
   <div class='ocr_carea' id='block_1_26' title="bbox 121 2466 1749 2544">
    <p class='ocr_par' dir='ltr' id='par_1_26' title="bbox 121 2466 1749 2544">
     <span class='ocr_line' id='line_1_26' title="bbox 121 2466 1749 2544; baseline -0.001 -18"><span class='ocrx_word' id='word_1_145' title='bbox 121 2472 196 2528; x_wconf 85' lang='lat' dir='ltr'>sis</span> <span class='ocrx_word' id='word_1_146' title='bbox 224 2489 326 2544; x_wconf 87' lang='lat' dir='ltr'>per</span> <span class='ocrx_word' id='word_1_147' title='bbox 353 2469 626 2526; x_wconf 88' lang='lat' dir='ltr'>Gothiam</span> <span class='ocrx_word' id='word_1_148' title='bbox 656 2473 714 2524; x_wconf 90' lang='lat' dir='ltr'>et</span> <span class='ocrx_word' id='word_1_149' title='bbox 773 2467 1133 2524; x_wconf 83' lang='lat' dir='ltr'>Provinciam</span> <span class='ocrx_word' id='word_1_150' title='bbox 1185 2466 1454 2523; x_wconf 79' lang='lat' dir='ltr'>fidelibus</span> <span class='ocrx_word' id='word_1_151' title='bbox 1498 2467 1749 2524; x_wconf 85' lang='lat' dir='ltr'>salutem</span> 
     </span>
    </p>
   </div>
   <div class='ocr_carea' id='block_1_27' title="bbox 126 2557 1086 2633">
    <p class='ocr_par' dir='ltr' id='par_1_27' title="bbox 126 2557 1086 2633">
     <span class='ocr_line' id='line_1_27' title="bbox 126 2557 1086 2633; baseline -0.005 -17"><span class='ocrx_word' id='word_1_152' title='bbox 126 2567 174 2616; x_wconf 84' lang='lat' dir='ltr'>et</span> <span class='ocrx_word' id='word_1_153' title='bbox 201 2559 578 2633; x_wconf 84' lang='lat' dir='ltr'>apostolicam</span> <span class='ocrx_word' id='word_1_154' title='bbox 606 2557 1086 2614; x_wconf 87' lang='lat' dir='ltr'>benedictionem.</span> 
     </span>
    </p>
   </div>
   <div class='ocr_carea' id='block_1_28' title="bbox 178 2645 1750 2718">
    <p class='ocr_par' dir='ltr' id='par_1_28' title="bbox 178 2645 1750 2718">
     <span class='ocr_line' id='line_1_28' title="bbox 178 2645 1750 2718; baseline -0.003 -12"><span class='ocrx_word' id='word_1_155' title='bbox 178 2649 552 2706; x_wconf 88' lang='lat' dir='ltr'>Dilectionem</span> <span class='ocrx_word' id='word_1_156' title='bbox 594 2650 847 2703; x_wconf 86' lang='lat' dir='ltr'>vestram</span> <span class='ocrx_word' id='word_1_157' title='bbox 901 2662 1140 2702; x_wconf 90' lang='lat' dir='ltr'>noscere</span> <span class='ocrx_word' id='word_1_158' title='bbox 1183 2645 1472 2714; x_wconf 91' lang='lat' dir='ltr'>volumus,</span> <span class='ocrx_word' id='word_1_159' title='bbox 1506 2646 1750 2718; x_wconf 88' lang='lat' dir='ltr'>Stepha-</span> 
     </span>
    </p>
   </div>
   <div class='ocr_carea' id='block_1_29' title="bbox 117 2734 1748 2807">
    <p class='ocr_par' dir='ltr' id='par_1_29' title="bbox 117 2734 1748 2807">
     <span class='ocr_line' id='line_1_29' title="bbox 117 2734 1748 2807; baseline -0.003 -12"><span class='ocrx_word' id='word_1_160' title='bbox 117 2740 261 2794; x_wconf 90' lang='lat' dir='ltr'>niam</span> <span class='ocrx_word' id='word_1_161' title='bbox 277 2736 641 2795; x_wconf 85' lang='lat' dir='ltr'>comitissam</span> <span class='ocrx_word' id='word_1_162' title='bbox 655 2753 788 2791; x_wconf 91' lang='lat' dir='ltr'>cum</span> <span class='ocrx_word' id='word_1_163' title='bbox 825 2734 1123 2790; x_wconf 90' lang='lat' dir='ltr'>nobilibus</span> <span class='ocrx_word' id='word_1_164' title='bbox 1153 2739 1471 2800; x_wconf 68' lang='lat' dir='ltr'>suaeterrae,</span> <span class='ocrx_word' id='word_1_165' title='bbox 1503 2752 1605 2807; x_wconf 90' lang='lat' dir='ltr'>pro</span> <span class='ocrx_word' id='word_1_166' title='bbox 1619 2735 1748 2790; x_wconf 89' lang='lat' dir='ltr'>ani-</span> 
     </span>
    </p>
   </div>
   <div class='ocr_carea' id='block_1_30' title="bbox 116 2822 1752 2896">
    <p class='ocr_par' dir='ltr' id='par_1_30' title="bbox 116 2822 1752 2896">
     <span class='ocr_line' id='line_1_30' title="bbox 116 2822 1752 2896; baseline -0.002 -12"><span class='ocrx_word' id='word_1_167' title='bbox 116 2844 337 2885; x_wconf 85' lang='lat' dir='ltr'>marum</span> <span class='ocrx_word' id='word_1_168' title='bbox 365 2843 610 2884; x_wconf 83' lang='lat' dir='ltr'>suarum</span> <span class='ocrx_word' id='word_1_169' title='bbox 630 2822 1252 2896; x_wconf 72' lang='lat' dir='ltr'>remedio,pmdiolum</span> <span class='ocrx_word' id='word_1_170' title='bbox 1282 2825 1575 2895; x_wconf 85' lang='lat' dir='ltr'>quoddam</span> <span class='ocrx_word' id='word_1_171' title='bbox 1603 2824 1752 2880; x_wconf 87' lang='lat' dir='ltr'>Mas-</span> 
     </span>
    </p>
   </div>
   <div class='ocr_carea' id='block_1_31' title="bbox 114 2913 1751 2985">
    <p class='ocr_par' dir='ltr' id='par_1_31' title="bbox 114 2913 1751 2985">
     <span class='ocr_line' id='line_1_31' title="bbox 114 2913 1751 2985; baseline -0.002 -13"><span class='ocrx_word' id='word_1_172' title='bbox 114 2916 330 2973; x_wconf 89' lang='lat' dir='ltr'>siliensi</span> <span class='ocrx_word' id='word_1_173' title='bbox 363 2914 716 2971; x_wconf 87' lang='lat' dir='ltr'>monasterio</span> <span class='ocrx_word' id='word_1_174' title='bbox 732 2913 1050 2968; x_wconf 91' lang='lat' dir='ltr'>B.Victoris</span> <span class='ocrx_word' id='word_1_175' title='bbox 1073 2913 1344 2985; x_wconf 77' lang='lat' dir='ltr'>martyris</span> <span class='ocrx_word' id='word_1_176' title='bbox 1365 2915 1518 2985; x_wconf 90' lang='lat' dir='ltr'>apud</span> <span class='ocrx_word' id='word_1_177' title='bbox 1545 2915 1751 2969; x_wconf 89' lang='lat' dir='ltr'>Taras-</span> 
     </span>
    </p>
   </div>
   <div class='ocr_carea' id='block_1_32' title="bbox 114 3002 1748 3078">
    <p class='ocr_par' dir='ltr' id='par_1_32' title="bbox 114 3002 1748 3078">
     <span class='ocr_line' id='line_1_32' title="bbox 114 3002 1748 3078; baseline -0.002 -17"><span class='ocrx_word' id='word_1_178' title='bbox 114 3021 306 3061; x_wconf 87' lang='lat' dir='ltr'>conem</span> <span class='ocrx_word' id='word_1_179' title='bbox 349 3021 454 3078; x_wconf 91' lang='lat' dir='ltr'>per</span> <span class='ocrx_word' id='word_1_180' title='bbox 475 3019 716 3059; x_wconf 89' lang='lat' dir='ltr'>manum</span> <span class='ocrx_word' id='word_1_181' title='bbox 767 3007 1026 3058; x_wconf 88' lang='lat' dir='ltr'>nostram</span> <span class='ocrx_word' id='word_1_182' title='bbox 1068 3002 1451 3065; x_wconf 84' lang='lat' dir='ltr'>concessisse,</span> <span class='ocrx_word' id='word_1_183' title='bbox 1477 3002 1549 3057; x_wconf 90' lang='lat' dir='ltr'>ad</span> <span class='ocrx_word' id='word_1_184' title='bbox 1580 3019 1748 3058; x_wconf 87' lang='lat' dir='ltr'>cons-</span> 
     </span>
    </p>
   </div>
   <div class='ocr_carea' id='block_1_33' title="bbox 115 3090 1749 3163">
    <p class='ocr_par' dir='ltr' id='par_1_33' title="bbox 115 3090 1749 3163">
     <span class='ocr_line' id='line_1_33' title="bbox 115 3090 1749 3163; baseline -0.001 -15"><span class='ocrx_word' id='word_1_185' title='bbox 115 3095 419 3151; x_wconf 88' lang='lat' dir='ltr'>truendam</span> <span class='ocrx_word' id='word_1_186' title='bbox 441 3091 748 3150; x_wconf 88' lang='lat' dir='ltr'>ecclesiam</span> <span class='ocrx_word' id='word_1_187' title='bbox 782 3091 849 3146; x_wconf 85' lang='lat' dir='ltr'>R.</span> <span class='ocrx_word' id='word_1_188' title='bbox 873 3090 1087 3146; x_wconf 89' lang='lat' dir='ltr'>Nicolai</span> <span class='ocrx_word' id='word_1_189' title='bbox 1110 3091 1479 3147; x_wconf 81' lang='lat' dir='ltr'>confessoris.</span> <span class='ocrx_word' id='word_1_190' title='bbox 1504 3091 1619 3148; x_wconf 91' lang='lat' dir='ltr'>Vos</span> <span class='ocrx_word' id='word_1_191' title='bbox 1641 3091 1749 3163; x_wconf 90' lang='lat' dir='ltr'>igi-</span> 
     </span>
    </p>
   </div>
   <div class='ocr_carea' id='block_1_34' title="bbox 112 3179 1750 3253">
    <p class='ocr_par' dir='ltr' id='par_1_34' title="bbox 112 3179 1750 3253">
     <span class='ocr_line' id='line_1_34' title="bbox 112 3179 1750 3253; baseline -0.001 -16"><span class='ocrx_word' id='word_1_192' title='bbox 112 3180 586 3253; x_wconf 79' lang='lat' dir='ltr'>tur......[dilecti]</span> <span class='ocrx_word' id='word_1_193' title='bbox 609 3179 1346 3252; x_wconf 70' lang='lat' dir='ltr'>ﬁlii,litterispraasentibus</span> <span class='ocrx_word' id='word_1_194' title='bbox 1366 3180 1750 3236; x_wconf 88' lang='lat' dir='ltr'>admonemus</span> 
     </span>
    </p>
   </div>
   <div class='ocr_carea' id='block_1_35' title="bbox 1862 671 3508 747">
    <p class='ocr_par' dir='ltr' id='par_1_35' title="bbox 1862 671 3508 747">
     <span class='ocr_line' id='line_1_35' title="bbox 1862 671 3508 747; baseline -0.001 -18"><span class='ocrx_word' id='word_1_195' title='bbox 1862 676 2222 731; x_wconf 88' lang='lat' dir='ltr'>concessisse</span> <span class='ocrx_word' id='word_1_196' title='bbox 2248 675 2676 747; x_wconf 87' lang='lat' dir='ltr'>cognoscimur.</span> <span class='ocrx_word' id='word_1_197' title='bbox 2697 676 2860 732; x_wconf 90' lang='lat' dir='ltr'>Unde</span> <span class='ocrx_word' id='word_1_198' title='bbox 2889 675 3065 731; x_wconf 89' lang='lat' dir='ltr'>etiam</span> <span class='ocrx_word' id='word_1_199' title='bbox 3094 676 3296 730; x_wconf 83' lang='lat' dir='ltr'>vestrae</span> <span class='ocrx_word' id='word_1_200' title='bbox 3327 671 3508 745; x_wconf 86' lang='lat' dir='ltr'>quieti</span> 
     </span>
    </p>
   </div>
   <div class='ocr_carea' id='block_1_36' title="bbox 1864 763 3510 836">
    <p class='ocr_par' dir='ltr' id='par_1_36' title="bbox 1864 763 3510 836">
     <span class='ocr_line' id='line_1_36' title="bbox 1864 763 3510 836; baseline -0.001 -18"><span class='ocrx_word' id='word_1_201' title='bbox 1864 765 2140 820; x_wconf 85' lang='lat' dir='ltr'>attentius</span> <span class='ocrx_word' id='word_1_202' title='bbox 2190 765 2579 836; x_wconf 85' lang='lat' dir='ltr'>providentes,</span> <span class='ocrx_word' id='word_1_203' title='bbox 2645 766 3105 822; x_wconf 88' lang='lat' dir='ltr'>Nemausensem</span> <span class='ocrx_word' id='word_1_204' title='bbox 3168 763 3510 836; x_wconf 87' lang='lat' dir='ltr'>episcopum</span> 
     </span>
    </p>
   </div>
   <div class='ocr_carea' id='block_1_37' title="bbox 1860 853 3510 910">
    <p class='ocr_par' dir='ltr' id='par_1_37' title="bbox 1860 853 3510 910">
     <span class='ocr_line' id='line_1_37' title="bbox 1860 853 3510 910; baseline 0 -4"><span class='ocrx_word' id='word_1_205' title='bbox 1860 853 2024 907; x_wconf 87' lang='lat' dir='ltr'>vobis</span> <span class='ocrx_word' id='word_1_206' title='bbox 2055 853 2342 908; x_wconf 88' lang='lat' dir='ltr'>infestum</span> <span class='ocrx_word' id='word_1_207' title='bbox 2371 857 2569 909; x_wconf 88' lang='lat' dir='ltr'>nostra</span> <span class='ocrx_word' id='word_1_208' title='bbox 2605 854 2942 910; x_wconf 89' lang='lat' dir='ltr'>studuimus</span> <span class='ocrx_word' id='word_1_209' title='bbox 2974 853 3320 910; x_wconf 86' lang='lat' dir='ltr'>auctoritate</span> <span class='ocrx_word' id='word_1_210' title='bbox 3349 866 3510 908; x_wconf 84' lang='lat' dir='ltr'>coer-</span> 
     </span>
    </p>
   </div>
   <div class='ocr_carea' id='block_1_38' title="bbox 1863 940 3510 1016">
    <p class='ocr_par' dir='ltr' id='par_1_38' title="bbox 1863 940 3510 1016">
     <span class='ocr_line' id='line_1_38' title="bbox 1863 940 3510 1016; baseline 0 -20"><span class='ocrx_word' id='word_1_211' title='bbox 1863 958 2009 997; x_wconf 90' lang='lat' dir='ltr'>cere.</span> <span class='ocrx_word' id='word_1_212' title='bbox 2045 944 2186 997; x_wconf 89' lang='lat' dir='ltr'>Cum</span> <span class='ocrx_word' id='word_1_213' title='bbox 2219 941 2374 998; x_wconf 92' lang='lat' dir='ltr'>enim</span> <span class='ocrx_word' id='word_1_214' title='bbox 2401 960 2502 999; x_wconf 87' lang='lat' dir='ltr'>vos</span> <span class='ocrx_word' id='word_1_215' title='bbox 2552 961 2729 1016; x_wconf 92' lang='lat' dir='ltr'>super</span> <span class='ocrx_word' id='word_1_216' title='bbox 2773 942 3020 1000; x_wconf 88' lang='lat' dir='ltr'>ecclesia</span> <span class='ocrx_word' id='word_1_217' title='bbox 3073 943 3132 999; x_wconf 91' lang='lat' dir='ltr'>S.</span> <span class='ocrx_word' id='word_1_218' title='bbox 3165 942 3406 998; x_wconf 59' lang='lat' dir='ltr'>Andreas</span> <span class='ocrx_word' id='word_1_219' title='bbox 3438 940 3510 996; x_wconf 88' lang='lat' dir='ltr'>de</span> 
     </span>
    </p>
   </div>
   <div class='ocr_carea' id='block_1_39' title="bbox 1862 1025 3508 1105">
    <p class='ocr_par' dir='ltr' id='par_1_39' title="bbox 1862 1025 3508 1105">
     <span class='ocr_line' id='line_1_39' title="bbox 1862 1025 3508 1105; baseline 0.001 -21"><span class='ocrx_word' id='word_1_220' title='bbox 1862 1030 2102 1086; x_wconf 90' lang='lat' dir='ltr'>Bernice</span> <span class='ocrx_word' id='word_1_221' title='bbox 2153 1034 2211 1087; x_wconf 90' lang='lat' dir='ltr'>et</span> <span class='ocrx_word' id='word_1_222' title='bbox 2254 1030 2386 1086; x_wconf 86' lang='lat' dir='ltr'>aliis</span> <span class='ocrx_word' id='word_1_223' title='bbox 2434 1032 2810 1103; x_wconf 89' lang='lat' dir='ltr'>quibusdam,</span> <span class='ocrx_word' id='word_1_224' title='bbox 2863 1025 3030 1105; x_wconf 86' lang='lat' dir='ltr'>quas</span> <span class='ocrx_word' id='word_1_225' title='bbox 3069 1037 3508 1088; x_wconf 89' lang='lat' dir='ltr'>antecessorum</span> 
     </span>
    </p>
   </div>
   <div class='ocr_carea' id='block_1_40' title="bbox 1861 1121 3510 1194">
    <p class='ocr_par' dir='ltr' id='par_1_40' title="bbox 1861 1121 3510 1194">
     <span class='ocr_line' id='line_1_40' title="bbox 1861 1121 3510 1194; baseline 0.001 -20"><span class='ocrx_word' id='word_1_226' title='bbox 1861 1136 2104 1176; x_wconf 89' lang='lat' dir='ltr'>suorum</span> <span class='ocrx_word' id='word_1_227' title='bbox 2138 1121 2502 1193; x_wconf 88' lang='lat' dir='ltr'>temporibus</span> <span class='ocrx_word' id='word_1_228' title='bbox 2551 1122 2961 1194; x_wconf 88' lang='lat' dir='ltr'>possederatis,</span> <span class='ocrx_word' id='word_1_229' title='bbox 2997 1121 3368 1194; x_wconf 84' lang='lat' dir='ltr'>inquietaret,</span> <span class='ocrx_word' id='word_1_230' title='bbox 3400 1135 3510 1176; x_wconf 86' lang='lat' dir='ltr'>nos</span> 
     </span>
    </p>
   </div>
   <div class='ocr_carea' id='block_1_41' title="bbox 1861 1207 3511 1283">
    <p class='ocr_par' dir='ltr' id='par_1_41' title="bbox 1861 1207 3511 1283">
     <span class='ocr_line' id='line_1_41' title="bbox 1861 1207 3511 1283; baseline 0.002 -21"><span class='ocrx_word' id='word_1_231' title='bbox 1861 1209 1911 1262; x_wconf 89' lang='lat' dir='ltr'>ei</span> <span class='ocrx_word' id='word_1_232' title='bbox 1945 1211 2183 1264; x_wconf 88' lang='lat' dir='ltr'>omnino</span> <span class='ocrx_word' id='word_1_233' title='bbox 2205 1210 2277 1266; x_wconf 87' lang='lat' dir='ltr'>ab</span> <span class='ocrx_word' id='word_1_234' title='bbox 2301 1210 2642 1281; x_wconf 90' lang='lat' dir='ltr'>hujusmodi</span> <span class='ocrx_word' id='word_1_235' title='bbox 2679 1211 2965 1269; x_wconf 89' lang='lat' dir='ltr'>molestiis</span> <span class='ocrx_word' id='word_1_236' title='bbox 2996 1227 3224 1269; x_wconf 89' lang='lat' dir='ltr'>cessare</span> <span class='ocrx_word' id='word_1_237' title='bbox 3249 1207 3511 1283; x_wconf 66' lang='lat' dir='ltr'>praecipi-</span> 
     </span>
    </p>
   </div>
   <div class='ocr_carea' id='block_1_42' title="bbox 1863 1298 3505 1375">
    <p class='ocr_par' dir='ltr' id='par_1_42' title="bbox 1863 1298 3505 1375">
     <span class='ocr_line' id='line_1_42' title="bbox 1863 1298 3505 1375; baseline 0.002 -25"><span class='ocrx_word' id='word_1_238' title='bbox 1863 1313 2016 1362; x_wconf 91' lang='lat' dir='ltr'>mus,</span> <span class='ocrx_word' id='word_1_239' title='bbox 2050 1301 2106 1352; x_wconf 88' lang='lat' dir='ltr'>et</span> <span class='ocrx_word' id='word_1_240' title='bbox 2135 1298 2234 1375; x_wconf 51' lang='lat' dir='ltr'>sic.</span> <span class='ocrx_word' id='word_1_241' title='bbox 2250 1298 2414 1355; x_wconf 91' lang='lat' dir='ltr'>vobis</span> <span class='ocrx_word' id='word_1_242' title='bbox 2447 1299 2644 1356; x_wconf 88' lang='lat' dir='ltr'>omnia</span> <span class='ocrx_word' id='word_1_243' title='bbox 2675 1300 2868 1372; x_wconf 92' lang='lat' dir='ltr'>quiete</span> <span class='ocrx_word' id='word_1_244' title='bbox 2899 1298 3374 1366; x_wconf 88' lang='lat' dir='ltr'>dimittere,sicut</span> <span class='ocrx_word' id='word_1_245' title='bbox 3404 1314 3505 1353; x_wconf 86' lang='lat' dir='ltr'>an-</span> 
     </span>
    </p>
   </div>
   <div class='ocr_carea' id='block_1_43' title="bbox 1860 1387 3504 1461">
    <p class='ocr_par' dir='ltr' id='par_1_43' title="bbox 1860 1387 3504 1461">
     <span class='ocr_line' id='line_1_43' title="bbox 1860 1387 3504 1461; baseline 0.001 -22"><span class='ocrx_word' id='word_1_246' title='bbox 1860 1388 2224 1441; x_wconf 89' lang='lat' dir='ltr'>tecessorum</span> <span class='ocrx_word' id='word_1_247' title='bbox 2241 1392 2576 1443; x_wconf 89' lang='lat' dir='ltr'>nostrorum</span> <span class='ocrx_word' id='word_1_248' title='bbox 2598 1392 2860 1460; x_wconf 90' lang='lat' dir='ltr'>tempore</span> <span class='ocrx_word' id='word_1_249' title='bbox 2872 1406 2972 1445; x_wconf 88' lang='lat' dir='ltr'>vos</span> <span class='ocrx_word' id='word_1_250' title='bbox 2996 1387 3328 1461; x_wconf 87' lang='lat' dir='ltr'>possedisse</span> <span class='ocrx_word' id='word_1_251' title='bbox 3363 1403 3504 1442; x_wconf 87' lang='lat' dir='ltr'>con-</span> 
     </span>
    </p>
   </div>
   <div class='ocr_carea' id='block_1_44' title="bbox 1861 1472 3505 1548">
    <p class='ocr_par' dir='ltr' id='par_1_44' title="bbox 1861 1472 3505 1548">
     <span class='ocr_line' id='line_1_44' title="bbox 1861 1472 3505 1548; baseline 0.002 -20"><span class='ocrx_word' id='word_1_252' title='bbox 1861 1472 2105 1529; x_wconf 89' lang='lat' dir='ltr'>stiterat.</span> <span class='ocrx_word' id='word_1_253' title='bbox 2139 1475 2448 1531; x_wconf 89' lang='lat' dir='ltr'>Abbatiam</span> <span class='ocrx_word' id='word_1_254' title='bbox 2475 1481 2750 1548; x_wconf 70' lang='lat' dir='ltr'>praeterea</span> <span class='ocrx_word' id='word_1_255' title='bbox 2771 1477 2928 1533; x_wconf 88' lang='lat' dir='ltr'>Beati</span> <span class='ocrx_word' id='word_1_256' title='bbox 2950 1475 3184 1532; x_wconf 88' lang='lat' dir='ltr'>Eusebii</span> <span class='ocrx_word' id='word_1_257' title='bbox 3215 1479 3271 1532; x_wconf 91' lang='lat' dir='ltr'>et</span> <span class='ocrx_word' id='word_1_258' title='bbox 3299 1491 3505 1532; x_wconf 84' lang='lat' dir='ltr'>omnes</span> 
     </span>
    </p>
   </div>
   <div class='ocr_carea' id='block_1_45' title="bbox 1861 1563 3500 1638">
    <p class='ocr_par' dir='ltr' id='par_1_45' title="bbox 1861 1563 3500 1638">
     <span class='ocr_line' id='line_1_45' title="bbox 1861 1563 3500 1638; baseline 0.001 -21"><span class='ocrx_word' id='word_1_259' title='bbox 1861 1564 2284 1633; x_wconf 90' lang='lat' dir='ltr'>possessiones,</span> <span class='ocrx_word' id='word_1_260' title='bbox 2313 1581 2460 1636; x_wconf 90' lang='lat' dir='ltr'>quas</span> <span class='ocrx_word' id='word_1_261' title='bbox 2485 1565 2663 1625; x_wconf 5' lang='lat' dir='ltr'>rhodie</span> <span class='ocrx_word' id='word_1_262' title='bbox 2685 1567 2847 1637; x_wconf 90' lang='lat' dir='ltr'>juste</span> <span class='ocrx_word' id='word_1_263' title='bbox 2877 1565 3175 1638; x_wconf 88' lang='lat' dir='ltr'>possidere</span> <span class='ocrx_word' id='word_1_264' title='bbox 3200 1563 3500 1632; x_wconf 86' lang='lat' dir='ltr'>videmini,</span> 
     </span>
    </p>
   </div>
   <div class='ocr_carea' id='block_1_46' title="bbox 1858 1650 3504 1726">
    <p class='ocr_par' dir='ltr' id='par_1_46' title="bbox 1858 1650 3504 1726">
     <span class='ocr_line' id='line_1_46' title="bbox 1858 1650 3504 1726; baseline 0.002 -23"><span class='ocrx_word' id='word_1_265' title='bbox 1858 1650 2024 1706; x_wconf 89' lang='lat' dir='ltr'>vobis</span> <span class='ocrx_word' id='word_1_266' title='bbox 2036 1652 2359 1725; x_wconf 89' lang='lat' dir='ltr'>vestrisque</span> <span class='ocrx_word' id='word_1_267' title='bbox 2372 1655 2813 1711; x_wconf 90' lang='lat' dir='ltr'>successoribus</span> <span class='ocrx_word' id='word_1_268' title='bbox 2825 1658 3104 1726; x_wconf 89' lang='lat' dir='ltr'>perpetuo</span> <span class='ocrx_word' id='word_1_269' title='bbox 3117 1652 3504 1726; x_wconf 85' lang='lat' dir='ltr'>possidendas</span> 
     </span>
    </p>
   </div>
   <div class='ocr_carea' id='block_1_47' title="bbox 1829 1715 3532 1811">
    <p class='ocr_par' dir='ltr' id='par_1_47' title="bbox 1829 1715 3532 1811">
     <span class='ocr_line' id='line_1_47' title="bbox 1829 1715 3532 1811; baseline 0.002 -18"><span class='ocrx_word' id='word_1_270' title='bbox 1829 1715 1831 1718; x_wconf 22' lang='grc' dir='ltr'><strong>Ι</strong></span> <span class='ocrx_word' id='word_1_271' title='bbox 1861 1739 2180 1811; x_wconf 88' lang='lat' dir='ltr'>apostolica</span> <span class='ocrx_word' id='word_1_272' title='bbox 2228 1715 2572 1799; x_wconf 79' lang='lat' dir='ltr'>auctoritate</span> <span class='ocrx_word' id='word_1_273' title='bbox 2609 1715 2950 1800; x_wconf 53' lang='lat' dir='ltr'>ﬁrmamus:</span> <span class='ocrx_word' id='word_1_274' title='bbox 2970 1715 3296 1799; x_wconf 75' lang='lat' dir='ltr'>Statuimus</span> <span class='ocrx_word' id='word_1_275' title='bbox 3326 1740 3502 1797; x_wconf 87' lang='lat' dir='ltr'>etiam</span> <span class='ocrx_word' id='word_1_276' title='bbox 3527 1781 3532 1788; x_wconf 81' lang='lat'>.</span> 
     </span>
    </p>
   </div>
   <div class='ocr_carea' id='block_1_48' title="bbox 1863 1829 3504 1904">
    <p class='ocr_par' dir='ltr' id='par_1_48' title="bbox 1863 1829 3504 1904">
     <span class='ocr_line' id='line_1_48' title="bbox 1863 1829 3504 1904; baseline 0.002 -22"><span class='ocrx_word' id='word_1_277' title='bbox 1863 1831 1929 1882; x_wconf 91' lang='lat' dir='ltr'>ut</span> <span class='ocrx_word' id='word_1_278' title='bbox 1957 1829 2027 1883; x_wconf 90' lang='lat' dir='ltr'>de</span> <span class='ocrx_word' id='word_1_279' title='bbox 2042 1834 2246 1885; x_wconf 66' lang='lat' dir='ltr'>caetero</span> <span class='ocrx_word' id='word_1_280' title='bbox 2299 1830 2457 1886; x_wconf 89' lang='lat' dir='ltr'>nullo</span> <span class='ocrx_word' id='word_1_281' title='bbox 2497 1831 2931 1904; x_wconf 89' lang='lat' dir='ltr'>archiepiscopo</span> <span class='ocrx_word' id='word_1_282' title='bbox 2969 1831 3139 1887; x_wconf 84' lang='lat' dir='ltr'>liceat</span> <span class='ocrx_word' id='word_1_283' title='bbox 3174 1840 3351 1903; x_wconf 85' lang='lat' dir='ltr'>super</span> <span class='ocrx_word' id='word_1_284' title='bbox 3376 1845 3504 1885; x_wconf 88' lang='lat' dir='ltr'>ves-</span> 
     </span>
    </p>
   </div>
   <div class='ocr_carea' id='block_1_49' title="bbox 1861 1916 3506 1976">
    <p class='ocr_par' dir='ltr' id='par_1_49' title="bbox 1861 1916 3506 1976">
     <span class='ocr_line' id='line_1_49' title="bbox 1861 1916 3506 1976; baseline 0.002 -6"><span class='ocrx_word' id='word_1_285' title='bbox 1861 1919 2019 1971; x_wconf 90' lang='lat' dir='ltr'>trum</span> <span class='ocrx_word' id='word_1_286' title='bbox 2042 1919 2370 1975; x_wconf 86' lang='lat' dir='ltr'>coenobium</span> <span class='ocrx_word' id='word_1_287' title='bbox 2389 1919 2474 1976; x_wconf 91' lang='lat' dir='ltr'>vel</span> <span class='ocrx_word' id='word_1_288' title='bbox 2495 1921 2764 1976; x_wconf 89' lang='lat' dir='ltr'>abbatem</span> <span class='ocrx_word' id='word_1_289' title='bbox 2780 1937 3024 1976; x_wconf 89' lang='lat' dir='ltr'>manum</span> <span class='ocrx_word' id='word_1_290' title='bbox 3042 1916 3506 1976; x_wconf 81' lang='lat' dir='ltr'>excommunica-</span> 
     </span>
    </p>
   </div>
   <div class='ocr_carea' id='block_1_50' title="bbox 1862 2004 3526 2076">
    <p class='ocr_par' dir='ltr' id='par_1_50' title="bbox 1862 2004 3526 2076">
     <span class='ocr_line' id='line_1_50' title="bbox 1862 2004 3526 2076; baseline -0.001 -15"><span class='ocrx_word' id='word_1_291' title='bbox 1862 2004 2039 2061; x_wconf 90' lang='lat' dir='ltr'>tionis</span> <span class='ocrx_word' id='word_1_292' title='bbox 2062 2011 2164 2062; x_wconf 89' lang='lat' dir='ltr'>aut</span> <span class='ocrx_word' id='word_1_293' title='bbox 2184 2007 2614 2064; x_wconf 88' lang='lat' dir='ltr'>interdictionis</span> <span class='ocrx_word' id='word_1_294' title='bbox 2635 2009 3072 2076; x_wconf 82' lang='lat' dir='ltr'>extendere,sed</span> <span class='ocrx_word' id='word_1_295' title='bbox 3097 2009 3154 2064; x_wconf 93' lang='lat' dir='ltr'>in</span> <span class='ocrx_word' id='word_1_296' title='bbox 3178 2008 3240 2064; x_wconf 86' lang='lat' dir='ltr'>B.</span> <span class='ocrx_word' id='word_1_297' title='bbox 3267 2005 3420 2063; x_wconf 89' lang='lat' dir='ltr'>Petri</span> <span class='ocrx_word' id='word_1_298' title='bbox 3451 2010 3526 2061; x_wconf 89' lang='lat' dir='ltr'>et-</span> 
     </span>
    </p>
   </div>
   <div class='ocr_carea' id='block_1_51' title="bbox 1859 2095 3508 2170">
    <p class='ocr_par' dir='ltr' id='par_1_51' title="bbox 1859 2095 3508 2170">
     <span class='ocr_line' id='line_1_51' title="bbox 1859 2095 3508 2170; baseline 0.001 -21"><span class='ocrx_word' id='word_1_299' title='bbox 1859 2095 1987 2166; x_wconf 87' lang='lat' dir='ltr'>ejus</span> <span class='ocrx_word' id='word_1_300' title='bbox 2020 2095 2368 2152; x_wconf 88' lang='lat' dir='ltr'>vicariorum</span> <span class='ocrx_word' id='word_1_301' title='bbox 2411 2115 2592 2154; x_wconf 87' lang='lat' dir='ltr'>manu</span> <span class='ocrx_word' id='word_1_302' title='bbox 2627 2097 2807 2170; x_wconf 90' lang='lat' dir='ltr'>quieti</span> <span class='ocrx_word' id='word_1_303' title='bbox 2855 2115 3085 2170; x_wconf 90' lang='lat' dir='ltr'>semper</span> <span class='ocrx_word' id='word_1_304' title='bbox 3114 2114 3180 2153; x_wconf 90' lang='lat' dir='ltr'>ac</span> <span class='ocrx_word' id='word_1_305' title='bbox 3216 2095 3384 2152; x_wconf 89' lang='lat' dir='ltr'>liberi</span> <span class='ocrx_word' id='word_1_306' title='bbox 3403 2110 3508 2167; x_wconf 89' lang='lat' dir='ltr'>per</span> 
     </span>
    </p>
   </div>
   <div class='ocr_carea' id='block_1_52' title="bbox 1861 2184 3508 2260">
    <p class='ocr_par' dir='ltr' id='par_1_52' title="bbox 1861 2184 3508 2260">
     <span class='ocr_line' id='line_1_52' title="bbox 1861 2184 3508 2260; baseline 0.003 -25"><span class='ocrx_word' id='word_1_307' title='bbox 1861 2184 2278 2256; x_wconf 90' lang='lat' dir='ltr'>omnipotentis</span> <span class='ocrx_word' id='word_1_308' title='bbox 2291 2186 2389 2242; x_wconf 93' lang='lat' dir='ltr'>Dei</span> <span class='ocrx_word' id='word_1_309' title='bbox 2404 2187 2654 2259; x_wconf 85' lang='lat' dir='ltr'>gratiam</span> <span class='ocrx_word' id='word_1_310' title='bbox 2677 2184 3405 2260; x_wconf 87' lang='lat' dir='ltr'>maneatis;poenitentibus</span> <span class='ocrx_word' id='word_1_311' title='bbox 3415 2199 3508 2240; x_wconf 86' lang='lat' dir='ltr'>ve-</span> 
     </span>
    </p>
   </div>
   <div class='ocr_carea' id='block_1_53' title="bbox 1860 2272 3508 2344">
    <p class='ocr_par' dir='ltr' id='par_1_53' title="bbox 1860 2272 3508 2344">
     <span class='ocr_line' id='line_1_53' title="bbox 1860 2272 3508 2344; baseline 0.001 -17"><span class='ocrx_word' id='word_1_312' title='bbox 1860 2287 1922 2324; x_wconf 75' lang='lat' dir='ltr'>ro</span> <span class='ocrx_word' id='word_1_313' title='bbox 1939 2272 2039 2343; x_wconf 89' lang='lat' dir='ltr'>qui</span> <span class='ocrx_word' id='word_1_314' title='bbox 2060 2289 2164 2344; x_wconf 90' lang='lat' dir='ltr'>pro</span> <span class='ocrx_word' id='word_1_315' title='bbox 2189 2273 2474 2330; x_wconf 91' lang='lat' dir='ltr'>scelerum</span> <span class='ocrx_word' id='word_1_316' title='bbox 2495 2292 2736 2332; x_wconf 87' lang='lat' dir='ltr'>suorum</span> <span class='ocrx_word' id='word_1_317' title='bbox 2757 2276 2926 2332; x_wconf 88' lang='lat' dir='ltr'>venia</span> <span class='ocrx_word' id='word_1_318' title='bbox 2948 2275 3191 2332; x_wconf 76' lang='lat' dir='ltr'>cmnobii</span> <span class='ocrx_word' id='word_1_319' title='bbox 3211 2273 3389 2330; x_wconf 86' lang='lat' dir='ltr'>vestri</span> <span class='ocrx_word' id='word_1_320' title='bbox 3408 2273 3508 2329; x_wconf 85' lang='lat' dir='ltr'>ba-</span> 
     </span>
    </p>
   </div>
   <div class='ocr_carea' id='block_1_54' title="bbox 1858 2358 3506 2437">
    <p class='ocr_par' dir='ltr' id='par_1_54' title="bbox 1858 2358 3506 2437">
     <span class='ocr_line' id='line_1_54' title="bbox 1858 2358 3506 2437; baseline 0.002 -25"><span class='ocrx_word' id='word_1_321' title='bbox 1858 2359 1905 2413; x_wconf 91' lang='lat' dir='ltr'>si</span> <span class='ocrx_word' id='word_1_322' title='bbox 1916 2358 2174 2428; x_wconf 89' lang='lat' dir='ltr'>licam,in</span> <span class='ocrx_word' id='word_1_323' title='bbox 2199 2379 2314 2434; x_wconf 89' lang='lat' dir='ltr'>qua</span> <span class='ocrx_word' id='word_1_324' title='bbox 2335 2364 2486 2419; x_wconf 89' lang='lat' dir='ltr'>beati</span> <span class='ocrx_word' id='word_1_325' title='bbox 2515 2363 2719 2436; x_wconf 60' lang='lat' dir='ltr'>Algidii</span> <span class='ocrx_word' id='word_1_326' title='bbox 2743 2379 2954 2437; x_wconf 90' lang='lat' dir='ltr'>corpus</span> <span class='ocrx_word' id='word_1_327' title='bbox 2977 2364 3275 2436; x_wconf 89' lang='lat' dir='ltr'>quiescere</span> <span class='ocrx_word' id='word_1_328' title='bbox 3303 2361 3506 2434; x_wconf 91' lang='lat' dir='ltr'>digno-</span> 
     </span>
    </p>
   </div>
   <div class='ocr_carea' id='block_1_55' title="bbox 1859 2448 3503 2522">
    <p class='ocr_par' dir='ltr' id='par_1_55' title="bbox 1859 2448 3503 2522">
     <span class='ocr_line' id='line_1_55' title="bbox 1859 2448 3503 2522; baseline 0.002 -20"><span class='ocrx_word' id='word_1_329' title='bbox 1859 2448 2061 2517; x_wconf 91' lang='lat' dir='ltr'>scitur,</span> <span class='ocrx_word' id='word_1_330' title='bbox 2114 2451 2473 2522; x_wconf 80' lang='lat' dir='ltr'>expetierint,</span> <span class='ocrx_word' id='word_1_331' title='bbox 2516 2468 2644 2508; x_wconf 90' lang='lat' dir='ltr'>eam</span> <span class='ocrx_word' id='word_1_332' title='bbox 2703 2452 2942 2518; x_wconf 90' lang='lat' dir='ltr'>intrare,</span> <span class='ocrx_word' id='word_1_333' title='bbox 2994 2455 3051 2508; x_wconf 90' lang='lat' dir='ltr'>et</span> <span class='ocrx_word' id='word_1_334' title='bbox 3093 2451 3210 2506; x_wconf 91' lang='lat' dir='ltr'>illic</span> <span class='ocrx_word' id='word_1_335' title='bbox 3256 2449 3503 2506; x_wconf 91' lang='lat' dir='ltr'>Domino</span> 
     </span>
    </p>
   </div>
   <div class='ocr_carea' id='block_1_56' title="bbox 1859 2538 3500 2612">
    <p class='ocr_par' dir='ltr' id='par_1_56' title="bbox 1859 2538 3500 2612">
     <span class='ocr_line' id='line_1_56' title="bbox 1859 2538 3500 2612; baseline 0.001 -21"><span class='ocrx_word' id='word_1_336' title='bbox 1859 2554 1966 2592; x_wconf 88' lang='lat' dir='ltr'>sua</span> <span class='ocrx_word' id='word_1_337' title='bbox 1997 2539 2372 2595; x_wconf 89' lang='lat' dir='ltr'>concedimus</span> <span class='ocrx_word' id='word_1_338' title='bbox 2405 2543 2534 2596; x_wconf 91' lang='lat' dir='ltr'>vota</span> <span class='ocrx_word' id='word_1_339' title='bbox 2562 2540 2905 2612; x_wconf 87' lang='lat' dir='ltr'>persolvere.</span> <span class='ocrx_word' id='word_1_340' title='bbox 2932 2542 2978 2595; x_wconf 88' lang='lat' dir='ltr'><strong>A</strong></span> <span class='ocrx_word' id='word_1_341' title='bbox 3008 2538 3296 2611; x_wconf 87' lang='lat' dir='ltr'>conjugiis</span> <span class='ocrx_word' id='word_1_342' title='bbox 3326 2539 3500 2594; x_wconf 89' lang='lat' dir='ltr'>etiam</span> 
     </span>
    </p>
   </div>
   <div class='ocr_carea' id='block_1_57' title="bbox 1857 2625 3501 2700">
    <p class='ocr_par' dir='ltr' id='par_1_57' title="bbox 1857 2625 3501 2700">
     <span class='ocr_line' id='line_1_57' title="bbox 1857 2625 3501 2700; baseline 0.001 -19"><span class='ocrx_word' id='word_1_343' title='bbox 1857 2625 2075 2682; x_wconf 89' lang='lat' dir='ltr'>liberos</span> <span class='ocrx_word' id='word_1_344' title='bbox 2106 2628 2178 2683; x_wconf 89' lang='lat' dir='ltr'>ad</span> <span class='ocrx_word' id='word_1_345' title='bbox 2211 2629 2628 2685; x_wconf 88' lang='lat' dir='ltr'>monachatum</span> <span class='ocrx_word' id='word_1_346' title='bbox 2659 2629 2889 2685; x_wconf 87' lang='lat' dir='ltr'>admitti</span> <span class='ocrx_word' id='word_1_347' title='bbox 2937 2629 3064 2685; x_wconf 87' lang='lat' dir='ltr'>sine</span> <span class='ocrx_word' id='word_1_348' title='bbox 3094 2627 3501 2700; x_wconf 90' lang='lat' dir='ltr'>episcoporum</span> 
     </span>
    </p>
   </div>
   <div class='ocr_carea' id='block_1_58' title="bbox 1859 2716 3502 2790">
    <p class='ocr_par' dir='ltr' id='par_1_58' title="bbox 1859 2716 3502 2790">
     <span class='ocr_line' id='line_1_58' title="bbox 1859 2716 3502 2790; baseline 0.001 -21"><span class='ocrx_word' id='word_1_349' title='bbox 1859 2716 2316 2774; x_wconf 88' lang='lat' dir='ltr'>contradictione</span> <span class='ocrx_word' id='word_1_350' title='bbox 2347 2718 2743 2775; x_wconf 90' lang='lat' dir='ltr'>concedimus.</span> <span class='ocrx_word' id='word_1_351' title='bbox 2776 2717 2892 2774; x_wconf 88' lang='lat' dir='ltr'>Vos</span> <span class='ocrx_word' id='word_1_352' title='bbox 2922 2717 3080 2774; x_wconf 91' lang='lat' dir='ltr'>enim</span> <span class='ocrx_word' id='word_1_353' title='bbox 3110 2733 3214 2790; x_wconf 90' lang='lat' dir='ltr'>pro</span> <span class='ocrx_word' id='word_1_354' title='bbox 3233 2717 3502 2788; x_wconf 90' lang='lat' dir='ltr'>ejusdem</span> 
     </span>
    </p>
   </div>
   <div class='ocr_carea' id='block_1_59' title="bbox 1859 2803 3502 2879">
    <p class='ocr_par' dir='ltr' id='par_1_59' title="bbox 1859 2803 3502 2879">
     <span class='ocr_line' id='line_1_59' title="bbox 1859 2803 3502 2879; baseline 0.001 -21"><span class='ocrx_word' id='word_1_355' title='bbox 1859 2803 2128 2877; x_wconf 67' lang='lat' dir='ltr'>B.Egidii</span> <span class='ocrx_word' id='word_1_356' title='bbox 2155 2806 2379 2864; x_wconf 91' lang='lat' dir='ltr'>meritis</span> <span class='ocrx_word' id='word_1_357' title='bbox 2395 2811 2452 2862; x_wconf 92' lang='lat' dir='ltr'>et</span> <span class='ocrx_word' id='word_1_358' title='bbox 2463 2807 2762 2879; x_wconf 82' lang='lat' dir='ltr'>religionis</span> <span class='ocrx_word' id='word_1_359' title='bbox 2781 2809 2982 2863; x_wconf 73' lang='lat' dir='ltr'>vestrae</span> <span class='ocrx_word' id='word_1_360' title='bbox 2995 2805 3319 2862; x_wconf 87' lang='lat' dir='ltr'>reverentia</span> <span class='ocrx_word' id='word_1_361' title='bbox 3337 2805 3502 2877; x_wconf 85' lang='lat' dir='ltr'>quie-</span> 
     </span>
    </p>
   </div>
   <div class='ocr_carea' id='block_1_60' title="bbox 1857 2893 3507 2968">
    <p class='ocr_par' dir='ltr' id='par_1_60' title="bbox 1857 2893 3507 2968">
     <span class='ocr_line' id='line_1_60' title="bbox 1857 2893 3507 2968; baseline 0.001 -21"><span class='ocrx_word' id='word_1_362' title='bbox 1857 2896 1946 2947; x_wconf 88' lang='lat' dir='ltr'>tos</span> <span class='ocrx_word' id='word_1_363' title='bbox 1977 2893 2214 2949; x_wconf 89' lang='lat' dir='ltr'>omnino</span> <span class='ocrx_word' id='word_1_364' title='bbox 2246 2895 2578 2966; x_wconf 88' lang='lat' dir='ltr'>persistere,</span> <span class='ocrx_word' id='word_1_365' title='bbox 2612 2899 2669 2951; x_wconf 91' lang='lat' dir='ltr'>et</span> <span class='ocrx_word' id='word_1_366' title='bbox 2701 2899 2976 2968; x_wconf 89' lang='lat' dir='ltr'>tanquam</span> <span class='ocrx_word' id='word_1_367' title='bbox 3009 2894 3160 2951; x_wconf 92' lang='lat' dir='ltr'>oculi</span> <span class='ocrx_word' id='word_1_368' title='bbox 3186 2893 3372 2950; x_wconf 88' lang='lat' dir='ltr'>nostri</span> <span class='ocrx_word' id='word_1_369' title='bbox 3401 2905 3507 2966; x_wconf 87' lang='lat' dir='ltr'>pu-</span> 
     </span>
    </p>
   </div>
   <div class='ocr_carea' id='block_1_61' title="bbox 1858 2981 3504 3056">
    <p class='ocr_par' dir='ltr' id='par_1_61' title="bbox 1858 2981 3504 3056">
     <span class='ocr_line' id='line_1_61' title="bbox 1858 2981 3504 3056; baseline 0.003 -22"><span class='ocrx_word' id='word_1_370' title='bbox 1858 2981 2060 3051; x_wconf 89' lang='lat' dir='ltr'>pillam</span> <span class='ocrx_word' id='word_1_371' title='bbox 2083 2983 2356 3040; x_wconf 89' lang='lat' dir='ltr'>volumus</span> <span class='ocrx_word' id='word_1_372' title='bbox 2386 2985 2686 3041; x_wconf 88' lang='lat' dir='ltr'>custodiri.</span> <span class='ocrx_word' id='word_1_373' title='bbox 2714 2985 2844 3040; x_wconf 68' lang='lat' dir='ltr'>Haec</span> <span class='ocrx_word' id='word_1_374' title='bbox 2891 2983 3090 3041; x_wconf 90' lang='lat' dir='ltr'>omnia</span> <span class='ocrx_word' id='word_1_375' title='bbox 3117 2986 3183 3039; x_wconf 89' lang='lat' dir='ltr'>ut</span> <span class='ocrx_word' id='word_1_376' title='bbox 3213 2982 3272 3039; x_wconf 91' lang='lat' dir='ltr'>in</span> <span class='ocrx_word' id='word_1_377' title='bbox 3303 2998 3504 3056; x_wconf 89' lang='lat' dir='ltr'>perpe-</span> 
     </span>
    </p>
   </div>
   <div class='ocr_carea' id='block_1_62' title="bbox 1857 3071 3527 3145">
    <p class='ocr_par' dir='ltr' id='par_1_62' title="bbox 1857 3071 3527 3145">
     <span class='ocr_line' id='line_1_62' title="bbox 1857 3071 3527 3145; baseline 0.002 -21"><span class='ocrx_word' id='word_1_378' title='bbox 1857 3072 2024 3125; x_wconf 86' lang='lat' dir='ltr'>tuum</span> <span class='ocrx_word' id='word_1_379' title='bbox 2059 3071 2230 3126; x_wconf 91' lang='lat' dir='ltr'>ﬁrma</span> <span class='ocrx_word' id='word_1_380' title='bbox 2251 3077 2308 3128; x_wconf 90' lang='lat' dir='ltr'>et</span> <span class='ocrx_word' id='word_1_381' title='bbox 2333 3072 2678 3130; x_wconf 89' lang='lat' dir='ltr'>intemerata</span> <span class='ocrx_word' id='word_1_382' title='bbox 2709 3076 3090 3145; x_wconf 83' lang='lat' dir='ltr'>permaneant</span> <span class='ocrx_word' id='word_1_383' title='bbox 3117 3071 3219 3129; x_wconf 93' lang='lat' dir='ltr'>Dei</span> <span class='ocrx_word' id='word_1_384' title='bbox 3246 3071 3527 3143; x_wconf 46' lang='lat' dir='ltr'>omnipor</span> 
     </span>
    </p>
   </div>
   <div class='ocr_carea' id='block_1_63' title="bbox 1858 3159 3502 3234">
    <p class='ocr_par' dir='ltr' id='par_1_63' title="bbox 1858 3159 3502 3234">
     <span class='ocr_line' id='line_1_63' title="bbox 1858 3159 3502 3234; baseline 0.004 -24"><span class='ocrx_word' id='word_1_385' title='bbox 1858 3159 2056 3226; x_wconf 86' lang='lat' dir='ltr'>tentis,</span> <span class='ocrx_word' id='word_1_386' title='bbox 2092 3160 2301 3230; x_wconf 88' lang='lat' dir='ltr'>Patris,</span> <span class='ocrx_word' id='word_1_387' title='bbox 2333 3166 2389 3218; x_wconf 90' lang='lat' dir='ltr'>et</span> <span class='ocrx_word' id='word_1_388' title='bbox 2418 3161 2566 3231; x_wconf 87' lang='lat' dir='ltr'>Filii,</span> <span class='ocrx_word' id='word_1_389' title='bbox 2598 3166 2656 3217; x_wconf 92' lang='lat' dir='ltr'>et</span> <span class='ocrx_word' id='word_1_390' title='bbox 2685 3163 2938 3234; x_wconf 90' lang='lat' dir='ltr'>Spiritus</span> <span class='ocrx_word' id='word_1_391' title='bbox 2979 3161 3165 3219; x_wconf 88' lang='lat' dir='ltr'>sancti</span> <span class='ocrx_word' id='word_1_392' title='bbox 3189 3161 3414 3233; x_wconf 87' lang='lat' dir='ltr'>judicio</span> <span class='ocrx_word' id='word_1_393' title='bbox 3443 3164 3502 3217; x_wconf 86' lang='lat' dir='ltr'>et</span> 
     </span>
    </p>
   </div>
   <div class='ocr_carea' id='block_1_64' title="bbox 111 3251 2492 3344">
    <p class='ocr_par' dir='ltr' id='par_1_64' title="bbox 111 3251 2492 3344">
     <span class='ocr_line' id='line_1_64' title="bbox 111 3251 2492 3344; baseline -0.001 -17"><span class='ocrx_word' id='word_1_394' title='bbox 111 3277 168 3327; x_wconf 89' lang='lat' dir='ltr'>ut</span> <span class='ocrx_word' id='word_1_395' title='bbox 188 3273 258 3328; x_wconf 85' lang='lat' dir='ltr'>ad</span> <span class='ocrx_word' id='word_1_396' title='bbox 291 3251 559 3344; x_wconf 81' lang='lat' dir='ltr'>ejusdem</span> <span class='ocrx_word' id='word_1_397' title='bbox 608 3251 1064 3326; x_wconf 87' lang='lat' dir='ltr'>construendam</span> <span class='ocrx_word' id='word_1_398' title='bbox 1104 3268 1665 3343; x_wconf 87' lang='lat' dir='ltr'>[constructionem],</span> <span class='ocrx_word' id='word_1_399' title='bbox 1693 3274 1751 3324; x_wconf 89' lang='lat' dir='ltr'>et</span> <span class='ocrx_word' id='word_1_400' title='bbox 1782 3322 1821 3344; x_wconf 58' lang='grc' dir='ltr'>η</span> <span class='ocrx_word' id='word_1_401' title='bbox 1860 3251 2142 3344; x_wconf 41' lang='grc' dir='ltr'>Ροξθδβθῖθ</span> <span class='ocrx_word' id='word_1_402' title='bbox 2173 3251 2492 3344; x_wconf 44' lang='lat' dir='ltr'>5300i?“-</span> 
     </span>
    </p>
   </div>
   <div class='ocr_carea' id='block_1_65' title="bbox 109 3322 1747 3428">
    <p class='ocr_par' dir='ltr' id='par_1_65' title="bbox 109 3322 1747 3428">
     <span class='ocr_line' id='line_1_65' title="bbox 109 3322 1747 3428; baseline -0.001 -15"><span class='ocrx_word' id='word_1_403' title='bbox 109 3322 352 3414; x_wconf 63' lang='grc' dir='ltr'>νωιτυῶ</span> <span class='ocrx_word' id='word_1_404' title='bbox 386 3356 504 3412; x_wconf 91' lang='lat' dir='ltr'>illic</span> <span class='ocrx_word' id='word_1_405' title='bbox 526 3357 640 3413; x_wconf 90' lang='lat' dir='ltr'>Deo</span> <span class='ocrx_word' id='word_1_406' title='bbox 662 3355 1038 3412; x_wconf 88' lang='lat' dir='ltr'>servientium</span> <span class='ocrx_word' id='word_1_407' title='bbox 1061 3355 1566 3422; x_wconf 88' lang='lat' dir='ltr'>sustentationem,</span> <span class='ocrx_word' id='word_1_408' title='bbox 1581 3322 1747 3428; x_wconf 71' lang='lat' dir='ltr'>opem</span> 
     </span>
    </p>
   </div>
   <div class='ocr_carea' id='block_1_66' title="bbox 1899 3322 3503 3428">
    <p class='ocr_par' dir='ltr' id='par_1_66' title="bbox 1932 3336 3503 3410">
     <span class='ocr_line' id='line_1_66' title="bbox 1932 3336 3503 3410; baseline 0.003 -19"><span class='ocrx_word' id='word_1_409' title='bbox 1932 3336 2144 3392; x_wconf 91' lang='lat' dir='ltr'>Datum</span> <span class='ocrx_word' id='word_1_410' title='bbox 2176 3337 2464 3394; x_wconf 85' lang='lat' dir='ltr'>Avenione</span> <span class='ocrx_word' id='word_1_411' title='bbox 2490 3355 2594 3410; x_wconf 91' lang='lat' dir='ltr'>per</span> <span class='ocrx_word' id='word_1_412' title='bbox 2623 3357 2864 3396; x_wconf 87' lang='lat' dir='ltr'>manum</span> <span class='ocrx_word' id='word_1_413' title='bbox 2884 3340 3370 3409; x_wconf 72' lang='lat' dir='ltr'>Joannis,sancta3</span> <span class='ocrx_word' id='word_1_414' title='bbox 3393 3339 3503 3396; x_wconf 77' lang='lat' dir='ltr'>Ro-</span> 
     </span>
    </p>
   </div>
   <div class='ocr_carea' id='block_1_67' title="bbox 109 3443 1750 3516">
    <p class='ocr_par' dir='ltr' id='par_1_67' title="bbox 109 3443 1750 3516">
     <span class='ocr_line' id='line_1_67' title="bbox 109 3443 1750 3516; baseline -0.001 -14"><span class='ocrx_word' id='word_1_415' title='bbox 109 3451 361 3504; x_wconf 85' lang='lat' dir='ltr'>vestram</span> <span class='ocrx_word' id='word_1_416' title='bbox 396 3449 456 3502; x_wconf 91' lang='lat' dir='ltr'>et</span> <span class='ocrx_word' id='word_1_417' title='bbox 502 3443 785 3501; x_wconf 81' lang='lat' dir='ltr'>auxilium</span> <span class='ocrx_word' id='word_1_418' title='bbox 836 3443 1210 3515; x_wconf 89' lang='lat' dir='ltr'>impendatis.</span> <span class='ocrx_word' id='word_1_419' title='bbox 1245 3444 1588 3516; x_wconf 87' lang='lat' dir='ltr'>Quicunque</span> <span class='ocrx_word' id='word_1_420' title='bbox 1616 3462 1750 3502; x_wconf 84' lang='lat' dir='ltr'>vero</span> 
     </span>
    </p>
   </div>
   <div class='ocr_carea' id='block_1_68' title="bbox 105 3532 1750 3606">
    <p class='ocr_par' dir='ltr' id='par_1_68' title="bbox 105 3532 1750 3606">
     <span class='ocr_line' id='line_1_68' title="bbox 105 3532 1750 3606; baseline 0 -16"><span class='ocrx_word' id='word_1_421' title='bbox 105 3535 294 3592; x_wconf 87' lang='lat' dir='ltr'>locum</span> <span class='ocrx_word' id='word_1_422' title='bbox 313 3534 485 3590; x_wconf 90' lang='lat' dir='ltr'>illum</span> <span class='ocrx_word' id='word_1_423' title='bbox 507 3532 891 3604; x_wconf 79' lang='lat' dir='ltr'>eleemosynis</span> <span class='ocrx_word' id='word_1_424' title='bbox 922 3532 1046 3588; x_wconf 87' lang='lat' dir='ltr'>suis</span> <span class='ocrx_word' id='word_1_425' title='bbox 1071 3533 1142 3588; x_wconf 92' lang='lat' dir='ltr'>de</span> <span class='ocrx_word' id='word_1_426' title='bbox 1171 3550 1414 3589; x_wconf 88' lang='lat' dir='ltr'>suarum</span> <span class='ocrx_word' id='word_1_427' title='bbox 1445 3551 1639 3590; x_wconf 89' lang='lat' dir='ltr'>rerum</span> <span class='ocrx_word' id='word_1_428' title='bbox 1652 3536 1750 3606; x_wconf 86' lang='lat' dir='ltr'>ju-</span> 
     </span>
    </p>
   </div>
   <div class='ocr_carea' id='block_1_69' title="bbox 107 3622 1754 3697">
    <p class='ocr_par' dir='ltr' id='par_1_69' title="bbox 107 3622 1754 3697">
     <span class='ocr_line' id='line_1_69' title="bbox 107 3622 1754 3697; baseline 0.001 -19"><span class='ocrx_word' id='word_1_429' title='bbox 107 3641 163 3680; x_wconf 90' lang='lat' dir='ltr'>re</span> <span class='ocrx_word' id='word_1_430' title='bbox 191 3622 923 3697; x_wconf 81' lang='lat' dir='ltr'>ampliﬁcare,quicunque</span> <span class='ocrx_word' id='word_1_431' title='bbox 935 3622 1254 3678; x_wconf 87' lang='lat' dir='ltr'>monachos</span> <span class='ocrx_word' id='word_1_432' title='bbox 1270 3622 1347 3678; x_wconf 88' lang='lat' dir='ltr'>ibi</span> <span class='ocrx_word' id='word_1_433' title='bbox 1369 3623 1483 3678; x_wconf 94' lang='lat' dir='ltr'>Deo</span> <span class='ocrx_word' id='word_1_434' title='bbox 1506 3623 1754 3680; x_wconf 89' lang='lat' dir='ltr'>servien-</span> 
     </span>
    </p>
   </div>
   <div class='ocr_carea' id='block_1_70' title="bbox 105 3709 1750 3786">
    <p class='ocr_par' dir='ltr' id='par_1_70' title="bbox 105 3709 1750 3786">
     <span class='ocr_line' id='line_1_70' title="bbox 105 3709 1750 3786; baseline -0.002 -15"><span class='ocrx_word' id='word_1_435' title='bbox 105 3718 320 3786; x_wconf 81' lang='lat' dir='ltr'>tesope</span> <span class='ocrx_word' id='word_1_436' title='bbox 342 3729 455 3769; x_wconf 91' lang='lat' dir='ltr'>sua</span> <span class='ocrx_word' id='word_1_437' title='bbox 489 3715 546 3768; x_wconf 90' lang='lat' dir='ltr'>et</span> <span class='ocrx_word' id='word_1_438' title='bbox 557 3709 800 3767; x_wconf 89' lang='lat' dir='ltr'>consilio</span> <span class='ocrx_word' id='word_1_439' title='bbox 823 3711 1098 3781; x_wconf 88' lang='lat' dir='ltr'>adjuvare</span> <span class='ocrx_word' id='word_1_440' title='bbox 1118 3711 1421 3780; x_wconf 88' lang='lat' dir='ltr'>curaverit,</span> <span class='ocrx_word' id='word_1_441' title='bbox 1439 3716 1610 3784; x_wconf 90' lang='lat' dir='ltr'>atque</span> <span class='ocrx_word' id='word_1_442' title='bbox 1641 3729 1750 3768; x_wconf 68' lang='lat' dir='ltr'>caa-</span> 
     </span>
    </p>
   </div>
   <div class='ocr_carea' id='block_1_71' title="bbox 106 3799 1755 3873">
    <p class='ocr_par' dir='ltr' id='par_1_71' title="bbox 106 3799 1755 3873">
     <span class='ocr_line' id='line_1_71' title="bbox 106 3799 1755 3873; baseline -0.001 -15"><span class='ocrx_word' id='word_1_443' title='bbox 106 3803 422 3858; x_wconf 85' lang='lat' dir='ltr'>meterium</span> <span class='ocrx_word' id='word_1_444' title='bbox 462 3801 618 3873; x_wconf 90' lang='lat' dir='ltr'>quod</span> <span class='ocrx_word' id='word_1_445' title='bbox 638 3800 810 3871; x_wconf 80' lang='lat' dir='ltr'>juxta</span> <span class='ocrx_word' id='word_1_446' title='bbox 841 3799 1174 3871; x_wconf 64' lang='lat' dir='ltr'>praedictam</span> <span class='ocrx_word' id='word_1_447' title='bbox 1209 3799 1515 3856; x_wconf 88' lang='lat' dir='ltr'>ecclesiam</span> <span class='ocrx_word' id='word_1_448' title='bbox 1545 3801 1755 3857; x_wconf 89' lang='lat' dir='ltr'>consti-</span> 
     </span>
    </p>
   </div>
   <div class='ocr_carea' id='block_1_72' title="bbox 105 3887 1752 3960">
    <p class='ocr_par' dir='ltr' id='par_1_72' title="bbox 105 3887 1752 3960">
     <span class='ocr_line' id='line_1_72' title="bbox 105 3887 1752 3960; baseline 0.002 -17"><span class='ocrx_word' id='word_1_449' title='bbox 105 3895 299 3947; x_wconf 86' lang='lat' dir='ltr'>tutum</span> <span class='ocrx_word' id='word_1_450' title='bbox 332 3889 703 3957; x_wconf 89' lang='lat' dir='ltr'>est,liberum</span> <span class='ocrx_word' id='word_1_451' title='bbox 736 3887 1143 3960; x_wconf 89' lang='lat' dir='ltr'>illibatumque</span> <span class='ocrx_word' id='word_1_452' title='bbox 1172 3890 1752 3958; x_wconf 89' lang='lat' dir='ltr'>servaverit,suorum</span> 
     </span>
    </p>
   </div>
   <div class='ocr_carea' id='block_1_73' title="bbox 106 3976 1752 4052">
    <p class='ocr_par' dir='ltr' id='par_1_73' title="bbox 106 3976 1752 4052">
     <span class='ocr_line' id='line_1_73' title="bbox 106 3976 1752 4052; baseline 0.002 -21"><span class='ocrx_word' id='word_1_453' title='bbox 106 3978 539 4052; x_wconf 87' lang='lat' dir='ltr'>indulgentiam</span> <span class='ocrx_word' id='word_1_454' title='bbox 573 3981 941 4050; x_wconf 88' lang='lat' dir='ltr'>peccatorum</span> <span class='ocrx_word' id='word_1_455' title='bbox 991 3994 1025 4032; x_wconf 87' lang='lat' dir='ltr'>a</span> <span class='ocrx_word' id='word_1_456' title='bbox 1054 3976 1302 4032; x_wconf 91' lang='lat' dir='ltr'>Domino</span> <span class='ocrx_word' id='word_1_457' title='bbox 1341 3984 1752 4050; x_wconf 89' lang='lat' dir='ltr'>consequatur,</span> 
     </span>
    </p>
   </div>
   <div class='ocr_carea' id='block_1_74' title="bbox 100 4064 1754 4144">
    <p class='ocr_par' dir='ltr' id='par_1_74' title="bbox 100 4064 1754 4144">
     <span class='ocr_line' id='line_1_74' title="bbox 100 4064 1754 4144; baseline 0.003 -25"><span class='ocrx_word' id='word_1_458' title='bbox 100 4064 415 4139; x_wconf 84' lang='lat' dir='ltr'>ipsiusque</span> <span class='ocrx_word' id='word_1_459' title='bbox 448 4067 546 4123; x_wconf 91' lang='lat' dir='ltr'>Dei</span> <span class='ocrx_word' id='word_1_460' title='bbox 577 4065 764 4138; x_wconf 87' lang='lat' dir='ltr'>gratia</span> <span class='ocrx_word' id='word_1_461' title='bbox 794 4070 852 4121; x_wconf 87' lang='lat' dir='ltr'>et</span> <span class='ocrx_word' id='word_1_462' title='bbox 884 4066 1278 4138; x_wconf 88' lang='lat' dir='ltr'>apostolorum</span> <span class='ocrx_word' id='word_1_463' title='bbox 1328 4067 1474 4144; x_wconf 80' lang='lat' dir='ltr'>Petri</span> <span class='ocrx_word' id='word_1_464' title='bbox 1507 4074 1560 4124; x_wconf 89' lang='lat' dir='ltr'>et</span> <span class='ocrx_word' id='word_1_465' title='bbox 1595 4070 1754 4124; x_wconf 88' lang='lat' dir='ltr'>Pauli</span> 
     </span>
    </p>
   </div>
   <div class='ocr_carea' id='block_1_75' title="bbox 102 4154 808 4212">
    <p class='ocr_par' dir='ltr' id='par_1_75' title="bbox 102 4154 808 4212">
     <span class='ocr_line' id='line_1_75' title="bbox 102 4154 808 4212; baseline 0 -3"><span class='ocrx_word' id='word_1_466' title='bbox 102 4154 516 4212; x_wconf 87' lang='lat' dir='ltr'>benedictione</span> <span class='ocrx_word' id='word_1_467' title='bbox 545 4156 808 4211; x_wconf 87' lang='lat' dir='ltr'>donetur.</span> 
     </span>
    </p>
   </div>
   <div class='ocr_carea' id='block_1_76' title="bbox 167 4333 1684 4406">
    <p class='ocr_par' dir='ltr' id='par_1_76' title="bbox 167 4333 1684 4406">
     <span class='ocr_line' id='line_1_76' title="bbox 167 4333 1684 4406; baseline 0.003 -18"><span class='ocrx_word' id='word_1_468' title='bbox 167 4334 342 4390; x_wconf 76' lang='lat' dir='ltr'>Bulla</span> <span class='ocrx_word' id='word_1_469' title='bbox 378 4333 594 4392; x_wconf 76' lang='lat' dir='ltr'>Urbani</span> <span class='ocrx_word' id='word_1_470' title='bbox 622 4333 678 4389; x_wconf 90' lang='lat' dir='ltr'>Il</span> <span class='ocrx_word' id='word_1_471' title='bbox 701 4348 868 4406; x_wconf 70' lang='lat' dir='ltr'>papae</span> <span class='ocrx_word' id='word_1_472' title='bbox 887 4349 986 4406; x_wconf 78' lang='lat' dir='ltr'>pro</span> <span class='ocrx_word' id='word_1_473' title='bbox 1008 4335 1340 4406; x_wconf 75' lang='lat' dir='ltr'>monasterio</span> <span class='ocrx_word' id='word_1_474' title='bbox 1372 4333 1425 4390; x_wconf 89' lang='lat' dir='ltr'>S.</span> <span class='ocrx_word' id='word_1_475' title='bbox 1460 4336 1684 4406; x_wconf 72' lang='lat' dir='ltr'>Ai&#39;gz&#39;dz&#39;z&#39;.</span> 
     </span>
    </p>
   </div>
   <div class='ocr_carea' id='block_1_77' title="bbox 740 4404 1145 4478">
    <p class='ocr_par' dir='ltr' id='par_1_77' title="bbox 740 4404 1145 4478">
     <span class='ocr_line' id='line_1_77' title="bbox 740 4404 1145 4478; baseline 0.002 -20"><span class='ocrx_word' id='word_1_476' title='bbox 740 4404 930 4478; x_wconf 73' lang='lat' dir='ltr'>(Anno</span> <span class='ocrx_word' id='word_1_477' title='bbox 961 4404 1145 4477; x_wconf 77' lang='grc'>4095.)</span> 
     </span>
    </p>
   </div>
   <div class='ocr_carea' id='block_1_78' title="bbox 501 4493 1387 4566">
    <p class='ocr_par' dir='ltr' id='par_1_78' title="bbox 501 4493 1387 4566">
     <span class='ocr_line' id='line_1_78' title="bbox 501 4493 1387 4566; baseline 0 -18"><span class='ocrx_word' id='word_1_478' title='bbox 501 4493 662 4565; x_wconf 72' lang='grc' dir='ltr'>[θαιι.</span> <span class='ocrx_word' id='word_1_479' title='bbox 693 4493 917 4563; x_wconf 56' lang='lat' dir='ltr'>Christ,</span> <span class='ocrx_word' id='word_1_480' title='bbox 952 4497 992 4547; x_wconf 91' lang='lat' dir='ltr'>t.</span> <span class='ocrx_word' id='word_1_481' title='bbox 1020 4493 1118 4558; x_wconf 89' lang='lat' dir='ltr'>v1,</span> <span class='ocrx_word' id='word_1_482' title='bbox 1151 4511 1206 4565; x_wconf 91' lang='lat' dir='ltr'>p.</span> <span class='ocrx_word' id='word_1_483' title='bbox 1239 4494 1387 4566; x_wconf 73' lang='lat'>483.)</span> 
     </span>
    </p>
   </div>
   <div class='ocr_carea' id='block_1_79' title="bbox 174 4583 1760 4656">
    <p class='ocr_par' dir='ltr' id='par_1_79' title="bbox 174 4583 1760 4656">
     <span class='ocr_line' id='line_1_79' title="bbox 174 4583 1760 4656; baseline 0.001 -16"><span class='ocrx_word' id='word_1_484' title='bbox 174 4583 468 4640; x_wconf 76' lang='lat' dir='ltr'>URBANUS</span> <span class='ocrx_word' id='word_1_485' title='bbox 500 4583 1038 4656; x_wconf 89' lang='lat' dir='ltr'>episcopus,servus</span> <span class='ocrx_word' id='word_1_486' title='bbox 1061 4599 1360 4638; x_wconf 88' lang='lat' dir='ltr'>servorum</span> <span class='ocrx_word' id='word_1_487' title='bbox 1393 4584 1760 4651; x_wconf 84' lang='lat' dir='ltr'>Dei,dilectis</span> 
     </span>
    </p>
   </div>
   <div class='ocr_carea' id='block_1_80' title="bbox 100 4671 1842 4759">
    <p class='ocr_par' dir='ltr' id='par_1_80' title="bbox 100 4671 1842 4759">
     <span class='ocr_line' id='line_1_80' title="bbox 100 4671 1842 4759; baseline 0.004 -34"><span class='ocrx_word' id='word_1_488' title='bbox 100 4671 157 4727; x_wconf 89' lang='lat' dir='ltr'>in</span> <span class='ocrx_word' id='word_1_489' title='bbox 192 4673 440 4729; x_wconf 82' lang='lat' dir='ltr'>Christo</span> <span class='ocrx_word' id='word_1_490' title='bbox 472 4671 609 4727; x_wconf 90' lang='lat' dir='ltr'>ﬁliis</span> <span class='ocrx_word' id='word_1_491' title='bbox 640 4671 1074 4759; x_wconf 12' lang='lat' dir='ltr'>Onom,rabbati</span> <span class='ocrx_word' id='word_1_492' title='bbox 1107 4672 1445 4728; x_wconf 89' lang='lat' dir='ltr'>monasterii</span> <span class='ocrx_word' id='word_1_493' title='bbox 1466 4674 1763 4750; x_wconf 60' lang='lat' dir='ltr'>SJEgidii,</span> <span class='ocrx_word' id='word_1_494' title='bbox 1797 4695 1842 4759; x_wconf 84' lang='lat' dir='ltr'><strong>D</strong></span> 
     </span>
    </p>
   </div>
   <div class='ocr_carea' id='block_1_81' title="bbox 98 4758 1762 4834">
    <p class='ocr_par' dir='ltr' id='par_1_81' title="bbox 98 4758 1762 4834">
     <span class='ocr_line' id='line_1_81' title="bbox 98 4758 1762 4834; baseline 0.004 -20"><span class='ocrx_word' id='word_1_495' title='bbox 98 4765 153 4815; x_wconf 89' lang='lat' dir='ltr'>et</span> <span class='ocrx_word' id='word_1_496' title='bbox 187 4761 486 4818; x_wconf 71' lang='lat' dir='ltr'>universa:</span> <span class='ocrx_word' id='word_1_497' title='bbox 540 4758 975 4834; x_wconf 88' lang='lat' dir='ltr'>congregationi</span> <span class='ocrx_word' id='word_1_498' title='bbox 1021 4759 1270 4816; x_wconf 86' lang='lat' dir='ltr'>salutem</span> <span class='ocrx_word' id='word_1_499' title='bbox 1302 4765 1358 4816; x_wconf 90' lang='lat' dir='ltr'>et</span> <span class='ocrx_word' id='word_1_500' title='bbox 1387 4763 1762 4833; x_wconf 89' lang='lat' dir='ltr'>apostolicam</span> 
     </span>
    </p>
   </div>
   <div class='ocr_carea' id='block_1_82' title="bbox 97 4849 609 4906">
    <p class='ocr_par' dir='ltr' id='par_1_82' title="bbox 97 4849 609 4906">
     <span class='ocr_line' id='line_1_82' title="bbox 97 4849 609 4906; baseline 0.002 -3"><span class='ocrx_word' id='word_1_501' title='bbox 97 4849 609 4906; x_wconf 88' lang='lat' dir='ltr'>benedictionem.</span> 
     </span>
    </p>
   </div>
   <div class='ocr_carea' id='block_1_83' title="bbox 170 4937 1773 5014">
    <p class='ocr_par' dir='ltr' id='par_1_83' title="bbox 170 4937 1773 5014">
     <span class='ocr_line' id='line_1_83' title="bbox 170 4937 1773 5014; baseline 0.004 -20"><span class='ocrx_word' id='word_1_502' title='bbox 170 4939 400 4995; x_wconf 70' lang='lat' dir='ltr'>Gratiae</span> <span class='ocrx_word' id='word_1_503' title='bbox 433 4955 698 5011; x_wconf 69' lang='lat' dir='ltr'>supernae</span> <span class='ocrx_word' id='word_1_504' title='bbox 726 4937 1087 4995; x_wconf 89' lang='lat' dir='ltr'>miserationi</span> <span class='ocrx_word' id='word_1_505' title='bbox 1109 4943 1229 4994; x_wconf 89' lang='lat' dir='ltr'>tam</span> <span class='ocrx_word' id='word_1_506' title='bbox 1255 4956 1356 5011; x_wconf 89' lang='lat' dir='ltr'>per</span> <span class='ocrx_word' id='word_1_507' title='bbox 1379 4958 1483 4996; x_wconf 90' lang='lat' dir='ltr'>nos</span> <span class='ocrx_word' id='word_1_508' title='bbox 1506 4958 1683 5014; x_wconf 88' lang='lat' dir='ltr'>quam</span> <span class='ocrx_word' id='word_1_509' title='bbox 1715 4949 1773 5000; x_wconf 94' lang='lat' dir='ltr'>et</span> 
     </span>
    </p>
   </div>
   <div class='ocr_carea' id='block_1_84' title="bbox 97 5026 1770 5101">
    <p class='ocr_par' dir='ltr' id='par_1_84' title="bbox 97 5026 1770 5101">
     <span class='ocr_line' id='line_1_84' title="bbox 97 5026 1770 5101; baseline 0.005 -21"><span class='ocrx_word' id='word_1_510' title='bbox 97 5041 205 5096; x_wconf 88' lang='lat' dir='ltr'>per</span> <span class='ocrx_word' id='word_1_511' title='bbox 240 5031 509 5083; x_wconf 77' lang='lat' dir='ltr'>vestram</span> <span class='ocrx_word' id='word_1_512' title='bbox 543 5026 887 5101; x_wconf 83' lang='lat' dir='ltr'>religionem</span> <span class='ocrx_word' id='word_1_513' title='bbox 919 5029 1155 5100; x_wconf 81' lang='lat' dir='ltr'>agendae</span> <span class='ocrx_word' id='word_1_514' title='bbox 1204 5034 1362 5097; x_wconf 89' lang='lat' dir='ltr'>sunt,</span> <span class='ocrx_word' id='word_1_515' title='bbox 1398 5030 1534 5100; x_wconf 88' lang='lat' dir='ltr'>quia</span> <span class='ocrx_word' id='word_1_516' title='bbox 1563 5049 1667 5088; x_wconf 90' lang='lat' dir='ltr'>nos</span> <span class='ocrx_word' id='word_1_517' title='bbox 1699 5033 1770 5090; x_wconf 87' lang='lat' dir='ltr'>ad</span> 
     </span>
    </p>
   </div>
   <div class='ocr_carea' id='block_1_85' title="bbox 97 5116 1768 5189">
    <p class='ocr_par' dir='ltr' id='par_1_85' title="bbox 97 5116 1768 5189">
     <span class='ocr_line' id='line_1_85' title="bbox 97 5116 1768 5189; baseline 0.007 -23"><span class='ocrx_word' id='word_1_518' title='bbox 97 5118 379 5171; x_wconf 88' lang='lat' dir='ltr'>vestrum</span> <span class='ocrx_word' id='word_1_519' title='bbox 429 5116 758 5172; x_wconf 72' lang='lat' dir='ltr'>cmnobium</span> <span class='ocrx_word' id='word_1_520' title='bbox 784 5116 1103 5189; x_wconf 86' lang='lat' dir='ltr'>pervenire,</span> <span class='ocrx_word' id='word_1_521' title='bbox 1138 5121 1194 5172; x_wconf 88' lang='lat' dir='ltr'>et</span> <span class='ocrx_word' id='word_1_522' title='bbox 1226 5134 1343 5172; x_wconf 88' lang='lat' dir='ltr'>una</span> <span class='ocrx_word' id='word_1_523' title='bbox 1371 5118 1673 5175; x_wconf 90' lang='lat' dir='ltr'>vobiscum</span> <span class='ocrx_word' id='word_1_524' title='bbox 1708 5123 1768 5177; x_wconf 91' lang='lat' dir='ltr'>B.</span> 
     </span>
    </p>
   </div>
   <div class='ocr_carea' id='block_1_86' title="bbox 97 5201 1772 5277">
    <p class='ocr_par' dir='ltr' id='par_1_86' title="bbox 97 5201 1772 5277">
     <span class='ocr_line' id='line_1_86' title="bbox 97 5201 1772 5277; baseline 0.007 -23"><span class='ocrx_word' id='word_1_525' title='bbox 97 5201 332 5276; x_wconf 68' lang='grc' dir='ltr'>ίΕεὶᾱῆ</span> <span class='ocrx_word' id='word_1_526' title='bbox 356 5203 788 5261; x_wconf 82' lang='lat' dir='ltr'>solemnitatem</span> <span class='ocrx_word' id='word_1_527' title='bbox 811 5204 1103 5261; x_wconf 86' lang='lat' dir='ltr'>celebrare</span> <span class='ocrx_word' id='word_1_528' title='bbox 1135 5205 1444 5277; x_wconf 92' lang='lat' dir='ltr'>disposuit.</span> <span class='ocrx_word' id='word_1_529' title='bbox 1474 5204 1636 5264; x_wconf 88' lang='lat' dir='ltr'>Unde</span> <span class='ocrx_word' id='word_1_530' title='bbox 1667 5227 1772 5266; x_wconf 93' lang='lat' dir='ltr'>nos</span> 
     </span>
    </p>
   </div>
   <div class='ocr_carea' id='block_1_87' title="bbox 98 5293 1771 5368">
    <p class='ocr_par' dir='ltr' id='par_1_87' title="bbox 98 5293 1771 5368">
     <span class='ocr_line' id='line_1_87' title="bbox 98 5293 1771 5368; baseline 0.006 -22"><span class='ocrx_word' id='word_1_531' title='bbox 98 5306 247 5364; x_wconf 87' lang='lat' dir='ltr'>erga</span> <span class='ocrx_word' id='word_1_532' title='bbox 265 5294 336 5348; x_wconf 91' lang='lat' dir='ltr'>B.</span> <span class='ocrx_word' id='word_1_533' title='bbox 363 5294 666 5367; x_wconf 74' lang='lat' dir='ltr'>Egidium</span> <span class='ocrx_word' id='word_1_534' title='bbox 692 5293 961 5368; x_wconf 90' lang='lat' dir='ltr'>ampliori</span> <span class='ocrx_word' id='word_1_535' title='bbox 984 5294 1286 5352; x_wconf 88' lang='lat' dir='ltr'>devotione</span> <span class='ocrx_word' id='word_1_536' title='bbox 1311 5296 1615 5366; x_wconf 87' lang='lat' dir='ltr'>ferventes,</span> <span class='ocrx_word' id='word_1_537' title='bbox 1650 5303 1771 5355; x_wconf 86' lang='lat' dir='ltr'>tam</span> 
     </span>
    </p>
   </div>
   <div class='ocr_carea' id='block_1_88' title="bbox 97 5383 1773 5459">
    <p class='ocr_par' dir='ltr' id='par_1_88' title="bbox 97 5383 1773 5459">
     <span class='ocr_line' id='line_1_88' title="bbox 97 5383 1773 5459; baseline 0.006 -25"><span class='ocrx_word' id='word_1_538' title='bbox 97 5395 208 5436; x_wconf 87' lang='lat' dir='ltr'>vos</span> <span class='ocrx_word' id='word_1_539' title='bbox 243 5391 436 5454; x_wconf 86' lang='lat' dir='ltr'>quam</span> <span class='ocrx_word' id='word_1_540' title='bbox 466 5387 662 5440; x_wconf 89' lang='lat' dir='ltr'>vestra</span> <span class='ocrx_word' id='word_1_541' title='bbox 689 5384 888 5441; x_wconf 83' lang='lat' dir='ltr'>omnia</span> <span class='ocrx_word' id='word_1_542' title='bbox 923 5383 1192 5456; x_wconf 89' lang='lat' dir='ltr'>ampliori</span> <span class='ocrx_word' id='word_1_543' title='bbox 1245 5385 1399 5441; x_wconf 92' lang='lat' dir='ltr'>sedis</span> <span class='ocrx_word' id='word_1_544' title='bbox 1447 5387 1773 5459; x_wconf 64' lang='lat' dir='ltr'>apostolicae</span> 
     </span>
    </p>
   </div>
   <div class='ocr_carea' id='block_1_89' title="bbox 100 5470 1771 5547">
    <p class='ocr_par' dir='ltr' id='par_1_89' title="bbox 100 5470 1771 5547">
     <span class='ocr_line' id='line_1_89' title="bbox 100 5470 1771 5547; baseline 0.006 -24"><span class='ocrx_word' id='word_1_545' title='bbox 100 5470 456 5529; x_wconf 87' lang='lat' dir='ltr'>munimine</span> <span class='ocrx_word' id='word_1_546' title='bbox 471 5477 772 5547; x_wconf 89' lang='lat' dir='ltr'>protegere</span> <span class='ocrx_word' id='word_1_547' title='bbox 791 5477 847 5530; x_wconf 90' lang='lat' dir='ltr'>et</span> <span class='ocrx_word' id='word_1_548' title='bbox 868 5474 1213 5529; x_wconf 90' lang='lat' dir='ltr'>conﬁrmare</span> <span class='ocrx_word' id='word_1_549' title='bbox 1225 5477 1771 5533; x_wconf 90' lang='lat' dir='ltr'>curamus.0mnem</span> 
     </span>
    </p>
   </div>
   <div class='ocr_carea' id='block_1_90' title="bbox 103 5555 1776 5629">
    <p class='ocr_par' dir='ltr' id='par_1_90' title="bbox 103 5555 1776 5629">
     <span class='ocr_line' id='line_1_90' title="bbox 103 5555 1776 5629; baseline 0.009 -21"><span class='ocrx_word' id='word_1_550' title='bbox 103 5555 302 5629; x_wconf 85' lang='lat' dir='ltr'>igitur</span> <span class='ocrx_word' id='word_1_551' title='bbox 347 5559 675 5619; x_wconf 89' lang='lat' dir='ltr'>libertatem</span> <span class='ocrx_word' id='word_1_552' title='bbox 708 5579 810 5618; x_wconf 88' lang='lat' dir='ltr'>seu</span> <span class='ocrx_word' id='word_1_553' title='bbox 836 5561 1270 5618; x_wconf 87' lang='lat' dir='ltr'>immunitatem</span> <span class='ocrx_word' id='word_1_554' title='bbox 1295 5564 1460 5620; x_wconf 90' lang='lat' dir='ltr'>vobis</span> <span class='ocrx_word' id='word_1_555' title='bbox 1489 5581 1555 5619; x_wconf 89' lang='lat' dir='ltr'>ac</span> <span class='ocrx_word' id='word_1_556' title='bbox 1583 5571 1776 5622; x_wconf 91' lang='lat' dir='ltr'>vestro</span> 
     </span>
    </p>
   </div>
   <div class='ocr_carea' id='block_1_91' title="bbox 103 5649 1773 5730">
    <p class='ocr_par' dir='ltr' id='par_1_91' title="bbox 103 5649 1773 5730">
     <span class='ocr_line' id='line_1_91' title="bbox 103 5649 1773 5730; baseline 0.009 -32"><span class='ocrx_word' id='word_1_557' title='bbox 103 5649 390 5707; x_wconf 85' lang='lat' dir='ltr'>coenobio</span> <span class='ocrx_word' id='word_1_558' title='bbox 427 5667 533 5724; x_wconf 89' lang='lat' dir='ltr'>per</span> <span class='ocrx_word' id='word_1_559' title='bbox 583 5655 1020 5708; x_wconf 90' lang='lat' dir='ltr'>antecessorum</span> <span class='ocrx_word' id='word_1_560' title='bbox 1079 5655 1414 5708; x_wconf 89' lang='lat' dir='ltr'>nostrorum</span> <span class='ocrx_word' id='word_1_561' title='bbox 1472 5653 1773 5730; x_wconf 87' lang='lat' dir='ltr'>privilegia</span> 
     </span>
    </p>
   </div>
   <div class='ocr_carea' id='block_1_92' title="bbox 102 5737 1775 5824">
    <p class='ocr_par' dir='ltr' id='par_1_92' title="bbox 102 5737 1775 5824">
     <span class='ocr_line' id='line_1_92' title="bbox 102 5737 1775 5824; baseline 0.006 -27"><span class='ocrx_word' id='word_1_562' title='bbox 102 5737 519 5798; x_wconf 73' lang='lat' dir='ltr'>contributam</span> <span class='ocrx_word' id='word_1_563' title='bbox 551 5757 658 5798; x_wconf 88' lang='lat' dir='ltr'>nos</span> <span class='ocrx_word' id='word_1_564' title='bbox 687 5757 921 5815; x_wconf 87' lang='lat' dir='ltr'>quoque</span> <span class='ocrx_word' id='word_1_565' title='bbox 963 5740 1268 5816; x_wconf 80' lang='lat' dir='ltr'>praesentis</span> <span class='ocrx_word' id='word_1_566' title='bbox 1313 5741 1528 5803; x_wconf 89' lang='lat' dir='ltr'>decreti</span> <span class='ocrx_word' id='word_1_567' title='bbox 1557 5744 1775 5824; x_wconf 78' lang='lat' dir='ltr'>pagina</span> 
     </span>
    </p>
   </div>
   <div class='ocr_carea' id='block_1_93' title="bbox 450 5865 905 5940">
    <p class='ocr_par' dir='ltr' id='par_1_93' title="bbox 450 5865 905 5940">
     <span class='ocr_line' id='line_1_93' title="bbox 450 5865 905 5940; baseline -0.007 -1"><span class='ocrx_word' id='word_1_568' title='bbox 450 5867 719 5940; x_wconf 62' lang='lat' dir='ltr'>Panot.</span> <span class='ocrx_word' id='word_1_569' title='bbox 764 5865 905 5936; x_wconf 83' lang='lat' dir='ltr'>CLI.</span> 
     </span>
    </p>
   </div>
   <div class='ocr_carea' id='block_1_94' title="bbox 1861 3426 3500 3501">
    <p class='ocr_par' dir='ltr' id='par_1_94' title="bbox 1861 3426 3500 3501">
     <span class='ocr_line' id='line_1_94' title="bbox 1861 3426 3500 3501; baseline 0.004 -21"><span class='ocrx_word' id='word_1_570' title='bbox 1861 3443 2046 3480; x_wconf 73' lang='lat' dir='ltr'>manas</span> <span class='ocrx_word' id='word_1_571' title='bbox 2077 3426 2344 3483; x_wconf 84' lang='lat' dir='ltr'>Ecclesiae</span> <span class='ocrx_word' id='word_1_572' title='bbox 2376 3427 2603 3483; x_wconf 91' lang='lat' dir='ltr'>diaconi</span> <span class='ocrx_word' id='word_1_573' title='bbox 2637 3428 3164 3501; x_wconf 88' lang='lat' dir='ltr'>cardinalis,pridie</span> <span class='ocrx_word' id='word_1_574' title='bbox 3184 3429 3320 3484; x_wconf 84' lang='lat' dir='ltr'>ldus</span> <span class='ocrx_word' id='word_1_575' title='bbox 3342 3429 3500 3501; x_wconf 87' lang='lat' dir='ltr'>Sept.</span> 
     </span>
    </p>
   </div>
   <div class='ocr_carea' id='block_1_95' title="bbox 1861 3514 3498 3587">
    <p class='ocr_par' dir='ltr' id='par_1_95' title="bbox 1861 3514 3498 3587">
     <span class='ocr_line' id='line_1_95' title="bbox 1861 3514 3498 3587; baseline 0.002 -19"><span class='ocrx_word' id='word_1_576' title='bbox 1861 3514 2064 3570; x_wconf 90' lang='lat' dir='ltr'>indict.</span> <span class='ocrx_word' id='word_1_577' title='bbox 2124 3531 2212 3580; x_wconf 78' lang='lat' dir='ltr'>nr,</span> <span class='ocrx_word' id='word_1_578' title='bbox 2271 3533 2420 3571; x_wconf 90' lang='lat' dir='ltr'>anno</span> <span class='ocrx_word' id='word_1_579' title='bbox 2469 3517 2780 3571; x_wconf 70' lang='lat' dir='ltr'>Dominicze</span> <span class='ocrx_word' id='word_1_580' title='bbox 2836 3517 3063 3573; x_wconf 85' lang='lat' dir='ltr'>incarn.</span> <span class='ocrx_word' id='word_1_581' title='bbox 3129 3517 3498 3587; x_wconf 83' lang='grc'>1096[1095].</span> 
     </span>
    </p>
   </div>
   <div class='ocr_carea' id='block_1_96' title="bbox 1860 3603 3501 3678">
    <p class='ocr_par' dir='ltr' id='par_1_96' title="bbox 1860 3603 3501 3678">
     <span class='ocr_line' id='line_1_96' title="bbox 1860 3603 3501 3678; baseline 0.001 -20"><span class='ocrx_word' id='word_1_582' title='bbox 1860 3603 2234 3674; x_wconf 88' lang='lat' dir='ltr'>pontiﬁcatus</span> <span class='ocrx_word' id='word_1_583' title='bbox 2290 3608 2486 3660; x_wconf 87' lang='lat' dir='ltr'>autem</span> <span class='ocrx_word' id='word_1_584' title='bbox 2545 3603 2746 3659; x_wconf 86' lang='lat' dir='ltr'>domui</span> <span class='ocrx_word' id='word_1_585' title='bbox 2778 3604 2995 3661; x_wconf 91' lang='lat' dir='ltr'>Urbani</span> <span class='ocrx_word' id='word_1_586' title='bbox 3025 3606 3076 3662; x_wconf 95' lang='lat' dir='ltr'>II</span> <span class='ocrx_word' id='word_1_587' title='bbox 3131 3621 3295 3678; x_wconf 65' lang='lat' dir='ltr'>papae</span> <span class='ocrx_word' id='word_1_588' title='bbox 3347 3621 3501 3662; x_wconf 89' lang='lat' dir='ltr'>anno</span> 
     </span>
    </p>
   </div>
   <div class='ocr_carea' id='block_1_97' title="bbox 1861 3695 2078 3747">
    <p class='ocr_par' dir='ltr' id='par_1_97' title="bbox 1861 3695 2078 3747">
     <span class='ocr_line' id='line_1_97' title="bbox 1861 3695 2078 3747; baseline -0.005 0"><span class='ocrx_word' id='word_1_589' title='bbox 1861 3695 2078 3747; x_wconf 90' lang='lat' dir='ltr'>octavo.</span> 
     </span>
    </p>
   </div>
   <div class='ocr_carea' id='block_1_98' title="bbox 2594 3818 2755 3875">
    <p class='ocr_par' dir='ltr' id='par_1_98' title="bbox 2594 3818 2755 3875">
     <span class='ocr_line' id='line_1_98' title="bbox 2594 3818 2755 3875; baseline 0 -1"><span class='ocrx_word' id='word_1_590' title='bbox 2594 3818 2755 3875; x_wconf 90' lang='lat' dir='ltr'>CLII.</span> 
     </span>
    </p>
   </div>
   <div class='ocr_carea' id='block_1_99' title="bbox 1870 3903 3508 3980">
    <p class='ocr_par' dir='ltr' id='par_1_99' title="bbox 1870 3903 3508 3980">
     <span class='ocr_line' id='line_1_99' title="bbox 1870 3903 3508 3980; baseline 0.002 -19"><span class='ocrx_word' id='word_1_591' title='bbox 1870 3903 2131 3980; x_wconf 7' lang='lat' dir='ltr'>Urbanus,</span> <span class='ocrx_word' id='word_1_592' title='bbox 2165 3905 2214 3961; x_wconf 89' lang='lat' dir='ltr'><strong><em>II</em></strong></span> <span class='ocrx_word' id='word_1_593' title='bbox 2253 3922 2398 3980; x_wconf 80' lang='lat' dir='ltr'>papa</span> <span class='ocrx_word' id='word_1_594' title='bbox 2441 3907 2739 3980; x_wconf 80' lang='lat' dir='ltr'>confirmat</span> <span class='ocrx_word' id='word_1_595' title='bbox 2791 3908 3103 3979; x_wconf 83' lang='lat' dir='ltr'>regularem</span> <span class='ocrx_word' id='word_1_596' title='bbox 3157 3905 3508 3980; x_wconf 77' lang='lat' dir='ltr'>disciplinam</span> 
     </span>
    </p>
   </div>
   <div class='ocr_carea' id='block_1_100' title="bbox 1933 3978 3511 4052">
    <p class='ocr_par' dir='ltr' id='par_1_100' title="bbox 1933 3978 3511 4052">
     <span class='ocr_line' id='line_1_100' title="bbox 1933 3978 3511 4052; baseline 0.005 -22"><span class='ocrx_word' id='word_1_597' title='bbox 1933 3979 2321 4052; x_wconf 72' lang='lat' dir='ltr'>canonicorunz</span> <span class='ocrx_word' id='word_1_598' title='bbox 2351 3978 2800 4034; x_wconf 77' lang='lat' dir='ltr'>S.Avem’onensz‘s</span> <span class='ocrx_word' id='word_1_599' title='bbox 2829 3978 3337 4052; x_wconf 56' lang='lat' dir='ltr'>e6clesi3,quicun1</span> <span class='ocrx_word' id='word_1_600' title='bbox 3358 3980 3511 4038; x_wconf 75' lang='lat' dir='ltr'>bonis</span> 
     </span>
    </p>
   </div>
   <div class='ocr_carea' id='block_1_101' title="bbox 1937 4049 3506 4134">
    <p class='ocr_par' dir='ltr' id='par_1_101' title="bbox 1937 4049 3506 4134">
     <span class='ocr_line' id='line_1_101' title="bbox 1937 4049 3506 4134; baseline 0.005 -33"><span class='ocrx_word' id='word_1_601' title='bbox 1937 4050 2188 4134; x_wconf 72' lang='lat' dir='ltr'>omnibus</span> <span class='ocrx_word' id='word_1_602' title='bbox 2215 4049 2630 4134; x_wconf 50' lang='lat' dir='ltr'>adcanoni&#39;carn</span> <span class='ocrx_word' id='word_1_603' title='bbox 2657 4052 2839 4133; x_wconf 65' lang='lat' dir='ltr'>ipsum</span> <span class='ocrx_word' id='word_1_604' title='bbox 2861 4049 3227 4134; x_wconf 66' lang='lat' dir='ltr'>spectantibus</span> <span class='ocrx_word' id='word_1_605' title='bbox 3256 4053 3352 4108; x_wconf 85' lang='lat' dir='ltr'>sub</span> <span class='ocrx_word' id='word_1_606' title='bbox 3376 4068 3506 4124; x_wconf 83' lang='lat' dir='ltr'>pro-</span> 
     </span>
    </p>
   </div>
   <div class='ocr_carea' id='block_1_102' title="bbox 1935 4121 3088 4194">
    <p class='ocr_par' dir='ltr' id='par_1_102' title="bbox 1935 4121 3088 4194">
     <span class='ocr_line' id='line_1_102' title="bbox 1935 4121 3088 4194; baseline 0.004 -21"><span class='ocrx_word' id='word_1_607' title='bbox 1935 4122 2163 4176; x_wconf 69' lang='lat' dir='ltr'>iectione</span> <span class='ocrx_word' id='word_1_608' title='bbox 2187 4121 2326 4175; x_wconf 76' lang='lat' dir='ltr'>sedis</span> <span class='ocrx_word' id='word_1_609' title='bbox 2357 4121 2664 4194; x_wconf 61' lang='lat' dir='ltr'>apostolicae</span> <span class='ocrx_word' id='word_1_610' title='bbox 2677 4121 3088 4194; x_wconf 58' lang='lat' dir='ltr'>suscipiuntur.</span> 
     </span>
    </p>
   </div>
   <div class='ocr_carea' id='block_1_103' title="bbox 2484 4208 2891 4282">
    <p class='ocr_par' dir='ltr' id='par_1_103' title="bbox 2484 4208 2891 4282">
     <span class='ocr_line' id='line_1_103' title="bbox 2484 4208 2891 4282; baseline 0.005 -17"><span class='ocrx_word' id='word_1_611' title='bbox 2484 4208 2673 4271; x_wconf 84' lang='lat' dir='ltr'>(Anno</span> <span class='ocrx_word' id='word_1_612' title='bbox 2707 4210 2891 4282; x_wconf 82' lang='lat'>1095.)</span> 
     </span>
    </p>
   </div>
   <div class='ocr_carea' id='block_1_104' title="bbox 2216 4298 3166 4372">
    <p class='ocr_par' dir='ltr' id='par_1_104' title="bbox 2216 4298 3166 4372">
     <span class='ocr_line' id='line_1_104' title="bbox 2216 4298 3166 4372; baseline 0.004 -20"><span class='ocrx_word' id='word_1_613' title='bbox 2216 4298 2652 4367; x_wconf 80' lang='lat' dir='ltr'>[COCQUELINES,</span> <span class='ocrx_word' id='word_1_614' title='bbox 2684 4302 2826 4354; x_wconf 89' lang='lat' dir='ltr'>tom.</span> <span class='ocrx_word' id='word_1_615' title='bbox 2859 4299 2932 4366; x_wconf 91' lang='lat' dir='ltr'>II,</span> <span class='ocrx_word' id='word_1_616' title='bbox 2963 4316 3020 4372; x_wconf 94' lang='lat' dir='ltr'>p.</span> <span class='ocrx_word' id='word_1_617' title='bbox 3053 4299 3166 4372; x_wconf 75' lang='lat' dir='ltr'>8L]</span> 
     </span>
    </p>
   </div>
   <div class='ocr_carea' id='block_1_105' title="bbox 1939 4403 3516 4478">
    <p class='ocr_par' dir='ltr' id='par_1_105' title="bbox 1939 4403 3516 4478">
     <span class='ocr_line' id='line_1_105' title="bbox 1939 4403 3516 4478; baseline 0.003 -18"><span class='ocrx_word' id='word_1_618' title='bbox 1939 4403 2215 4460; x_wconf 83' lang='lat' dir='ltr'>URBANUS</span> <span class='ocrx_word' id='word_1_619' title='bbox 2248 4404 2576 4478; x_wconf 91' lang='lat' dir='ltr'>episcopus,</span> <span class='ocrx_word' id='word_1_620' title='bbox 2601 4422 2801 4462; x_wconf 84' lang='lat' dir='ltr'>servus</span> <span class='ocrx_word' id='word_1_621' title='bbox 2825 4421 3124 4463; x_wconf 88' lang='lat' dir='ltr'>servorum</span> <span class='ocrx_word' id='word_1_622' title='bbox 3145 4407 3263 4477; x_wconf 92' lang='lat' dir='ltr'>Dei,</span> <span class='ocrx_word' id='word_1_623' title='bbox 3287 4407 3516 4465; x_wconf 85' lang='lat' dir='ltr'>dilectis</span> 
     </span>
    </p>
   </div>
   <div class='ocr_carea' id='block_1_106' title="bbox 1872 4493 3516 4567">
    <p class='ocr_par' dir='ltr' id='par_1_106' title="bbox 1872 4493 3516 4567">
     <span class='ocr_line' id='line_1_106' title="bbox 1872 4493 3516 4567; baseline 0.004 -21"><span class='ocrx_word' id='word_1_624' title='bbox 1872 4493 2009 4548; x_wconf 90' lang='lat' dir='ltr'>ﬁliis</span> <span class='ocrx_word' id='word_1_625' title='bbox 2067 4493 2392 4549; x_wconf 77' lang='lat' dir='ltr'>SYLVES’I‘RO</span> <span class='ocrx_word' id='word_1_626' title='bbox 2451 4494 2782 4566; x_wconf 77' lang='lat' dir='ltr'>praeposito,</span> <span class='ocrx_word' id='word_1_627' title='bbox 2825 4499 2883 4550; x_wconf 91' lang='lat' dir='ltr'>et</span> <span class='ocrx_word' id='word_1_628' title='bbox 2941 4496 3068 4567; x_wconf 88' lang='lat' dir='ltr'>ejus</span> <span class='ocrx_word' id='word_1_629' title='bbox 3124 4496 3422 4565; x_wconf 84' lang='lat' dir='ltr'>fratribus,</span> <span class='ocrx_word' id='word_1_630' title='bbox 3453 4497 3516 4552; x_wconf 89' lang='lat' dir='ltr'>in</span> 
     </span>
    </p>
   </div>
   <div class='ocr_carea' id='block_1_107' title="bbox 1869 4581 3516 4658">
    <p class='ocr_par' dir='ltr' id='par_1_107' title="bbox 1869 4581 3516 4658">
     <span class='ocr_line' id='line_1_107' title="bbox 1869 4581 3516 4658; baseline 0.004 -22"><span class='ocrx_word' id='word_1_631' title='bbox 1869 4581 2288 4637; x_wconf 90' lang='lat' dir='ltr'>Avenionensis</span> <span class='ocrx_word' id='word_1_632' title='bbox 2318 4581 2563 4638; x_wconf 88' lang='lat' dir='ltr'>ecclesia</span> <span class='ocrx_word' id='word_1_633' title='bbox 2611 4583 2951 4639; x_wconf 88' lang='lat' dir='ltr'>canonicam</span> <span class='ocrx_word' id='word_1_634' title='bbox 3005 4585 3184 4640; x_wconf 90' lang='lat' dir='ltr'>vitam</span> <span class='ocrx_word' id='word_1_635' title='bbox 3217 4586 3516 4658; x_wconf 83' lang='lat' dir='ltr'>professis,</span> 
     </span>
    </p>
   </div>
   <div class='ocr_carea' id='block_1_108' title="bbox 1876 4670 3170 4744">
    <p class='ocr_par' dir='ltr' id='par_1_108' title="bbox 1876 4670 3170 4744">
     <span class='ocr_line' id='line_1_108' title="bbox 1876 4670 3170 4744; baseline 0 -17"><span class='ocrx_word' id='word_1_636' title='bbox 1876 4685 2199 4744; x_wconf 89' lang='lat' dir='ltr'>eorumque</span> <span class='ocrx_word' id='word_1_637' title='bbox 2228 4670 2687 4739; x_wconf 90' lang='lat' dir='ltr'>successoribus,</span> <span class='ocrx_word' id='word_1_638' title='bbox 2723 4672 2782 4725; x_wconf 91' lang='lat' dir='ltr'>in</span> <span class='ocrx_word' id='word_1_639' title='bbox 2803 4675 3170 4744; x_wconf 92' lang='lat' dir='ltr'>perpetuum.</span> 
     </span>
    </p>
   </div>
   <div class='ocr_carea' id='block_1_109' title="bbox 1948 4758 3519 4832">
    <p class='ocr_par' dir='ltr' id='par_1_109' title="bbox 1948 4758 3519 4832">
     <span class='ocr_line' id='line_1_109' title="bbox 1948 4758 3519 4832; baseline 0.001 -18"><span class='ocrx_word' id='word_1_640' title='bbox 1948 4760 2056 4815; x_wconf 67' lang='lat' dir='ltr'>Piaa</span> <span class='ocrx_word' id='word_1_641' title='bbox 2070 4759 2383 4832; x_wconf 85' lang='lat' dir='ltr'>postulatio</span> <span class='ocrx_word' id='word_1_642' title='bbox 2397 4758 2711 4815; x_wconf 89' lang='lat' dir='ltr'>voluntatis</span> <span class='ocrx_word' id='word_1_643' title='bbox 2725 4759 2931 4814; x_wconf 80' lang='lat' dir='ltr'>effectu</span> <span class='ocrx_word' id='word_1_644' title='bbox 2951 4760 3122 4816; x_wconf 91' lang='lat' dir='ltr'>debet</span> <span class='ocrx_word' id='word_1_645' title='bbox 3130 4764 3519 4832; x_wconf 89' lang='lat' dir='ltr'>prosequente</span> 
     </span>
    </p>
   </div>
   <div class='ocr_carea' id='block_1_110' title="bbox 1876 4847 3519 4921">
    <p class='ocr_par' dir='ltr' id='par_1_110' title="bbox 1876 4847 3519 4921">
     <span class='ocr_line' id='line_1_110' title="bbox 1876 4847 3519 4921; baseline 0.001 -17"><span class='ocrx_word' id='word_1_646' title='bbox 1876 4848 2173 4921; x_wconf 88' lang='lat' dir='ltr'>compleri,</span> <span class='ocrx_word' id='word_1_647' title='bbox 2198 4851 2482 4921; x_wconf 89' lang='lat' dir='ltr'>quatenus</span> <span class='ocrx_word' id='word_1_648' title='bbox 2504 4853 2560 4902; x_wconf 90' lang='lat' dir='ltr'>et</span> <span class='ocrx_word' id='word_1_649' title='bbox 2593 4847 2915 4904; x_wconf 89' lang='lat' dir='ltr'>devotionis</span> <span class='ocrx_word' id='word_1_650' title='bbox 2933 4848 3236 4905; x_wconf 89' lang='lat' dir='ltr'>sinceritas</span> <span class='ocrx_word' id='word_1_651' title='bbox 3247 4848 3519 4905; x_wconf 85' lang='lat' dir='ltr'>laudabi-</span> 
     </span>
    </p>
   </div>
   <div class='ocr_carea' id='block_1_111' title="bbox 1879 4935 3523 5009">
    <p class='ocr_par' dir='ltr' id='par_1_111' title="bbox 1879 4935 3523 5009">
     <span class='ocr_line' id='line_1_111' title="bbox 1879 4935 3523 5009; baseline 0.002 -18"><span class='ocrx_word' id='word_1_652' title='bbox 1879 4937 2010 4994; x_wconf 90' lang='lat' dir='ltr'>liter</span> <span class='ocrx_word' id='word_1_653' title='bbox 2022 4938 2384 5004; x_wconf 90' lang='lat' dir='ltr'>enitescat,et</span> <span class='ocrx_word' id='word_1_654' title='bbox 2406 4935 2630 4993; x_wconf 89' lang='lat' dir='ltr'>utilitas</span> <span class='ocrx_word' id='word_1_655' title='bbox 2645 4937 2940 5009; x_wconf 89' lang='lat' dir='ltr'>postulata</span> <span class='ocrx_word' id='word_1_656' title='bbox 2954 4937 3107 4994; x_wconf 91' lang='lat' dir='ltr'>vires</span> <span class='ocrx_word' id='word_1_657' title='bbox 3122 4937 3523 4994; x_wconf 91' lang='lat' dir='ltr'>indubitanter</span> 
     </span>
    </p>
   </div>
   <div class='ocr_carea' id='block_1_112' title="bbox 1880 5025 3520 5100">
    <p class='ocr_par' dir='ltr' id='par_1_112' title="bbox 1880 5025 3520 5100">
     <span class='ocr_line' id='line_1_112' title="bbox 1880 5025 3520 5100; baseline 0.001 -19"><span class='ocrx_word' id='word_1_658' title='bbox 1880 5026 2314 5090; x_wconf 85' lang='lat' dir='ltr'>assumat.Quia</span> <span class='ocrx_word' id='word_1_659' title='bbox 2333 5027 2513 5100; x_wconf 88' lang='lat' dir='ltr'>igitur</span> <span class='ocrx_word' id='word_1_660' title='bbox 2531 5043 2692 5093; x_wconf 88' lang='lat' dir='ltr'>vos,o</span> <span class='ocrx_word' id='word_1_661' title='bbox 2717 5025 2818 5081; x_wconf 91' lang='lat' dir='ltr'>ﬁlii</span> <span class='ocrx_word' id='word_1_662' title='bbox 2835 5027 2893 5082; x_wconf 89' lang='lat' dir='ltr'>in</span> <span class='ocrx_word' id='word_1_663' title='bbox 2916 5027 3144 5083; x_wconf 84' lang='lat' dir='ltr'>Christo</span> <span class='ocrx_word' id='word_1_664' title='bbox 3165 5027 3520 5096; x_wconf 88' lang='lat' dir='ltr'>charissimi,</span> 
     </span>
    </p>
   </div>
   <div class='ocr_carea' id='block_1_113' title="bbox 1881 5114 3524 5189">
    <p class='ocr_par' dir='ltr' id='par_1_113' title="bbox 1881 5114 3524 5189">
     <span class='ocr_line' id='line_1_113' title="bbox 1881 5114 3524 5189; baseline 0.001 -18"><span class='ocrx_word' id='word_1_665' title='bbox 1881 5132 1983 5187; x_wconf 91' lang='lat' dir='ltr'>per</span> <span class='ocrx_word' id='word_1_666' title='bbox 2012 5114 2270 5170; x_wconf 88' lang='lat' dir='ltr'>divinam</span> <span class='ocrx_word' id='word_1_667' title='bbox 2323 5116 2572 5189; x_wconf 87' lang='lat' dir='ltr'>gratiam</span> <span class='ocrx_word' id='word_1_668' title='bbox 2623 5115 2886 5188; x_wconf 89' lang='lat' dir='ltr'>aspirati,</span> <span class='ocrx_word' id='word_1_669' title='bbox 2921 5132 3114 5173; x_wconf 90' lang='lat' dir='ltr'>mores</span> <span class='ocrx_word' id='word_1_670' title='bbox 3158 5122 3382 5174; x_wconf 89' lang='lat' dir='ltr'>vestros</span> <span class='ocrx_word' id='word_1_671' title='bbox 3413 5117 3524 5174; x_wconf 89' lang='lat' dir='ltr'>sub</span> 
     </span>
    </p>
   </div>
   <div class='ocr_carea' id='block_1_114' title="bbox 1881 5204 3528 5279">
    <p class='ocr_par' dir='ltr' id='par_1_114' title="bbox 1881 5204 3528 5279">
     <span class='ocr_line' id='line_1_114' title="bbox 1881 5204 3528 5279; baseline -0.001 -17"><span class='ocrx_word' id='word_1_672' title='bbox 1881 5204 2164 5277; x_wconf 79' lang='lat' dir='ltr'>regularis</span> <span class='ocrx_word' id='word_1_673' title='bbox 2194 5205 2321 5259; x_wconf 59' lang='lat' dir='ltr'>vita</span> <span class='ocrx_word' id='word_1_674' title='bbox 2380 5206 2693 5279; x_wconf 88' lang='lat' dir='ltr'>disciplina</span> <span class='ocrx_word' id='word_1_675' title='bbox 2724 5221 3005 5274; x_wconf 90' lang='lat' dir='ltr'>coercere,</span> <span class='ocrx_word' id='word_1_676' title='bbox 3038 5211 3093 5262; x_wconf 90' lang='lat' dir='ltr'>et</span> <span class='ocrx_word' id='word_1_677' title='bbox 3138 5206 3528 5263; x_wconf 90' lang='lat' dir='ltr'>communiter</span> 
     </span>
    </p>
   </div>
   <div class='ocr_carea' id='block_1_115' title="bbox 1882 5292 3526 5368">
    <p class='ocr_par' dir='ltr' id='par_1_115' title="bbox 1882 5292 3526 5368">
     <span class='ocr_line' id='line_1_115' title="bbox 1882 5292 3526 5368; baseline -0.001 -16"><span class='ocrx_word' id='word_1_678' title='bbox 1882 5292 2203 5352; x_wconf 87' lang='lat' dir='ltr'>secundum</span> <span class='ocrx_word' id='word_1_679' title='bbox 2237 5293 2336 5348; x_wconf 90' lang='lat' dir='ltr'>SS.</span> <span class='ocrx_word' id='word_1_680' title='bbox 2375 5292 2611 5350; x_wconf 89' lang='lat' dir='ltr'>Patrum</span> <span class='ocrx_word' id='word_1_681' title='bbox 2662 5294 3088 5351; x_wconf 89' lang='lat' dir='ltr'>institutionem</span> <span class='ocrx_word' id='word_1_682' title='bbox 3139 5295 3526 5368; x_wconf 88' lang='lat' dir='ltr'>omnipotenti</span> 
     </span>
    </p>
   </div>
   <div class='ocr_carea' id='block_1_116' title="bbox 1882 5380 3529 5458">
    <p class='ocr_par' dir='ltr' id='par_1_116' title="bbox 1882 5380 3529 5458">
     <span class='ocr_line' id='line_1_116' title="bbox 1882 5380 3529 5458; baseline 0 -18"><span class='ocrx_word' id='word_1_683' title='bbox 1882 5390 1996 5440; x_wconf 94' lang='lat' dir='ltr'>Deo</span> <span class='ocrx_word' id='word_1_684' title='bbox 2019 5380 2307 5438; x_wconf 88' lang='lat' dir='ltr'>deservire</span> <span class='ocrx_word' id='word_1_685' title='bbox 2329 5385 2716 5455; x_wconf 89' lang='lat' dir='ltr'>proposuistis</span> <span class='ocrx_word' id='word_1_686' title='bbox 2739 5403 2751 5454; x_wconf 88' lang='lat'><strong>;</strong></span> <span class='ocrx_word' id='word_1_687' title='bbox 2772 5401 2877 5441; x_wconf 92' lang='lat' dir='ltr'>nos</span> <span class='ocrx_word' id='word_1_688' title='bbox 2897 5385 3044 5441; x_wconf 89' lang='lat' dir='ltr'>votis</span> <span class='ocrx_word' id='word_1_689' title='bbox 3059 5385 3267 5441; x_wconf 89' lang='lat' dir='ltr'>vestris</span> <span class='ocrx_word' id='word_1_690' title='bbox 3287 5389 3529 5458; x_wconf 89' lang='lat' dir='ltr'>paterno</span> 
     </span>
    </p>
   </div>
   <div class='ocr_carea' id='block_1_117' title="bbox 1883 5470 3527 5548">
    <p class='ocr_par' dir='ltr' id='par_1_117' title="bbox 1883 5470 3527 5548">
     <span class='ocr_line' id='line_1_117' title="bbox 1883 5470 3527 5548; baseline 0 -18"><span class='ocrx_word' id='word_1_691' title='bbox 1883 5470 2358 5546; x_wconf 86' lang='lat' dir='ltr'>congratulamur</span> <span class='ocrx_word' id='word_1_692' title='bbox 2380 5473 2607 5528; x_wconf 71' lang='lat' dir='ltr'>affectu.</span> <span class='ocrx_word' id='word_1_693' title='bbox 2640 5473 2818 5543; x_wconf 88' lang='lat' dir='ltr'>Unde</span> <span class='ocrx_word' id='word_1_694' title='bbox 2843 5475 3019 5532; x_wconf 87' lang='lat' dir='ltr'>etiam</span> <span class='ocrx_word' id='word_1_695' title='bbox 3040 5473 3305 5548; x_wconf 91' lang='lat' dir='ltr'>petitioni</span> <span class='ocrx_word' id='word_1_696' title='bbox 3324 5479 3527 5532; x_wconf 78' lang='lat' dir='ltr'>vestras</span> 
     </span>
    </p>
   </div>
   <div class='ocr_carea' id='block_1_118' title="bbox 1887 5561 3527 5634">
    <p class='ocr_par' dir='ltr' id='par_1_118' title="bbox 1887 5561 3527 5634">
     <span class='ocr_line' id='line_1_118' title="bbox 1887 5561 3527 5634; baseline -0.001 -17"><span class='ocrx_word' id='word_1_697' title='bbox 1887 5561 2246 5634; x_wconf 88' lang='lat' dir='ltr'>benignitate</span> <span class='ocrx_word' id='word_1_698' title='bbox 2288 5561 2484 5616; x_wconf 89' lang='lat' dir='ltr'>debita</span> <span class='ocrx_word' id='word_1_699' title='bbox 2531 5561 2909 5633; x_wconf 89' lang='lat' dir='ltr'>impertimur</span> <span class='ocrx_word' id='word_1_700' title='bbox 2944 5581 3274 5633; x_wconf 88' lang='lat' dir='ltr'>assensum,</span> <span class='ocrx_word' id='word_1_701' title='bbox 3307 5567 3363 5619; x_wconf 90' lang='lat' dir='ltr'>et</span> <span class='ocrx_word' id='word_1_702' title='bbox 3399 5562 3527 5618; x_wconf 68' lang='lat' dir='ltr'>vita</span> 
     </span>
    </p>
   </div>
   <div class='ocr_carea' id='block_1_119' title="bbox 1883 5647 3522 5727">
    <p class='ocr_par' dir='ltr' id='par_1_119' title="bbox 1883 5647 3522 5727">
     <span class='ocr_line' id='line_1_119' title="bbox 1883 5647 3522 5727; baseline 0.001 -21"><span class='ocrx_word' id='word_1_703' title='bbox 1883 5650 2172 5707; x_wconf 68' lang='lat' dir='ltr'>canonicis</span> <span class='ocrx_word' id='word_1_704' title='bbox 2203 5647 2487 5715; x_wconf 91' lang='lat' dir='ltr'>ordinem,</span> <span class='ocrx_word' id='word_1_705' title='bbox 2521 5665 2695 5721; x_wconf 91' lang='lat' dir='ltr'>quem</span> <span class='ocrx_word' id='word_1_706' title='bbox 2745 5651 2992 5722; x_wconf 82' lang='lat' dir='ltr'>professi</span> <span class='ocrx_word' id='word_1_707' title='bbox 3043 5653 3186 5709; x_wconf 90' lang='lat' dir='ltr'>estis</span> <span class='ocrx_word' id='word_1_708' title='bbox 3216 5650 3522 5727; x_wconf 84' lang='lat' dir='ltr'>praesentis</span> 
     </span>
    </p>
   </div>
   <div class='ocr_carea' id='block_1_120' title="bbox 1885 5736 3534 5821">
    <p class='ocr_par' dir='ltr' id='par_1_120' title="bbox 1885 5736 3534 5821">
     <span class='ocr_line' id='line_1_120' title="bbox 1885 5736 3534 5821; baseline 0.002 -23"><span class='ocrx_word' id='word_1_709' title='bbox 1885 5738 2173 5821; x_wconf 79' lang='lat' dir='ltr'>privilegii</span> <span class='ocrx_word' id='word_1_710' title='bbox 2194 5736 2537 5799; x_wconf 81' lang='lat' dir='ltr'>auctoritate</span> <span class='ocrx_word' id='word_1_711' title='bbox 2556 5737 2864 5800; x_wconf 80' lang='lat' dir='ltr'>ﬁrmamus</span> <span class='ocrx_word' id='word_1_712' title='bbox 2889 5757 2902 5814; x_wconf 84' lang='lat'><strong>;</strong></span> <span class='ocrx_word' id='word_1_713' title='bbox 2927 5744 2985 5802; x_wconf 87' lang='lat' dir='ltr'>et</span> <span class='ocrx_word' id='word_1_714' title='bbox 3012 5757 3085 5801; x_wconf 87' lang='lat' dir='ltr'>ne</span> <span class='ocrx_word' id='word_1_715' title='bbox 3117 5742 3208 5801; x_wconf 89' lang='lat' dir='ltr'>cui</span> <span class='ocrx_word' id='word_1_716' title='bbox 3237 5742 3372 5819; x_wconf 86' lang='lat' dir='ltr'>post</span> <span class='ocrx_word' id='word_1_717' title='bbox 3401 5755 3534 5820; x_wconf 80' lang='lat' dir='ltr'>pro-</span> 
     </span>
    </p>
   </div>
   <div class='ocr_carea' id='block_1_121' title="bbox 3141 5868 3220 5938">
    <p class='ocr_par' dir='ltr' id='par_1_121' title="bbox 3141 5868 3220 5938">
     <span class='ocr_line' id='line_1_121' title="bbox 3141 5868 3220 5938; baseline -0.025 0"><span class='ocrx_word' id='word_1_718' title='bbox 3141 5868 3220 5938; x_wconf 74' lang='grc'>14</span> 
     </span>
    </p>
   </div>
  </div>
