3950 6440
367 448 486 515 427

1681 443 1752 512 Β.
1799 441 2086 514 URBANI
2131 445 2183 509 II
2227 442 2475 509 PAP/E.

3656 437 3778 503 428

372 587 688 642 fessionem
722 583 1040 642 exhibitam
1075 583 1374 658 premium
1422 584 1561 656 quid
1610 583 1844 650 habere,
1879 598 2019 637 neve
2048 588 2102 648 Α
2134 581 2332 652 igitur,
2369 580 2470 634 lilii
2499 580 2561 633 in
2591 581 2820 634 Christo
2851 575 3204 642 charissimi,
3229 593 3332 650 per
3359 576 3782 649 omnipotentis

373 675 502 730 sine
533 673 828 747 praepositi
875 673 1343 746 congregationis
1391 671 1627 729 licentia
1669 672 1740 727 de
1769 670 2022 726 claustro

375 763 675 818 discedere
723 761 914 828 liceat,
947 762 1378 830 interdicimus,
1411 765 1469 816 et
1521 765 1641 815 tam
1691 777 1793 815 vos
1847 774 2023 830 quam

372 855 566 907 vestra
587 851 784 906 omnia
806 851 963 906 sedis
985 849 1312 922 apostolica:
1328 849 1682 922 protectione
1699 848 2020 904 munimus.

373 939 554 994 Vobis
593 933 789 1011 itaque
834 939 1162 1010 vestrisque
1220 937 1679 1005 successoribus,
1714 935 1774 991 in
1823 935 2025 992 eadem

377 1027 657 1099 religione
705 1027 1130 1098 permansuris,
1161 1044 1230 1082 ea
1284 1027 1484 1082 omnia
1525 1029 1806 1097 perpetuo
1840 1023 2023 1097 possi—

378 1116 568 1170 denda
598 1115 916 1184 sancimus,
941 1115 1611 1188 quaeimprmsentiarum
1639 1131 1742 1185 pro
1762 1127 2024 1168 commu-

378 1204 673 1260 nisvictus
707 1203 1134 1260 sustentatione
1162 1203 1460 1275 possidere
1489 1201 1764 1256 videmini
1791 1219 1804 1256 :
1839 1199 2024 1254 eccle-

379 1292 528 1349 siam
553 1291 772 1347 scilicet
785 1288 1172 1364 S.Agrieolaad
1182 1309 1211 1345 ο
1226 1293 1304 1346 Lu
1318 1309 1471 1362 pera,
1495 1295 1553 1344 et
1575 1290 1759 1354 sancti
1775 1288 1936 1343 Pauli
1956 1289 2026 1343 de

379 1380 618 1447 Palude,
651 1381 710 1436 S.
743 1380 1003 1435 Domi....
1049 1384 1106 1435 et
1143 1381 1200 1435 S.
1233 1379 1524 1435 Columbae
1567 1379 1637 1433 de
1677 1377 2026 1440 Cortedune,

379 1473 435 1524 et
453 1473 508 1523 S.
539 1466 770 1540 Georgii
791 1469 861 1523 de
884 1468 1147 1540 Garriga,
1181 1468 1310 1540 pagi
1335 1468 1406 1523 de
1427 1466 1777 1522 Mairranica
1803 1470 2027 1538 partem

379 1562 670 1630 quartam,
691 1561 746 1611 et
769 1554 1096 1612 insularum
1122 1557 1193 1611 ad
1213 1556 1406 1627 ipsum
1427 1555 1865 1628 pertinentium.
1892 1553 2030 1607 Uni-

377 1661 577 1702 versas
606 1643 888 1718 p'rzeterea
917 1643 1334 1700 Avenionensis
1383 1643 1640 1698 ecclesiae
1689 1642 2032 1714 praebendas

381 1739 438 1790 et
458 1735 710 1790 honores
731 1732 832 1789 seu
860 1733 1504 1805 dispensationes,quas
1528 1731 1698 1786 hodie
1721 1730 2032 1802 possidetis

379 1839 504 1888 vos,
529 1822 652 1894 qui,
672 1825 905 1876 auctore
921 1821 1190 1885 Domino,
1212 1820 1388 1875 vitam
1407 1819 1744 1875 canonicam
1779 1817 1990 1873 ducitis
2015 1836 2027 1886 ;

385 1910 508 1966 sive
539 1927 686 1982 quas
718 1909 1060 1965 clericorum
1093 1909 1332 1981 quidam
1357 1907 1748 1980 obtinent,qui
1781 1907 2028 1962 necdum
2064 1946 2113 2010 Β

385 1998 638 2073 propriis
707 1997 1266 2064 chrenuntiaverint,
1337 1996 1776 2052 communitatis
1836 2001 2034 2050 vestra:

387 2085 598 2144 usibus
641 2087 1084 2154 conﬁrmamus,
1119 2103 1468 2158 quocunque
1497 2085 1554 2140 in
1611 2091 1868 2156 tempore
1903 2085 2036 2140 illas

390 2175 600 2249 aperiri
633 2175 958 2248 contigerit,
986 2174 1043 2230 et
1092 2185 1450 2246 quaecunque
1481 2174 1756 2246 deinceps
1799 2189 2035 2228 conces-

391 2263 554 2321 sione
581 2263 946 2336 pontiﬁcum,
979 2261 1328 2318 liberalitate
1377 2262 1732 2334 principum,
1763 2261 1850 2317 vel
1878 2261 2036 2318 obla-

389 2355 548 2410 tione
561 2351 1002 2423 ﬁdelium,juste
1013 2354 1190 2423 atque
1202 2352 1477 2406 canonice
1494 2350 1756 2422 poteritis
1769 2349 2034 2422 adipisci.

388 2443 475 2499 Ad
505 2441 627 2496 haec
675 2439 1045 2496 decernimus
1089 2445 1172 2506 ut,
1207 2440 1480 2494 defuncto
1538 2439 1807 2494 Ecclesia:
1835 2444 2038 2494 vestrae

393 2531 684 2604 episcopo,
718 2528 1074 2584 successoris
1121 2533 1378 2584 vestrum
1424 2527 1627 2583 electio
1667 2527 2035 2600 potissimum

392 2622 838 2690 vestrorumque
868 2633 1278 2672 successorum
1313 2615 1414 2688 qui
1469 2615 1744 2671 canonice
1773 2616 2036 2680 vixerint,

395 2706 810 2763 deliberatione
833 2705 1128 2776 persistat.
1155 2705 1214 2758 Id
1248 2708 1443 2776 ipsum
1469 2705 1645 2760 etiam
1671 2711 1724 2760 et
1756 2705 2037 2759 universae

395 2795 792 2860 Ecclesiae,seu
810 2793 1050 2848 claustri
1082 2791 1258 2848 vestri
1290 2791 1637 2864 praapositis,
1662 2793 1781 2848 sive
1801 2793 2038 2866 dispen-

397 2883 690 2940 satoribus
727 2881 1013 2953 eligendis
1053 2884 1332 2953 perpetuo
1371 2881 1799 2936 observandum
1839 2898 2035 2938 cense-

397 2989 552 3028 mus.
577 2971 632 3026 Si
659 2986 776 3042 qua
795 2984 934 3024 sane
953 2968 1010 3022 in
1047 2968 1367 3024 crastinum
1391 2969 1780 3024 ecclesiastica
1801 2971 2036 3026 saecula-

397 3059 549 3116 risve
580 3074 848 3130 persona,
873 3056 1052 3127 hujus
1075 3061 1283 3112 nostris
1305 3057 1734 3114 constitutionis
1763 3059 2035 3132 paginam

399 3149 592 3204 sciens
613 3151 814 3202 contra
834 3161 960 3200 eam
985 3149 1201 3201 temere
1221 3146 1415 3202 venire
1437 3147 1760 3214 tentaverit,
1781 3149 2039 3204 secunda

399 3235 638 3292 tertiave
667 3233 1119 3289 commonitione
1140 3233 1186 3288 si
1218 3251 1332 3288 non
1354 3234 1750 3291 satisfactione
1781 3253 2038 3308 congrua

2133 667 2233 724 Dei
2263 668 2515 741 gratiam
2569 666 3120 739 aspiratiyprimam
3167 665 3466 723 nascentis
3512 664 3780 721 Ecclesiae

2135 756 2628 812 conversationem
2659 755 2862 812 multis
2883 757 3011 827 jam
3035 755 3400 828 temporibus
3431 754 3781 811 destitutam

2135 862 2408 900 renovare
2435 845 2844 918 proposuistis,
2881 849 2943 900 ut
2972 845 3297 902 secundum
3325 844 3666 900 SS.Patrum
3689 842 3780 898 in-

2135 934 2340 989 stituta
2370 934 2539 990 corde
2562 951 2678 990 uno
2703 938 2760 990 et
2782 951 2901 990 una
2921 934 3118 990 anima
3139 935 3249 990 sub
3261 935 3408 1006 jugo
3430 933 3642 1005 regulae
3659 949 3784 989 om-

2135 1021 2419 1093 nipotenti
2467 1021 2712 1078 Domino
2771 1023 3076 1090 serviatis;
3127 1039 3236 1078 nos
3285 1021 3551 1095 religioni
3582 1025 3790 1078 vestrae

2135 1115 2375 1182 paterno
2435 1110 2913 1182 eongratulamur
2967 1111 3199 1166 affectu.
3252 1112 3322 1166 Et
3373 1115 3436 1166 ut
3481 1110 3662 1166 semel
3692 1112 3791 1165 in-

2135 1199 2344 1254 choata
2365 1197 2588 1272 religio,
2623 1204 2858 1255 auctore
2876 1200 3009 1265 Deo,
3035 1217 3270 1272 semper
3291 1198 3642 1256 inviolabilis
3663 1217 3793 1272 per-

2137 1294 2386 1352 severet,
2420 1295 2539 1342 tam
2571 1304 2672 1343 vos
2705 1305 2883 1360 quam
2927 1293 3119 1344 vestra
3147 1288 3348 1360 omnia
3367 1289 3524 1346 sedis
3553 1295 3790 1366 aposto-

2137 1374 2264 1431 licae
2283 1377 2506 1447 gremio
2523 1377 2914 1444 confoventes,
2945 1377 3253 1449 praesentis
3274 1377 3560 1450 privilegii
3590 1382 3797 1434 aucto-

2139 1463 2308 1520 ritate
2341 1465 2667 1520 munimus.
2719 1466 3049 1522 Statuimus
3079 1466 3236 1522 enim
3259 1471 3324 1522 ut
3371 1465 3592 1522 nemini
3639 1467 3799 1523 inter

2139 1570 2240 1607 vos
2257 1552 2616 1623 professione
2649 1553 2910 1610 exhibita
2944 1555 3245 1627 proprium
3261 1555 3399 1628 quid
3418 1555 3650 1620 habere,
3686 1572 3800 1612 nec

2141 1639 2267 1694 sine
2299 1647 2418 1704 tua,
2455 1641 2541 1694 liii
2575 1642 2813 1696 Arberte
2835 1642 3006 1710 abba,
3040 1649 3098 1698 et
3123 1659 3328 1699 eorum
3360 1643 3458 1716 qui
3490 1649 3622 1716 post
3651 1649 3708 1701 te
3730 1645 3794 1700 in

2140 1728 2341 1782 eodem
2377 1728 2658 1798 regimine
2708 1731 3118 1797 successerint,
3153 1735 3256 1786 aut
3301 1732 3428 1788 sine
3485 1734 3794 1790 communi

2140 1816 2609 1888 congregationis
2627 1815 2864 1872 licentia
2877 1817 2948 1874 de
2963 1817 3220 1874 claustro
3232 1819 3530 1878 discedere
3541 1821 3803 1880 liberum

2143 1903 2257 1972 sit;
2293 1908 2350 1958 et
2381 1904 2430 1960 si
2464 1905 2801 1970 decesserit,
2817 1911 2874 1962 et
2904 1908 3298 1966 commonitus
3327 1910 3516 1967 redire
3534 1916 3801 1970 contem-

2145 1993 2348 2063 pserit,
2383 1993 2484 2047 tibi
2521 1993 2752 2066 tuisque
2783 1996 3222 2054 successoribus
3255 1997 3500 2066 facultas
3531 2000 3609 2056 sit
3635 2001 3802 2071 ejus-

2146 2082 2300 2136 modi
2319 2081 2744 2138 ubilibetasuis
2771 2083 2980 2140 ofﬁciis
3009 2084 3380 2144 interdicere:
3415 2087 3803 2147 interdictum

2144 2185 2278 2224 vero
2307 2171 2504 2226 nullus
2521 2171 2930 2243 episcoporum
2949 2173 3299 2231 abbatumve
3323 2177 3624 2250 suscipiat.
3651 2179 3804 2236 Prae-

2147 2262 2304 2314 terea
2321 2277 2424 2330 per
2439 2261 2744 2331 praesentis
2761 2261 2974 2317 decreti
2991 2265 3267 2335 paginam
3297 2265 3618 2337 apostoli-ca
3633 2269 3806 2326 vobis

2151 2349 2497 2403 auctoritate
2523 2350 2830 2406 ﬁrmamus
2851 2351 3158 2407 ecclesiam
3178 2357 3400 2410 Sanctae
3421 2354 3616 2412 Mariae
3646 2358 3810 2416 infra

2148 2435 2352 2492 urbem
2382 2437 2834 2510 Lugdunensem
2861 2457 2874 2506 ;
2897 2439 3201 2497 ecclesiam
3229 2441 3428 2498 Sancti
3450 2445 3604 2501 Petri
3627 2464 3810 2506 secus

2147 2523 2672 2601 Diam,>ecclesiam
2721 2527 2986 2584 SJacobi
3034 2530 3106 2585 de
3157 2530 3454 2604 Melgorio,
3485 2535 3808 2595 ecclesiam

2147 2611 2218 2668 de
2244 2613 2422 2680 Buxa,
2451 2613 2757 2670 ecclesiam
2798 2617 2871 2672 de
2904 2617 3106 2686 Turre,
3139 2618 3444 2678 ecclesiam
3475 2623 3549 2678 de
3575 2625 3806 2700 Caney~

2147 2717 2269 2772 rag,
2302 2701 2606 2758 ecclesiam
2635 2705 2706 2759 de
2736 2704 2979 2775 Venees,
3011 2707 3316 2765 ecclesiam
3339 2711 3412 2766 de
3438 2713 3807 2772 Armazana-

2145 2807 2244 2846 zas
2275 2807 2407 2845 cum
2437 2791 2678 2862 capella,
2713 2793 3018 2850 ecclesiam
3071 2797 3144 2852 de
3189 2801 3464 2870 Boterita,
3497 2806 3554 2857 et
3593 2806 3808 2860 omnia

2147 2895 2276 2949 quas
2288 2879 2543 2950 episcopi
2580 2882 2999 2939 Avenionensis
3013 2883 3361 2942 Benedictus
3387 2888 3730 2962 Rostagnus
3741 2900 3808 2950 et

2145 2965 2459 3023 Gibillinus
2508 2973 2708 3024 vestra:
2767 2969 3030 3028 Ecclesiae
3089 2975 3478 3033 contulerunt.
3530 2980 3613 3036 Ad
3669 2981 3805 3040 haec

2147 3053 2324 3110 etiam
2354 3055 2664 3125 adjicimus
2697 3063 2762 3113 ut
2789 3075 3151 3133 quaecunque
3190 3062 3361 3120 hodie
3389 3072 3654 3124 vestrum
3689 3089 3810 3128 coe-

2147 3143 2390 3198 nobium
2414 3144 2575 3214 juste
2605 3145 3006 3216 possidet,sive
3035 3149 3097 3204 in
3127 3151 3392 3209 futurum
3415 3159 3810 3217 concessione

2148 3231 2488 3302 pontiﬁcum
2539 3233 2884 3291 liberalitate
2958 3237 3312 3312 principum,
3373 3248 3431 3299 et
3497 3245 3811 3307 oblatione

399 3322 812 3388 emendaverit,
855 3321 1158 3392 potestatis
1215 3321 1566 3396 honorisque
1613 3321 1704 3378 sui
1755 3324 2038 3396 dignitate
2069 3309 2111 3377 C
2148 3317 2410 3376 ﬁdelium
2433 3321 2596 3392 juste
2637 3339 2704 3378 ac
2746 3309 3022 3382 canonice
3078 3309 3304 3400 poterit
3330 3332 3594 3405 adipisci,
3627 3339 3810 3396 vobis

396 3417 610 3478 careat,
643 3427 921 3482 reamque
951 3427 1012 3466 se
1043 3409 1235 3466 divino
1258 3411 1483 3482 judicio
1531 3411 1776 3467 existere
1805 3413 1876 3468 de
1909 3430 2037 3485 per-

394 3499 951 3574 petratainiquitate
970 3504 1302 3572 cognoscat,
1317 3518 1350 3555 a
1377 3501 1777 3556 sacratissimo
1800 3517 2038 3573 corpore

394 3594 452 3647 et
471 3589 757 3662 sanguine
775 3587 874 3644 Dei
898 3592 955 3644 et
982 3589 1207 3644 Domini
1256 3589 1662 3660 Redemptoris
1686 3589 1869 3645 nostri
1897 3590 2036 3646 Jesu

393 3678 608 3735 Christi
633 3677 820 3734 aliena
843 3678 965 3743 ﬁat,
997 3681 1054 3733 et
1085 3677 1144 3732 in
1187 3683 1442 3734 extremo
1472 3677 1737 3734 examine
1757 3679 2035 3735 districta

393 3767 600 3824 ultioni
615 3767 745 3838 subj
755 3766 1178 3823 aceat.Cunctis
1189 3773 1383 3822 autem
1401 3766 1589 3821 eidem
1602 3769 2034 3840 congregationi

385 3857 553 3929 justa
569 3855 934 3911 servantibus
955 3855 1032 3910 sit
1052 3871 1163 3926 pax
1184 3852 1414 3910 Domini
1437 3853 1616 3908 nostri
1635 3855 1772 3910 Jesu
1799 3855 2034 3925 Christi,

393 3948 684 4016 quatenus
725 3947 782 3999 et
805 3943 898 3999 hic
931 3944 1185 3998 fructum
1220 3943 1382 3997 bona:
1413 3942 1660 3998 actionis
1691 3945 2032 4016 percipiant,

392 4036 449 4088 et
479 4033 631 4104 apud
663 4032 996 4089 districtum
1025 4030 1280 4101 judicem
1334 4031 1572 4102 praemia
1617 4037 1842 4088 aeternae
1871 4036 2032 4106 pacis

391 4121 712 4176 inveniant.

463 4210 675 4266 Datum
705 4209 994 4266 Avenione
1025 4224 1126 4280 per
1174 4225 1414 4264 manum
1462 4209 1726 4279 Joannis,
1759 4212 2031 4270 Romana

391 4298 658 4354 Ecclesia:
684 4297 912 4354 diaconi
930 4296 1264 4366 cardinalis,
1288 4315 1400 4352 xvu
1418 4297 1542 4353 Kal.
1579 4299 1800 4370 Octob.,
1827 4302 2026 4359 indict.

391 4405 472 4457 III,
509 4404 662 4443 anno
693 4386 1008 4442 Dominicae
1057 4385 1476 4443 Incarnationis
1524 4388 1682 4459 1095,
1729 4391 2027 4462 pontiﬁca-

387 4481 486 4533 tus
519 4475 718 4532 domni
749 4473 964 4530 Urbani
997 4491 1156 4546 papae
1188 4491 1340 4530 anno
1370 4481 1589 4532 octavo.

1113 4589 1298 4644 CLIII.

2145 3407 2471 3482 vestrisque
2500 3412 2964 3479 successoribus,
2999 3416 3100 3488 qui
3148 3416 3206 3472 in
3256 3419 3460 3476 eadem
3509 3422 3812 3498 religione

2144 3499 2594 3567 permanserint,
2628 3499 2856 3574 integra
2904 3519 3136 3576 semper
3184 3505 3526 3582 illibataque
3555 3528 3809 3584 perma-

2147 3591 2338 3642 neant.
2366 3589 2745 3645 Decernimus
2775 3606 2912 3663 ergo
2945 3595 3010 3648 ut
3041 3592 3186 3649 nulli
3215 3597 3457 3654 omnino
3478 3599 3806 3660 hominum

2143 3671 2313 3730 liceat
2342 3676 2491 3732 idem
2519 3679 2845 3734 cmnobium
2882 3686 3096 3738 temere
3135 3685 3498 3755 perturbare,
3530 3695 3632 3746 aut
3661 3694 3812 3765 ejus

2143 3764 2546 3854 possessiones
2577 3767 2824 3834 auferre,
2849 3768 2935 3824 vel
2967 3769 3163 3828 ablata
3199 3775 3468 3844 retinere,
3499 3764 3810 3854 minuere,

2142 3851 2231 3906 vel
2279 3855 2608 3911 temerariis
2661 3857 3062 3914 vexationibus
3123 3860 3397 3934 fatigare;
3438 3866 3539 3921 sed
3591 3851 3812 3928 omnia

2145 3941 2372 4014 integra
2401 3948 2816 4000 conserventur
2833 3961 3056 4017 eorum,
3083 3965 3186 4021 pro
3207 3967 3457 4022 quorum
3485 3961 3811 4016 sustenta-

2140 4029 2299 4086 tione
2329 4035 2386 4086 et
2415 4031 2836 4120 gubernatione
2865 4053 3144 4094 concessa
3173 4046 3332 4110 sunt,
3366 4043 3572 4100 usibus
3601 4050 3818 4107 omni-

2143 4119 2332 4174 modis
2365 4121 2688 4192 prot‘utura,
2721 4123 2882 4180 salva
2923 4125 2981 4181 in
3031 4129 3308 4186 omnibus
3363 4134 3810 4197 Avenionensis

2139 4209 2396 4280 episcopi
2426 4209 2704 4268 canonica
2732 4215 3070 4272 reverentia.

2211 4297 2424 4354 Datum
2455 4299 2697 4356 'I‘ricast.
2723 4319 2826 4374 per
2854 4321 3096 4362 manum
3125 4307 3388 4376 Joannis,
3420 4318 3638 4370 sancta:
3673 4317 3810 4375 Ro-

2139 4401 2324 4442 manas
2345 4387 2612 4444 Ecclesia:
2633 4389 2861 4447 diaconi
2889 4395 3224 4466 cardinalis,
3245 4399 3557 4460 indictione
3587 4407 3810 4476 tertia,

2139 4475 2363 4532 decimo
2385 4477 2552 4532 tertio
2579 4477 2818 4536 Kalend.
2851 4481 3140 4551 Octobris,
3171 4503 3323 4544 anno
3347 4489 3662 4548 Dominicis
3694 4495 3809 4555 In-

2138 4564 2492 4620 carnationis
2519 4564 2830 4623 millesimo
2861 4571 3240 4644 nonagesimo
3271 4581 3452 4646 sexto,
3485 4580 3816 4650 pontiﬁca-

386 4679 750 4751 Privilcgium
773 4677 840 4731 ab
873 4677 1086 4751 Urbano
1138 4677 1192 4732 II
1209 4749 1214 4751 _
1243 4679 1484 4734 ecclesiae
1531 4679 1584 4734 S.
1637 4681 1780 4751 [lu/ﬁ,
1819 4697 2026 4737 ccnces-
2061 4678 2106 4742 D
2137 4658 2233 4709 tus
2261 4671 2392 4710 vero
2423 4655 2624 4710 domui
2654 4655 2870 4713 Urbani
2905 4659 2952 4714 ῙῙ
2983 4677 3144 4734 Pal)“3
3175 4679 3296 4720 VIII-

456 4748 608 4832 sum,
631 4748 784 4803 salva
816 4751 872 4832 in
903 4748 1152 4804 omnibus
1181 4749 1566 4806 Avem’onensis
1603 4748 1841 4824 episcoPi
1869 4769 2031 4810 cano-

455 4828 582 4876 nica
603 4828 924 4876 reverentia.

1001 4893 1188 4960 (Anno
1219 4892 1401 4964 1095.)

696 4988 856 5060 [διιιι.
883 4989 1083 5045 Christ.
1119 4993 1242 5060 vet,
1275 4995 1317 5046 t.
1355 4990 1446 5058 IV,
1470 5007 1528 5062 p.
1559 4991 1710 5062 802.]

453 5095 728 5150 Uasauus
759 5095 1298 5168 episcopus,servus
1319 5114 1618 5152 servorum
1653 5097 1772 5162 Dei,
1798 5098 2023 5156 dilectis

379 5183 439 5240 in
471 5184 697 5240 Christo
727 5184 865 5240 ﬁliis
898 5191 1162 5241 Anesa'ro
1211 5185 1433 5252 abbati,
1465 5187 1710 5257 ejusque
1744 5188 2023 5246 fratribus

378 5272 440 5328 in
472 5271 715 5329 ecclesia
745 5273 803 5328 S.
839 5273 991 5328 ΒυΠί
1041 5275 1380 5330 canonicam
1425 5273 1603 5328 vitam
1637 5275 2024 5346 professis,'et

380 5378 582 5417 eorum
613 5362 1048 5419 successoribus
1067 5363 1128 5418 in
1154 5363 1357 5419 eadem
1381 5361 1655 5434 religione
1676 5380 2020 5436 permansu-

379 5451 462 5506 ris
495 5451 552 5504 in
585 5455 954 5523 perpetuum.

449 5538 815 5595 Desiderium
847 5542 1002 5612 quod
1057 5541 1129 5597 ad
1181 5538 1520 5610 religiosum
1567 5542 1931 5614 propositum
1961 5550 2020 5602 et

378 5629 711 5688 animarum
741 5629 990 5686 salutem
1037 5627 1328 5702 pertinere
1371 5634 1752 5698 monstratur,
1785 5638 2020 5694 auctore

378 5718 515 5790 Deo,
548 5717 677 5784 sine
709 5717 904 5798 aliqua
939 5722 1028 5782 est
1077 5716 1356 5781 dilatione
1407 5717 1840 5809 complendum.
1875 5725 2020 5797 Quia

2863 4765 3043 4822 CLIV.

2201 4849 2404 4906 Urbam'
2432 4851 2484 4906 II
2500 4866 2664 4922 papae
2687 4854 3044 4939 privilegium
3075 4873 3177 4929 pro
3203 4860 3441 4918 Ecclesia
3470 4864 3734 4924 Matisco-

2868 4942 3024 4982 nens:
3033 4971 3044 4982 .

2754 5014 2940 5086 (Anno
2969 5017 3153 5088 1095.)

2431 5100 2587 5172 [σαιι.
2627 5101 2894 5167 Christ.,t.
2930 5105 3002 5160 1v
3031 5107 3203 5180 Opp.,
3237 5127 3292 5182 p.
3325 5113 3475 5185 285.]

2207 5189 2482 5245 URBANUS
2511 5189 3048 5263 episcopus,servus
3079 5213 3380 5256 servorum
3413 5201 3532 5273 Dei,
3560 5202 3813 5266 dilecto

2132 5277 2296 5333 fratri
2317 5278 2607 5334 LANDRICO
2636 5279 3044 5340 Matisconensi
3075 5284 3346 5360 episcopo
3377 5291 3620 5364 suisque
3641 5310 3810 5354 suc-

2129 5367 2461 5424 cessoribus
2490 5369 2765 5425 canonice
2793 5374 3203 5442 promovendis
3233 5375 3292 5432 in
3325 5385 3712 5451 perpetuum.

2195 5457 2222 5510 .I
2233 5456 2380 5512 ustis
2397 5457 2546 5514 votis
2562 5474 2870 5515 assensum
2889 5463 3144 5532 praebere
3151 5465 3176 5536 j
3187 5467 3453 5539 ustisque
3477 5469 3814 5540 petitioni-

2127 5544 2239 5600 bus
2259 5561 2427 5602 aures
2447 5548 2886 5605 accommodare
2904 5567 3010 5606 nos
3023 5554 3438 5628 convenit,qui,
3462 5556 3597 5615 licet
3625 5559 3694 5616 in
3707 5566 3820 5622 di-

2127 5650 2259 5708 gne,
2293 5635 2564 5692 custodes
2604 5639 2781 5708 atque
2811 5655 3107 5711 praecones
3137 5642 3197 5699 in
3229 5645 3457 5703 excelsa
3487 5652 3820 5722 apostolo-

2127 5741 2259 5786 rum
2280 5723 2612 5802 principum
2636 5725 2788 5788 Petri
2805 5732 2863 5790 et
2882 5727 3044 5790 Pauli
3063 5731 3302 5808 specula
3319 5735 3818 5814 positi,Domino
