3950 6450
65 4904 107 5043 ἱ,

185 505 299 569 429

1359 502 1762 572 EPISTOLAE
1804 502 1904 570 ET
1945 478 2433 571 PRIVILEGIA.

3460 511 3582 575 430

185 641 547 714 disponente,
568 638 835 698 videmur
870 639 1133 698 existere.
1154 642 1296 698 Tuis
1328 642 1524 713 igitur,
1560 642 1737 697 frater
1765 642 1823 695 in
1852 641 1912 708 Α
1939 641 2118 697 dedit.
2181 642 2341 698 Unde
2405 642 2614 698 litteris
2671 647 2727 699 te
2784 643 3169 717 praesentibus
3225 646 3292 700 ut
3346 648 3586 717 captum

184 729 413 786 Christo
435 730 916 787 reverendissime
938 730 1429 802 Landrice,justis
1449 729 1829 802 petitionibus

185 822 528 886 annuentes,
549 822 813 876 sanctam
838 818 1326 875 Matisconensem
1349 817 1687 886 Ecclesiam,
1713 818 1803 875 cui
1813 860 1826 887 ,

184 913 415 964 auctore
445 909 582 977 Deo,
616 907 893 981 praesides
924 908 1260 981 apostolicae
1300 908 1456 964 sedis
1487 907 1829 963 auctoritate

182 996 506 1052 munimus.
524 997 849 1053 Statuimus
871 996 1027 1053 enim
1059 1000 1125 1053 ut
1154 996 1398 1053 ecclesia
1417 997 1488 1052 de
1516 996 1826 1064 Prisciaco,

182 1087 250 1141 de
280 1085 649 1153 Fabricis,de
669 1086 1072 1154 Verchessoto,
1096 1087 1167 1142 de
1196 1085 1551 1154 Mardubrio,
1585 1084 1831 1143 ecclesia

183 1174 375 1231 Sancti
406 1174 636 1232 Amoris
665 1179 721 1231 et
751 1179 958 1232 caetera
992 1175 1188 1232 omnia
1209 1192 1336 1247 quae
1364 1179 1468 1230 tua
1498 1174 1828 1230 fraternitas

182 1280 247 1320 ex
260 1264 525 1320 hostium
543 1263 815 1320 manibus
829 1268 1028 1337 erepta
1044 1264 1348 1337 reparavit,
1366 1264 1637 1319 universa
1651 1263 1825 1319 etiam

181 1368 307 1426 quae
330 1353 494 1424 juste
524 1353 597 1407 ad
628 1353 893 1409 eamdem
925 1352 1229 1409 ecclesiam
1261 1353 1543 1425 pertinere
1573 1354 1824 1409 noscun-

178 1446 293 1509 tur,
344 1440 453 1497 tibi
502 1440 735 1513 tuisque
782 1440 1218 1497 successoribus
1264 1441 1447 1497 libera
1492 1457 1725 1515 semper
1770 1445 1827 1497 et

179 1529 405 1586 illibata
435 1535 757 1586 serventur.
778 1530 1187 1586 Interdicimus
1216 1531 1389 1587 etiam
1422 1534 1506 1598 ut,
1530 1535 1584 1585 te
1611 1531 1683 1586 ad
1715 1530 1826 1586 Do-

177 1621 407 1675 minum
441 1621 697 1686 evocato,
721 1618 807 1676 vel
841 1623 1076 1677 tuorum
1109 1618 1371 1692 quolibet
1399 1633 1825 1688 successorum,

177 1707 381 1765 nullus
412 1709 650 1764 omnino
698 1707 893 1764 invitis
924 1714 1128 1764 vestrae
1175 1708 1429 1765 ecclesiae
1460 1708 1684 1764 clericis
1732 1712 1833 1764 aut

173 1797 585 1870 episcoporum
619 1801 721 1852 aut
751 1795 1006 1852 ecclesiae
1047 1813 1138 1852 res
1182 1797 1431 1862 auferre,
1463 1796 1713 1868 diripere
1743 1804 1836 1860 vel

172 1884 500 1942 distrahere
531 1886 768 1953 audeat;
804 1885 996 1957 ipsum
1043 1890 1237 1942 autem
1281 1884 1626 1941 clericorum
1668 1886 1832 1940 clau-

1936 746 2381 787 commonemus
2437 731 2779 805 episcopum
2838 749 2941 804 pro
2990 732 3312 790 reverentia
3367 732 3430 787 B.
3479 732 3582 788 Pe-

1934 818 2009 873 tri
2050 835 2117 875 ac
2161 823 2360 875 nostro
2411 835 2609 876 amore
2656 837 2789 877 cum
2839 821 2964 878 suis
3012 821 3288 878 omnibus
3333 820 3584 878 liberum

1937 906 2097 963 adire
2128 908 2464 980 permittas;
2498 908 2760 982 alioquin
2805 910 3063 982 quandiu
3102 909 3271 967 illum
3300 909 3581 978 tenueris,

1935 1001 1993 1052 et
2029 1001 2086 1052 te
2128 1001 2186 1052 et
2230 1001 2445 1054 terram
2494 1001 2658 1055 tuam
2704 1000 3291 1058 excommunicationi
3338 999 3583 1074 subjici-

1935 1102 2088 1143 mus.

2666 1204 2851 1261 CLVI.

1939 1292 2222 1367 Uroaniﬂ
2246 1294 2471 1364 epistola
2508 1292 2579 1348 ad
2615 1295 3081 1367 archiepiscopum
3106 1294 3489 1367 Senonemem.
3515 1323 3586 1335 —-

2004 1362 2243 1430 Mandat,
2271 1362 2604 1420 commoneat
2635 1362 3004 1421 Guanierizim
3032 1371 3093 1421 ut
3111 1368 3419 1438 episcopum
3440 1365 3586 1422 Atre-

2006 1436 2272 1490 batensem
2303 1435 2563 1491 dimittat.

2561 1525 2744 1596 (Anno
2773 1525 2958 1597 1095.)

2366 1613 2599 1685 [MANE],
2629 1614 2834 1670 Concit.
2862 1613 2976 1685 XX,
3006 1615 3157 1684 695.)

2011 1727 2288 1783 Uaeauus
2317 1716 2646 1801 episcopus,
2674 1746 2891 1797 servus
2941 1745 3241 1787 servorum
3288 1730 3411 1801 Dei,
3445 1731 3586 1789 cha-

1941 1815 2175 1872 rissimo
2207 1816 2367 1872 fratri
2397 1817 2694 1873 Senonum
2725 1818 2978 1891 archiep.
3003 1818 3301 1889 Brennum,
3332 1819 3583 1877 salutem
3678 1860 3699 1870 ι

1940 1909 1998 1961 et
2025 1904 2402 1977 apostolicam
2433 1906 2914 1963 benedictionem.

171 1981 388 2043 atrum.
420 1978 479 2030 et
505 1973 1084 2069 claustrigdomosita
1106 1990 1339 2069 semper
1362 1973 1577 2069 liberas
1609 1990 1829 2069 parma:
1860 2004 1909 2069 Β
2007 1973 2354 2050 Audivimus
2394 1994 2803 2063 Guarnerium,
2838 1994 3136 2051 Pontionis
3169 1996 3381 2064 filium,
3411 2014 3583 2054 vene-

171 2082 311 2122 nere
360 2064 664 2120 sancimus
714 2067 777 2119 ut
835 2063 1058 2120 nemini
1106 2062 1224 2119 illis
1267 2062 1599 2119 violentiam
1657 2062 1830 2119 liceat

170 2156 453 2227 irrogare.
476 2153 562 2208 Ad
601 2151 723 2208 haec
766 2152 1108 2224 adjicientes
1141 2153 1511 2209 decernimus
1558 2158 1624 2208 ut
1672 2169 1826 2225 quae-

171 2260 410 2315 cunque
434 2242 492 2297 in
522 2245 821 2314 posterum
844 2240 1189 2297 liberalitate
1209 2241 1539 2314 principum
1556 2241 1644 2297 vel
1667 2240 1826 2297 obla-

172 2335 333 2390 tione
392 2330 655 2387 fidelium
698 2334 894 2386 vestra
938 2329 1183 2386 ecclesia
1225 2332 1386 2403 juste
1444 2334 1501 2386 et
1554 2329 1828 2386 canonice

171 2421 390 2496 poterit
415 2419 678 2493 adipisci,
704 2420 873 2475 firma
900 2419 1007 2475 tibi
1038 2419 1271 2492 tuisque
1302 2420 1740 2476 successoribus
1771 2423 1829 2475 et

169 2511 403 2567 illibata
446 2512 846 2581 permaneant.
880 2508 940 2564 Si
971 2508 1105 2581 quis
1151 2525 1291 2565 sane
1333 2507 1824 2581 archiepiscopus,

170 2606 278 2657 aut
302 2598 635 2672 episcopus,
661 2604 759 2653 aut
796 2597 1131 2670 imperator,
1155 2602 1258 2653 aut
1287 2614 1404 2663 rex,
1438 2598 1574 2664 dux,
1606 2613 1823 2665 comes,

166 2691 518 2755 vicecomes,
544 2686 747 2758 judex,
784 2689 888 2742 aut
915 2685 1311 2742 ecclesiastica
1336 2685 1609 2758 quaelibet
1645 2702 1826 2742 saecu-

167 2777 387 2834 larisve
417 2791 686 2849 persona,
721 2774 902 2847 hujus
951 2774 1240 2848 privilegii
1288 2774 1565 2848 paginam
1611 2774 1824 2842 sciens,

167 2871 381 2924 contra
412 2881 543 2921 eam
574 2868 792 2921 temere
820 2863 1017 2920 venire
1059 2865 1384 2931 tentaverit,
1418 2864 1673 2920 secundo
1710 2867 1825 2920 ter-

166 2956 323 3012 tiove
374 2952 787 3019 commonitus,
831 2952 883 3009 si
961 2970 1077 3009 non
1128 2953 1524 3010 satisfactione
1569 2968 1828 3026 congrua

167 3044 592 3117 emendaverit,
645 3041 950 3115 potestatis
1001 3041 1357 3113 honorisque
1405 3041 1493 3097 sui
1543 3041 1827 3114 dignitate

166 3137 388 3201 careat,
414 3146 697 3203 reumque
743 3147 805 3186 se
848 3129 1043 3185 divino
1074 3128 1298 3201 judicio
1329 3127 1570 3186 existere
1598 3129 1670 3183 de
1700 3144 1824 3200 per-

166 3226 399 3295 petrata
441 3218 749 3291 iniquitate
798 3221 1126 3290 cognoscat.
1159 3222 1334 3290 atque
1367 3234 1401 3273 a
1428 3216 1827 3273 sacratissimo

166 3327 417 3384 corpore
446 3313 504 3365 et
533 3307 819 3380 sanguine
861 3307 961 3363 Dei
1005 3324 1071 3363 ac
1128 3306 1358 3363 Domini
1419 3305 1825 3378 Redemptoris

1938 2083 2182 2139 rabilem
2214 2083 2451 2140 fratrem
2478 2088 2743 2140 nostrum
2769 2084 3212 2143 Atrebatensem
3242 2087 3582 2160 episcopum

1938 2174 2011 2229 ad
2042 2172 2357 2229 concilium
2403 2174 2732 2230 venientem
2781 2174 3028 2246 cepisse,
3052 2179 3403 2249 captumque
3447 2175 3582 2234 reti-

1936 2279 2092 2332 nere,
2116 2278 2185 2318 ea
2212 2266 2449 2335 propter
2476 2261 2686 2318 litteris
2717 2266 2774 2318 te
2800 2265 3189 2335 praesentibus
3208 2265 3491 2337 jubemus
3520 2269 3587 2322 ut

1934 2352 2205 2407 eumdem
2239 2350 2625 2407 Guarnerium
2668 2357 2906 2424 captum
2953 2353 3263 2425 praesulem
3295 2370 3430 2410 cum
3458 2355 3585 2412 suis

1935 2440 2210 2497 omnibus
2255 2439 2506 2495 libertati
2547 2439 2850 2497 restituere
2891 2456 3284 2499 commoneas.
3318 2443 3482 2508 Quod
3530 2442 3580 2499 si

1935 2528 2372 2601 contempserit,
2394 2528 2654 2601 quandiu
2699 2527 2867 2584 illum
2896 2530 3168 2596 tenuerit,
3199 2534 3257 2587 et
3296 2530 3493 2603 ipsum
3523 2535 3583 2586 et

1934 2618 2127 2675 locum
2154 2633 2330 2673 suum
2360 2617 2946 2674 excommunicationi
2971 2618 3271 2690 subjicias.

2736 2733 2785 2787 V
2844 2775 2858 2789 .

2110 2823 2470 2895 Privilegium
2497 2837 2598 2895 pro
2634 2733 2961 2880 gnaisierio
2992 2823 3400 2882 Silviniacensi.

2560 2912 2747 2984 (Anno
2773 2910 2955 2985 1095.)

2230 3001 2587 3073 [Bibliotheca
2617 3000 3011 3069 Cluniacensis,
3043 3018 3102 3074 p.
3131 3002 3282 3075 309.]

2004 3120 2286 3172 Uanmus
2314 3114 2643 3189 episcopus,
2664 3132 2866 3172 servus
2887 3132 3187 3173 servorum
3206 3116 3326 3187 Dei,
3350 3116 3488 3175 ﬁliis
3515 3117 3578 3175 in

1937 3206 2179 3262 Domino
2208 3203 2575 3261 charissimis
2613 3203 3048 3261 Silviniacensis
3089 3205 3337 3263 coenobii
3375 3223 3584 3264 mona-

1937 3294 2083 3364 chis,
2116 3293 2365 3350 salutem
2397 3299 2454 3348 et
2484 3291 2863 3365 apostolicam
2893 3293 3378 3352 benedictionem.

165 3373 359 3456 nostri
384 3398 526 3454 Jesu
548 3373 760 3452 Christi
792 3395 1018 3452 alienus
1044 3396 1163 3462 fiat,
1178 3400 1234 3451 et
1263 3396 1321 3451 in
1352 3399 1608 3451 extremo
1639 3373 1829 3451 distri-
1857 3373 1901 3439 C
2011 3384 2293 3450 Quoniam
2322 3397 2586 3454 ευρεετηεε
2618 3382 3036 3439 benedictionis
3066 3383 3350 3456 dignitate
3378 3384 3587 3442 multi-

165 3492 278 3544 σιω
313 3485 522 3542 ultioni
564 3485 882 3557 subjaceat.
915 3484 1150 3539 Cunctis
1189 3486 1383 3539 autem
1416 3482 1601 3537 eidem
1631 3482 1828 3537 Eccle-

167 3577 274 3631 sia;
299 3578 469 3648 justa
520 3574 887 3630 servantibus
925 3571 1003 3629 sit
1045 3589 1157 3645 pax
1186 3571 1415 3627 Domini
1458 3572 1642 3627 nostri
1688 3570 1826 3627 Jesu

165 3665 410 3731 Christi,
437 3666 726 3737 quatenus
753 3666 811 3718 et
839 3661 934 3718 hic
961 3662 1216 3718 fructum
1246 3663 1409 3717 bonae
1431 3659 1675 3716 actionis
1705 3675 1829 3732 per-

163 3755 219 3811 ci
228 3754 421 3828 piant,
438 3758 496 3809 et
523 3752 677 3825 apud
702 3751 1033 3807 districtum
1057 3750 1316 3823 judicem
1341 3749 1580 3823 praemia
1598 3753 1824 3805 aeternae

160 3843 341 3915 pacis
368 3840 687 3898 inveniant.
720 3842 923 3896 Amen.

240 3931 459 3988 Datum
489 3928 769 3997 Cluniaci,
804 3944 906 4001 per
933 3944 1146 3984 manus
1173 3927 1438 3996 Joannis,
1471 3930 1682 3984 sanctae
1714 3928 1824 3984 Ro-

161 4037 362 4076 manae
421 4018 685 4099 Ecclesiae
741 4017 975 4074 diaconi
1032 4017 1368 4086 cardinalis,
1407 4017 1825 4074 xv~Kalendas

152 4108 535 4177 Novembris,
554 4096 889 4164 indictione
919 4123 1004 4175 ιιι,
1029 4096 1181 4163 anno
1213 4106 1527 4163 Dominicis
1558 4111 1825 4163 Incarna-

151 4197 343 4253 tionis
373 4196 689 4253 millesimo
719 4195 1097 4268 nonagesimo
1119 4199 1298 4263 sexto,
1323 4196 1697 4268 pontificatus
1728 4212 1822 4251 au-

151 4290 287 4345 tem
318 4284 544 4343 domini
576 4285 790 4342 Urbani
825 4285 873 4340 II
905 4301 1066 4358 papae
1104 4290 1324 4342 octavo.

922 4427 1076 4483 CLV.

160 4521 384 4579 Urbani
414 4521 464 4576 11
490 4519 722 4592 epistola
758 4517 840 4592 ad,
870 4517 1233 4592 Guar-aerium
1278 4516 1343 4572 de
1389 4514 1727 4592 Castellione.
1757 4549 1823 4559 —-

239 4592 340 4647 Illi
367 4592 467 4647 sub
495 4590 1071 4646 excommunicationis
1103 4606 1266 4661 poma
1292 4591 1548 4660 praecipit
1574 4591 1633 4644 ut
1663 4590 1823 4645 Lam-

242 4664 476 4729 bertum,
509 4663 818 4734 episcopum
854 4661 1279 4729 Atrebatensem,
1313 4662 1371 4716 in
1410 4662 1608 4717 itinere
1636 4661 1705 4716 ad
1735 4678 1823 4733 sy-

238 4735 450 4790 nodum
477 4733 699 4804 captum
726 4733 984 4789 dimittat.

802 4841 988 4911 (Anno
1020 4839 1202 4911 1095.)

602 4947 828 5017 [Musa
863 4946 1067 5002 Concil.
1104 4945 1214 5016 XX,
1247 4945 1397 5018 695.]

232 5072 523 5130 URBANUS
553 5072 881 5147 episcopus,
915 5089 1118 5130 servus
1147 5088 1446 5128 servorum
1469 5071 1590 5143 Dei,
1615 5070 1827 5128 dilecto

144 5162 303 5219 ﬁlio
329 5162 692 5231 GUARNERIO,
727 5162 1024 5219 Pontionis
1055 5161 1194 5232 filio,
1227 5160 1474 5217 salutem
1504 5167 1560 5216 et
1590 5165 1826 5234 aposto-

148 5253 354 5308 licam
386 5251 871 5319 benedictionem,
899 5251 947 5309 si
979 5252 1281 5308 obedierit.

237 5339 656 5398 Venerabilem
687 5342 924 5399 fratrem
951 5346 1218 5398 nostrum
1238 5341 1676 5397 Atrebatensem
1707 5340 1826 5413 epi-

144 5446 424 5503 scopum
455 5431 529 5487 ad
560 5430 873 5487 concilium
910 5431 1235 5488 venientem
1267 5434 1323 5487 te
1352 5430 1576 5503 cepisse
1605 5430 1829 5486 audivi-

146 5534 341 5584 mus,
367 5523 425 5575 et
452 5536 559 5576 cur
586 5520 809 5593 ceperis
842 5519 1163 5593 plurimum
1194 5520 1498 5576 miramur.
1528 5520 1644 5575 Rex
1672 5519 1827 5576 enim

147 5611 540 5666 Francorum
598 5626 715 5666 non
775 5608 965 5667 solum
1024 5609 1218 5666 venire
1248 5610 1319 5666 ad
1350 5626 1457 5666 nos
1514 5609 1659 5666 alios
1713 5627 1829 5667 non

140 5695 472 5775 prohibet,
502 5714 704 5755 verum
732 5699 909 5756 etiam
935 5699 1210 5757 omnibus
1239 5716 1358 5755 sua:
1385 5699 1689 5772 potestatis
1715 5700 1832 5773 epi-

140 5782 380 5865 scopis
406 5790 465 5848 et
491 5787 807 5853 abbatibus
845 5789 1041 5858 venire
1071 5788 1144 5851 ad
1175 5786 1486 5851 concilium
1531 5788 1829 5859 licentiam

1938 3474 2113 3529 moda
2139 3475 2334 3527 actum
2364 3474 2453 3527 est
2481 3474 2547 3526 ut
2576 3486 2681 3526 nos
2709 3470 2822 3542 ipsi
2851 3471 3276 3529 monasterium
3299 3478 3582 3547 vestrum,

1937 3567 1995 3619 et
2024 3561 2175 3618 beati
2215 3560 2411 3632 Majoli
2446 3575 2658 3631 corpus
2704 3559 2859 3615 intra
2905 3560 3209 3617 ecclesiam
3268 3563 3340 3619 ad
3388 3562 3581 3620 locum

1937 3651 2118 3707 alium
2165 3650 2480 3705 transferre
2531 3647 2940 3717 meruerimus,
2983 3648 3229 3722 dignum
3279 3650 3580 3719 duximus,

1937 3757 2071 3796 curn
2101 3736 2499 3794 Cluniacensis
2540 3735 2807 3806 coenobii,
2840 3736 2933 3792 cui
2981 3739 3266 3809 tanquam
3313 3739 3582 3795 membra

1936 3824 2109 3898 capiti
2161 3822 2537 3897 singulariter
2574 3822 2889 3892 inhaeretis,
2913 3821 3220 3881 dilectione
3266 3824 3579 3898 praecipua,

1934 3920 2060 3970 tum
2117 3912 2413 3987 religionis
2469 3916 2673 3968 vestrae
2729 3911 3067 3981 reverentia,
3121 3930 3223 3970 vos
3274 3918 3331 3971 et
3384 3912 3580 3971 locum

1932 4008 2191 4061 vestrum
2250 4002 2563 4077 specialius
2621 4002 2777 4058 sedis
2837 4001 3166 4076 apostolicae
3223 4004 3579 4076 protectione

1935 4094 2184 4150 munire.
2212 4093 2532 4166 Eapropter
2559 4095 2840 4165 praesente
2865 4092 3153 4149 confratre
3183 4097 3380 4150 nostro
3409 4110 3581 4151 vene-

1933 4183 2105 4239 rabili
2138 4182 2434 4249 Durantio,
2463 4181 2811 4238 Arvernensi
2839 4182 3134 4254 episcopo,
3166 4183 3581 4240 constituimus

1920 4290 2007 4345 ne
2036 4289 2139 4345 pro
2173 4270 2469 4327 communi
2511 4270 2798 4343 parochiae
2841 4271 3461 4343 excommunicatione,
3490 4272 3580 4330 vel

1932 4360 2360 4428 interdictione,
2394 4359 2510 4414 ullo
2540 4376 2803 4432 unquam
2834 4363 3097 4434 tempore
3124 4360 3456 4419 coenobium
3483 4378 3580 4419 ve-

1933 4454 2125 4507 strum
2159 4447 2582 4505 interdictionis
2612 4447 2861 4521 alicujus
2883 4450 3178 4521 jacturam
3210 4450 3446 4522 sentiat,
3477 4466 3583 4508 nec

1933 4539 2038 4596 ulli
2067 4539 2384 4594 viventium
2420 4537 2666 4607 facultas
2704 4538 2778 4594 sit
2808 4538 2962 4594 infra
3000 4540 3442 4609 monasterium,
3478 4556 3581 4597 seu

1931 4627 2080 4684 villae
2102 4626 2424 4698 adjacentis
2454 4627 2764 4693 ambitum,
2794 4630 2894 4683 aut
2922 4626 3212 4683 assultum
3243 4628 3448 4694 facere,
3477 4632 3581 4684 aut

1853 4745 1901 4809 Β
1935 4716 2256 4809 quemlibet
2306 4715 2620 4809 hominem,
2655 4732 2858 4809 capere
2874 4714 3578 4809 _vel_depraedari.‘Unde

1933 4807 2107 4864 etiam
2140 4805 2437 4879 egregium
2478 4803 2725 4860 militem
2763 4802 3285 4861 Archimbauldum
3314 4804 3424 4861 sub
3452 4820 3576 4861 ma-

1935 4914 2047 4953 nus
2073 4894 2315 4970 propriae
2345 4892 2720 4966 stipulatione
2750 4894 2811 4948 in
2840 4910 3081 4951 manum
3116 4897 3378 4951 nostram
3407 4892 3578 4967 polli-

1934 4985 2072 5053 ceri,
2105 5002 2284 5058 supra
2313 4983 2573 5056 parentis
2620 4983 2839 5057 proprii
2886 4983 3185 5040 tumulum
3215 4983 3481 5055 fecimus,
3517 4989 3583 5042 ut

1934 5076 2205 5132 universa
2235 5090 2362 5145 quae
2396 5074 2560 5145 pater
2589 5074 2690 5126 aut
2717 5070 2806 5127 avi
2836 5072 2964 5142 ejus
3001 5071 3130 5128 loco
3156 5076 3345 5130 vestro
3376 5078 3583 5129 contu-

1935 5166 2142 5230 lerant,
2174 5166 2295 5217 tam
2328 5162 2386 5216 in
2431 5161 2605 5217 rebus
2662 5177 2838 5233 quam
2884 5160 2945 5216 in
2993 5161 3468 5219 immunitabitus
3525 5166 3585 5219 et

1937 5250 2484 5319 consuetudinibus,
2515 5249 2676 5306 omni
2721 5250 2849 5307 vitm
2907 5266 3025 5307 suae
3083 5254 3346 5324 tempore
3373 5251 3584 5309 debeat

1935 5343 2159 5400 illibata
2186 5356 2436 5407 servare,
2467 5343 2576 5396 etc.

2008 5435 2218 5489 Datum
2257 5429 2412 5502 apud
2458 5428 2860 5499 Monticulum,
2894 5445 2997 5502 per
3042 5446 3285 5486 manum
3312 5428 3582 5498 Joannis,

1939 5526 2151 5579 sanctae
2192 5519 2464 5575 Romanas
2512 5517 2780 5574 Ecclesiae
2824 5518 3055 5576 diaconi
3104 5517 3440 5589 cardinalis,
3473 5518 3585 5574 Idi-

1937 5612 2050 5668 bus
2080 5607 2444 5674 Novembris,
2476 5607 2679 5663 indict.
2713 5624 2798 5675 ιιι,
2830 5625 2982 5665 anno
3030 5607 3340 5666 Dominicae
3389 5605 3584 5663 lucar-

1939 5698 2192 5758 nationis
2248 5696 2406 5767 1097,
2466 5695 2837 5771 pontiﬁcatus
2901 5701 3098 5757 autem
3155 5695 3354 5757 domui
3418 5709 3582 5772 papa:

1937 5788 2156 5861 Urbani
2183 5787 2331 5849 VIII.
