3950 6438
1042 18 1081 28 ’⁵
1149 57 1160 68 ⁸
1222 26 1487 55 ’ὟἫ
1494 40 2007 76 Μ

411 535 522 594 431

1115 663 1348 722 CLVIII.

411 753 678 826 Deﬁnitio
706 766 834 824 quae
875 752 989 826 fuit
1039 756 1186 812 inter
1211 754 1596 826 Gotltofredum
1643 753 2073 826 Magalonensem

481 825 796 896 episcopum
823 825 883 880 et
905 826 1134 882 Petrum
1171 825 1538 884 Anianensem
1583 827 1829 882 abbatem
1859 825 1917 878 in
1947 838 2070 876 con-

483 895 615 952 cilio
647 895 1088 953 Claromontano.

1045 1004 1237 1075 (Anno
1271 1005 1455 1073 1095.)

840 1093 1069 1161 [MANSL
1106 1092 1310 1148 Concil.
1346 1090 1458 1157 XX,
1490 1089 1657 1156 910.]

394 1187 411 1194 ’
484 1199 628 1254 Cum
661 1196 811 1268 apud
845 1195 1294 1263 Claromontem,
1333 1197 1722 1250 Arvernorum
1755 1193 2070 1289 civitatem,

424 1286 698 1342 dominus
746 1301 895 1358 papa
944 1284 1215 1340 Urbanus
1267 1285 1318 1339 ll
1367 1284 1424 1338 in
1476 1283 1720 1338 concilio
1771 1283 2072 1361 resideret;

418 1373 868 1432 consedentibus
899 1373 959 1428 in
999 1373 1203 1428 eodem
1237 1371 1480 1428 Concilio
1530 1373 1890 1428 diversarum
1939 1390 2072 1444 pro-

417 1463 742 1519 vinciarum
763 1463 1134 1534 primatibus.
1149 1460 1622 1532 archiepiscopis,
1645 1461 2071 1534 abbatibusque

416 1551 893 1624 quamplurimis,
946 1549 1185 1605 veniens
1237 1554 1370 1603 ante
1414 1548 1799 1604 venerabilem
1858 1567 2069 1622 papam

414 1639 819 1704 G‘othot'ridus,
881 1637 1311 1709 Magalonensis
1368 1637 1699 1710 epiSCOpiis,
1753 1637 2068 1694 clamorem

379 1731 552 1793 _fecit
583 1745 759 1802 super
799 1729 1004 1782 abbate
1049 1726 1216 1781 Petro
1265 1729 1322 1780 et
1371 1726 1677 1781 monachis
1721 1727 2070 1783 Anianensis

418 1816 776 1881 monasterii,
803 1815 953 1886 quod
988 1812 1406 1870 monachorum
1431 1819 1486 1868 et
1511 1815 1739 1869 abbatis
1761 1816 2070 1870 ordinatio-

417 1921 520 1956 nes
550 1907 606 1957 et
637 1903 1106 1957 consecrationes
1127 1902 1504 1958 ecclesiarum
1537 1903 1771 1958 aliunde
1798 1921 1972 1976 quam
1995 1905 2067 1959 ab

416 1989 674 2046 Ecclesia
703 1990 1100 2062 Magalonensi
1134 1997 1458 2064 qmrrerent
1489 1999 1587 2046 aut
1633 1993 1978 2065 acciperent,
2013 2001 2068 2050 et

415 2080 570 2152 quod
601 2084 804 2137 contra
833 2080 920 2136 fas
953 2081 1408 2154 praesumptione
1452 2064 1666 2136 illicita’
1689 2064 1796 2138 sub
1829 2085 2068 2138 obtentu

420 2167 707 2242 privilegii
738 2169 1081 2244 pmnitentia
1109 2171 1288 2226 dandi
1313 2172 1974 2244 excommunicandique
2005 2190 2072 2230 ac

418 2257 757 2314 absolvendi
783 2275 882 2314 seu
911 2258 1318 2314 reconciliandi
1343 2260 1424 2314 vel
1447 2259 1668 2316 alienos
1691 2261 2072 2334 parochianos

418 2349 810 2420 undecunque
841 2348 1060 2420 passim
1083 2347 1396 2421 recipiendi
1423 2350 1491 2403 ad
1517 2349 1877 2422 sepulturam
1911 2351 2071 2406 inau-

421 2438 542 2494 dito
564 2453 726 2492 more
751 2436 1048 2492 licentiam
1083 2437 1465 2493 vindicarent.
1487 2439 1646 2501 Quod
1679 2445 1980 2494 narratum
2011 2439 2070 2496 in

421 2526 668 2584 concilio
689 2526 855 2580 valde
877 2524 1177 2598 displicuit
1197 2525 1490 2580 omnibus.
1515 2527 1736 2582 Placuit
1757 2535 1947 2582 autem
1973 2530 2071 2586 do-

421 2617 582 2672 mino
615 2632 774 2693 papae
808 2614 1040 2670 Urbano
1072 2621 1128 2669 et
1157 2614 1426 2669 universo
1469 2620 1669 2670 sancto
1713 2615 1954 2688 collegio
2008 2621 2072 2672 ut

420 2705 536 2762 tale
580 2701 947 2776 privilegium
1000 2708 1329 2758 cessaretur
1375 2709 1432 2758 et
1479 2704 1872 2774 abraderetur,
1907 2711 1962 2760 et
2007 2712 2072 2762 ut

422 2795 605 2856 abbas
663 2792 1010 2848 Anianensis
1069 2792 1272 2848 Petrus
1313 2793 1369 2846 in
1408 2793 1597 2848 medio
1655 2794 1882 2851 concilii
1938 2801 2071 2852 ante

423 2881 899 2954 Magalonensem
948 2881 1288 2952 episcopum
1335 2881 1574 2936 veniens
1605 2881 1663 2936 in
1710 2900 1887 2940 manu
1941 2865 2070 2958 ejus

422 2971 812 3028 obedientiam
843 2970 1098 3025 debitam
1132 2969 1497 3042 promitteret
1525 2971 1790 3027 Ecclesiae
1817 2974 2069 3046 Megalo-

421 3059 587 3116 nensi
611 3060 683 3113 de
705 3057 1172 3114 ordinationibus
1193 3062 1250 3112 et
1269 3059 1804 3117 consecrationibus
1825 3069 1881 3118 et
1902 3063 2070 3134 judi-

419 3147 738 3215 ciis,salvis
766 3151 962 3202 tamen
989 3145 1308 3218 privilegiis
1337 3145 1686 3204 Anianensis
1710 3153 2066 3220 monasterii,

420 3237 775 3309 inquantum
809 3237 1135 3291 secundum
1167 3252 1417 3291 canones
1457 3252 1558 3307 pro
1589 3237 1777 3294 salute
1803 3243 1859 3296 et
1888 3242 2066 3297 stabi-

416 3327 579 3382 litate
602 3325 790 3398 ipsius
812 3323 1148 3380 monasterii
1173 3325 1490 3380 constituta
1507 3326 1751 3382 fuerant.
1769 3329 1953 3394 Quam
1977 3332 2070 3388 deo

420 3413 746 3470 finitionem
783 3413 933 3471 inter
963 3419 1272 3484 utramque
1311 3413 1624 3470 Ecclesiam
1666 3415 1987 3474 Alexander
2016 3425 2066 3476 ΙΙ

420 3523 576 3578 papa
604 3513 774 3559 antea
815 3504 1047 3568 fecerat,
1079 3503 1162 3557 sic
1206 3502 1466 3559 scribens
1493 3519 1506 3557 :
1534 3505 1840 3561 Alexander
1867 3511 2068 3578 episeo-

420 3611 543 3668 pus,
577 3610 764 3650 servus
793 3609 1071 3648 servorum
1097 3593 1211 3658 Dei,
1236 3593 1420 3647 abbati
1465 3600 1517 3648 et
1553 3597 1820 3650 universae
1847 3613 2066 3668 congre-

420 3685 634 3756 gatio-ni
660 3683 988 3738 Anianensis
1023 3683 1346 3737 monasterii
1367 3682 1598 3738 salutem
1626 3687 1678 3738 et
1715 3687 2068 3756 apostolicam

419 3773 864 3830 benedictionem.
892 3773 1144 3841 Pervenit
1189 3771 1259 3826 ad
1303 3788 1402 3826 nos
1431 3774 1651 3843 querela
1678 3774 2066 3847 Iltagalonensis

415 3863 654 3934 episcopi
680 3877 844 3933 super
874 3861 1212 3916 intolerabili
1226 3862 1647 3932 praesumptione
1673 3866 1726 3918 et
1756 3863 2063 3922 inobedien-

411 3954 494 4007 tia
519 3959 718 4018 vestra,
763 3949 923 4022 quod,
960 3951 1210 4020 quamvis
1261 3949 1557 4004 Romanam
1605 3952 1901 4008 Ecclesium
1947 3958 2060 4026 epi-

409 4056 636 4112 scopum
663 4056 788 4096 cum
816 4055 1032 4094 censere
1073 4041 1122 4093 et
1168 4039 1400 4094 tolerare
1445 4043 1818 4109 cogitaveritis,
1852 4044 2064 4100 nullius

395 4133 592 4184 tamen
615 4129 940 4200 epist-apalis
969 4127 1290 4182 reverentiw
1318 4127 1574 4182 honorem
1605 4128 1714 4183 sibi
1741 4132 2059 4201 attribuitis,

405 4219 518 4274 imo
544 4222 596 4273 et
633 4221 944 4289 contemptu
1002 4217 1142 4287 ejus,
1173 4215 1375 4270 illicita
1435 4218 1580 4271 vobis
1624 4225 1968 4290 usurpantes,
2001 4225 2062 4279 in

401 4321 598 4378 corpus
627 4308 795 4362 totius
823 4306 1072 4360 Ecclesiae
1100 4307 1343 4375 graviter
1370 4322 1434 4360 ac
1451 4306 1686 4377 nefande
1714 4307 2056 4381 delinquitz's.

399 4395 542 4450 Nam
578 4395 718 4468 quod
771 4396 1264 4451 excommunicatos
1307 4395 1464 4448 illius
1521 4397 1680 4450 nulla
1737 4402 2060 4458 auctoritate

398 4485 535 4554 fulti
559 4486 852 4555 suscipitis,
886 4491 937 4538 et
985 4483 1124 4555 quod
1169 4485 1286 4556 ejus
1327 4501 1526 4539 manus
1558 4487 1900 4556 impositione
1927 4506 2052 4546 con-

396 4575 602 4643 tempta
620 4573 994 4628 ordinationes
1013 4576 1216 4628 vestras
1237 4572 1307 4626 ad
1329 4573 1554 4628 libitum
1572 4579 1813 4630 vestrum
1831 4577 2056 4636 aliunde

391 4663 598 4732 petitis,
625 4663 680 4716 in
713 4663 810 4718 hoc
849 4667 903 4718 et
940 4663 1217 4718 canonicae
1261 4661 1574 4718 traditionis
1624 4665 1880 4720 instituta
1930 4684 2050 4723 cor-

393 4752 672 4822 rumpitis,
721 4761 774 4808 et
829 4753 1075 4824 exemplo
1132 4751 1356 4824 reprobo
1407 4768 1573 4820 grave
1622 4754 1946 4811 scandalum
1997 4759 2057 4812 in

392 4841 637 4896 Ecclesia
693 4844 992 4910 genera-tis.
1031 4842 1179 4898 Unde
1234 4857 1324 4895 vos
1383 4843 1706 4897 auctoritate
1756 4846 2054 4914 apostolica

389 4943 790 4986 commonemus
822 4941 880 4987 ut
925 4931 1037 4986 hinc
1069 4935 1121 4986 et
1150 4932 1268 4986 alia
1294 4930 1606 5001 hujus-modi
1628 4933 1850 5002 penitus
1877 4935 2049 4990 relin-

387 5022 610 5090 quentes
637 5023 868 5090 praefato
911 5023 1154 5091 episcopo
1198 5022 1370 5075 veste
1418 5019 1666 5090 deinceps
1713 5023 1876 5076 totius
1917 5025 2046 5077 sub-

378 5106 637 5178 jertionis
671 5111 722 5161 et
773 5109 1089 5164 reverentiae
1149 5109 1390 5163 debitum.
1447 5109 1770 5171 celtiberi-tis,
1820 5113 2048 5166 scim/es

385 5197 646 5268 quoniam
669 5198 718 5250 si
747 5197 864 5253 haec
892 5199 1111 5267 querela
1151 5197 1381 5251 ulterius
1410 5197 1479 5251 (ul
1516 5214 1612 5250 nos
1643 5198 1821 5252 delata
1853 5202 2041 5270 fuerit,

383 5283 692 5338 districtum
713 5286 772 5340 in
791 5301 848 5339 se
871 5287 1200 5340 temeritatis
1224 5293 1410 5341 vestrzr
1427 5288 1733 5356 pertinacia
1749 5287 2046 5342 vindictam

380 5373 713 5442 provocabit.
762 5373 842 5428 Ne
895 5377 1089 5428 autem
1149 5373 1302 5428 inter
1356 5381 1664 5447 utramque
1724 5374 2040 5432 Ecclesiam

385 5460 862 5532 Magalonensem
894 5467 950 5516 et
969 5462 1357 5517 Anianensem
1385 5463 1776 5520 dissensionis
1802 5469 1903 5518 aut
1931 5463 2044 5520 dis-

378 5549 588 5605 cordiae
621 5553 849 5606 occasio
903 5549 1024 5605 ulla
1075 5559 1420 5619 remaneret,
1447 5552 1722 5608 dominus
1755 5569 1905 5624 papa
1935 5553 2040 5610 Ur-

379 5639 572 5696 banus
603 5639 755 5695 hanc
788 5639 1190 5696 deﬁnitionem
1221 5641 1396 5696 scribi
1423 5642 1622 5712 jussit,
1644 5641 2040 5716 scriptumque

375 5728 570 5802 sigillo
606 5729 940 5801 apostolicae
969 5729 1126 5786 sedis
1155 5730 1430 5785 ﬁrmavit.

444 5818 659 5882 Datum
691 5819 844 5896 apud
883 5818 1222 5882 Arverniam
1253 5836 1356 5878 χιιι
1385 5819 1510 5879 Kal.
1538 5819 1896 5892 Decembris,
1929 5840 2034 5902 per

1719 530 1786 590 Β.
1837 527 2125 590 ΙῘΠΒΛΝ]
2178 530 2223 588 11
2274 527 2520 588 ΡᾹΡᾸί.

3701 515 3820 580 432

2088 662 2144 728 Α
2173 676 2385 716 manus
2433 660 2700 728 Joannis,
2735 659 2794 712 S.
2824 657 2890 713 Β.
2929 657 2987 713 E.
3021 653 3247 711 diaconi
3299 653 3635 722 cardinalis,
3669 669 3822 709 anno

2181 749 2496 805 Dominicze
2561 747 2982 805 Incarnationis
3057 743 3371 801 millesimo
3444 743 3824 818 nonagesimo

2181 837 2408 908 quinto,
2443 837 2761 894 indictione
2789 837 2980 902 tertia,
3015 852 3170 892 anno
3199 833 3572 908 pontiﬁcatus
3601 831 3830 888 domini

2185 927 2397 984 Urbani
2433 945 2600 1000 papae,
2625 929 2670 984 II
2702 929 2922 983 octavo.

2915 1059 2956 1114 C
2965 1057 3073 1113 LIX
3084 1100 3097 1112 .

2289 1150 2452 1205 Bulla
2481 1149 2910 1221 conﬁrmationis
2931 1220 2934 1221 ν
2946 1147 3368 1221 privilegiorum
3404 1145 3727 1202 monasterii

2797 1220 2936 1275 Celsi
2940 1219 3226 1274 niacensis.

2803 1336 2990 1406 (Anno
3022 1333 3204 1403 1095.)

2592 1434 2844 1506 [ΒΑιυΖ.,
2889 1429 3132 1488 Miscell.
3166 1431 3238 1500 Il,
3275 1432 3416 1499 175.]

2251 1552 2526 1606 ljnnsxus
2571 1549 2903 1620 episcopus,
2935 1563 3138 1602 servus
3183 1562 3484 1603 servorum
3531 1545 3655 1612 Dei,
3683 1543 3835 1602 dile-

2179 1641 2290 1695 ctis
2323 1641 2458 1694 ﬁliis
2486 1635 2928 1693 Celsiniacensis
2959 1635 3204 1692 coenobii
3246 1633 3548 1690 monachis
3578 1633 3836 1691 salutem

2178 1737 2236 1784 et
2267 1728 2648 1800 apostolicam
2679 1726 3168 1780 benedictionem.

2249 1819 2329 1871 Ad
2364 1817 2471 1870 hoc.
2509 1832 2610 1870 nos
2642 1815 2988 1886 disponente
3015 1813 3260 1870 Domino
3291 1814 3351 1868 in
3381 1811 3710 1885 apostolicae
3741 1829 3839 1868 se-

2179 1906 2270 1960 dis
2301 1905 2601 1959 servilium
2653 1908 2949 1975 promotos
3001 1902 3378 1974 agnoscimus
3424 1906 3490 1956 ut
3534 1902 3662 1974 ejus
3693 1901 3840 1958 ﬁliis

2099 2031 2148 2097 Β
2179 1994 2460 2049 auxilimn
2507 1992 2956 2064 implorantibus
2997 1991 3312 2046 efﬁcaciter
3355 1989 3664 2047 subvenire
3691 1995 3756 2046 et
3783 1990 3842 2046 ei

2182 2083 2514 2138 obedientcs
2545 2081 2692 2135 tueri
2725 2097 2788 2135 ac
2821 2089 3119 2152 protegere
3148 2084 3320 2152 prout
3349 2079 3630 2136 Dominus
3663 2079 3842 2137 dede-

2180 2171 2254 2226 rit
2303 2172 2640 2240 debeamus.
2677 2169 2836 2224 Unde
2884 2174 3111 2241 oportet
3153 2174 3210 2224 et
3257 2187 3361 2226 nos
3400 2169 3842 2226 venerabilibus

2180 2259 2324 2314 locis
2372 2277 2611 2314 manum
2665 2257 3040 2330 protectionis
3070 2258 3378 2314 extendere
3425 2263 3482 2314 et
3528 2275 3842 2319 servorum

2180 2347 2278 2404 Dei
2304 2349 2481 2420 quieti
2505 2346 2786 2403 attentius
2809 2346 3127 2418 providere.
3151 2346 3335 2420 Igitur
3363 2351 3480 2402 tam
3507 2365 3611 2422 pro
3637 2354 3848 2406 vestra

2179 2437 2412 2510 speciali
2439 2436 2714 2509 religione
2735 2452 2912 2507 quam
2936 2453 3040 2507 pro
3059 2435 3406 2492 venerabilis
3427 2437 3624 2493 fratris
3647 2439 3844 2496 nostri

2179 2526 2440 2599 Ilugonis
2467 2524 2866 2580 Cluniacensis
2916 2525 3146 2580 abbatis
3177 2525 3506 2593 dilectione,
3539 2526 3610 2582 ad
3661 2527 3849 2598 cujus

2179 2633 2376 2671 curam
2415 2632 2481 2670 ex
2512 2613 2912 2669 Cluniacensis
2959 2614 3204 2669 cmnobii
3253 2615 3382 2682 jure
3429 2614 3594 2671 locus
3641 2622 3852 2672 vester

2179 2705 2446 2777 pertinet,
2463 2704 2692 2769 vestris,
2711 2702 2810 2758 lilii
2848 2703 2906 2758 in
2929 2701 3157 2757 Christo
3177 2703 3533 2770 cbarissimi,
3557 2704 3849 2776 precibus

2178 2799 2522 2856 annuentcs,
2551 2790 2970 2846 monasterium
2993 2795 3250 2848 vestrum
3280 2791 3584 2864 praesentis
3615 2793 3851 2850 decreti

2177 2883 2518 2939 auctoritate
2535 2881 2870 2953 ,munimus.
2906 2879 3234 2936 Statuimus
3278 2881 3436 2936 enim
3468 2886 3534 2936 ut
3563 2898 3851 2953 quascun-

2178 2988 2291 3044 que
2321 2971 2490 3026 hodie
2518 2974 2776 3026 vestrum
2803 2967 3132 3024 coenobium
3153 2970 3314 3042 juste
3335 2969 3596 3042 possidet
3619 2971 3744 3028 sive
3777 2973 3849 3028 in

2178 3061 2440 3116 futurum
2471 3057 2848 3114 concessione
2882 3057 3243 3128 pontificum,
3276 3056 3626 3114 liberalitate
3670 3060 3845 3132 prin-

2177 3147 2501 3222 cipum,vel
2533 3146 2827 3204 oblatione
2856 3145 3116 3201 ﬁdelium
3153 3147 3314 3218 juste
3344 3151 3518 3218 atque
3545 3149 3844 3206 canonice

2178 3237 2387 3312 poterit
2406 3234 3020 3309 adipisciﬁrmavobis
3037 3235 3362 3308 vestrisque
3382 3238 3848 3296 successoribus

2177 3343 2410 3400 semper
2437 3331 2494 3380 et
2524 3323 2750 3380 illibata
2780 3328 3181 3396 permaneant,
3205 3323 3266 3380 in
3301 3324 3518 3397 quibus
3543 3324 3666 3381 huic
3697 3344 3851 3400 pro-

2179 3416 2322 3490 priis
2349 3413 2688 3472 nominibus
2709 3413 2985 3468 duximus
3006 3413 3420 3485 exprimenda:
3446 3413 3506 3470 in
3529 3413 3658 3488 ipso
3679 3415 3853 3473 vide-

2179 3506 2317 3561 licet
2330 3505 2516 3577 burgo
2539 3503 2637 3576 qui
2664 3501 3019 3558 monasterio
3041 3502 3268 3573 adjacet
3297 3503 3523 3559 Sancte
3547 3503 3748 3560 Marias
3782 3509 3857 3562 et

2178 3595 2375 3651 Sancti
2408 3592 2660 3658 Martini,
2682 3591 2742 3646 in
2771 3607 2917 3664 pago
2949 3591 3256 3646 Ucionensi
3289 3591 3599 3648 ecclesiam
3631 3592 3856 3652 Sancti

2177 3683 2426 3756 Remigii
2469 3684 2541 3737 de
2579 3680 2880 3746 Carniaco,
2911 3679 3105 3736 Sancti
3153 3680 3352 3736 Jacobi
3400 3681 3474 3736 de
3515 3681 3851 3754 Varenuis,

2173 3774 2368 3829 Sancti
2397 3770 2680 3840 Quintini,
2703 3768 2902 3826 Sancti
2943 3767 3242 3840 Stephani,
3275 3769 3468 3826 Sancti
3500 3769 3724 3826 Juliani
3761 3773 3852 3829 de

2175 3862 2470 3930 Paleariis,
2511 3861 2734 3916 Sancta
2775 3857 2969 3914 Mariae
3017 3858 3088 3914 de
3134 3857 3430 3929 Masliaco,
3455 3859 3657 3914 Sancti
3689 3861 3850 3918 Ger-

2174 3953 2330 4008 mani
2383 3946 3098 4014 Brennacum,ecclesiam
3150 3963 3356 4003 novam
3407 3947 3465 4002 in
3517 3948 3852 4005 Luridensi

2172 4059 2340 4115 pago,
2373 4039 2698 4096 coenobium
2741 4035 2957 4092 Calcidi
3002 4037 3240 4104 montis,
3272 4040 3494 4092 Sanctae
3526 4036 3726 4093 Maria
3755 4039 3851 4096 de

2172 4131 2458 4196 Beverias,
2491 4127 2797 4184 ecclesiam
2844 4127 2916 4182 de
2961 4124 3390 4192 Monterevello,
3421 4126 3494 4181 de
3531 4125 3850 4197 Vivet-clo,

2171 4221 2240 4276 de
2270 4220 2447 4288 Bafia,
2488 4219 2557 4274 de
2587 4215 2950 4281 Grandirivo,
2975 4215 3046 4270 de
3093 4213 3548 4282 Zalmantanias,
3581 4215 3654 4270 de
3683 4217 3850 4274 Aln-

2169 4312 2314 4376 bert,
2365 4309 2436 4364 de
2483 4308 2728 4374 Marcac,
2763 4307 2834 4360 de
2881 4302 3197 4371 Teulerias,
3243 4302 3548 4359 ecclesiam
3597 4303 3855 4362 Sancte

2169 4401 2362 4456 Mariae
2401 4398 2472 4452 de
2521 4398 2728 4459 Monte,
2763 4393 2960 4450 Sancti
3008 4392 3278 4472 Ferreoli,
3311 4392 3508 4449 Sancti
3539 4391 3734 4466 Eligii,
3768 4396 3854 4452 in

2166 4485 2486 4543 Privatensi
2518 4501 2668 4557 pago
2717 4482 3023 4539 ecclesiam
3055 4481 3280 4538 Sanctae
3329 4479 3594 4550 Florinae,
3623 4484 3858 4541 Sancti

2165 4577 2442 4642 Gervasii,
2477 4569 2781 4630 ecclesiam
2813 4573 2884 4643 de
2913 4570 3196 4639 Abulnac,
3217 4571 3289 4626 de
3320 4567 3722 4638 Burnunculo,
3754 4573 3860 4631 de

2163 4671 2402 4732 Leuton,
2443 4665 2514 4720 de
2560 4663 2818 4727 Lendan,
2849 4661 2920 4716 de
2951 4658 3124 4727 Clais,
3175 4659 3248 4716 de
3293 4659 3539 4726 Vescon,
3573 4659 3646 4716 de
3694 4661 3860 4718 Gir-

2085 4767 2134 4834 D
2169 4771 2316 4823 mac,
2351 4753 2405 4808 in
2443 4769 2590 4824 pago
2625 4749 2972 4805 Talendensi
3011 4747 3316 4804 ecclesiam
3361 4747 3559 4804 Sancti
3590 4747 3854 4820 Hilarii,

2161 4842 2354 4898 Sancti
2407 4839 2707 4906 Martialis,
2732 4837 3036 4894 ecclesiam
3085 4839 3155 4892 de
3199 4837 3465 4904 Chidrac,
3501 4837 3575 4892 de
3619 4845 3863 4898 monte

2157 4933 2360 4997 Acuto,
2383 4931 2454 4986 de
2487 4929 2751 4995 Plauzac,
2785 4929 2858 4983 de
2887 4926 3052 4994 Ozac,
3076 4927 3148 4982 de
3179 4925 3407 4992 Soletis,
3430 4923 3717 4996 capellam
3753 4929 3861 4986 de

2157 5021 2370 5087 Monte,
2405 5019 2462 5073 in
2507 5035 2652 5090 pago
2684 5015 3047 5072 'l‘odornensi
3079 5014 3385 5071 ecclesiam
3417 5013 3616 5070 Sancti
3647 5014 3858 5090 Lupi,

2154 5108 2346 5163 Sancti
2380 5106 2596 5162 Juliani
2647 5111 2704 5160 et
2749 5106 2972 5161 Sancta:
3007 5105 3199 5160 Mariae
3253 5104 3409 5176 apud
3440 5101 3858 5179 Cauriacum,

2153 5197 2455 5252 ecclesiam
2489 5197 2559 5250 de
2581 5195 2794 5249 Matesc
2833 5211 2965 5248 cum
2991 5192 3252 5249 ecclesiis
3274 5193 3346 5248 ad
3390 5191 3586 5266 ipsum
3617 5191 3864 5256 locum

2153 5285 2462 5358 pertinenti
2473 5283 2668 5349 bus,in
2688 5299 2836 5356 pago
2851 5281 3070 5338 'l‘aluen
3079 5281 3128 5338 si
3140 5280 3447 5338 ecclesiam
3461 5279 3863 5342 Sanctorum

2153 5375 2469 5448 Martyrum
2505 5371 2688 5442 Cyrici
2736 5376 2792 5428 et
2833 5371 3048 5427 Julitse.
3081 5370 3278 5427 Sancti
3310 5368 3585 5438 Pardulfl,
3616 5372 3859 5430 Sancti

2150 5465 2380 5531 Donati,
2401 5462 2596 5520 Sancti
2623 5461 2894 5528 Victoris,
2928 5460 3236 5516 ecclesiam
3267 5459 3339 5514 de
3369 5456 3654 5531 (lingulis,
3677 5473 3860 5520 cum

2151 5553 2439 5610 universis
2463 5550 2938 5625 possessionibus
2961 5554 3018 5606 et
3047 5547 3407 5622 appendiciis
3426 5561 3654 5602 eorum.
3672 5546 3868 5606 Pre-

2146 5648 2305 5700 terea
2333 5641 2704 5698 decernimus
2753 5644 2817 5696 ut
2865 5639 3008 5694 nulli
3051 5637 3289 5694 omnino
3322 5635 3494 5692 liceat
3539 5637 3862 5700 eamdem

2147 5732 2452 5792 ecclesiam
2484 5735 2698 5788 temere
2726 5729 3067 5804 perturbare
3096 5731 3197 5786 aut
3240 5727 3368 5800 ejus
3399 5724 3860 5802 possessiones

2147 5823 2399 5892 auferre,
2429 5819 2519 5882 vel
2549 5819 2773 5882 ablatas
2820 5818 3089 5894 retinere,
3117 5815 3403 5890 minuere,
3431 5813 3523 5879 vel
3554 5818 3873 5886 mmora.

2194 1257 2232 1355 ὦ

2097 3397 2142 3464 C
