3950 6420
170 468 275 543 438

1330 462 1733 534 EPISTULA}
1774 458 1872 528 ΕΤ
1915 458 2393 528 PRIVILEGIA.

3432 444 3552 518 an

168 610 261 675 riis
286 609 686 673 vexationibus
714 605 978 685 fatigare,
1011 607 1111 667 sed
1161 606 1359 667 omnia
1387 605 1617 679 integra
1654 617 1790 660 con-
1822 597 1877 667 Α
1905 602 2062 657 trum
2094 598 2486 658 communiter
2512 594 2573 656 in
2604 592 3032 673 Engolismensi
3062 593 3307 653 ecclesia
3358 592 3551 653 viven-

171 708 456 764 serventur
482 720 683 762 eorum
714 719 820 776 pro
860 718 1112 775 quorum
1152 696 1575 756 sustentatione
1605 696 1663 750 et
1691 708 1797 765 gu-

170 793 493 853 bernatione
511 806 788 850 concessa
816 796 956 850 sunt
980 790 1188 848 usibus
1216 785 1569 845 omnimodis
1600 781 1797 856 profu-

169 889 323 954 tura;
378 882 540 941 salva
589 884 785 940 tamen
840 881 901 938 in
960 879 1239 938 omnibus
1296 877 1488 934 debita
1518 874 1796 929 abbatum

168 972 622 1030 Cluniacensium
665 971 1004 1027 reverentia.
1036 968 1191 1025 Nulli
1240 967 1414 1023 etiam
1450 961 1693 1019 facultas
1722 959 1799 1014 sit

168 1063 511 1135 adiacentem
546 1061 899 1117 monasterio
927 1060 1179 1129 burgum
1240 1056 1530 1121 invadere,
1577 1052 1795 1123 deprae-

168 1152 298 1221 dari,
328 1150 418 1208 vel
470 1149 671 1208 noxias
703 1149 930 1223 aliquas
974 1146 1429 1206 consuetudines
1478 1137 1797 1197 exactionis

167 1242 469 1316 imponere.
502 1237 678 1297 Porro
709 1239 1073 1312 sepulturam
1122 1237 1385 1308 ejusdem
1414 1233 1525 1288 loci
1557 1228 1796 1287 omnino

166 1332 394 1389 liberam
413 1347 542 1389 esse
566 1329 958 1398 decernimus,
992 1333 1055 1383 ut
1076 1344 1276 1383 eorum
1299 1325 1396 1397 qui
1424 1322 1539 1377 illic
1563 1317 1794 1391 sepeliri

167 1420 602 1478 deliberaverint
630 1418 919 1476 devotioni
955 1422 1012 1473 et
1055 1420 1321 1473 extremae
1344 1410 1647 1475 voluntati,
1681 1405 1796 1461 nisi

166 1510 299 1566 forte
327 1507 813 1565 excommunicati
838 1506 974 1575 sint,
1007 1504 1205 1561 nullus
1236 1502 1503 1559 obsistat.
1538 1501 1604 1555 Et
1634 1496 1795 1570 quia,

160 1598 433 1673 largiente
454 1598 719 1668 Domino,
751 1594 1087 1652 monasterii
1112 1592 1286 1650 vestri
1309 1589 1552 1647 ecclesia
1582 1587 1796 1644 nostris

165 1687 429 1745 manibus
459 1689 547 1743 est
572 1684 1041 1749 consecrata,hoc
1072 1698 1303 1756 quoque
1335 1678 1600 1752 prtesenti
1646 1675 1799 1749 capi-

162 1775 277 1834 tulo
307 1775 744 1848 subjungimus,
799 1776 862 1829 ut
918 1790 1019 1846 pro
1072 1771 1226 1827 beati
1283 1768 1433 1824 Petri
1494 1772 1549 1823 et
1587 1769 1797 1822 nostra:

163 1865 608 1923 consecrationis
641 1862 955 1919 reverentia
980 1860 1175 1917 nullus
1205 1860 1475 1931 deinceps
1498 1856 1707 1913 audeat
1737 1855 1797 1909 in

1908 689 2059 747 tium
2092 690 2500 764 gubernationi
2529 694 2588 745 et
2616 688 2791 764 victui
2826 687 3226 754 subtrahatur,
3258 686 3341 741 ita
3359 687 3424 740 ut
3453 702 3557 741 nec

1907 781 2315 854 episcoporum
2362 762 2899 853 Engolismensium
2960 775 3133 831 alicui
3182 775 3353 832 liceat
3400 774 3560 831 illius

1905 868 2075 937 villae,
2109 886 2210 926 seu
2236 869 2628 942 praepositum
2663 867 2924 923 redditus
2956 867 3012 921 in
3038 883 3181 921 usus
3204 864 3348 921 alios
3369 864 3552 919 vindi-

1905 974 2055 1027 care,
2092 960 2194 1015 sed
2239 963 2356 1014 tam
2411 958 2541 1030 ipsa
2572 972 2748 1031 quam
2804 961 3009 1013 caetera
3038 972 3164 1027 quze
3189 954 3350 1026 juste
3384 953 3558 1009 hodie

1906 1047 2238 1119 possidetis,
2272 1052 2329 1103 et
2356 1064 2717 1120 quaecunque
2740 1045 2826 1101 vel
2844 1046 2915 1101 de
2931 1045 3167 1100 amissis
3192 1059 3552 1115 recuperare,

1903 1136 1991 1192 vel
2023 1137 2259 1193 aliunde
2305 1137 2562 1210 legitime
2594 1135 2855 1208 poteritis
2907 1133 3229 1206 acquirere,
3261 1132 3426 1189 vobis
3457 1149 3552 1187 ve-

1903 1225 2159 1298 strisque
2190 1225 2628 1282 successoribus
2658 1223 2717 1280 in
2750 1223 3046 1280 communi
3068 1222 3186 1277 vita
3207 1238 3552 1293 permanen-

1902 1314 2062 1370 tibus
2093 1316 2317 1386 integra
2338 1331 2569 1386 semper
2588 1318 2643 1369 et
2666 1314 2889 1369 illibata
2908 1316 3309 1385 permaneant.
3338 1311 3391 1367 Si
3417 1311 3550 1383 quis

1902 1419 2037 1460 vero
2058 1404 2458 1459 constitutioni
2481 1404 2617 1458 huic
2656 1408 2710 1459 et
2741 1403 2973 1458 decreto
2997 1406 3206 1457 nostrae
3230 1400 3550 1456 auctorita-

1900 1493 1977 1548 tis
2009 1493 2378 1564 pertinaciter
2405 1492 2689 1549 contraire
2721 1491 3044 1557 tentaverit,
3080 1506 3181 1562 per
3208 1488 3550 1544 convenien-

1905 1586 1992 1637 tes
2024 1582 2289 1637 inducias
2344 1582 2624 1651 monitus,
2677 1581 2789 1636 nisi
2850 1579 3246 1636 satisfactione
3295 1593 3552 1649 congrua

1906 1671 2316 1739 emendaverit,
2351 1671 2533 1727 sancti
2586 1670 2838 1743 Spiritus
2891 1669 3083 1743 gladio
3115 1674 3170 1723 et
3218 1664 3550 1740 apostolicae

1907 1758 2288 1821 districtionis
2319 1760 2538 1815 ultione
2570 1759 2873 1831 plectatur.

1979 1848 2122 1904 Data
2154 1850 2307 1921 apud
2338 1848 2836 1906 Clarummontem
2883 1844 3176 1903 Arvernim
3234 1862 3291 1900 x1
3347 1843 3546 1900 Kalen.

159 1954 304 2013 idem
336 1951 758 2010 monasterium
811 1948 1433 2006 excommunicationis
1481 1949 1582 2002 aut
1620 1946 1794 2000 inter-
1829 1970 1881 2036 Β
1906 1936 2175 1993 Decemb.
2230 1955 2330 2010 per
2365 1954 2605 1992 manum
2629 1935 2975 2002 Joannis,S.
3000 1936 3068 1991 R.
3099 1936 3141 1990 Ε
3173 1934 3403 1990 diaconi
3425 1952 3552 1990 car-

160 2042 424 2101 dictionis
458 2040 712 2115 proferre
768 2038 1139 2103 sententiam,
1201 2042 1490 2110 quatenus
1532 2036 1604 2091 ab
1635 2035 1795 2092 omni

157 2133 369 2191 servitii
400 2131 718 2204 singularis
748 2128 1115 2185 infestatione
1141 2127 1331 2184 sec-uri
1358 2124 1633 2198 omnique
1663 2141 1794 2197 gra-

155 2222 378 2279 vamine
426 2220 735 2276 mundanae
783 2217 1181 2292 oppressionis
1231 2216 1433 2273 remoti
1478 2215 1538 2270 in
1582 2218 1793 2270 sanctae

153 2312 447 2386 religionis
467 2308 869 2366 observatione
890 2307 1075 2364 seduli
1108 2312 1283 2379 atque
1301 2305 1478 2379 quieti
1523 2303 1793 2376 omnipo-

153 2401 288 2457 tenti
315 2398 562 2456 Domino
585 2396 812 2471 plac-ere
838 2397 1020 2453 totius
1069 2396 1282 2452 mentis
1310 2400 1368 2451 et
1399 2394 1604 2450 animm
1621 2392 1796 2448 virtu-

153 2490 304 2547 tibus
317 2487 622 2545 anheletis.
638 2486 696 2543 Si
723 2504 839 2560 qua
859 2501 1001 2542 sane
1022 2485 1413 2541 ecclesiastica
1430 2482 1796 2539 saecularisve

151 2595 398 2652 persona
427 2577 578 2633 hanc
613 2580 824 2632 nostrae
847 2573 1284 2631 constitutionis
1308 2572 1582 2645 paginam
1602 2571 1794 2627 sciens

150 2673 352 2725 contra
392 2682 522 2724 eam
569 2670 789 2722 temere
816 2663 1011 2721 venire
1031 2661 1359 2730 tentaverit,
1393 2661 1648 2718 secundo
1681 2664 1792 2716 ter-

150 2757 296 2813 tiove
321 2755 681 2813 commonita
701 2753 749 2810 si
773 2768 889 2810 non
911 2751 1305 2809 satisfactione
1332 2766 1588 2823 congrua
1604 2765 1797 2805 emen-

151 2847 394 2913 daverit,
430 2844 734 2918 potestatis
782 2842 1142 2915 honorisque
1166 2842 1255 2897 sui
1278 2841 1561 2913 dignitate
1582 2839 1792 2903 careat,

153 2946 431 3008 reamque
474 2949 537 2990 se
584 2933 778 2990 divino
817 2930 1040 3004 judicio
1072 2930 1316 2986 existere
1367 2930 1437 2985 de
1471 2929 1797 3001 perpetrata

152 3024 465 3098 iniquitate
496 3026 824 3096 cognoscat,
877 3025 933 3076 et
981 3038 1014 3077 a
1045 3018 1444 3076 sacratissimo
1477 3032 1713 3089 corpore
1740 3016 1797 3069 et

153 3113 441 3187 sanguine
473 3111 581 3168 Dei
602 3114 659 3167 et
688 3109 919 3166 Domini
978 3107 1383 3180 Redemptoris
1431 3104 1612 3161 nostri
1658 3102 1799 3159 Jesu

153 3201 370 3258 Christi
429 3199 620 3258 aliena
675 3200 797 3267 fiat,
857 3202 1031 3270 atque
1088 3196 1146 3251 in
1214 3201 1468 3252 extremo
1535 3193 1801 3250 examine

154 3290 432 3346 districta
464 3287 671 3344 ultioni
728 3287 1045 3359 subjaceat.
1100 3284 1335 3340 Cunctis
1383 3288 1577 3338 autem
1611 3281 1796 3337 eidem

151 3379 277 3436 loco
301 3380 470 3452 justa
500 3374 864 3434 servantibus
920 3374 998 3431 sit
1050 3390 1161 3447 pax
1189 3371 1416 3429 Domini
1448 3370 1630 3427 nostri
1660 3371 1799 3426 Jesu

154 3468 393 3535 Christi,
428 3470 720 3540 quatenus
758 3470 815 3521 et
834 3464 928 3520 hic
948 3464 1199 3520 fructum
1220 3463 1379 3518 bonae
1403 3461 1646 3516 actionis
1681 3476 1804 3531 per-

153 3558 375 3632 cipiant
406 3560 463 3614 et
495 3555 647 3630 apud
670 3554 1000 3611 districtum
1026 3552 1286 3625 judicem
1318 3551 1555 3624 praemia
1582 3553 1804 3604 zcternae

155 3649 318 3724 pacis
348 3646 669 3703 inveniant.
687 3646 889 3710 Amen,
925 3658 1116 3707 amen,
1149 3658 1340 3697 amen.

229 3740 443 3795 Datum
475 3734 631 3807 apud
663 3733 945 3806 oppidum
975 3731 1167 3787 Sancti
1216 3729 1366 3785 Flori
1426 3744 1527 3800 per
1566 3743 1807 3783 manum

157 3826 429 3893 Joannis,
460 3820 1235 3881 sanctzeRomanaeEcclesize
1273 3818 1498 3874 diaconi
1545 3816 1809 3872 cardina-

157 3917 251 3985 lis,
285 3915 610 3972 indictione
653 3926 738 3980 ιιι,
769 3929 847 3967 v11
869 3911 1007 3967 Idus
1040 3907 1394 3976 Decembris,
1428 3924 1578 3964 anno
1610 3904 1810 3962 Domi-

161 4007 303 4064 niCaa
323 4002 752 4061 Incarnationis
775 4001 932 4068 1095,
957 4000 1332 4073 pontificatus
1361 4002 1557 4053 autem
1588 3994 1811 4051 domini

162 4095 386 4155 Urbani
418 4093 467 4150 II
498 4107 656 4166 papae
687 4107 806 4148 VIII.

917 4221 1068 4278 CLX.

166 4320 376 4379 Urbani
422 4317 480 4373 ΙΙ
522 4329 684 4387 papa?
714 4313 943 4387 cpistola
965 4310 1036 4387 ad
1055 4311 1339 4387 canonicos
1363 4311 1812 4387 Engolisrncusrs,

235 4408 349 4463 qua
398 4382 776 4463 mwpositura?
798 4383 1097 4463 dejuliaco
1127 4382 1543 4438 attributionem
1586 4384 1717 4453 ipsis
1750 4382 1816 4437 ab

234 4457 508 4520 {ldcmaro
536 4462 737 4529 factam
758 4457 1062 4526 conﬁrmat.

795 4562 982 4634 (Anno
1013 4560 1195 4629 1095.)

600 4669 828 4741 [Massa
861 4668 1063 4725 Concil.
1095 4666 1208 4734 XX,
1248 4666 1395 4738 919.]

238 4806 524 4865 UnnANus
555 4804 884 4877 episcopus,
914 4817 1116 4858 servus
1135 4815 1433 4857 servorum
1456 4802 1571 4868 Dei,
1597 4799 1826 4856 dilectis

164 4898 316 4955 filiis
336 4892 804 4969 Engolismensis
850 4889 1113 4947 Ecclesiae
1144 4889 1442 4946 canonicis
1491 4889 1741 4945 salutem
1773 4895 1828 4945 et

168 4985 564 5062 apostolicam
606 4980 1086 5039 benedictionem.

246 5073 448 5134 Officii
475 5071 656 5128 nostri
680 5088 786 5127 nos
806 5070 1072 5126 hortatur
1093 5067 1405 5125 auctoritas
1430 5085 1529 5139 pro
1551 5066 1831 5123 Ecclesia-

170 5180 319 5224 rum
341 5166 503 5222 statu
529 5158 812 5219 sollicitos
841 5175 989 5224 esse,
1018 5162 1217 5230 etquae
1260 5161 1412 5212 recte
1441 5159 1658 5211 statuta
1698 5160 1836 5210 sunt

172 5250 647 5313 stabilireJllam
669 5249 847 5323 igitur
868 5247 1343 5304 constitutionem
1362 5261 1539 5317 quam
1563 5245 1832 5299 venerab.

172 5345 369 5401 frater
399 5343 601 5397 noster
627 5340 949 5394 Ademarus
981 5335 1289 5408 cpiscopus
1349 5335 1418 5390 dc
1459 5332 1838 5406 Prmpositura

173 5432 284 5489 illa
341 5427 671 5494 constituit,
722 5445 846 5500 qum
906 5433 995 5482 est
1056 5425 1113 5479 in
1156 5424 1291 5479 villa
1323 5423 1547 5478 Juliaco
1598 5422 1655 5476 in
1692 5440 1838 5495 pago

175 5517 601 5586 Sanc‘tone‘nsi,
617 5532 724 5572 nos
746 5516 1072 5571 litterarum
1098 5513 1472 5586 prmscntium
1501 5510 1842 5567 auctoritate

174 5605 954 5668 firmamus.Constituimus
973 5603 1128 5660 enim
1153 5607 1218 5658 ut
1238 5601 1621 5675 praepositum
1638 5601 1840 5655 eadem

172 5700 353 5758 nulla
372 5710 639 5770 unquam
661 5694 970 5751 venalitatc
996 5689 1552 5761 distrahatur,nulla
1580 5706 1840 5761 unquam

175 5788 272 5847 vel
298 5784 842 5860 consanguinitatis
869 5783 954 5840 vel
989 5780 1376 5840 successionis
1410 5779 1709 5837 occasione
1740 5779 1848 5836 fra-

1907 2025 2051 2094 din.,
2102 2026 2301 2083 indict.
2354 2043 2437 2095 ιιι,
2489 2044 2624 2082 ann.
2674 2031 2835 2083 Dom.
2894 2025 3034 2082 1096
3086 2022 3291 2097 [1095],
3341 2023 3547 2096 pontif.

1906 2116 2122 2172 domini
2144 2117 2360 2173 Urbani
2394 2117 2440 2172 ΙΙ
2475 2117 2578 2173 ΡΡ.
2613 2134 2731 2172 νιιι.

2632 2286 2816 2344 CLXI.

1909 2400 2154 2457 Urbanus
2183 2402 2235 2457 ΙΙ
2256 2417 2402 2473 papa
2438 2401 2758 2455 monasterii
2784 2399 3167 2473 Aabcchiensis
3192 2399 3552 2471 possessiones

2431 2480 2482 2528 ct
2530 2473 2667 2542 jura
2713 2472 3016 2541 conﬁrmat.

2524 2615 2710 2685 (Anno
2744 2614 2925 2685 1095.)

2227 2758 2384 2826 [Gall.
2422 2759 2626 2815 Christ.
2662 2758 2755 2827 IlI,
2780 2758 3082 2827 Instrum.,
3119 2759 3230 2829 17.]

1974 2931 2253 2988 Uaeanus
2283 2929 2612 3003 epiSCOpus,
2646 2945 2847 2985 servus
2880 2946 3179 2986 servorum
3210 2928 3551 2998 Dei,dilecto

1907 3020 2026 3077 filio
2040 3020 2517 3087 Roeenio,abbati
2539 3020 2875 3075 monasterii
2901 3021 3052 3091 quod
3070 3020 3248 3076 situm
3270 3025 3361 3076 est
3384 3020 3444 3075 in
3458 3036 3554 3092 pa-

1907 3110 2107 3167 rochia
2125 3108 2544 3174 Cameracensi,
2579 3108 2593 3162 i
2604 3127 2637 3163 n
2670 3107 2862 3165 insula
2875 3126 3003 3181 quae
3018 3110 3230 3166 dicitur
3247 3109 3545 3178 Abbatias,

1908 3200 2155 3256 salutem
2187 3202 2243 3253 et
2273 3197 2645 3269 apostolicam
2672 3198 3156 3255 benedictionem.

1981 3288 2164 3373 Qfﬁcii
2200 3288 2379 3342 nostri
2426 3305 2529 3342 nos
2562 3288 2827 3342 hortatur
2871 3290 3208 3359 auctoritas,
3242 3307 3369 3361 quae
3400 3292 3551 3345 recte

1912 3383 2130 3434 statuta
2151 3383 2307 3445 sunt,
2341 3376 2619 3431 stabilire.
2654 3378 3062 3442 Quamobrem,
3097 3378 3439 3434 charissime
3472 3377 3550 3433 fili

1914 3466 2141 3537 Rogeri,
2173 3466 2291 3520 tuis
2354 3465 2732 3533 petitionibus
2785 3467 3115 3536 apostolicae
3176 3468 3556 3541 benignitatis

1914 3573 2084 3613 aures
2123 3553 2490 3619 inclinantes,
2526 3555 2947 3611 monasterium
2966 3556 3347 3613 sanctissimae
3374 3557 3561 3613 Trini-

1916 3646 2073 3710 tatis,
2095 3643 2211 3705 cui,
2248 3646 2479 3699 auctore
2513 3643 2644 3709 Deo,
2681 3642 2976 3713 praesides,
3012 3645 3314 3715 praesentis
3344 3646 3554 3700 decreti

1918 3732 2259 3790 auctoritate
2309 3732 2630 3800 munimus,
2663 3736 2719 3785 et
2752 3750 3113 3804 quaecunque
3143 3734 3296 3788 bona
3323 3751 3560 3790 venera-

1918 3823 2053 3879 bilis
2084 3822 2372 3877 conl‘rater
2402 3825 2597 3876 noster
2643 3821 2934 3877 Gerardus
2965 3822 3398 3880 Cameracensis
3436 3823 3563 3896 epi-

1920 3928 2152 3984 scopus,
2188 3912 2357 3982 cujus
2391 3909 2672 3965 nimirum
2706 3910 3018 3966 donatione
3047 3911 3209 3967 locus
3239 3913 3364 3984 ipse
3396 3913 3564 3969 insti-

1919 4006 2085 4058 tutus
2132 4016 2259 4055 esse
2317 3998 2709 4071 cognoscitur,
2742 4000 2981 4073 przefato
3034 4002 3389 4058 monasterio
3427 4019 3563 4058 con-

1922 4092 2104 4148 tulit:
2167 4106 2526 4162 quaecunque
2584 4094 2858 4161 prmterea
2931 4091 3179 4162 quilibet
3238 4091 3440 4148 fideles
3496 4092 3567 4147 de

1925 4198 2032 4237 suo
2056 4182 2189 4250 jure
2219 4185 2634 4235 concesserunt
2690 4180 2914 4252 integra
2974 4195 3206 4252 semper
3261 4185 3318 4237 et
3345 4181 3570 4237 illibata

1927 4285 2160 4325 manere
2191 4268 2507 4341 apostolica
2535 4269 2879 4323 auctoritate
2934 4270 3255 4325 sancimus.
3305 4270 3567 4327 Decrevi-

1926 4353 2270 4429 musitaque
2289 4363 2349 4411 ut
2372 4357 2515 4412 nulli
2540 4358 2778 4413 omnino
2801 4358 3570 4416 hominumliceateumdem

1926 4448 2119 4505 locum
2150 4453 2366 4501 temere
2397 4447 2849 4518 perturbare,vel
2880 4449 3008 4519 ejus
3038 4450 3440 4520 possessiones
3470 4467 3573 4505 au-

1930 4539 2098 4601 ferre,
2152 4535 2436 4599 minuere,
2499 4536 2585 4591 vel
2650 4537 2975 4593 temerariis
3006 4539 3412 4596 vexationibus
3443 4539 3569 4594 fati-

1930 4641 2066 4701 gare
2112 4643 2124 4691 ;
2178 4625 2276 4679 sed
2311 4625 2507 4678 omnia
2538 4624 2762 4693 integra
2793 4630 3209 4681 conserventur
3237 4643 3441 4682 eorum
3472 4644 3577 4698 pro

1856 4714 1898 4777 D
1928 4729 2179 4787 quorum
2238 4712 2661 4767 sustentatione
2707 4729 2772 4767 ac
2830 4713 3252 4784 gubernatione
3301 4730 3579 4770 concessa

1937 4808 2076 4859 sunt
2107 4801 2312 4856 usibus
2343 4800 2695 4856 omnimodis
2727 4801 3048 4872 profutura.
3083 4803 3361 4875 Qui-squis
3383 4806 3579 4858 autem

1936 4894 2126 4949 locum
2152 4891 2347 4963 ipsum
2368 4906 2470 4961 pro
2494 4889 2669 4944 divini
2705 4889 2933 4946 timoris
2955 4890 3386 4956 reverentia,vel
3409 4891 3583 4948 rebus

1941 4981 2065 5038 suis
2111 4980 2314 5047 ditare,
2349 4983 2669 5052 protegere,
2701 4979 2787 5035 vel
2839 4997 2941 5051 pro
2990 4997 3097 5035 sua
3130 4981 3401 5038 facultate
3430 4981 3585 5039 exal-

1942 5075 2065 5126 tare
2115 5068 2424 5135 studuerit,
2458 5070 2875 5140 omnipotentis
2905 5070 3006 5126 Dei
3039 5070 3499 5127 misericordiam
3531 5077 3601 5143 et.

1945 5158 2343 5233 apostolorum
2374 5159 2501 5229 ejus
2526 5159 2776 5231 gratiam
2836 5165 3248 5233 consequatur.
3310 5161 3418 5227 Qui
3454 5178 3589 5217 vero

1946 5253 2149 5304 contra
2181 5247 2358 5315 hujus
2417 5247 2599 5301 nostri
2659 5248 2872 5302 decreti
2929 5253 3187 5305 tenorem
3221 5251 3594 5323 pertinaciter

1947 5354 2115 5408 agerc
2148 5337 2475 5405 tentavcrit,
2524 5335 2709 5391 sancti
2740 5335 2990 5408 Spiritus
3043 5339 3236 5411 gladio
3291 5340 3592 5413 plectatur.

2026 5431 2229 5479 Datum
2245 5425 2399 5497 apud
2418 5424 2915 5482 Clarunimontem
2934 5429 3223 5484 Arvernize
3238 5446 3339 5501 per
3356 5445 3598 5485 manum

1948 5512 2216 5581 Joannis,
2250 5519 2463 5569 sanctas
2515 5515 2786 5571 Romanis
2816 5516 3082 5573 Ecclesia:
3129 5517 3358 5574 diaconi
3411 5517 3601 5572 cardis

1951 5603 2124 5673 nalis,
2159 5622 2213 5658 III
2250 5602 2753 5669 Kal.Decembris,
2789 5605 2988 5662 indict.
3016 5622 3100 5676 ιιι,
3133 5625 3284 5662 anno
3316 5604 3600 5661 Dominic.

1954 5692 2380 5763 Incarnationis
2414 5694 2552 5749 1095
2591 5712 2604 5762 ;
2634 5695 3012 5766 pontificatus
3041 5700 3235 5752 autem
3266 5694 3466 5750 domni
3499 5693 3605 5748 Ur-

1955 5781 2097 5839 bani
2128 5782 2175 5837 ΙΙ
2208 5800 2369 5856 papae
2402 5798 2553 5839 anno
2581 5801 2700 5842 vni.
