3950 6366
357 407 476 473 435

1083 547 1291 605 CLXII.

356 635 710 706 Conﬁrmatt'o
765 639 820 693 5.
871 638 1121 710 Dionysii
1166 639 1231 693 de
1287 639 1546 706 Nogento,
1602 652 1700 708 per
1749 636 2009 692 damnum

818 711 1099 766 Urbanum
1129 712 1175 764 II
1217 725 1418 780 papam
1445 711 1610 779 facta.
1703 763 1712 771 ,

980 798 1167 869 (Anno
1199 797 1384 868 4095.)

641 886 998 957 [Bibliotheca
1047 886 1444 948 Cluniacensis,
1489 902 1543 956 p.
1573 885 1723 954 5/14.]

431 991 708 1050 URBANUS
739 991 1073 1063 epiSCOpus,
1105 1007 1307 1046 servus
1338 1007 1637 1045 servorum
1696 990 1819 1055 Dei,
1879 989 2009 1044 uni-

358 1095 539 1135 versae.
570 1080 1002 1153 congregationi
1047 1078 1384 1135 monasterii
1435 1079 1492 1133 S.
1547 1077 1806 1150 Dionysii
1854 1079 2009 1150 quod

364 1167 544 1224 situm
574 1173 664 1224 est
693 1169 841 1224 inter
873 1169 1090 1224 ﬂumen
1115 1169 1306 1241 Igunze
1335 1172 1714 1238 castrumque
1745 1166 2008 1239 Nogenti,

365 1256 615 1312 salutem
645 1262 703 1313 et
730 1257 1108 1330 apostolicam
1142 1257 1626 1313 benedictionem.

436 1346 598 1402 Sicut
620 1345 1040 1402 irrationabilia
1072 1345 1444 1418 poscentibus
1490 1345 1686 1417 negari
1719 1345 1889 1400 debet
1919 1361 2011 1399 as-

365 1450 596 1501 census,
630 1433 892 1505 sicjusta
914 1433 1236 1505 petentium
1270 1434 1416 1488 votis
1443 1433 1697 1505 benigna
1727 1433 2010 1488 debemus

362 1522 700 1578 assensione
750 1538 1111 1578 concurrere.
1169 1521 1386 1575 Idcirco
1437 1521 1627 1576 dilecti
1678 1521 1781 1575 filii
1831 1520 2008 1576 nostri

361 1610 621 1666 Gaufridi
677 1609 911 1666 comitis
965 1611 1036 1664 de
1094 1609 1467 1676 Mauritania,
1500 1613 1558 1664 et
1588 1610 1716 1679 ejus
1747 1609 2013 1681 conjugis

361 1698 638 1756 Beatricis
651 1699 939 1754 devotioni
955 1697 1230 1753 duximus
1245 1699 1706 1753 annuendum.ls
1721 1697 2013 1769 siquidem

363 1804 559 1844 comes
582 1789 645 1842 B.
687 1787 944 1860 Dionysii
967 1786 1241 1858 martyris
1264 1786 1684 1842 monasterium
1709 1786 1768 1840 in
1799 1787 2012 1841 Carno-

363 1876 516 1933 tensi
538 1875 983 1948 parochiainter
1022 1877 1218 1947 Iguna
1252 1875 1494 1930 fluvium
1527 1879 1583 1930 et
1613 1880 1872 1930 castrum
1904 1875 2014 1930 No-
2045 1916 2093 1980 Β

366 1965 526 2039 genti
575 1966 647 2021 ab
703 1981 806 2020 avo
858 1982 964 2020 suo
1024 1963 1300 2020 Gaufrido
1343 1964 1676 2032 fundatum,
1710 1967 1768 2018 et
1796 1967 2017 2035 apatre

368 2072 476 2112 suo
503 2055 746 2110 Rotroco
800 2071 869 2109 ex
918 2057 1082 2126 parte
1112 2053 1486 2119 aedificatum,
1532 2069 1639 2108 sua
1667 2054 1904 2108 tandem
1935 2053 2019 2107 in-

369 2144 587 2201 stantia
616 2143 1067 2208 consummavit,
1099 2151 1578 2198 consummatum
1611 2146 1668 2197 et
1695 2143 1870 2197 rebus
1893 2142 2016 2197 suis

367 2233 670 2299 donatum,
703 2231 1100 2288 annuentibus
1131 2229 1564 2287 venerabilibus
1593 2231 1735 2286 viris
1751 2231 2016 2287 Richerio

363 2320 692 2377 Senonensi
748 2320 1207 2392 archiepiscopo,
1266 2323 1323 2374 et
1364 2318 1646 2374 Gaut‘rido
1677 2320 2017 2375 Carnotensi

365 2409 660 2482 episcopo,
716 2406 1188 2464 collaudantibus
1248 2411 1306 2463 et
1359 2406 1866 2462 subscribentibus
1895 2410 2016 2463 tam

364 2513 541 2554 uxore
563 2498 691 2568 ejus
709 2513 889 2569 supra
911 2495 1211 2551 nominata
1242 2495 1520 2561 Beatrice,
1555 2512 1728 2567 quam
1751 2495 1869 2551 ﬁlio
1902 2497 2018 2551 Ro-

357 2589 546 2654 troco,
583 2585 803 2641 sanctis
833 2583 1112 2656 apostolis
1169 2583 1338 2639 Petro
1389 2587 1445 2638 et
1475 2583 1651 2638 Paulo
1700 2587 1756 2639 et
1784 2583 2016 2640 Clunia-

360 2674 520 2731 censi
545 2673 806 2730 coenobio
851 2672 959 2728 sub
998 2671 1471 2727 reverendissimi
1523 2672 1800 2728 confratis
1829 2674 2015 2729 nostri

359 2762 626 2836 Hugonis
648 2761 878 2818 abbatis
897 2759 1204 2832 prasentia
1225 2760 1645 2826 obtulit.Quam
1661 2760 2013 2817 oblationem

364 2855 567 2909 nostra
586 2849 1028 2923 postulaverunt
1053 2849 1396 2904 auctoritate
1428 2849 1671 2904 firmari.
1707 2849 2015 2922 Nosigitur

363 2944 487 2998 tam
517 2939 826 3012 praefatum
857 2937 1008 2991 beati
1042 2936 1302 3009 Dionysii
1352 2938 1798 3006 monasterium,
1837 2955 2011 3010 quam

367 3028 567 3085 omnia
597 3028 668 3082 ad
701 3026 755 3080 id
790 3024 1160 3096 pertinentia,
1221 3026 1330 3081 sub
1370 3027 1504 3097 jure
1534 3029 1590 3080 et
1631 3025 2012 3099 dispositione

363 3114 841 3174 Cluniacensium
876 3114 1121 3169 fratrum
1172 3118 1450 3185 perpetuo
1500 3132 1840 3187 permanere
1874 3133 2009 3171 san-

363 3206 572 3262 cimus.
608 3202 1011 3274 Praecipientes
1042 3207 1098 3258 et
1129 3205 1236 3258 sub
1270 3203 1634 3260 districtione
1665 3205 2008 3261 anathema-

1655 411 1726 476 Β.
1771 409 2069 478 URBANI
2111 411 2166 475 II
2209 409 2462 475 ΡΑΡᾹΞ.

2035 548 2090 614 Α
2119 546 2329 616 torius,
2377 549 2532 601 terra
2582 542 2760 601 unius
2791 543 2987 601 aratri.
3021 543 3084 600 In
3129 537 3391 599 Morisim
3419 537 3559 596 villa
3587 540 3761 596 unius

3643 403 3764 468 430

2119 635 2296 690 aratri
2327 638 2499 690 terra.
2535 639 2600 689 In
2634 635 2817 688 fracta
2841 633 2984 689 valle
3011 633 3210 688 decem
3234 629 3537 704 agripenni
3564 629 3762 698 vineae,

2118 722 2476 779 molendium
2509 723 2578 777 de
2638 723 2918 778 Ruitaria.
2980 723 3158 778 Terra
3208 721 3278 776 de
3327 720 3761 785 Bremuncurte,

2117 819 2274 867 terra
2304 811 2558 867 Bonnaci
2615 829 2749 866 cum
2807 810 3166 866 mediatoriis
3225 825 3446 864 earum.
3510 809 3767 863 Piscaria

2119 902 2178 956 in
2209 901 2414 973 logniae
2438 901 2610 956 fluvio
2639 901 2834 956 avado
2858 898 3202 954 Bellivilaris
3235 914 3422 969 usque
3452 897 3522 952 ad
3555 914 3764 968 aquam

2120 1005 2246 1060 quae
2277 988 2494 1043 dicitur
2519 988 2720 1055 Edera,
2753 987 3036 1042 medietas
3066 985 3316 1041 Bebanis
3345 984 3514 1053 villae,
3549 989 3607 1040 et
3627 985 3768 1040 silva

2119 1094 2245 1149 quae
2277 1077 2491 1132 dicitur
2515 1077 2886 1150 Ostenganis.
2921 1075 3158 1131 Decima
3178 1073 3387 1130 telonei
3406 1073 3766 1130 Mauritaniae

2121 1165 2316 1221 castri.
2353 1165 2590 1220 Tolonei
2625 1181 2859 1238 quoque
2891 1164 3118 1220 decima
3147 1162 3391 1236 Nogenti
3432 1163 3634 1219 castri.
3660 1163 3766 1218 De-

2121 1253 2273 1307 cima
2321 1254 2494 1308 etiam
2519 1253 2790 1308 Pasnadii
2814 1251 2992 1318 silvae,
3028 1268 3154 1323 quae
3188 1249 3528 1305 nominatur
3557 1250 3762 1305 Resno.

2121 1342 2264 1397 Item
2297 1340 2540 1397 ecclesia
2559 1342 2618 1396 S.
2643 1340 2942 1413 Stephani,
2987 1345 3043 1395 et
3071 1341 3128 1395 S.
3163 1338 3405 1395 Joannis
3435 1339 3494 1394 in
3525 1338 3767 1411 Nogenti

2122 1435 2330 1486 castro.
2365 1430 2422 1484 S.
2457 1429 2734 1493 Hilarius,
2790 1431 2852 1485 S.
2902 1430 3177 1495 Joannes,
3227 1429 3286 1484 S.
3322 1427 3673 1499 Stephanus,
3705 1429 3763 1484 S.

2123 1519 2305 1575 Maria
2336 1519 2393 1572 in
2428 1523 2620 1574 castro
2651 1518 2899 1574 Noiomi.
2935 1519 2992 1572 S.
3047 1517 3332 1572 Martinus
3384 1517 3454 1571 de
3502 1517 3767 1589 Magone,

2122 1612 2176 1661 S.
2207 1606 2456 1662 Albinus
2478 1608 2548 1661 de
2570 1607 2785 1677 Campo
2809 1607 3078 1673 rotundo,
3111 1607 3168 1661 S.
3195 1605 3442 1660 Albinus
3475 1606 3546 1660 de
3570 1605 3769 1660 Codri-

2124 1695 2292 1761 cello,
2323 1700 2378 1750 S.
2414 1696 2595 1750 Maria
2639 1694 2977 1767 Magdalene
3008 1696 3079 1750 de
3110 1695 3394 1762 Ferraria,
3423 1697 3480 1747 S.
3514 1693 3768 1750 Hilarius

2125 1784 2194 1839 de
2224 1782 2553 1839 Belenvilla.
2615 1783 2672 1838 S.
2733 1784 2984 1839 Joannes
3012 1784 3084 1838 de
3140 1782 3439 1849 Petraﬁxa,
3473 1786 3528 1836 S.
3565 1782 3770 1838 Petrus

2125 1873 2195 1928 de
2225 1872 2572 1945 Aponviller,
2619 1877 2674 1926 S.
2709 1871 3052 1927 Anastasius
3104 1872 3176 1926 de
3208 1870 3518 1938 Ronviller,
3554 1872 3612 1926 S.
3647 1872 3771 1927 Sal-

2124 1965 2286 2016 vator
2314 1962 2385 2016 de
2415 1961 2630 2033 Campo
2662 1961 2930 2027 rotundo,
2981 1965 3037 2014 S.
3083 1961 3290 2016 Petrus
3321 1961 3392 2016 de
3423 1960 3768 2029 Boscnileto,

2125 2050 2183 2105 S.
2218 2050 2504 2106 Martinus
2561 2051 2631 2106 de
2689 2049 2960 2119 Unverre,
2995 2050 3052 2104 S.
3110 2049 3398 2105 Leobinus
3455 2051 3525 2105 de
3557 2049 3768 2117 Flacci,

2126 2138 2370 2194 ecclesia
2390 2139 2634 2194 Oratorii
2666 2155 2798 2194 cum
2825 2137 3186 2210 appendiciis
3216 2142 3273 2194 et
3303 2138 3546 2194 decimis
3577 2139 3771 2194 omni-

2127 2228 2257 2283 bus.
2293 2228 2419 2282 Haec
2449 2228 2738 2282 habentur
2797 2227 2855 2282 in
2886 2227 3223 2299 episcopatu
3286 2228 3644 2283 Carnotensi.
3706 2227 3768 2283 In

2126 2315 2547 2372 Cenomanensi
2588 2316 2926 2388 episcopatu
2959 2315 3264 2371 ecclesiam
3295 2317 3353 2372 S.
3387 2316 3538 2372 Petri
3569 2318 3642 2372 de
3669 2321 3770 2372 Ce-

2125 2409 2278 2472 tone,
2311 2405 2615 2460 ecclesiam
2670 2406 2726 2460 S.
2789 2404 3014 2472 Ult'acii,
3077 2405 3134 2460 S.
3189 2405 3391 2460 Petrus
3421 2406 3491 2461 de
3524 2405 3769 2474 Mauvis,

2125 2498 2178 2548 S.
2215 2495 2508 2564 Prejectus
2558 2494 2628 2548 de
2661 2493 2892 2560 Vileris,
2926 2497 2981 2547 S.
3017 2492 3274 2548 Hilarius
3324 2493 3423 2565 qui
3479 2498 3568 2550 est
3601 2495 3775 2565 juxta

2125 2584 2395 2638 Sanctam
2427 2586 2768 2650 Ceronnam,
2793 2583 2850 2638 S.
2887 2581 3071 2637 Maria
3090 2583 3160 2638 de
3181 2585 3345 2650 Bure,
3393 2583 3451 2638 S.
3485 2583 3774 2640 Martinus

2124 2673 2194 2727 de
2226 2670 2468 2736 Loiseel,
2500 2673 2557 2726 S.
2594 2671 2922 2727 Germanus
2953 2671 3023 2726 de
3078 2671 3308 2738 Loisilz,
3344 2672 3402 2727 S.
3456 2672 3656 2739 Maria,
3707 2674 3773 2728 S.

2121 2761 2397 2829 Joannes,
2429 2761 2487 2815 S.
2522 2760 2875 2815 Macutusde
2901 2760 3344 2826 Mauritania,S.
3369 2761 3685 2817 Audoenus
3703 2762 3777 2816 de

2122 2849 2348 2914 Tesval,
2407 2849 2464 2904 S.
2525 2848 2834 2904 Gervasius
2896 2847 2965 2903 de
3022 2849 3200 2916 Feris,
3234 2852 3291 2902 S.
3335 2850 3650 2905 Audoenus
3703 2851 3779 2906 de

2121 2937 2422 3005 Verreriis,
2453 2942 2508 2992 S.
2540 2937 2826 2994 Martinus
2882 2938 2952 2993 de
2998 2937 3213 3004 Beloto,
3263 2939 3321 2993 S.
3360 2938 3646 2993 Martinus
3705 2941 3780 2996 de

2121 3027 2356 3091 Bersiis,
2392 3027 2450 3081 S.
2512 3027 2800 3082 Martinus
2860 3027 2932 3082 de
2985 3026 3291 3098 Jamagiis,
3346 3031 3401 3082 Β.
3464 3027 3669 3084 Petrus
3703 3030 3779 3086 de

2120 3116 2375 3171 Brueria.
2408 3117 2689 3171 Praeterea
2745 3131 3104 3188 quaecunque
3134 3119 3393 3171 vestrum
3437 3117 3776 3174 coenobium

2118 3204 2290 3260 hodie
2323 3205 2485 3275 juste
2531 3205 2811 3277 possidet,
2841 3204 2959 3259 sive
2989 3203 3049 3258 in
3107 3204 3372 3259 futurum
3397 3205 3557 3276 juste
3588 3222 3774 3262 cano-

358 3293 438 3350 tis
466 3291 977 3358 interdicentes,ne
1006 3291 1139 3363 quis
1163 3309 1423 3363 unquam
1448 3293 1720 3348 eumdem
1753 3293 1947 3349 locum
1980 3312 2012 3350 a
2043 3280 2086 3347 C
2125 3295 2365 3366 nieeque
2396 3294 2607 3366 poterit
2661 3293 2926 3364 adipisci,
2989 3294 3159 3348 firma
3213 3294 3394 3362 vobis,
3443 3295 3776 3367 vestrisque

359 3380 758 3438 Cluniacensis
801 3380 1046 3436 ccenobii
1103 3381 1326 3436 unitate
1381 3381 1707 3437 subtrahat.
1768 3385 2012 3454 Aposto-

362 3471 478 3528 lica
537 3471 714 3526 etiam
773 3469 1113 3526 auctoritate
1165 3469 1482 3526 statuimus
1539 3475 1603 3525 ut
1652 3488 2014 3543 quaecunque

361 3561 535 3628 dona,
567 3576 948 3632 quascunque
970 3559 1374 3631 possessiones
1396 3559 1618 3631 praefati
1650 3561 1893 3616 comites
1923 3561 2012 3615 vel

362 3649 463 3705 alii
497 3647 746 3721 quilibet
778 3648 980 3704 ﬁdeles
1030 3649 1098 3704 de
1143 3665 1250 3704 suo
1273 3650 1409 3720 jure
1441 3649 1628 3704 eidem
1659 3649 2011 3705 monasterio

361 3736 750 3804 contulerunt,
806 3739 915 3794 sub
946 3737 1276 3810 apostolica:
1332 3737 1486 3793 sedis
1545 3737 1731 3793 tutela
1788 3739 2014 3811 integra

359 3843 590 3900 semper
625 3829 681 3883 et
708 3826 930 3883 illibata
961 3830 1361 3900 permaneant.
1385 3826 1562 3882 Vicus
1583 3827 1804 3883 scilicet
1833 3845 2013 3900 supra

361 3920 693 3972 memorataa
717 3917 992 3986 adjacens
1015 3915 1270 3971 ecclesiae
1286 3932 1420 3970 cum
1445 3915 1641 3970 decem
1668 3917 1823 3987 prati
1859 3917 2010 3989 agri-

357 4004 585 4078 pennis,
619 4008 676 4061 et
722 4009 846 4061 tota
881 4005 940 4059 in
968 4004 1216 4059 circuitu
1250 4003 1508 4059 ecclesia
1541 4008 1696 4059 terra
1725 4021 1912 4076 usque
1938 4007 2009 4060 ad

358 4095 624 4150 Roduam
658 4094 922 4160 fluvium,
956 4097 1013 4148 et
1062 4109 1241 4164 super
1271 4092 1467 4163 ipsum
1501 4093 1618 4147 duo
1652 4093 2007 4150 molendina.

355 4185 536 4240 Terra
579 4183 899 4240 Burchardi
929 4198 1060 4236 cum
1094 4181 1299 4236 broilo.
1332 4182 1509 4237 Terra
1536 4182 1608 4236 de
1637 4181 1908 4250 Belseria,
1941 4185 2010 4240 de

352 4273 596 4331 Asconis
625 4272 782 4327 villa.
815 4269 1075 4326 Ecclesia
1129 4271 1187 4325 S.
1248 4269 1448 4324 Hilarii
1506 4288 1640 4326 cum
1681 4272 1925 4329 decimis
1955 4277 2009 4329 et

355 4360 725 4435 appendiciis
779 4359 903 4415 suis
961 4359 1255 4414 omnibus.
1293 4358 1551 4414 Ecclesia
1582 4361 1640 4416 S.
1673 4361 1906 4416 Leobini
1940 4363 2009 4417 de

356 4451 637 4515 Flaciaco,
687 4449 745 4504 S.
781 4447 1016 4503 Leobini
1050 4448 1120 4503 de
1150 4447 1370 4513 Bracle,
1405 4449 1463 4504 S.
1496 4449 1699 4505 Hilarii
1733 4451 1804 4506 de
1831 4452 2007 4507 Beba-

355 4537 617 4603 nisuilla,
653 4537 711 4592 S.
750 4535 943 4592 Albini
999 4538 1070 4591 de
1130 4537 1505 4606 Coldreciolo,
1566 4542 1622 4595 S.
1685 4540 1878 4595 Mariae
1940 4544 2010 4598 de

2123 3383 2562 3439 successoribus
2614 3388 2670 3438 et
2698 3381 2925 3438 illibata
2963 3386 3358 3454 permaneant.
3388 3383 3772 3440 Decernimus

2122 3489 2257 3544 ergo
2293 3476 2354 3526 ut
2379 3471 2524 3526 nulli
2557 3472 2816 3528 omnimo
2837 3471 3147 3527 hominum
3178 3471 3350 3527 liceat
3387 3473 3540 3528 idem
3573 3489 3770 3530 coeno-

2122 3561 2282 3617 bium
2311 3566 2528 3616 temere
2559 3561 2888 3633 pertubare,
2923 3565 3024 3615 aut
3055 3561 3182 3631 ejus
3213 3562 3614 3633 possessiones
3663 3581 3773 3618 au-

2123 3650 2289 3718 ferre,
2320 3650 2407 3706 vel
2445 3650 2670 3705 ablatas
2702 3650 2969 3716 retinere,
3007 3649 3289 3716 minuere,
3323 3649 3410 3704 vel
3445 3651 3776 3707 temerariis

2118 3739 2520 3795 vexationibus
2579 3739 2839 3811 fatigare,
2896 3738 2997 3793 sed
3042 3737 3239 3793 omnia
3271 3739 3498 3812 integra
3536 3757 3775 3796 conser-

2119 3833 2329 3884 ventur
2349 3845 2571 3895 eorum,
2608 3845 2711 3899 pro
2734 3844 2985 3900 quorum
3011 3829 3432 3884 sustentatione
3465 3846 3530 3884 ac
3558 3830 3776 3902 guber-

2121 3918 2352 3973 natione
2383 3931 2657 3972 concessa
2683 3921 2824 3971 sunt
2843 3916 3048 3972 usibus
3066 3916 3420 3972 omnimodis
3445 3918 3775 3990 profutura,

2121 4006 2281 4062 salva
2326 4006 2609 4062 canonica
2655 4006 3028 4061 Carnotensis
3058 4005 3313 4078 episcopi
3345 4007 3684 4062 reverentia.
3715 4008 3777 4062 Si

2121 4113 2235 4168 qua
2263 4112 2402 4152 sane
2435 4095 2492 4150 in
2525 4096 2787 4149 futurum
2820 4094 3217 4151 ecclesiastica
3248 4094 3614 4151 saecularisve
3641 4113 3777 4168 per-

2120 4202 2265 4240 sona
2293 4185 2471 4254 hujus
2529 4183 2740 4238 decreti
2799 4184 3073 4256 paginam
3133 4183 3324 4238 sciens
3379 4187 3582 4239 contra
3634 4201 3772 4240 eam

2116 4279 2332 4330 temere
2356 4273 2550 4328 venire
2582 4269 2911 4340 tentaverit,
2943 4274 3198 4328 secundo
3241 4272 3479 4328 tertiove
3510 4288 3777 4330 commo-

2119 4363 2260 4430 nita,
2277 4363 2324 4418 si
2357 4380 2471 4417 non
2498 4361 2897 4416 satisfactione
2927 4378 3185 4434 congrua
3215 4361 3629 4429 emendaverit,
3667 4380 3778 4434 po-

2118 4453 2343 4508 testatis
2392 4451 2745 4522 honorisque
2789 4450 2880 4506 sui
2927 4449 3208 4523 dignitate
3239 4455 3452 4517 careat,
3489 4468 3777 4523 reamque

2121 4558 2182 4597 se
2204 4540 2636 4611 divinojudicio
2687 4539 2931 4595 existere
2979 4540 3048 4594 de
3103 4545 3432 4612 perpetrata
3462 4539 3780 4612 iniquitate

357 4627 652 4698 Margone,
699 4625 758 4681 S.
789 4625 938 4681 Petri
971 4626 1040 4681 de
1072 4626 1368 4698 Bruyeria,
1403 4627 1459 4682 S.
1497 4627 1729 4683 Martini
1767 4630 1838 4683 de
1871 4636 2009 4686 Ber-
2042 4651 2087 4714 Ι)
2120 4637 2448 4702 cognoscat,
2483 4634 2538 4684 et
2570 4646 2602 4683 a
2650 4629 3047 4684 sacratissimo
3093 4645 3330 4702 corpore
3362 4647 3428 4685 ac
3482 4630 3778 4702 sanguine

357 4716 524 4788 duys.
550 4714 884 4771 EcclesiaaS.
909 4714 1152 4771 Joannis
1200 4716 1270 4771 de
1292 4716 1656 4784 Mauritania,
1681 4722 1733 4772 S.
1772 4719 2006 4787 Macuti,

357 4807 416 4858 et
432 4805 493 4859 S.
529 4803 823 4860 Germani.
851 4804 1109 4860 Ecclesia
1126 4806 1184 4860 S.
1214 4805 1405 4859 Albini
1431 4806 1499 4860 de
1517 4807 1732 4878 Campo
1760 4811 2007 4864 rotundo

352 4909 491 4949 cum
517 4895 639 4948 tota
657 4892 893 4964 Nigellaa
917 4898 1073 4948 terra
1091 4897 1146 4948 et
1178 4894 1540 4965 appendiciis
1573 4896 1696 4950 suis
1731 4897 2008 4953 omnibus

357 4997 536 5053 super
578 4981 750 5036 Eram
775 4981 1100 5036 ﬂuviolum.
1136 4982 1199 5036 In
1231 4982 1354 5038 loco
1386 4984 1487 5054 qui
1518 4984 1730 5040 dicitur
1761 4987 2008 5043 Vivariis

353 5073 512 5126 terra
538 5069 732 5125 omnis
790 5070 947 5125 culta
1003 5074 1061 5126 et
1118 5070 1356 5139 inculta,
1408 5073 1697 5145 exquisita
1724 5078 1780 5129 et
1810 5075 2004 5148 inqui-

355 5159 557 5228 renda,
591 5175 726 5214 cum
759 5157 961 5229 pratis,
1013 5158 1200 5224 silvis,
1252 5165 1307 5215 et
1339 5177 1638 5216 servorum
1671 5163 1864 5230 rebus,
1892 5165 2005 5218 ibi-

355 5263 491 5321 que,
523 5251 580 5302 et
637 5247 697 5301 in
756 5247 1035 5302 comitatu
1091 5248 1456 5304 Mauritanire
1507 5252 1884 5307 morantium.
1941 5256 2002 5308 In

354 5335 779 5393 Cenomanensi
810 5335 1146 5408 episcopatu
1205 5336 1448 5392 ecclesia
1497 5339 1554 5393 S.
1590 5338 1738 5393 Petri
1793 5340 1863 5395 de
1901 5341 2000 5397 Ce-

351 5430 508 5494 tone,
542 5424 730 5480 saltus
774 5425 1276 5481 consuetudinarii
1311 5429 1430 5481 tam
1457 5427 1527 5480 ad
1551 5443 1696 5482 usus
1727 5427 1998 5499 ecclesiae,

351 5531 531 5588 quam
563 5515 635 5570 ad
668 5530 811 5570 usus
845 5515 1262 5571 monachorum
1305 5519 1361 5572 et
1391 5515 1698 5571 hominum
1733 5533 1999 5586 suorum,

351 5608 560 5676 praeter
595 5602 812 5660 saltum
837 5602 1196 5660 Perticuli.ln
1229 5604 1503 5659 omnibus
1517 5603 1764 5662 saltibus
1787 5625 2004 5679 pascua

350 5709 658 5764 porcorum
683 5693 1018 5750 monasterii
1045 5694 1245 5765 gratis.
1267 5693 1328 5748 In
1355 5692 1476 5749 loco
1504 5694 1603 5765 qui
1627 5695 1841 5752 dicitur
1860 5698 1997 5756 Ora-

2123 4720 2215 4775 Dei
2232 4737 2296 4775 ac
2313 4718 2541 4774 Domini
2563 4718 2968 4789 Redemptoris
2982 4719 3164 4774 nostri
3185 4719 3321 4774 Jesu
3348 4719 3563 4774 Christi
3581 4717 3782 4775 aliena

2120 4810 2238 4874 ﬁat,
2269 4813 2442 4879 atque
2502 4807 2560 4861 in
2591 4812 2848 4862 extremo
2906 4807 3171 4863 examine
3229 4807 3504 4864 districta:
3563 4808 3779 4863 ultioni

2118 4897 2436 4967 subjaceat.
2473 4897 2710 4952 Cunctis
2741 4901 2938 4952 autem
2969 4897 3158 4952 eidem
3180 4897 3439 4953 coenobio
3464 4899 3628 4967 justa
3659 4915 3783 4953 ser-

2115 4987 2407 5052 vantibus,
2445 4986 2521 5041 sit
2553 5003 2662 5057 pax
2698 4985 2921 5041 Domini
2957 4987 3137 5042 nostri
3168 4987 3307 5043 Jesu
3341 4986 3577 5053 Christi,
3624 5003 3775 5060 qua-

2116 5080 2288 5130 tenus
2317 5079 2372 5130 et
2405 5075 2499 5129 hic
2528 5075 2782 5129 fructum
2829 5075 2988 5130 bonae
3045 5074 3290 5130 actionis
3335 5075 3680 5148 percipiant,
3715 5080 3776 5131 et

2115 5164 2267 5234 apud
2301 5164 2630 5220 districtum
2660 5164 2920 5234 judicem
2954 5164 3191 5236 praemia
3227 5170 3449 5220 aeternae
3483 5163 3644 5237 pacis
3675 5165 3770 5220 in-

2113 5251 2365 5308 veniant.
2401 5256 2602 5308 Amen.

2822 5342 3056 5398 CLXIII.

2221 5432 2429 5489 Urbani
2454 5432 2504 5486 ΙΙ
2522 5447 2686 5503 papae
2709 5433 2935 5504 epistola
2963 5432 3032 5487 ad
3056 5432 3353 5503 Guigonem
3376 5435 3650 5490 comitem.

2742 5524 2928 5593 (Anno
2957 5521 3145 5592 1095.)

2291 5612 2374 5678 [1).
2433 5611 2724 5679 BOUQUET,
2779 5612 3017 5678 Rccueil,
3073 5615 3111 5666 t.
3146 5609 3286 5680 XIV,
3322 5629 3378 5684 p.
3429 5613 3584 5682 761.]

2183 5702 2459 5758 UBBANUS
2489 5699 2819 5772 episcopus,
2883 5717 3082 5756 servus
3116 5717 3416 5758 servorum
3465 5701 3586 5770 Dei,
3620 5700 3762 5757 GU1-
