3950 6356
212 360 332 431 437

1384 366 1785 436 ΕΡῙΒΤΟΙΛΕ
1828 367 1928 433 ET
1971 368 2443 438 PRIVILEGIA.

3491 369 3611 458 438

215 518 347 561 com
379 499 604 572 comiti,
636 498 789 561 clero
821 503 878 561 et
906 500 1122 579 populo
1140 500 1862 579 Gratianopolitano,salu-
1887 503 1944 571 Α
1974 502 2144 562 datis.
2176 503 2374 578 Neque
2428 521 2532 564 vos
2582 501 2759 567 lateat
2807 505 3226 568 Gualcherium
3261 505 3619 569 anathemati

213 598 332 653 tam
364 596 422 651 et
451 590 829 666 apostolicam
860 592 1344 651 benedictionem.

283 682 594 750 Querelam
623 680 970 739 venerabilis
1021 684 1330 740 confratris
1375 684 1559 741 nostri
1602 683 1864 755 Hugcnis

210 774 389 831 vestri
411 772 669 846 episcopi
701 774 772 828 de
802 772 1251 829 Salmoriacensi
1284 790 1433 847 pago
1456 776 1584 845 jam
1616 773 1717 828 diu
1748 773 1865 844 agi-

209 867 418 921 tatam.
451 860 678 918 concilii
696 863 848 935 quod
882 863 1037 935 apud
1057 862 1555 918 Clarummontem
1570 862 1861 917 civitatem

210 951 502 1010 Arvernis:
534 950 979 1017 celebravimus,
1003 951 1346 1007 auctoritate
1391 951 1669 1007 noveritis
1718 951 1862 1007 defi-

211 1042 419 1100 nitam.
481 1040 629 1107 Quia
681 1039 834 1095 enim
897 1040 1187 1096 confrater
1238 1044 1435 1095 noster
1511 1039 1862 1096 Viennensis

211 1129 686 1202 archiepiscopus
717 1128 903 1185 Guido
931 1145 1081 1201 saepe
1111 1132 1167 1184 et
1198 1124 1416 1184 nostris
1449 1127 1657 1185 litteris
1670 1129 1862 1185 etviva

209 1218 397 1276 nostri
426 1218 547 1274 oris
577 1234 710 1274 voce
739 1218 1152 1282 commonitus,
1186 1218 1256 1273 de
1287 1219 1487 1272 eadem
1522 1235 1699 1273 causa
1732 1218 1868 1273 obe-

209 1308 335 1364 dire
364 1306 736 1378 contempsit,
768 1305 1242 1362 etinvestituram
1258 1323 1435 1379 quam
1467 1306 1652 1361 eidem
1671 1309 1861 1362 vestro

208 1396 486 1470 episcopo
526 1393 831 1451 Placentiae
883 1394 1158 1466 fecimus,
1208 1396 1447 1466 exsequi
1496 1394 1702 1462 noluit,
1755 1412 1861 1450 nos

210 1484 645 1558 possessionem
675 1482 837 1539 illam
872 1500 1048 1556 quam
1096 1487 1153 1538 et
1182 1483 1336 1539 idem
1392 1484 1569 1539 frater
1617 1483 1781 1556 Hugo
1807 1488 1864 1537 et

204 1572 478 1633 nonnulli
511 1589 750 1628 suorum
783 1576 1221 1629 antecessorum
1255 1573 1586 1646 possedisse
1619 1589 1864 1628 noscun-

206 1666 324 1730 tur,
358 1661 695 1734 supradicto
744 1661 906 1716 fratri
958 1666 1160 1717 nostro
1203 1665 1263 1717 et
1316 1661 1862 1734 Gratianopolitanas

206 1749 481 1808 Ecclesiae
513 1748 904 1814 restituimus,
954 1752 1011 1804 et
1065 1748 1327 1820 quandiu
1376 1749 1719 1805 Viennensis
1773 1766 1862 1804 ar-

205 1837 617 1911 chiepiscopus
648 1837 785 1892 huic
814 1836 1137 1893 definitioni
1164 1836 1402 1938 pbedire
1425 1836 1862 1909 contempserit,
1896 1873 1943 1938 Β

205 1931 331 1984 tam
364 1927 559 1999 ipsum
593 1942 770 1998 quam
805 1923 1408 1996 Gratianopolitanam
1444 1925 1759 1980 Ecelesiam
1791 1925 1864 1979 ab

205 2018 335 2088 ejus
366 2013 699 2072 obedientia
728 2014 1152 2070 subtraximus.
1186 2013 1472 2070 Omnibus
1493 2014 1740 2069 etiamin
1768 2031 1861 2069 ec-

205 2105 342 2161 dem
374 2121 523 2177 pago
545 2102 1049 2158 ccmmorantibus
1080 2106 1201 2156 tam
1242 2101 1465 2157 clericis
1482 2101 1860 2173 quamlaieis,

205 2209 278 2248 ne
310 2191 622 2248 Viennensi
645 2191 1086 2262 archiepiscOpo
1118 2190 1397 2245 obediant
1432 2190 1861 2259 interdicimus,

205 2282 389 2338 donec
413 2279 823 2352 autjudicium
855 2280 1011 2352 quod
1035 2279 1251 2334 factum
1273 2286 1361 2334 est
1379 2283 1863 2351 exsequatur,aut

201 2369 443 2444 querela
475 2369 595 2424 haec
626 2373 760 2424 ante
781 2385 887 2424 nos
921 2368 1201 2424 canonico
1226 2368 1450 2439 judicio
1482 2368 1863 2423 interutrum-

205 2476 320 2533 que
349 2458 750 2530 comprobata,
783 2455 1090 2512 certiorem
1124 2456 1297 2520 ﬁnem
1331 2455 1595 2527 accipiat.

272 2548 420 2605 Data
480 2564 541 2602 ιιι
589 2545 717 2602 Kal.
778 2544 1116 2601 Decembris
1162 2545 1315 2617 apud
1360 2544 1856 2601 Clarummontem

208 2635 518 2696 Arverniam

911 2749 1141 2806 CLXIV.

213 2842 435 2901 Urbani
488 2840 749 2914 synodica
805 2838 874 2898 ad
922 2839 1131 2895 clerum
1182 2840 1550 2911 populumque
1608 2840 1854 2897 Camera-

909 2926 1141 2968 censem.

822 3018 1011 3086 (Anno
1044 3016 1227 3088 1095.)

638 3124 867 3198 [ΜΑΝει,
901 3123 1105 3180 Concil.
1130 3123 1242 3189 XX,
1276 3124 1424 3195 917.]

1972 610 2099 651 esse
2132 596 2485 668 subjectum,
2520 598 2569 654 si
2599 615 2661 654 se
2704 598 2950 656 ulterius
2996 599 3066 656 de
3098 598 3367 656 Ecclesiae
3417 605 3621 658 vestrm

1972 684 2305 757 prmlatione
2337 687 2579 759 profana
2610 689 3067 761 presumptione
3089 689 3478 745 intromittere
3505 694 3627 746 ten-

1971 773 2199 830 taverit.
2235 774 2293 831 Si
2326 776 2459 848 quis
2486 776 2665 849 igitur
2694 778 2967 850 deinceps
2988 778 3082 834 his
3112 779 3480 834 decretorum
3532 796 3630 835 no-

1972 867 2230 918 strorum
2264 866 2566 937 praeceptis
2597 867 2883 923 contraire
2927 867 3382 939 praesumpserit,
3433 867 3627 923 omni-

1971 952 2224 1023 potentis
2278 953 2399 1018 Dei,
2434 958 2491 1008 et
2538 955 2935 1026 apostolorum
2984 958 3113 1028 ejus
3162 956 3625 1030 indignationem

1973 1040 2223 1096 inveniet
2238 1045 2293 1097 et
2310 1042 2551 1097 ultionis
2579 1043 2909 1115 apostolicae
2922 1044 3114 1118 gladio
3135 1045 3391 1100 ferietur.
3410 1046 3625 1102 Omnes

1970 1133 2165 1184 autem
2198 1129 2299 1201 qui
2356 1130 2702 1187 Gualcherio
2761 1132 3099 1189 fidelitatem
3151 1133 3517 1205 juraverunt,
3550 1133 3623 1189 ab

1970 1218 2232 1287 ejusdem
2266 1219 2614 1274 sacramenti
2646 1221 2881 1277 vinculo
2919 1222 3239 1295 apostolica
3280 1222 3623 1281 auctoritate

1971 1305 2347 1362 absolvimus.

2042 1394 2187 1449 Data
2211 1396 2365 1467 apud
2395 1396 2729 1452 Arverniam
2752 1415 2792 1453 ιι
2825 1398 2949 1455 Kal.
2984 1399 3334 1454 Decembris.

2120 1609 2326 1665 Urbani
2355 1611 2407 1665 II
2433 1520 3078 1682 decretungZrimatu
3109 1609 3477 1681 Lugdunensi.

2597 1719 2786 1787 (Anno
2813 1718 2995 1782 1095.)

2398 1805 2623 1875 [MANSI,
2658 1805 2860 1860 Concz'l.
2892 1805 3012 1871 XX,
3044 1806 3195 1877 828.]

2046 1927 2326 1985 Uneanus
2340 1929 2672 2001 episcopus,
2702 1946 2902 1986 servus
2918 1946 3216 1986 servorum
3245 1929 3367 1999 Dei,
3390 1947 3623 1988 venera-

1974 2015 2079 2071 bili
2140 2018 2304 2073 tratri
2365 2018 2613 2086 HUGONI,
2668 2019 3041 2092 Lugdunensi
3091 2017 3525 2093 archiepiscopo
3566 2022 3623 2077 et

1972 2104 2231 2176 primati,
2264 2107 2509 2178 ejusque
2532 2107 2967 2164 successoribus
2981 2108 3255 2165 canonice
3283 2125 3623 2180 promoven-

1971 2194 2062 2249 dis
2094 2195 2149 2249 in
2186 2200 2551 2267 perpetuum.

2043 2284 2121 2338 Ex
2154 2282 2481 2354 apostolicae
2515 2282 2669 2338 sedis
2686 2282 2879 2339 debito
2901 2287 2957 2338 et
2973 2287 3307 2340 sanctorum
3330 2301 3621 2341 canonum

1972 2371 2315 2426 auctoritate
2338 2370 2719 2444 impellimur,
2755 2371 2815 2441 in
2847 2371 3123 2427 omnibus
3168 2372 3386 2445 ubique
3437 2378 3619 2431 terra-

1970 2475 2100 2514 rum
2130 2459 2430 2528 Eeclesiis,
2468 2476 2641 2532 prave
2686 2465 2814 2515 aeta
2850 2461 3155 2532 corrigere,
3204 2466 3358 2517 recte
3400 2466 3622 2518 statuta

1968 2550 2217 2605 firmare.
2256 2549 2417 2604 Unde
2449 2565 2579 2603 cum
2607 2565 2711 2602 nos
2745 2549 2804 2603 in
2836 2548 3156 2605 Galliarum
3198 2554 3393 2621 partes
3423 2551 3619 2607 venire

1966 2654 2231 2708 supernae
2257 2636 2658 2709 dispositionis
2702 2636 2962 2710 dignatio
3009 2637 3413 2707 concessisset,
3464 2655 3615 2695 curas

1966 2726 2134 2782 nobis
2166 2727 2275 2781 fuit
2308 2726 2459 2797 apud
2494 2726 2989 2782 Clarummontem
3018 2725 3304 2781 Arverniae
3343 2728 3614 2799 generale

1965 2815 2278 2872 concilium
2307 2832 2641 2871 convocare.
2669 2815 2751 2869 lbi
2784 2814 2936 2869 inter
2965 2812 3078 2870 alia
3101 2832 3227 2886 quae
3257 2816 3327 2870 ad
3361 2817 3611 2888 synoda-

1962 2904 2076 2960 lem
2110 2905 2467 2961 audientiam
2492 2903 2857 2959 discutienda
2869 2902 3257 2975 perlatasunt,
3277 2902 3611 2962 fraternitas

1963 2998 2066 3049 tua
2094 2995 2166 3049 de
2198 2994 2453 3066 primatu
2476 2998 2690 3049 sanctze
2705 2992 3611 3067 LugdunensisEcelesiaaquere-

1963 3082 2080 3138 lam
2104 3082 2391 3154 exposuit,
2425 3081 2627 3136 multis
2650 3082 2774 3153 jam
2806 3085 2940 3137 ante
2958 3081 3409 3154 provincialibus
3423 3082 3612 3139 conci-

1964 3170 2062 3226 liis
2096 3172 2372 3244 agitatam
2385 3213 2397 3225 .
2412 3170 2578 3226 Lecta
2593 3174 2731 3226 sunt
2744 3170 2801 3225 in
2817 3171 3019 3226 eodem
3048 3187 3324 3227 concessu
3340 3173 3613 3227 eumdem

281 3261 561 3320 URBANUS
592 3258 921 3332 episcopus,
940 3275 1140 3315 servus
1155 3274 1455 3314 servorum
1485 3257 1607 3323 Dei,
1633 3258 1855 3314 univer-
1884 3237 1927 3303 C
1965 3259 2285 3333 primatum
2319 3260 2639 3315 astruentia
2672 3259 2943 3315 Romanae
2977 3263 3034 3314 et
3062 3259 3392 3332 apostolica:
3412 3266 3616 3317 aucto-

212 3351 293 3407 sis
324 3351 383 3406 in
434 3349 587 3407 clero
644 3353 701 3404 et
748 3347 963 3420 populo
1026 3346 1429 3402 Cameracensi
1492 3346 1738 3405 salutem
1800 3351 1859 3403 et

213 3438 589 3513 apostolicam
614 3436 1092 3494 benedictionem.

282 3528 344 3583 In
378 3526 622 3584 concilio
655 3525 809 3597 apud
841 3523 1337 3580 Clarummontem
1373 3523 1661 3578 Arverniae
1719 3524 1860 3578 cele-

216 3617 377 3673 brato
411 3631 546 3671 cum
579 3630 681 3686 pro
712 3612 991 3668 electione
1008 3611 1201 3667 dilecti
1238 3610 1537 3666 filiinostri
1570 3612 1859 3667 Manassis

214 3709 268 3761 et
297 3705 437 3761 item
471 3702 799 3760 Gualcherii
831 3718 865 3757 a
891 3702 1056 3757 vobis
1088 3701 1239 3756 facta
1269 3700 1509 3773 quaastio
1540 3701 1758 3767 habita,
1805 3704 1862 3756 et

215 3790 479 3866 diligenti
513 3790 721 3848 fuisset
748 3790 1188 3861 investigatione
1218 3794 1484 3858 tractata,
1519 3791 1706 3861 patuit
1736 3790 1859 3845 Ma-

215 3898 446 3939 nassem
480 3879 717 3952 quidem
749 3896 783 3934 a
824 3880 988 3934 vobis
1041 3879 1318 3934 canonice
1368 3877 1639 3945 electum,
1692 3877 1863 3934 Guel-

215 3971 478 4029 cherium
508 3985 642 4025 VBPO
672 3972 875 4024 contra
906 3972 1242 4024 sanctorum
1276 3984 1567 4022 canonum
1617 3967 1863 4023 auctori-

215 4065 394 4118 tatem
427 4059 489 4114 in
520 4061 774 4114 vestram
817 4074 877 4113 se
926 4056 1233 4113 ecclesiam
1275 4055 1606 4111 intrusisse.
1659 4057 1863 4125 Totius

215 4148 394 4224 igitur
424 4144 654 4204 concilii
677 4145 906 4218 judicio
930 4143 1574 4218 placuitGualcherium
1604 4145 1861 4215 quidem,

215 4244 499 4308 tanquam
519 4235 844 4291 invasorem
860 4252 893 4290 a
922 4238 1113 4289 vestra
1132 4233 1386 4289 Ecclesia
1401 4233 1862 4305 prepellendum,

216 4328 549 4384 Manassem
588 4341 722 4379 vero
778 4322 1044 4379 electioni
1105 4339 1226 4377 suae
1254 4326 1309 4377 et
1354 4321 1621 4378 Ecclesia:
1664 4326 1865 4377 vestrae

215 4413 666 4473 restituendum.
700 4411 1080 4467 Gualeherius
1111 4411 1326 4482 itaque,
1364 4428 1481 4465 sua;
1503 4410 1865 4466 conscientiae

216 4504 581 4569 malefidcns,
615 4506 672 4557 et
693 4500 941 4572 justitias
994 4500 1341 4555 sententiam
1392 4498 1594 4555 audire
1645 4516 1868 4571 perme-

1968 3349 2160 3404 ritatis
2192 3348 2508 3421 privilegia.
2546 3351 2689 3404 Cum
2723 3349 2903 3420 igitur
2928 3349 3233 3405 Richerius
3264 3349 3619 3406 Senonensis

1969 3437 2450 3509 archiepiscopus
2468 3454 2572 3509 pro
2591 3455 2768 3493 causa
2792 3437 2901 3493 hac
2933 3437 3027 3493 die
3058 3437 3237 3493 altero
3270 3439 3623 3511 respondere

1968 3530 2293 3598 prazceptus
2311 3529 2485 3589 esset,
2523 3524 2864 3596 nullamque
2890 3525 3282 3581 excusationis
3332 3527 3619 3583 rationem

1968 3613 2292 3687 legitimam
2328 3613 2695 3681 reddidisset,
2722 3613 2942 3685 placuit
2969 3616 3165 3668 tamen
3199 3613 3366 3669 nobis
3396 3610 3618 3686 exape-

1969 3702 2186 3758 stclicae
2207 3702 2672 3757 mansuetudinis
2687 3701 3066 3771 abundantia,
3086 3702 3156 3756 ad
3175 3699 3617 3759 deliberandum

1971 3793 2039 3847 de
2066 3790 2426 3862 subjectione
2455 3790 2585 3855 hac,
2606 3790 2663 3845 in
2692 3789 2844 3844 diem
2864 3789 3101 3844 tertium
3134 3789 3401 3845 inducias
3422 3789 3619 3845 indul-

1968 3897 2121 3954 gere.
2155 3880 2348 3935 Tertio
2411 3880 2606 3951 itaque
2660 3879 2772 3945 die,
2806 3895 2939 3933 cum
3000 3895 3060 3934 se
3112 3877 3207 3933 ille
3265 3879 3477 3950 partim
3512 3896 3616 3952 pro

1971 3968 2183 4041 negotii
2199 3968 2554 4041 gravamine,
2564 3968 2775 4039 partim
2793 3984 2895 4039 pro
2911 3966 3273 4039 aegritudinis
3291 3968 3615 4038 occasione,

1972 4056 2233 4131 synodali
2268 4056 2573 4111 eonventui
2607 4055 3012 4123 subtraxisset,
3047 4072 3148 4127 per
3178 4054 3399 4129 legatos
3424 4057 3618 4129 requi-

1974 4146 2144 4214 situs,
2179 4150 2235 4201 et
2265 4145 2498 4200 obedire
2531 4161 2802 4210 renuens,
2838 4144 3029 4199 adhuc
3062 4144 3422 4202 deliberandi
3449 4145 3621 4201 indu-

1974 4236 2091 4291 cias
2121 4234 2436 4307 flagitabat.
2473 4233 2840 4289 Deﬁnitionis
2885 4233 3061 4288 etiam
3104 4234 3230 4305 jam
3278 4233 3622 4291 imminente

1975 4324 2282 4390 sententia,
2314 4339 2543 4377 rursum
2578 4322 2650 4377 ab
2682 4322 3036 4377 Senoncnsis
3059 4321 3316 4377 ecclesia:
3348 4323 3623 4396 suifraga-

1975 4412 2101 4467 neis
2132 4412 2186 4465 in
2223 4411 2375 4465 diem
2412 4410 2682 4477 alterum,
2715 4415 2780 4464 ut
2811 4426 2943 4465 eum
2979 4410 3328 4467 familiarius
3354 4412 3623 4467 conveni-

1975 4504 2123 4566 rent,
2157 4499 2401 4553 indncia:
2441 4499 2759 4569 impetrata!
2792 4503 2949 4567 sunt;
2984 4516 3051 4554 ea
3084 4498 3360 4554 nimirum
3402 4498 3625 4572 pollici-

215 4600 408 4662 tuens,
441 4590 687 4648 concilio
711 4607 773 4646 se
803 4588 1111 4645 subtraxit.
1132 4588 1324 4644 Tertio
1358 4588 1536 4662 igitur
1565 4593 1865 4644 evocatum
1897 4607 1942 4671 ο
1974 4587 2189 4643 tationc
2212 4587 2534 4657 prcemissa,
2574 4594 2632 4640 ut
2664 4586 2711 4639 si
2746 4587 2917 4640 etiam
2946 4585 3041 4641 ille
3073 4591 3212 4642 tunc
3253 4588 3628 4658 pertinaciter

218 4700 355 4740 cum
400 4680 643 4738 omnino
693 4677 1166 4751 subterfugisset,
1218 4695 1323 4733 nos
1352 4679 1479 4748 ejus
1530 4678 1725 4750 fugam
1760 4695 1863 4750 pro

216 4770 583 4830 confessione
613 4768 914 4834 habentes,
948 4767 1268 4823 secundum
1302 4766 1687 4822 universalem
1730 4784 1866 4822 eon-

216 4860 334 4918 cilii
364 4857 719 4916 sententiam
752 4875 821 4913 ex
840 4860 1176 4913 sanctorum
1208 4872 1497 4911 canonum
1525 4855 1867 4912 auctoritate

219 4948 508 5023 prolatam
541 4948 613 5003 ab
640 4945 798 5002 omni
829 4945 1142 5018 episcopali
1168 4945 1368 5000 ordine
1391 4946 1792 5015 deposuimus,
1812 4949 1870 5000 et

220 5040 554 5096 Manassem
586 5034 853 5091 electioni
889 5052 1007 5091 sua;
1047 5040 1103 5089 et
1131 5038 1334 5089 vestrm
1385 5031 1649 5087 Ecclesiae
1702 5033 1867 5088 resti-

222 5128 469 5197 tuimus,
500 5124 968 5183 collaudantibus
1001 5126 1057 5179 et
1078 5121 1589 5179 corroborantibus
1608 5128 1725 5178 tam
1749 5140 1869 5179 me-

223 5214 572 5289 tropolitano
604 5218 793 5269 vestro
823 5212 1091 5268 Remensi
1125 5211 1385 5266 antistite
1434 5228 1611 5281 quam
1662 5219 1717 5266 et
1747 5211 1872 5266 uni-

223 5305 406 5361 versis
436 5302 700 5375 ejusdem
733 5301 1071 5374 metropolis
1111 5299 1515 5370 sutfraganeis.
1577 5299 1741 5354 Nunc
1770 5319 1871 5356 vos

226 5391 834 5466 litterisprwsentibns
855 5387 1317 5455 commonemus,
1351 5391 1406 5443 et
1437 5387 1753 5459 apostolica
1768 5406 1872 5444 au-

200 5474 492 5537 ctoritate
512 5479 904 5553 praecipimus,
931 5495 1000 5533 ne
1032 5475 1444 5533 Gualcberium
1471 5474 1713 5532 ulterius
1737 5478 1873 5533 reci-

229 5586 360 5641 pere
390 5569 782 5642 praesumatis,
816 5569 1083 5624 Manasse
1114 5570 1307 5621 autem
1356 5568 1639 5636 tanquam
1685 5571 1873 5622 vestro

228 5674 357 5715 vere
385 5656 671 5714 catholico
703 5657 976 5729 episcopo
999 5653 1388 5711 obedientiam
1403 5652 1871 5727 pleniusimpen-

1974 4676 2340 4739 reniteretur,
2375 4674 2483 4746 ipsi
2507 4678 2700 4729 tamen
2720 4674 3045 4729 definitioni
3070 4674 3297 4729 concilii
3330 4676 3626 4730 unanimi-

1975 4770 2065 4820 ter
2094 4764 2412 4833 obedirent,

2049 4853 2223 4909 Porro
2253 4853 2346 4908 die
2370 4852 2494 4923 jam
2527 4855 2687 4908 sexto
2740 4850 2970 4906 concilii
3039 4850 3288 4919 evoluto,
3342 4868 3475 4907 cum
3529 4851 3627 4910 ille

1978 4943 2168 4997 adhuc
2200 4942 2466 4997 inducias
2495 4942 2810 5014 expetendo
2843 4940 3158 5010 resisteret,
3205 4958 3274 4996 ex
3320 4941 3502 4997 totius
3534 4960 3629 5016 sy-

1980 5031 2335 5086 noditavore
2367 5035 2423 5085 et
2465 5031 2689 5101 judicio
2749 5030 3039 5087 sancitum
3087 5033 3175 5086 est
3229 5034 3628 5087 Senonensem

1979 5119 2486 5191 archiepiscOpum
2522 5119 2896 5191 Lugdunensi
2920 5124 3203 5192 tanquam
3238 5119 3470 5192 primati
3496 5121 3633 5177 sub-

1972 5208 2285 5279 jectioncm
2320 5207 2827 5278 obedientiamque
2845 5208 3075 5274 debere,
3092 5208 3230 5280 quia
3252 5210 3309 5263 et
3340 5205 3631 5281 catalogo-

1981 5315 2112 5353 rum
2140 5296 2479 5364 auctoritas,
2513 5302 2569 5351 et
2590 5296 2746 5352 sedis
2775 5295 3104 5368 apostolica:
3137 5296 3395 5369 idipsum
3436 5300 3635 5353 conte-

1981 5386 2250 5443 stabatur
2280 5385 2620 5441 auctoritas.
2648 5385 2747 5440 Cui
2769 5387 3023 5458 profecto
3043 5385 3339 5441 sententiae
3359 5402 3419 5441 se
3442 5385 3632 5440 humi-

1983 5475 2116 5531 liter
2146 5474 2503 5541 obcditurcs,
2553 5475 2903 5530 Senonensis
2950 5472 3216 5531 Ecclesia:
3275 5474 3629 5547 sutfraganei

1984 5564 2216 5638 propria
2245 5563 2496 5635 quisque
2521 5582 2657 5620 voce
2688 5565 2984 5636 professus
3012 5568 3120 5619 est.
3157 5563 3418 5635 Idipsum
3450 5562 3628 5617 etiam

1983 5656 2055 5710 de
2112 5652 2563 5725 ltothomagensi
2613 5652 2868 5711 Ecclesia
2925 5654 3334 5709 conﬁrmatum
3391 5654 3497 5706 est.
3549 5654 3628 5706 De
