3950 6428
363 465 484 532 439

364 694 488 749 sine
518 685 901 758 refragatione
932 685 1242 752 obedierat,
1274 685 1434 740 nulla
1455 687 1581 758 jam
1615 689 1858 760 quaestio
1880 703 2000 743 mo-

356 866 508 926 nitas
565 866 774 936 questa
827 867 915 919 est
963 864 1362 919 Senonensem
1420 864 1924 936 archiepiscopum
1970 880 2003 918 a

356 952 563 1028 legatis
593 950 734 1021 tuis,
767 954 1040 1024 Aganone
1072 951 1290 1007 scilicet
1307 952 1580 1008 fEduensi
1610 957 1666 1008 et
1697 953 2001 1008 Lamberto

355 1041 722 1100 Atrebatensi
773 1040 1062 1112 episcopis
1107 1041 1498 1108 admonitum,
1557 1039 1776 1096 nullam
1811 1040 2001 1096 adhuc

356 1129 734 1205 Lugdunensi
765 1127 1030 1183 Ecclesia
1053 1144 1155 1200 pro
1187 1129 1440 1200 primatu
1467 1129 1846 1184 reverentiam
1873 1145 2002 1201 pro-

355 1219 525 1275 fiteri.
568 1217 886 1288 Eapropter
943 1232 1070 1286 nos,
1101 1220 1222 1272 toto
1280 1218 1675 1273 consentiente
1733 1217 1999 1285 concilio,

349 1305 520 1379 'pallii
551 1320 727 1360 usum
749 1307 805 1358 et
835 1304 1335 1377 suﬂ'raganeorum
1366 1306 1774 1372 obedientiam,
1821 1307 2002 1362 donec

357 1395 484 1470 ipse
497 1392 1105 1460 obediret,Senonensi
1123 1394 1555 1466 archiepiscopo
1572 1393 1998 1451 interdiximus.

363 1486 426 1540 In
460 1483 987 1556 Rothomagensem
1021 1499 1273 1555 quoque,
1334 1483 1430 1554 qui
1466 1483 1685 1550 aberat,
1735 1484 2002 1539 eamdem

362 1572 713 1631 sententiam
745 1571 1206 1646 promulgamus,
1253 1571 1364 1627 nisi
1425 1572 1574 1626 infra
1622 1575 1740 1626 tres
1771 1589 2003 1628 menses

365 1667 501 1737 post
519 1662 866 1720 sententiam
897 1659 1516 1733 cognitam,siquidcm
1547 1660 1674 1715 viva
1696 1677 1833 1717 voce
1886 1679 2002 1717 non

365 1757 580 1826 posset,
615 1751 1033 1822 subjectionem
1066 1747 1323 1804 debitam
1358 1749 1572 1820 scripto
1613 1749 1998 1820 polliceretur.

363 1843 553 1914 Ipsius
583 1840 780 1911 itaque
812 1837 1216 1911 sulfraganeis,
1252 1837 1352 1909 qui
1386 1843 1699 1908 prasentes
1738 1839 2002 1909 aderant,

361 1928 707 1986 sententiam
741 1931 999 1982 nostram
1032 1926 1229 1981 debita
1257 1926 1586 1982 humilitate
1632 1927 2000 1998 suscipienti-
2034 1966 2082 2030 B

357 2018 471 2073 bus
503 2033 567 2071 ac
620 2014 1009 2070 obedientiam
1067 2015 1565 2087 promittentibus,
1626 2015 1709 2071 sic
1767 2017 2003 2072 tandem

363 2104 770 2179 Lugdunensis
801 2103 1063 2158 Ecclesia
1096 2103 1329 2176 querela
1359 2104 1660 2169 diuturna,
1711 2110 2004 2161 annuente

360 2195 629 2264 Domino,
654 2193 968 2249 terminata
997 2196 1104 2248 est.
1158 2193 1264 2248 Per
1295 2193 1598 2265 praesentis
1653 2193 1832 2266 igitur
1885 2195 2002 2267 pri-

360 2284 552 2357 vilegii
585 2283 880 2356 paginam,
908 2281 1280 2355 Lugdunensi
1330 2281 1596 2337 Ecclesia
1629 2286 1739 2337 tua
1789 2283 2003 2354 prima-

362 2378 487 2430 tum
507 2389 684 2446 super
713 2376 964 2444 quatuor
989 2371 1318 2444 provincias
1350 2372 1794 2438 conﬁrmamus,
1827 2377 1883 2428 et
1904 2390 2007 2445 per

363 2481 490 2521 eam
521 2462 626 2519 tibi
686 2462 923 2534 tuisque
979 2460 1439 2527 successoribus,
1493 2459 1584 2517 his
1641 2461 2004 2534 tantumqui

363 2571 429 2610 eo
477 2553 676 2610 ordine
723 2566 904 2622 eoque
952 2553 1149 2604 tenore
1202 2549 1365 2605 electi
1424 2549 1512 2604 vel
1573 2550 1823 2620 promoti
1882 2550 2004 2605 fue-

363 2644 500 2710 rint,
536 2641 634 2716 qui
658 2655 760 2714 per
789 2642 1001 2695 sancta
1033 2638 1326 2694 memoria
1350 2638 1609 2711 Gregorii
1643 2641 1743 2692 VII
1774 2637 2004 2710 privile-

360 2733 521 2811 gium
553 2727 958 2804 pradecessori
1007 2732 1108 2782 tuo
1157 2727 1407 2783 Gibuino
1437 2728 1708 2799 praﬁxus
1757 2732 1814 2783 et
1863 2746 2003 2799 pra-

359 2821 614 2894 scriptus
644 2820 751 2874 est.
807 2815 1172 2872 Provinciam
1223 2820 1418 2871 autem
1475 2815 1606 2871 illas
1638 2833 1783 2888 quas
1840 2817 2005 2874 vobis

359 2909 794 2974 confirmamus,
816 2905 1068 2961 dicimus
1092 2905 1562 2978 Lugdunensem,
1580 2905 2005 2979 Rothomagen-

357 3016 502 3065 sem,
529 2998 928 3053 Turonensem
963 2999 1018 3049 et
1050 2995 1465 3062 Senonensem,
1489 2997 1555 3048 ut
1604 2994 1689 3048 ha
1739 2995 2005 3052 videlicet

354 3086 661 3162 provincia
674 3084 1028 3157 condignam
1048 3082 1427 3156 Lugdunensi
1447 3082 1711 3138 Ecclesia
1730 3083 2000 3139 obedien-

355 3178 498 3232 tiam
531 3175 778 3242 solvant,
810 3178 867 3228 et
895 3173 1174 3228 honorem
1209 3188 1383 3243 quem
1419 3172 1663 3227 Romani
1699 3171 2001 3243 pontifices

357 3264 718 3322 reddendum
749 3279 876 3318 esse
908 3261 1142 3334 scriptis
1187 3259 1436 3332 propriis
1481 3261 1868 3333 praﬁxerunt,
1901 3262 1999 3317 de-

1657 461 1730 528 B.
1775 463 2068 531 URBANI
2109 463 2167 529 II
2208 463 2459 527 PAPIE.

361 595 681 661 Turonensi
711 593 888 666 enim,
923 595 1060 669 quia
1089 595 1214 669 jam
1246 614 1279 652 a
1308 598 1610 655 retroactis
1642 599 2003 672 temporibus
2030 601 2086 668 Α

3614 429 3618 433 ’
3639 455 3764 520 440

2818 596 3048 656 CLXVI.

2096 699 2101 746 ὲ
2179 688 2538 746 Priviteaium
2572 703 2665 746 pro
2689 689 2918 745 ecclesia
2950 688 3003 743 S.
3036 685 3222 744 Jacobi
3252 683 3688 746 Composteltana

364 701 488 749 sine
518 701 901 758 rerragauone
932 701 1242 752 ooeoierat,
1274 701 1434 740 nuua
1455 701 1581 758 jam
1615 701 1858 760 quaestio
1880 703 2000 743 mo-
2096 715 2101 746 ι
2179 701 2538 760 μνιυιιεθιωη
2566 703 2665 762 pro
2689 701 2918 745 ecclesza
2950 701 3003 743 δ.
3036 701 3220 744 Jacom
3252 701 3414 759 comp

359 779 618 836 vehatur.
653 775 752 831 Die
771 791 903 831 vero
926 774 1156 830 concilii
1187 781 1406 840 octavo,
1439 780 1540 831 tua
1571 776 1781 832 iterum
1806 777 2002 832 frater-
2059 747 2102 790 Α
2732 778 2917 840 (Anno
2950 776 3133 840 1095.)

2732 778 2917 849 (Anno
2950 776 3133 848 1095.)

2386 866 2644 936 [FLOREZ,
2679 867 2893 938 Espaﬁa
2917 865 3180 937 Sagrada,
3214 865 3331 934 XX,
3363 865 3480 936 21.]

2181 953 2456 1010 URBANUS
2487 955 2815 1028 episcOpus,
2849 970 3052 1010 servus
3081 971 3378 1010 servorum
3412 953 3510 1009 Dei
3545 953 3760 1009 dilecto

2112 1041 2274 1098 fratri
2310 1048 2659 1113 DALMACHIO,
2691 1043 3156 1116 Compostellano
3194 1044 3489 1116 episcopo,
3514 1043 3767 1114 ejusque

2111 1133 2548 1188 successoribus
2580 1134 2856 1189 canonice
2873 1133 3283 1206 promovendis
3308 1132 3364 1187 in
3385 1135 3761 1206 perpetuum.

2181 1221 2456 1276 Veterum
2487 1221 2856 1295 synodalium
2887 1226 2943 1278 et
2982 1227 3278 1296 gestorum
3331 1220 3763 1294 pontiﬁcalium

2111 1309 2292 1364 series
2322 1311 2629 1366 confitetur
2676 1327 2906 1384 semper
2958 1311 3079 1366 sedi
3140 1309 3466 1383 apostolica
3521 1309 3766 1367 licuisse

2111 1401 2176 1452 ut
2205 1401 2262 1452 et
2294 1415 2394 1470 pro
2425 1399 2704 1470 temporis
2733 1400 2957 1455 ratione
3013 1402 3325 1472 conjuncta
3372 1399 3761 1472 disjungeret,

2111 1490 2167 1541 et
2195 1487 2491 1559 disjuncta
2519 1489 2918 1561 conjungeret,
2951 1493 3008 1544 et
3039 1489 3206 1544 sedes
3224 1487 3462 1544 sedibus
3492 1478 3764 1543 commu-

2110 1577 2275 1630 tarct.
2310 1576 2426 1631 Hac
2455 1576 2636 1650 igitur
2667 1577 3113 1651 praecedentium
3142 1578 3378 1633 Patrum
3412 1577 3768 1633 auctoritate

2111 1663 2348 1729 firmati,
2383 1665 2511 1733 tibi,
2544 1665 2722 1721 frater
2751 1665 2808 1720 in
2834 1666 3066 1722 Christo
3090 1665 3432 1722 charissime
3481 1665 3759 1731 Dalmati,

2111 1751 2344 1824 tuisque
2375 1755 2830 1822 successoribus,
2856 1755 3069 1811 decreti
3090 1755 3390 1828 praesentis
3418 1755 3769 1812 auctoritate

2112 1842 2614 1914 concedimus'pro
2648 1844 2709 1898 B.
2772 1843 3018 1916 apostoli
3074 1843 3278 1898 Jacobi
3328 1843 3665 1910 reverentia,
3700 1848 3769 1897 ut

2113 1929 2265 1984 sicut
2294 1930 2664 2003 episcopatus
2713 1931 3048 1987 cathedram
3100 1931 3554 2002 pradecessores
3583 1931 3762 1986 vestri

2111 2017 2170 2072 in
2206 2019 2348 2074 urbe
2381 2036 2505 2091 qua
2535 2019 2639 2074 Ilia
2671 2019 2782 2092 (39)
2805 2019 3021 2074 dicitur
3036 2018 3488 2085 habuerunt,ita
3517 2019 3764 2092 perenni

2112 2107 2385 2179 deinceps
2415 2112 2672 2179 tempore
2702 2107 2763 2162 in
2792 2124 2859 2163 ea
2888 2124 3014 2180 qua
3045 2105 3431 2180 Compostella
3451 2107 3688 2174 dicitur,
3709 2112 3770 2164 et

2112 2195 2417 2251 ecclesiam
2451 2196 2708 2252 continet
2737 2195 2794 2251 in
2829 2213 2947 2268 qua
2975 2196 3038 2251 B.
3072 2196 3272 2252 Jacobi
3305 2212 3516 2268 corpus
3539 2197 3770 2268 requie-

2114 2302 2271 2340 scere
2301 2286 2573 2353 creditur,
2607 2286 2820 2342 habere
2851 2284 3131 2341 debeatis.
3163 2285 3446 2342 Universa
3495 2302 3631 2358 ergo
3683 2286 3760 2342 ad

2114 2373 2361 2445 praefata
2394 2373 2508 2429 Ilia
2558 2374 2811 2430 civitatis
2867 2374 3161 2429 dioecesim
3221 2373 3588 2446 pertinentia,
3650 2374 3764 2429 tibi

2114 2463 2348 2535 tuisque
2404 2463 2846 2520 successoribus
2901 2463 3129 2536 integra
3181 2479 3413 2536 semper
3442 2467 3500 2519 et
3528 2461 3761 2518 illibata

2115 2568 2455 2624 permanere
2486 2551 2870 2609 decrevimus.
2930 2552 3013 2606 Ad
3047 2551 3167 2606 hac
3217 2569 3319 2624 pro
3376 2551 3660 2624 singulari
3697 2557 3761 2606 Β.

2113 2640 2313 2696 Jacobi
2337 2641 2640 2697 devotione
2661 2640 3037 2696 concedimus
3067 2644 3133 2694 ut
3179 2643 3298 2696 tam
3347 2643 3412 2695 tu
3464 2657 3642 2712 quam
3671 2640 3763 2696 tui

2114 2729 2388 2802 deinceps
2413 2746 2799 2796 successores,
2833 2727 2981 2784 nulli
3013 2730 3222 2801 prater
3251 2729 3510 2784 Romano
3542 2732 3767 2784 metro-

2115 2818 2370 2890 politano
2401 2819 2646 2891 subjecti
2677 2819 2832 2885 sint;
2867 2823 2923 2873 et
2953 2834 3156 2874 omnes
3187 2817 3288 2890 qui
3320 2817 3425 2874 tibi
3457 2818 3515 2872 in
3555 2819 3766 2874 eadem

2114 2908 2248 2962 sede
2279 2907 2686 2976 successerint,
2729 2925 2831 2980 per
2879 2923 3122 2963 manum
3173 2907 3420 2962 Romani
3470 2906 3766 2979 pontificis

2113 2999 2393 3066 tanquam
2425 2995 2708 3067 speciales
2737 2996 3009 3052 Romana
3041 2994 3197 3052 sedis
3227 2995 3577 3067 suti‘raganei
3617 3012 3764 3051 con-

2113 3089 2428 3139 secrentur.
2466 3085 2744 3140 Praeterea
2772 3100 3049 3140 mansuro
3071 3083 3130 3138 in
3162 3087 3508 3156 perpetuum
3533 3083 3766 3139 decreto

2111 3172 2412 3228 sancimus
2444 3177 2508 3228 ut
2541 3173 2828 3245 quidquid
2857 3173 3142 3229 hactenus
3162 3175 3326 3245 juste
3374 3171 3527 3229 beati
3555 3173 3766 3228 Jacobi

2109 3261 2364 3317 ecclesia
2378 3262 2745 3318 testamentis
2761 3262 3053 3335 regalibus
3067 3261 3330 3317 oblatum
3344 3265 3450 3329 est,
3467 3261 3760 3334 quidquid

357 3357 487 3410 vote
516 3351 958 3424 humiliterque,
993 3350 1149 3406 salva
1178 3349 1238 3403 in
1271 3349 1547 3405 omnibus
1579 3349 1733 3404 sedis
1767 3354 1996 3421 aposto-
2028 3336 2071 3403 C
2111 3349 3336 3423 catalogislegitimiscontinetur,quidquid
3352 3349 3764 3422 parochiarum

361 3443 485 3499 lica
517 3441 836 3498 reverentia
865 3444 921 3495 et
952 3438 1313 3495 auctoritate.
1346 3438 1403 3492 Si
1453 3454 1569 3509 qua
1601 3455 1739 3494 sane
1787 3439 1845 3493 in
1879 3456 2003 3494 cra-

362 3533 583 3588 stinum
610 3528 1003 3586 ecclesiastica
1033 3527 1395 3583 sacularisve
1412 3542 1678 3598 persona,
1699 3526 1876 3598 hujus
1896 3528 2006 3600 pri-

362 3621 554 3695 vilegii
572 3620 847 3693 paginam
866 3617 1076 3683 sciens,
1103 3620 1301 3672 contra
1330 3633 1458 3671 eam
1473 3615 1665 3671 venire
1680 3617 2002 3685 tentaverit,

364 3709 618 3767 secundo
648 3706 886 3763 tertiove
927 3705 1299 3772 commonita,
1348 3703 1397 3760 si
1445 3722 1558 3760 non
1609 3705 2004 3761 satisfactione

360 3815 620 3874 congrua
648 3795 1060 3862 emendaverit,
1084 3793 1386 3866 potestatis
1418 3793 1772 3865 honorisque
1803 3794 1893 3848 sui
1925 3794 2006 3848 di-

359 3889 578 3963 gnitate
608 3889 820 3949 careat,
854 3900 1130 3956 reamque
1179 3899 1240 3938 se
1271 3881 1466 3936 divino
1489 3882 1712 3953 judicio
1761 3881 2004 3938 existere

358 3979 428 4034 de
458 3973 1103 4050 perpetratainiquitate
1116 3975 1445 4043 cognoscat,
1463 3974 1520 4025 et
1543 3988 1576 4024 a
1604 3970 2003 4026 sacratissimo

357 4082 592 4139 corpore
623 4081 688 4120 ac
719 4063 1006 4136 sanguine
1062 4060 1162 4116 Dei
1196 4064 1252 4115 et
1306 4058 1534 4114 Domini
1591 4059 1998 4131 Redemptoris

355 4155 537 4212 nostri
567 4155 707 4211 Jesu
728 4152 941 4208 Christi
975 4149 1166 4206 aliena
1195 4149 1315 4216 fiat,
1350 4152 1524 4219 atque
1573 4152 1828 4203 extremo
1877 4165 2003 4205 exa-

355 4245 513 4302 mine
541 4242 818 4300 districta
878 4239 1086 4295 ultioni
1147 4238 1467 4308 subjaceat.
1520 4236 1756 4292 Cunctis
1807 4242 2000 4294 autem

351 4334 539 4391 eidem
559 4331 824 4388 Ecclesia
848 4331 1013 4402 justa
1064 4326 1433 4383 servantibus
1482 4327 1559 4381 sit
1615 4344 1726 4398 pax
1770 4326 2000 4382 Domini

351 4423 536 4479 nostri
565 4423 706 4478 Jesu
721 4418 958 4489 Christi,
983 4420 1273 4490 quatenus
1299 4415 1464 4471 ethic
1478 4415 1732 4470 fructum
1755 4417 2002 4473 actionis

353 4511 696 4586 percipiant,
755 4513 811 4566 et
862 4508 1016 4580 apud
1077 4507 1409 4563 districtum
1453 4505 1713 4577 judicem
1763 4507 2002 4578 pramia

355 4606 581 4658 aterna
613 4599 774 4672 pacis
804 4597 1124 4654 inveniant.
1158 4597 1363 4651 Amen.

2116 3438 2351 3494 Iriensis
2382 3440 2658 3495 cathedra
2678 3440 2840 3511 juste
2879 3439 3156 3495 habuisse
3210 3439 3598 3511 cognoscitur,
3653 3438 3762 3493 tibi

2114 3529 2348 3602 tuisque
2371 3529 2646 3602 legitimis
2659 3528 3097 3585 successoribus
3109 3527 3514 3600 Compostella
3537 3544 3764 3600 perma-

2115 3619 2387 3674 nentibus
2421 3619 2655 3674 ﬁrmum
2677 3635 2907 3690 semper
2928 3617 3337 3690 integrumque
3357 3618 3636 3671 servetur.
3656 3616 3765 3672 Ve-

2115 3711 2297 3764 stram
2331 3709 2401 3762 de
2423 3713 2626 3762 catero
2659 3708 2933 3762 condecet
2964 3706 3354 3773 sanctitatem,
3389 3709 3602 3760 sancta
3644 3705 3761 3760 Ro-

2114 3813 2297 3852 mana
2348 3795 2608 3851 Ecclesia
2661 3796 2893 3851 decreta
2923 3795 2978 3849 in
3029 3794 3303 3850 omnibus
3351 3793 3675 3860 observare,
3702 3799 3766 3848 et

2113 3886 2192 3941 ita
2218 3886 2493 3942 virtutam
2524 3884 2653 3940 luce
2700 3885 2950 3940 interius
3000 3883 3369 3955 exteriusque
3418 3882 3660 3955 fulgere,
3695 3887 3764 3936 ut

2111 3975 2346 4030 videant
2379 3985 2606 4030 omnes
2663 3978 2856 4028 vestra
2912 3973 3068 4027 bona
3123 3988 3316 4044 opera,
3349 3974 3407 4026 et
3436 3969 3765 4042 glorificent

2111 4064 2339 4119 Patrem
2369 4068 2627 4118 vestrum
2660 4063 2760 4134 qui
2795 4062 2852 4117 in
2881 4061 3040 4117 calis
3071 4065 3176 4116 est.

2183 4153 2334 4209 Sane
2365 4153 2411 4208 si
2435 4153 2567 4224 quis
2599 4151 2656 4207 in
2675 4151 2994 4207 crastinum
3017 4149 3490 4222 archiepiscopus
3513 4155 3610 4203 aut
3634 4147 3758 4220 epi-

2112 4259 2342 4314 scopus,
2379 4243 2694 4314 imperator
2725 4245 2824 4296 aut
2850 4256 2967 4307 rex,
2996 4238 3265 4312 princeps
3299 4242 3400 4294 aut
3431 4239 3567 4306 dux,
3603 4253 3761 4293 mar-

2111 4331 2262 4399 chio,
2304 4348 2520 4397 comes,
2578 4330 2920 4397 vicecomes,
2972 4328 3155 4400 judex
3213 4330 3314 4382 aut
3362 4325 3765 4383 ecclesiastica

2111 4420 2381 4493 qualibet
2411 4418 2775 4474 sacularisve
2806 4434 3072 4490 persona,
3105 4416 3285 4487 hujus
3325 4415 3539 4471 decreti
3591 4416 3762 4488 pagi-

2110 4526 2246 4566 nam
2276 4509 2486 4576 sciens,
2521 4511 2722 4563 contra
2751 4523 2880 4561 eam
2910 4512 3126 4561 temere
3178 4505 3374 4562 venire
3423 4505 3763 4574 tentaverit,

2109 4599 2364 4656 secundo
2394 4598 2631 4654 tertiove
2661 4594 3076 4665 commonitus,
3110 4595 3159 4651 si
3194 4611 3308 4650 non
3354 4592 3762 4650 satisfactione

426 4689 822 4746 Interfuerunt
839 4691 1032 4742 autem
1063 4683 1386 4741 definitioni
1419 4683 1556 4739 huic
1580 4683 1996 4758 archiepiscopi
2035 4705 2077 4770 ι)
2107 4705 2366 4762 congrua
2395 4686 2803 4751 emendaverit,
2839 4684 3146 4757 potestatis
3176 4683 3530 4754 honorisque
3559 4681 3651 4738 sui
3674 4681 3762 4736 di-

356 4780 715 4836 diversarum
747 4775 1176 4850 provinciarum
1208 4789 1452 4828 numero
1503 4772 1830 4840 duodecim,
1865 4791 1999 4830 cum

355 4866 644 4943 episcopis
694 4867 1006 4940 octoginta,
1071 4863 1381 4919 abbatibus
1443 4862 1783 4935 nonaginta,
1840 4868 1896 4919 et
1933 4881 1998 4920 eo

355 4957 634 5030 amplius.

425 5049 636 5104 Datum
669 5045 823 5117 apud
871 5043 1369 5100 Clarummontem
1405 5040 1695 5096 Arvernia
1748 5059 1850 5113 per
1882 5059 2001 5097 ma-

354 5155 496 5194 num
526 5136 792 5202 Joannis,
850 5138 1063 5189 sancta
1121 5132 1392 5186 Romana
1454 5129 1716 5185 Ecclesia
1771 5129 1998 5185 diaconi

295 5249 298 5252 ·
354 5225 687 5293 cardinalis,
723 5223 996 5280 Kalendis
1027 5219 1385 5286 Decembris,
1443 5218 1758 5273 indictione
1808 5219 1995 5286 tertia,

353 5333 506 5374 anno
524 5313 835 5372 Dominica
851 5308 1270 5368 Incarnationis
1285 5306 1596 5362 millesimo
1622 5308 1998 5378 nonagesimo

354 5407 580 5480 quinto,
613 5403 992 5479 pontificatus
1024 5402 1219 5455 autem
1249 5396 1472 5453 domini
1505 5395 1719 5451 Urbani
1760 5395 1998 5450 secundi

354 5513 514 5571 papa
547 5509 698 5551 anno
731 5495 953 5548 octavo.

2108 4778 2328 4850 gnitate
2357 4779 2571 4843 careat,
2603 4790 2885 4845 reumque
2913 4791 2974 4829 se
3007 4772 3202 4828 divino
3233 4771 3458 4844 judicio
3509 4769 3758 4827 existere

2109 4867 2180 4921 de
2208 4862 2857 4937 perpetratainiquitate
2872 4865 3207 4934 cognoscat,
3220 4865 3276 4916 et
3308 4877 3340 4916 a
3356 4859 3758 4916 sacratissimo

2108 4970 2346 5025 corpore
2402 4967 2467 5006 ac
2523 4951 2806 5023 sanguine
2858 4951 2954 5006 Dei
2987 4954 3042 5006 et
3079 4949 3310 5006 Domini
3371 4947 3555 5004 nostri
3612 4948 3756 5004 Jesu

2108 5039 2320 5097 Christi
2351 5038 2575 5095 alienus
2606 5039 2728 5104 ﬁat,
2760 5025 2935 5111 atque
2967 5039 3026 5093 in
3056 5043 3312 5096 extremo
3360 5035 3627 5093 examine
3664 5036 3756 5091 di-

2108 5129 2318 5185 stricta
2351 5127 2555 5183 ultioni
2586 5128 2903 5198 subjaceat.
2928 5128 3166 5185 Cunctis
3190 5131 3382 5183 autem
3411 5125 3532 5181 hac
3553 5125 3754 5181 obser-

2107 5218 2398 5288 vantibus,
2432 5223 2488 5272 et
2512 5217 2808 5289 prafatam
2831 5217 2894 5272 B.
2928 5216 3446 5273 Jacobiecclesiam
3477 5230 3757 5270 veneran-

2108 5309 2286 5375 tibus,
2323 5308 2394 5362 sit
2429 5324 2536 5379 pax
2568 5305 2795 5360 Domini
2828 5307 3008 5362 nostri
3035 5307 3174 5362 Jesu
3193 5305 3425 5375 Christi,
3460 5308 3754 5377 quatenus

2107 5403 2162 5454 et
2193 5398 2285 5452 hic
2323 5398 2572 5452 l’ructum
2609 5396 2769 5450 bona
2819 5395 3063 5451 actionis
3111 5395 3458 5468 percipiant,
3507 5396 3564 5450 et
3595 5392 3754 5464 apud

2106 5485 2437 5542 districtum
2462 5483 2722 5557 judicem
2738 5485 3222 5556 pramiaaterna
3257 5480 3751 5557 pacisinveniant.

2104 5579 2307 5645 Amen,
2341 5591 2534 5644 amen,
2569 5588 2760 5629 amen.

424 5692 534 5764 (39)
566 5689 790 5748 Passim
825 5690 930 5747 Ilia
958 5687 1042 5745 vel
1076 5687 1224 5742 Hilz'a
1281 5682 1576 5749 scribitur,
1636 5698 1762 5752 qua
1821 5683 1933 5738 [ria
1974 5682 2124 5742 sicut
2153 5688 2210 5741 et
2239 5685 2494 5748 Irienses,
2526 5679 2611 5736 vel
2657 5682 2859 5752 portus
2903 5683 3175 5751 menses),
3207 5679 3267 5736 in
3311 5679 3512 5737 eodem
3554 5677 3752 5734 codice

355 5764 708 5823 nominatur.
