3950 6398
131 462 240 527 ιιι

1297 455 1705 522 ΕΡΙΒΤΟῙλᾹΞ
1747 453 1848 518 ET
1888 451 2363 517 PRIVILEGIA.

3414 426 3534 514 iis

197 597 416 654 Datum
447 591 602 668 apud
631 591 920 650 Privatam
953 592 1058 668 (40)
1089 592 1368 668 oppidum
1399 608 1502 666 per
1532 607 1774 647 manum
1803 587 1860 656 Α
1887 559 2066 644 Nonis
2115 584 2470 654 Decembris,
2516 581 2833 642 indictione
2879 602 2966 651 ιιι,
3018 602 3170 642 anno
3221 585 3531 644 Dominicis

129 686 397 753 Joannis,
431 688 642 742 sancta!
673 685 947 740 Romanae
969 683 1234 740 Ecclesiae
1267 682 1493 740 diaconi
1518 681 1779 738 cardina-

129 774 222 843 lis,
255 774 442 831 Nonis
478 773 827 842 Decembris,
870 772 1187 830 indictione
1232 773 1423 842 tertia,
1475 788 1628 826 anno
1668 770 1778 825 Do-

131 863 362 920 minicaa
387 861 808 919 Incarnationis
839 861 979 917 1095
1008 862 1141 934 (41),
1175 861 1550 934 pontiﬁcatus
1581 863 1778 914 autem

130 952 353 1009 domini
380 951 599 1008 Urbani
627 951 867 1008 secundi
899 967 1060 1026 papae
1088 967 1209 1006 vm.

824 1074 1093 1130 CLXVII.

135 1163 342 1222 Urbani
371 1165 424 1221 ΙΙ
465 1164 691 1230 epistola
739 1163 808 1220 ad
850 1165 1129 1230 Hugonem
1175 1162 1586 1219 Cluniacensem
1614 1163 1779 1218 abba-

200 1244 331 1292 tem.
356 1266 426 1276 --
459 1235 904 1290 Ctuniucensibus
934 1236 1214 1290 monachis
1244 1235 1564 1305 facultatem
1590 1235 1784 1289 tribuit

201 1307 485 1378 αἰωνίοιβί
514 1306 749 1361 decimas
786 1306 1058 1360 retinendi
1095 1322 1213 1377 quae
1258 1307 1433 1378 pretio
1473 1321 1784 1378 comparas—

200 1381 321 1432 sent
349 1381 400 1432 et
425 1377 662 1432 decimas
691 1393 721 1431 θ
745 1393 917 1432 manu
947 1376 1214 1433 (uicorum
1261 1376 1599 1432 retrahendi'
1616 1379 1665 1432 si
1710 1393 1784 1431 se-

199 1449 446 1504 cundum
467 1450 639 1504 Deum
666 1450 793 1518 ﬁeri
815 1449 1001 1519 possit.

756 1536 941 1607 (Anno
973 1537 1155 1607 1095.)

441 1626 531 1697 [D.
564 1625 856 1694 Bououe'r,
887 1627 1124 1694 Reweil,
1157 1627 1304 1694 XIV,
1333 1627 1483 1697 716.]

203 1745 490 1803 Unemus
521 1747 850 1819 episCOpus,
888 1764 1090 1803 servus
1122 1765 1419 1804 servorum
1452 1749 1574 1817 Dei,
1609 1765 1784 1805 vene-

132 1833 306 1891 rabili
336 1834 502 1890 fratri
535 1835 782 1903 HUGONI,
823 1834 1188 1892 Cluniacensi
1238 1837 1454 1906 abbati,
1489 1841 1544 1892 et
1594 1838 1784 1894 fratri-

132 1925 246 2023 bus
279 1924 550 2023 sub‘ejus
574 1923 863 2023 regimine
884 1925 1242 1992 constitutis,
1267 1926 1516 1982 salutem
1549 1933 1786 2000 etapos-
1818 1958 1866 2023 B

134 2012 376 2070 tolicam
406 2011 891 2068 benedictionem.

207 2100 378 2158 Sedis
403 2099 730 2172 apostolicae
751 2101 1085 2174 benignitas
1108 2103 1265 2158 omni
1289 2111 1516 2176 semper
1534 2108 1791 2176 tempore

134 2188 441 2246 consuevit
456 2187 555 2244 Dei
569 2205 766 2244 servos
789 2193 1070 2262 tanquam
1095 2194 1281 2245 mater
1299 2188 1450 2247 ﬁlios
1467 2192 1788 2261 confovere,

134 2283 194 2334 et
223 2279 283 2334 in
314 2278 853 2351 perturbationibus
876 2279 1083 2351 positis
1116 2280 1530 2336 consolationis
1549 2299 1790 2338 manum

137 2367 456 2424 clementer
500 2367 882 2439 alacriterque
930 2367 1241 2441 porrigere.
1277 2369 1423 2434 Quia
1463 2369 1645 2443 igitur
1689 2388 1793 2443 per

137 2456 562 2529 omnipotentis
612 2457 706 2512 Dei
757 2458 1007 2530 gratiam
1049 2458 1173 2528 jam
1216 2457 1314 2512 diu
1359 2458 1529 2532 longe
1563 2459 1792 2532 lateque

139 2545 423 2618 religione
471 2545 762 2618 praecipua
817 2546 1118 2614 ﬁoruistis,
1179 2551 1235 2602 et
1290 2547 1453 2602 bona:
1502 2549 1792 2620 opinionis

140 2635 320 2692 odore
341 2633 627 2708 plurimos
658 2634 1012 2706 aspcrsistis,
1030 2634 1272 2706 dignum
1297 2635 1466 2690 nobis
1497 2643 1586 2692 est
1613 2637 1792 2708 quieti

138 2727 347 2780 vestrae
380 2723 439 2778 in
471 2727 765 2795 posterum
799 2722 1116 2795 providere,
1146 2727 1202 2780 et
1219 2728 1418 2780 contra
1448 2725 1792 2781 aemulorum

141 2812 564 2868 insectationes
593 2812 948 2868 monasterio
979 2816 1189 2882 vestro,
1223 2817 1343 2868 tam
1392 2815 1566 2886 capiti
1617 2831 1792 2887 quam

143 2899 725 2973 membris,clypeum
742 2900 1070 2973 apostolicae
1083 2903 1358 2974 protectio
1370 2903 1459 2959 nis
1481 2920 1790 2975 opponere.

143 2988 458 3045 Praesentis
490 2989 687 3060 itaque
739 2989 950 3044 decreti
997 2990 1337 3046 auctoritate
1385 2993 1684 3048 sancimus
1731 2996 1796 3047 ut

143 3078 291 3135 nulli
309 3079 586 3150 deinceps
599 3077 1004 3151 episcoporum
1023 3079 1271 3136 facultas
1294 3080 1368 3136 sit
1389 3099 1492 3153 pro
1510 3081 1795 3138 altaribus

143 3173 203 3224 et
229 3167 493 3224 ecclesiis
519 3168 638 3223 sive
662 3167 905 3224 decimis
933 3185 1082 3240 quas
1111 3173 1243 3224 ante
1272 3168 1578 3226 interdicta
1600 3176 1798 3227 nostra

1885 676 2308 733 Incarnationis
2340 675 2497 741 1095,
2521 675 2896 748 pontiﬁcatus
2921 693 3052 733 vero
3083 676 3284 732 domui
3318 675 3535 735 Urbani

1887 766 1931 823 Il
1966 782 2125 839 papae
2157 783 2277 822 vm.

2573 854 2858 913 CLXVIII.

1888 943 2402 1027 Diplomaﬂrbqni
2431 946 2479 1030 II
2499 961 2677 1030 pqu,
2701 961 2818 1030 'quo
2846 946 3145 1030 priuilegiq
3178 955 3230 1002 et
3259 949 3398 1030 bene
3427 967 3537 1006 om-

2111 1017 2207 1070 nia
2235 1016 2512 1086 priami-us
2543 1016 2980 1072 Marci-niacénsis
3009 1016 3312 1088 conﬁrmat.

2513 1106 2700 1176 (Anno
2734 1105 2917 1176 1095.)

2055 1193 2414 1265 [Bibliotheca
2437 1194 2832 1262 Cluniacensis,
2860 1197 3146 1268 Append.,
3181 1213 3236 1269 p.
3268 1197 3382 1268 86.]

1963 1299 2261 1364 Unnmus,
2295 1317 2496 1355 servus
2540 1318 2838 1357 servorum
2888 1302 3008 1368 Dei,
3067 1303 3538 1360 Marciniasensls

1893 1388 2705 1445 ccenobiisanctimonialibus
2757 1390 3006 1446 salutem
3059 1396 3114 1448 et
3155 1392 3536 1465 apostolicam

1891 1478 2370 1533 benedictionem.

1963 1567 2044 1621 Ad
2075 1567 2185 1622 hoc
2218 1585 2341 1636 nos,
2367 1568 2709 1641 disponente
2745 1567 3012 1636 Domino,
3039 1571 3097 1626 in
3112 1571 3439 1643 apostolicae
3454 1585 3540 1628 se-

1893 1654 1984 1711 dis
1999 1656 2295 1712 servitium
2319 1661 2616 1729 promotos
2634 1658 3238 1730 agnoscimus,utejus
3255 1661 3539 1717 auxilium

1894 1744 2346 1818 implorantibus
2377 1746 2686 1802 efﬁcaciter
2707 1748 3095 1815 subvenire,et
3126 1749 3174 1804 ei
3207 1751 3541 1806 obedientes

1894 1833 2043 1888 tueri
2076 1851 2140 1890 ac
2173 1839 2492 1907 protegere,
2526 1840 2698 1906 prout
2728 1835 3012 1892 Dominus
3043 1838 3286 1906 dederit,
3329 1839 3541 1895 debea-

1895 1922 2218 1978 mus.Unde
2241 1928 2465 1990 oportet
2487 1941 2592 1978 nos
2623 1925 3052 1981 venerabilibus
3070 1925 3212 1980 locis
3236 1927 3542 1998 protectio-

1900 2011 1991 2067 nis
2025 2028 2267 2067 manum
2311 2013 2624 2085 porrigere,
2660 2018 2718 2068 et
2767 2015 2882 2069 Deo
2936 2014 3313 2071 servientium
3364 2016 3545 2088 quieti

1901 2101 2178 2155 attentius
2210 2101 2527 2173 providere.
2565 2102 2748 2174 Igitur
2788 2109 2907 2158 tam
2935 2121 3037 2176 pro
3085 2109 3279 2160 vestra
3309 2104 3546 2176 speciali

1902 2189 2178 2262 religione
2193 2208 2367 2262 quam
2388 2208 2490 2263 pro
2509 2191 2857 2247 venerabilis
2873 2192 3066 2247 fratris
3083 2193 3262 2248 nostri
3283 2193 3546 2266 Hugonis

1900 2277 2301 2334 Cluniacensis
2331 2280 2558 2335 abbatis
2593 2280 2917 2350 dilectione,
2940 2281 3011 2336 ad
3046 2283 3217 2353 cujus
3248 2299 3449 2338 curam
3481 2297 3550 2338 ex

1901 2365 2301 2421 Cluniacensis
2355 2369 2600 2423 cmnobii
2641 2369 2775 2441 jure
2819 2369 2984 2425 locus
3040 2375 3230 2426 vester
3274 2372 3546 2443 pertinet,

1902 2456 2130 2521 vestris,
2173 2456 2301 2511 ﬁliae
2332 2457 2390 2510 in
2439 2457 2668 2513 Christo
2716 2458 3095 2526 charissimae,
3131 2460 3403 2532 precibus
3443 2477 3546 2515 an-

1903 2549 2170 2607 nuentes,
2214 2545 2635 2601 monasterium
2679 2551 2936 2601 vestrum
2983 2549 3284 2620 praesentis
3333 2547 3548 2603 decreti

1903 2633 2243 2689 auctoritate
2259 2634 2913 2691 munimus.Statuimus
2945 2636 3101 2692 enim
3131 2640 3193 2692 ut
3214 2635 3550 2709 quicunque

1901 2721 2073 2777 hodie
2093 2723 2244 2778 idem
2265 2723 2755 2795 coenobiumjuste
2779 2724 3183 2796 possidet,sive
3202 2725 3259 2779 in
3284 2725 3550 2781 futurum

1904 2813 2278 2868 concessione
2345 2814 2711 2886 pontiﬁcum,
2785 2813 3130 2870 liberalitate
3197 2813 3550 2900 principum,

1905 2900 2198 2956 oblatione
2234 2902 2490 2957 ﬁdelium
2518 2904 2678 2974 juste
2710 2907 2882 2975 atque
2913 2903 3188 2958 canonice
3219 2903 3406 2975 possit
3429 2903 3552 2959 adi-

1904 2989 2069 3062 pisci,
2100 2991 2257 3048 vocis
2305 2992 2463 3047 etiis
2496 2991 2595 3064 qui
2647 2997 2778 3065 post
2823 3009 2924 3046 vos
2977 2992 3031 3046 in
3084 2991 3208 3047 loco
3254 2992 3455 3048 eodem
3487 3009 3554 3048 ac

1907 3079 2183 3152 religione
2217 3081 2624 3146 successerint,
2653 3081 2824 3136 ﬁrma
2853 3097 3084 3152 semper
3104 3083 3161 3136 et
3182 3080 3406 3137 illibata
3425 3098 3553 3153 per-

1907 3171 2274 3224 maneant.ln
2293 3169 2640 3242 quibushmc
2655 3169 2906 3242 propriis
2924 3170 3261 3226 nominibus
3281 3170 3556 3226 duximus

142 3256 233 3313 vel
265 3274 428 3330 papae
452 3255 712 3329 Gregorii
735 3256 898 3312 vobis
915 3257 1146 3330 cognita
1169 3259 1640 3331 possedistis,seu
1666 3264 1797 3333 post
1834 3325 1867 3333 _
1906 3259 2301 3332 exprimenda.
2337 3261 2399 3314 In
2429 3258 2763 3331 episcopatu
2788 3259 3284 3332 Augustodinensi
3313 3259 3558 3316 ecclesia

147 3346 558 3419 episcoporum
577 3345 950 3402 concessione
970 3347 1322 3419 acquisistis,
1345 3364 1655 3420 gravamen
1689 3349 1793 3405 ali-
1825 3325 1868 3393 (ἶ
1908 3348 1978 3403 de
2001 3347 2308 3416 Varennis,
2352 3348 2421 3403 de
2453 3348 2661 3404 Briano
2692 3352 2749 3403 et
2783 3349 2854 3403 de
2904 3348 3154 3416 Sarorio,
3191 3349 3260 3404 de
3290 3349 3554 3422 Begiaco,

151 3435 306 3508 quod
355 3437 459 3490 aut
512 3433 842 3490 molestiam
894 3436 1195 3508 irrogare;
1229 3438 1328 3492 sed
1388 3437 1538 3492 sicut
1593 3455 1796 3494 eorum

151 3523 555 3596 permissione,
587 3524 854 3595 quaedam
885 3540 954 3579 ex
984 3527 1166 3596 parte,
1184 3525 1449 3597 quaedam
1474 3542 1542 3581 ex
1573 3526 1798 3599 integro

151 3612 465 3678 habuistis,
505 3611 588 3667 ita
640 3616 707 3667 ut
763 3612 822 3667 in
881 3613 1145 3668 futurum
1204 3615 1534 3685 perenniter
1592 3615 1800 3671 habea-

149 3702 224 3758 tis
254 3701 708 3774 (41").Ipsarum
757 3718 986 3774 quoque
1018 3719 1163 3774 quas
1215 3720 1328 3758 non
1361 3705 1588 3760 habetis
1619 3705 1799 3760 eccle-

149 3791 368 3847 siarum
401 3790 816 3862 decimas,quae
851 3808 884 3845 a
912 3789 1079 3845 laicis
1109 3791 1466 3861 obtinentur,
1501 3793 1547 3847 si
1592 3809 1799 3848 secun-

149 3881 292 3935 dum
349 3883 535 3935 Deum
597 3895 797 3934 eorum
855 3879 1128 3951 potestati
1194 3880 1537 3936 subtrahere
1597 3886 1799 3938 vestrae

149 3967 450 4042 religionis
478 3967 798 4024 reverentia
825 3969 1179 4040 potuerit,ad
1209 3973 1464 4024 vestram
1497 3975 1554 4026 et
1586 3989 1799 4044 paupe-

147 4074 279 4112 rum
318 4056 800 4130 gubernationem
848 4057 1014 4112 vobis
1074 4057 1243 4112 liceat
1292 4059 1612 4130 possidere.
1673 4060 1799 4114 Haec

147 4146 346 4202 omnia
376 4150 442 4200 ut
471 4146 709 4201 omnino
736 4147 906 4200 ﬁrma
930 4150 986 4201 et
1016 4145 1300 4201 immobili
1334 4147 1650 4202 stabilitate
1679 4166 1801 4221 per-

148 4235 382 4303 sistant,
406 4233 820 4306 omnipotentis
842 4235 1053 4302 Patris,
1077 4239 1133 4290 et
1164 4234 1290 4290 Filii
1323 4241 1377 4291 et
1399 4235 1650 4308 Spiritus
1671 4255 1802 4293 san-

147 4325 221 4380 cti
253 4326 540 4396 potestate
572 4327 631 4378 et
661 4322 980 4395 apostolica
996 4324 1337 4380 auctoritate
1358 4325 1796 4382 conﬁrmamus.

147 4413 206 4470 Si
237 4413 374 4485 quis
399 4428 536 4468 vero
567 4413 780 4468 decreti
803 4412 1802 4487 hujustenoreagnito,pertinaciter

149 4503 200 4558 ei
229 4501 464 4559 obviare
494 4501 954 4575 praesumpserit,
1005 4502 1268 4573 ejusdem
1327 4503 1516 4559 Patris
1573 4508 1628 4558 et
1674 4503 1802 4559 Filii

149 4589 668 4664 apostolorumque
720 4591 850 4662 ejus
896 4590 1360 4662 indignationem
1411 4591 1684 4660 inveniat,
1747 4596 1804 4648 et

1908 3437 1980 3491 de
2023 3436 2407 3504 Camboliaco,
2456 3435 2758 3490 ecclesiam
2801 3437 2857 3492 S.
2892 3436 3117 3504 Nicetii,
3171 3442 3226 3490 S.
3286 3436 3463 3505 Fidei,
3495 3437 3553 3493 S.

1908 3525 2267 3592 Christofori,
2299 3527 2357 3581 S.
2394 3525 2747 3596 Leodegarii,
2775 3526 2833 3580 S.
2867 3525 3056 3579 Maria:
3079 3542 3145 3579 ex
3169 3525 3380 3598 oppido
3401 3529 3558 3580 Sem-

1911 3632 2098 3684 muro,
2133 3632 2264 3669 cum
2309 3613 2550 3669 decimis
2599 3617 2654 3668 et
2693 3613 3038 3668 coemeteriis
3079 3615 3201 3668 suis
3237 3631 3249 3668 :
3286 3619 3557 3685 quartam

1911 3709 2133 3777 partem
2164 3702 2418 3759 ecclesia:
2466 3703 2524 3757 S.
2560 3700 2793 3757 Martini
2847 3706 3007 3757 extra
3055 3702 3454 3758 Semmurum.
3490 3707 3557 3757 In

1910 3792 2246 3866 episcopatu
2305 3791 2712 3846 Matisconensi
2757 3790 3058 3844 ecclesiam
3109 3791 3166 3846 S.
3227 3790 3446 3846 Jacobi.
3495 3790 3558 3846 In

1909 3880 2284 3954 Lugdunensi
2311 3879 2680 3934 medietatem
2711 3877 2857 3933 villae
2874 3877 3133 3946 Vitriaci,
3167 3875 3468 3933 ecclesiam
3497 3878 3556 3934 S.

1910 3971 2160 4036 Martini,
2194 3968 2498 4024 ecclesiam
2531 3972 2586 4022 S.
2622 3965 2942 4035 Reveriani,
2978 3967 3131 4038 apud
3173 3966 3556 4033 Brianonum,

1911 4059 2217 4114 ecclesiam
2246 4057 2304 4112 S.
2340 4055 2896 4129 Romani,capellam
2930 4056 3000 4111 de
3041 4054 3314 4123 Celerius,
3342 4059 3560 4110 terram

1912 4148 2172 4221 Hugouis
2197 4147 2482 4216 Letbaldi,
2516 4164 2648 4202 cum
2675 4145 2807 4202 aliis
2830 4145 3183 4218 quibusdam
3203 4145 3356 4216 apud
3375 4144 3563 4201 Casio-

1911 4243 2057 4293 tum.
2095 4238 2154 4292 In
2186 4237 2522 4309 episcopatu
2555 4233 2919 4304 Arvernensi,
2973 4233 3278 4290 ecclesiam
3322 4234 3376 4287 S.
3410 4233 3562 4288 Petri

2013 4327 2288 4393 Lodda,S.
2323 4324 2608 4380 Vincentii
2643 4324 2712 4378 de
2765 4323 3016 4378 Lodessa
3061 4340 3191 4378 cum
3233 4321 3477 4378 decimis
3508 4327 3564 4377 et

1907 4403 2264 4483 'stiteriis,
2299 4412 2588 4470 S.Nicolai
2620 4413 2690 4467 ad
2715 4413 2858 4467 Tres
2890 4413 3188 4467 Fontesln
3223 4411 3562 4484 episcopatu

1911 4503 2109 4558 Diensi
2141 4504 2294 4576 apud
2327 4503 2608 4576 oppidum
2663 4519 2764 4555 seu
2819 4501 3177 4556 territorium
3229 4501 3299 4556 de
3347 4499 3560 4569 Orello,

1911 4590 2184 4647 ecclesias
2235 4596 2502 4662 quatuor.
2539 4590 2600 4644 In
2639 4587 2946 4644 Valentino
2992 4589 3331 4660 episcopatu
3380 4588 3560 4643 eccle-

149 4681 333 4738 sancti
367 4680 627 4754 Spiritus
659 4679 854 4754 gladio
886 4679 1164 4748 feriatur;
1199 4681 1426 4736 cunctis
1461 4687 1655 4736 autem
1699 4698 1801 4738 vos
1834 4695 1880 4759 ι)
1911 4681 2055 4738 siam
2105 4681 2162 4736 S.
2198 4679 2474 4752 Stephani
2518 4679 2588 4734 de
2635 4677 2916 4734 Balmam.
2955 4677 3015 4731 In
3062 4677 3342 4731 comitatu
3389 4675 3561 4731 Bear-

149 4787 214 4828 ac
242 4774 436 4826 vestra
466 4769 793 4826 foventibus
825 4767 1246 4834 misericordia,
1279 4785 1390 4841 pax
1421 4773 1478 4824 et
1508 4769 1697 4842 gratia
1727 4772 1797 4826 ab

146 4861 397 4916 Auctore
427 4860 694 4915 omnium
726 4859 786 4913 in
819 4861 1101 4931 perpetua
1132 4857 1342 4914 saecula
1373 4858 1719 4915 conferatur.

215 4952 428 5005 Datum
489 4949 642 5022 apud
701 4947 991 5004 Brivatam
1037 4947 1341 5020 oppidum,
1397 4965 1500 5020 per
1555 4966 1798 5005 manum

146 5037 394 5095 Joannis
411 5041 620 5093 sanctae
638 5036 909 5093 Romanae
935 5035 1200 5092 Ecclesiae
1219 5035 1445 5092 diaconi
1463 5036 1798 5106 cardinalis,

218 5178 678 5250 (lim-Privatam
706 5177 838 5235 aliis
867 5177 1100 5245 dicitur,
1133 5178 1193 5232 in
1231 5177 1570 5234 Vavariensi
1601 5178 1798 5234 Galliae

153 5248 391 5332 tractat
422 5248 764 5332 nonulo‘nge
793 5267 828 5306 a
857 5249 1158 5332 Rhodano.
1199 5321 1208 5330 _
1234 5321 1247 5332 ς
1389 5319 1424 5332 η
1513 5320 1523 5331 _

222 5321 334 5446 S41)
367 5319 435 5402 In
462 5319 759 5377 codicibus
787 5339 933 5404 quos
969 5320 1127 5404 omibi
1159 5321 1362 5400 videre.
1389 5319 1574 5386 licuit,
1609 5338 1800 5376 annus

155 5391 220 5448 Η
257 5393 293 5447 6
323 5395 579 5463 scriptus
615 5397 1081 5463 :corruptxssnme
1099 5392 1203 5446 abs
1226 5392 1423 5457 dubio,
1458 5408 1590 5446 cum
1627 5391 1802 5446 Urba-

155 5479 264 5518 nus
297 5467 436 5521 ante
465 5479 598 5518 ann.
637 5465 774 5519 1100
803 5463 1112 5520 defunctus
1143 5463 1238 5518 sit.
1276 5463 1486 5518 Inversi
1519 5480 1654 5534 ergo
1688 5480 1800 5517 nu.

155 5535 304 5591 meri
348 5551 420 5591 cx
451 5551 557 5605 pro
591 5551 680 5604 xc,
730 5540 788 5592 et
831 5552 947 5590 non
995 5553 1074 5601 v1,
1123 5535 1226 5590 sed
1269 5553 1325 5598 v,
1361 5535 1686 5598 addend-us,
1737 5539 1803 5590 ut

153 5606 232 5662 sit
280 5622 420 5662 ann.
464 5606 781 5679 4095,,qui
824 5607 985 5662 solus
1030 5624 1098 5662 ex
1147 5605 1440 5679 adiunctis
1497 5605 1798 5673 evincitur,

152 5693 364 5748 nempe
394 5693 462 5732 ex
492 5677 1192 5746 concilfClaromontano,
1226 5695 1295 5733 ex
1325 5678 1523 5734 indict.
1560 5695 1620 5734 ιιι
1652 5681 1708 5733 et
1733 5694 1802 5732 ex

151 5754 354 5806 octavo
406 5749 781 5820 pontiﬁcatus
829 5750 975 5821 ejus,
1025 5750 1125 5821 qui
1174 5767 1326 5806 anno
1379 5751 1534 5818 1088,
1585 5749 1676 5806 die
1734 5751 1797 5804 12

1910 4769 2102 4836 densi,
2132 4767 2438 4824 ecclesiam
2471 4768 2528 4822 S.
2564 4766 2745 4833 Fidei,
2768 4765 2919 4839 apud
2948 4763 3147 4819 villam
3178 4781 3302 4835 quae
3348 4763 3563 4818 dicitur

1909 4858 2215 4914 Furcas.Iu
2248 4856 2583 4928 episcopatu
2608 4854 2952 4911 Pictaviensi
2997 4852 3271 4910 ecclesias
3296 4853 3466 4907 duas.
3499 4853 3562 4907 In

1910 4946 2295 5003 Sanctonensi
2345 4944 2651 5001 ecclesiam
2703 4945 2773 5000 de
2804 4945 3086 5000 Montoso.
3131 4942 3193 4998 In
3241 4940 3561 5009 Leodiensi,

1908 5035 2042 5091 villa
2076 5035 2430 5107 quaadicitur
2448 5032 2712 5105 Argules,
2743 5051 2876 5089 cum
2931 5032 3178 5090 ecclesia
3207 5036 3264 5088 et
3293 5031 3561 5088 decimis.

1910 5177 2102 5234 Martii
2131 5177 2466 5233 cathedram
2499 5176 2782 5231 ascendit.

1981 5249 2119 5318 (ἄν)
2160 5248 2449 5303 Nimirum
2500 5246 2749 5303 recentis
2810 5245 3040 5318 concilii
3088 5245 3565 5318 Placentini__ca-

1911 5316 2060 5373 none
2091 5316 2124 5373 2
2157 5319 2443 5375 sancitum
2476 5328 2618 5385 erat,
2655 5317 3014 5388 quidquidin
3046 5317 3228 5372 sacris
3255 5316 3564 5388 ordinibus

1911 5391 1996 5445 vel
2048 5391 2104 5445 in
2159 5391 2567 5446 ecclesiasticis
2601 5386 2933 5460 rebus,r'vel
2961 5387 3095 5443 data
3135 5388 3223 5442 vel
3275 5387 3566 5460 promissa

1914 5463 2180 5534 pecunia,
2210 5463 2562 5534 acquisitum
2593 5459 2940 5534 est,irritum
2972 5463 3189 5534 esseet
3219 5458 3412 5515 nullas
3457 5475 3562 5534 un-

1911 5530 2089 5605 quam
2129 5534 2276 5590 vires
2297 5530 2588 5590 'obtinere.
2622 5531 3268 5605 lndegperturba‘tiones
3317 5530 3562 5605 quas__ab

1912 5601 2596 5685 episcopis-patiebantur
2613 5601 3050 5685 pluuiacenses,
3081 5603 3414 5685 quibusque
3440 5601 3562 5685 dig-

1912 5675 2055 5759 num
2088 5675 2250 5732 duxit
2285 5678 2546 5735 Urbanus
2577 5676 2843 5749 clypeum
2877 5675 3204 5748 apostolicae
3248 5675 3555 5748 protectio-

1914 5765 2008 5804 ωε
2044 5765 2353 5823 opponere.
