3950 6374
453 395 572 459 443

1683 431 1687 436 -
1769 389 1840 454 Β.
1887 387 2180 456 UBBANI
2224 387 2278 454 ῙΙ
2323 390 2569 455 ΡΑΡιΕ.

3733 385 3858 462 4-H

451 536 511 590 et
537 530 713 591 aliam
743 547 874 607 quas
903 528 1116 588 dicitur
1143 526 1508 600 Raicampas.
1534 528 1595 583 In
1617 521 2092 598 Rothomagensi,
2125 524 2179 593 Α
2210 522 2380 582 nobio
2404 524 2813 600 Angeriacensi
2837 522 3294 600 subjectum,sed
3317 539 3628 598 pravorum
3651 539 3860 583 mona-

451 623 652 681 villam
682 641 809 697 quae
860 621 1076 679 dicitur
1103 617 1475 693 Aqua-Bella.
1521 620 1584 672 In
1643 611 2100 688 Petragoricensi

453 731 691 771 mansos
723 712 1058 786 quindecim
1077 708 1401 783 Agilmodis
1418 704 1884 780 priorissaz,apud
1905 701 2099 757 villam

453 805 843 861 Maurensem.
872 802 933 857 In
963 798 1321 866 Caturcensi,
1352 796 1655 852 ecclesiam
1691 792 1886 849 Sancti
1916 795 2097 868 Cons-

452 894 645 949 tantii.
693 893 756 947 In
796 891 1097 946 Vivarensi
1135 886 1462 961 [Vaurensi]
1513 885 1874 957 episcopatu,
1927 879 2097 936 villas

450 987 591 1048 tres,
624 981 851 1046 Villeta,
875 979 1062 1045 Atald,
1097 977 1359 1050 Glangla,
1385 991 1519 1030 cum
1547 972 1833 1029 universis
1863 986 2094 1042 posses-

451 1072 717 1128 sionibus
747 1075 804 1126 et
843 1068 1205 1142 appendiciis
1238 1066 1380 1122 suis.
1417 1065 1698 1119 Pristerea
1727 1059 2094 1115 decernimus

454 1165 522 1216 ut
545 1159 692 1216 nulli
713 1159 951 1215 omnino
981 1157 1287 1212 hominum
1307 1154 1477 1209 liceat
1498 1152 1764 1208 eamdem
1787 1147 2092 1203 ecclesiam

448 1252 665 1305 temere
712 1249 1073 1321 perturbare,
1092 1251 1192 1300 aut
1220 1245 1347 1315 ejus
1394 1239 1794 1314 possessiones
1846 1236 2089 1303 auferre,

448 1342 551 1393 aut
571 1337 795 1392 ablatas
827 1335 1094 1401 retinere,
1128 1332 1408 1397 minuere,
1439 1329 1527 1385 vel
1567 1324 1892 1383 temerariis
1922 1341 2088 1379 vexa-

447 1426 707 1481 tionibus
737 1424 979 1496 fatigare
1005 1441 1016 1477 :
1050 1422 1150 1477 sed
1181 1419 1377 1476 omnia
1407 1419 1632 1490 integra
1674 1417 2092 1471 conserventur

445 1530 668 1579 earum,
702 1529 802 1583 pro
832 1527 1081 1583 quarum
1112 1507 1535 1565 sustentatione
1569 1522 1635 1562 ac
1674 1501 2092 1577 gubernatione

444 1618 722 1657 concessa
761 1604 919 1671 sunt,
952 1599 1160 1656 usibus
1191 1595 1546 1654 omnimodis
1575 1593 1899 1666 profutura,
1933 1589 2092 1646 salva

443 1690 502 1744 in
526 1689 803 1747 omnibus
826 1689 1021 1744 debita
1042 1687 1321 1744 abbatum
1341 1682 1813 1739 Cluniacensium
1833 1695 2091 1735 reveren-

441 1778 922 1852 tiaSepulturam
955 1776 1217 1847 ejusdem
1249 1773 1359 1830 loci
1409 1773 1647 1828 omnino
1685 1770 1929 1825 liberam
1961 1783 2089 1822 esse

445 1869 764 1938 sancimus,
799 1872 864 1922 ut
891 1882 1090 1922 eorum
1118 1862 1350 1934 quiillic
1366 1859 1596 1933 sepeliri
1620 1856 2085 1923 deliberaverint,
2120 1890 2168 1955 Β

443 1957 735 2014 devotioni
766 1960 822 2012 et
848 1960 1116 2012 extremae
1166 1950 1471 2015 voluntati,
1515 1948 1626 2003 nisi
1680 1947 1824 2001 forte
1861 1961 2089 1999 excom-

443 2047 726 2103 municati
761 2046 898 2111 sint,
928 2044 1128 2099 nullus
1155 2038 1545 2097 obsistat.Hoc
1567 2053 1797 2107 quoque
1820 2032 2088 2105 praesnti

443 2135 699 2210 capitulo
730 2131 1150 2206 subjungimus
1180 2136 1245 2185 ut
1275 2128 1420 2184 nulli
1446 2128 1571 2198 jam
1595 2125 1765 2180 liceat
1780 2138 2092 2195 congrega-

443 2227 585 2283 tioni
616 2228 816 2280 vestrae
840 2222 926 2278 vel
947 2215 1573 2277 excommunicationis
1589 2230 1900 2287 gravamen
1921 2211 2086 2266 infer-

443 2333 524 2385 re,
557 2314 645 2370 vel
676 2313 936 2370 divinum
969 2309 1227 2366 ofﬁcium
1261 2305 1622 2370 interdicere,
1657 2302 1967 2374 sepulturae
1990 2302 2088 2356 de-

443 2406 630 2461 bitum
660 2401 986 2476 prohibere,
1003 2402 1103 2454 aut
1117 2395 1408 2452 interdicti
1422 2392 1736 2465 cujuslibet
1757 2390 2087 2447 molestiam

443 2495 698 2568 irrogare
733 2507 746 2545 ε
780 2490 917 2563 quia
947 2504 1049 2560 pro
1099 2485 1198 2541 Dei
1238 2485 1448 2539 timore
1498 2482 1726 2547 clausae,
1777 2484 1835 2536 et
1877 2479 2088 2535 saeculo

433 2585 558 2655 jam
590 2580 732 2637 estis
760 2581 1055 2642 emortum,
1090 2577 1378 2646 quatenus
1409 2572 1480 2626 ab
1529 2569 1688 2626 omni
1718 2568 2087 2625 infestatione

441 2666 1021 2741 securae,gravamine
1051 2663 1361 2718 mundanis
1394 2659 1788 2732 oppressionis
1829 2661 2085 2725 remotae,

440 2761 512 2816 ad
543 2757 743 2814 aeterni
788 2753 1000 2828 Sponsi
1040 2767 1270 2823 semper
1312 2746 1751 2805 desiderabilem
1799 2746 2082 2802 visionem

438 2847 620 2904 totius
667 2844 881 2901 mentis
925 2846 981 2896 et
1030 2841 1237 2896 animae
1267 2837 1491 2895 viribus
1537 2835 1840 2892 anheletis.
1875 2835 1934 2890 Si
1967 2852 2082 2907 qua

439 2952 580 2993 sane
609 2934 669 2990 in
686 2936 984 3006 posterum
1006 2927 1398 2985 ecclesiastica
1419 2924 1780 2982 saecularisve
1811 2940 2080 2996 persona,

436 3026 588 3080 hanc
622 3027 831 3078 nostra:
857 3017 1290 3076 constitutionis
1326 3015 1597 3088 paginam
1633 3013 1845 3081 sciens,
1880 3015 2083 3068 contra

436 3129 566 3169 eam
596 3109 1015 3166 temerevenire
1044 3104 1368 3171 tentaverit,
1389 3103 1644 3159 secundo
1661 3102 1898 3157 tertiove
1922 3117 2080 3156 com-

436 3199 731 3267 monita,si
766 3214 881 3253 non
927 3192 1320 3252 satisfactione
1365 3207 1622 3263 congrua
1664 3189 2076 3254 emendaverit,

434 3259 1122 3364 potestatis,honorisque
1144 3284 1234 3340 sui
1257 3259 1538 3356 dignitate
1561 3284 1773 3346 careat,
1799 3296 2075 3351 reamque
2105 3259 2147 3325 Ο

434 3395 495 3435 se
515 3378 706 3434 divino
719 3375 944 3449 judicio
974 3376 1045 3430 de
1065 3376 1393 3446 perpetrata
1412 3369 1720 3442 iniquitate
1742 3371 2075 3442 cognoscat,

432 3473 490 3524 et
523 3485 557 3523 a
585 3465 981 3524 sacratissimo
1013 3458 1736 3536 corporeacsanguineDei
1768 3462 1823 3512 et
1844 3455 2075 3512 Domini

431 3555 838 3630 Redemptoris
870 3553 1054 3609 nostri
1083 3552 1222 3609 Jesu
1263 3548 1476 3606 Christi
1529 3547 1718 3603 aliena
1768 3547 1887 3613 ﬁat,
1919 3562 1986 3600 ac
2017 3544 2074 3600 in

429 3649 688 3702 extremo
717 3643 984 3700 examine
1011 3640 1286 3696 districta:
1318 3635 1525 3693 ultioni
1565 3635 1882 3706 subjaceat.
1917 3633 2074 3689 Cun-

429 3735 540 3790 ctis
571 3737 766 3788 autem
798 3731 985 3786 eidem
1017 3729 1140 3784 loco
1164 3728 1328 3798 justa
1350 3723 1718 3781 servantibus
1741 3723 1817 3778 sit
1846 3723 2076 3795 paxDo-

429 3822 574 3878 mini
606 3820 790 3877 nostri
821 3820 960 3875 Jesu
991 3816 1226 3882 Christi,
1271 3818 1560 3886 quatenus
1608 3816 1665 3868 et
1696 3811 1789 3868 hic
1819 3813 2071 3868 fructum

429 3912 592 3966 home
626 3907 876 3964 actionis
907 3904 1253 3977 percipiant,
1285 3907 1342 3958 et
1369 3902 1520 3973 apud
1555 3900 1885 3957 districtum
1910 3901 2070 3973 judi-

430 4015 556 4054 cem
579 3997 818 4071 praemia
846 3999 1070 4050 (eterna:
1102 3992 1261 4065 pacis
1293 3991 1611 4046 inveniant.
1641 3996 1843 4058 Amen,
1877 4008 2069 4058 amen,

431 4105 622 4143 amen.
648 4084 993 4142 Benedictus
1023 4083 1177 4138 Deus
1210 4083 1377 4138 Pater
1425 4079 1652 4135 Domini
1701 4078 1883 4136 nostri
1928 4081 2070 4136 Jesu

427 4175 662 4232 Christi.
694 4176 898 4230 Amen.

500 4265 712 4319 Datum
745 4262 899 4336 apud
931 4261 1209 4333 oppidum
1247 4258 1441 4315 Sancti
1488 4258 1636 4314 Flori
1685 4275 1786 4330 per
1827 4276 2070 4336 manum

426 4352 692 4417 Joannis,
726 4357 782 4406 S.
837 4352 902 4406 R.
965 4352 1024 4406 E.
1081 4349 1306 4405 diaconi
1364 4347 1700 4417 cardinalis,
1761 4331 2065 4492 ἱηάῑετῳ,

429 4459 581 4492 anno
639 4439 950 4492 Dominicm
1009 4437 1429 4492 Incarnationis
1489 4437 1644 4492 1096.
1699 4437 1972 4492 nontifica
2000 4456 2065 4492 us

429 4459 581 4497 anno
639 4439 950 4497 Dominica:
1009 4437 1429 4494 Incarnationis
1489 4437 1644 4503 4096,
1697 4437 2070 4509 pontiﬁcaﬁis

428 4535 623 4587 autem
657 4528 855 4586 domni
891 4529 1106 4585 Urbani
1139 4527 1187 4583 II
1211 4544 1368 4599 papae
1399 4544 1520 4592 vm,
1552 4543 1626 4581 vn
1661 4526 1798 4581 Idus
1840 4527 2071 4583 Decem-

426 4620 568 4677 bris.

430 4799 635 4856 Urbani
665 4799 722 4853 ll
744 4814 899 4869 papae
931 4705 1644 4869 epz'slolcSLciliD:1depiaram
1680 4793 2068 4869 ilingoliamen-

496 4886 610 4925 sem
655 4863 985 4950 episcopum.
1023 4901 1085 4950 τ-
1122 4870 1186 4924 ω
1227 4865 1545 4950 monachos.
1674 4864 1947 4950 Eparcli'ii‘
1973 4881 2071 4950 per

495 4934 1071 4996 excom'nmnirationis
1099 4953 1387 4993 censuram
1417 4934 1630 4990 obedire
1663 4936 1948 5005 compellat
1973 4934 2068 4990 ab-

499 5013 614 5067 bali
642 5012 697 5066 S.
730 5015 955 5068 Joannis
985 5008 1419 5078 Angeriacensis.

1055 5083 1237 5149 (Anno
1270 5079 1451 5148 1095.)

641 5153 727 5226 [D.
761 5146 1071 5222 Bouous'r,
1092 5150 1328 5214 Recueil,
1360 5153 1403 5204 t.
1436 5146 1576 5213 XIV,
1620 5164 1676 5219 p.
1706 5147 1856 5221 717.]

497 5244 774 5300 URBANUS
804 5244 1134 5316 episcOpus,
1179 5255 1380 5294 servus
1421 5254 1720 5293 servorum
1755 5238 1869 5304 Dei,
1902 5256 2069 5295 vene-

426 5332 594 5387 rabili
625 5331 788 5386 fratri
817 5333 1118 5397 ADEMARO,
1151 5325 1579 5399 Engolismensi
1602 5326 1894 5399 episcopo,
1921 5327 2073 5384 salu-

424 5423 542 5476 tem
569 5423 627 5476 et
656 5419 1039 5492 apostolicam
1071 5414 1553 5473 benedictionem.

495 5507 892 5564 Charissimus
924 5510 1122 5562 noster
1140 5504 1198 5560 in
1212 5504 1437 5561 Christo
1453 5502 1609 5559 ﬁlius
1631 5505 1711 5558 An
1719 5504 2035 5576 geriacensi
2044 5524 2071 5562 s

426 5598 608 5653 abbas
637 5597 962 5669 (Ausculfus)
995 5595 1229 5668 propria
1261 5593 1428 5650 nobis
1470 5593 1749 5650 relatione
1779 5595 2072 5667 suggessit

426 5688 486 5744 Β.
515 5685 784 5758 Eparchii
816 5686 1237 5745 monasterium
1269 5688 1367 5742 tuo
1409 5684 1703 5755 quondam
1747 5683 1938 5741 favore
1959 5703 2068 5742 cce-

2208 614 2451 671 chorum
2502 616 3056 690 praesumptionibus
3101 633 3229 673 esse
3269 615 3648 688 subreptum;
3702 631 3857 688 quos

2209 703 2488 760 nimirum
2522 707 2908 763 monachosin
2931 705 3228 763 nonnullis
3241 703 3502 761 conciliis
3525 722 3625 776 pro
3647 704 3856 760 eadem

2207 795 2659 867 priesumptione
2685 796 3237 863 excommunicatos,
3263 799 3512 850 testante
3533 793 3854 849 venerabili

2206 884 2492 939 confratre
2529 889 2587 940 et
2633 886 2846 941 vicario
2901 889 3098 941 nostro
3152 887 3356 939 Amato
3405 882 3855 955 metropolitano

2205 973 2496 1044 episcopo,
2529 975 2927 1047 cognovimus.
2962 976 3095 1030 Tuas
3145 974 3324 1047 igitur
3369 971 3699 1029 strenuitati
3748 989 3854 1044 per

2203 1063 2505 1132 praesentis
2534 1063 2749 1136 scripta
2798 1063 3167 1136 praecipimus
3210 1068 3274 1118 ut
3322 1063 3585 1118 eamdem
3616 1077 3848 1116 excom-

2203 1150 2655 1207 municationem
2687 1153 2745 1208 in
2772 1156 2875 1208 tua
2905 1151 3182 1225 parochia
3202 1152 3380 1207 facias
3403 1149 3717 1216 observari,
3752 1151 3852 1205 do-

2202 1256 2306 1294 nec
2338 1239 2515 1296 iidem
2563 1242 2835 1297 monachi
2882 1240 3212 1314 supradicto
3264 1239 3460 1296 abbati
3504 1238 3852 1312 regulariter

2201 1328 2431 1384 obedire
2459 1331 2845 1387 consentiant.

2272 1419 2417 1473 Data
2446 1420 2598 1491 apud
2632 1420 2985 1487 Lemovicas,
3018 1437 3075 1475 1v
3107 1419 3230 1474 Kal.
3261 1418 3546 1486 Januarii,
3580 1435 3684 1490 per
3722 1435 3848 1473 ma-

2200 1522 2340 1560 num
2367 1507 2610 1564 Joannis
2639 1509 2866 1564 diaconi
2898 1508 3233 1564 cardinalis.

2921 1597 3123 1653 CLXX.

2287 1686 2452 1740 Bulla
2481 1686 2683 1742 Urbani
2715 1689 2763 1742 II
2789 1703 2946 1758 papae
2974 1702 3074 1757 pro
3104 1685 3434 1741 monasterio
3467 1685 3754 1742 Tutelensi.

2817 1776 3002 1845 (Anno
3032 1774 3218 1845 1096.)

2271 1862 2534 1933 [ΒΑιυΖε,
2569 1864 2807 1919 Historia
2830 1864 3144 1930 Tutelensis,
3178 1862 3499 1934 Appendix,
3532 1879 3588 1934 p.
3618 1863 3772 1934 437.]

2272 1950 2543 2006 URBANUS
2571 1952 2899 2024 episcopus,
2933 1968 3135 2008 servus
3166 1966 3466 2008 servorum
3485 1951 3607 2019 Dei,
3630 1951 3849 2010 dilecto

2199 2037 2319 2094 filio
2349 2039 2686 2110 WILLELMO,
2721 2041 3057 2096 monasterii
3081 2041 3410 2097 Tutelensis
3433 2040 3649 2109 abbati,
3683 2042 3846 2113 ejus-

2199 2144 2311 2199 que
2343 2129 2781 2185 successoribus
2815 2128 3156 2202 regulariter
3172 2129 3598 2186 substituendis
3628 2129 3688 2185 in
3719 2147 3848 2202 per-

2199 2220 2460 2288 petuum.

2269 2305 2379 2360 Piae
2429 2305 2742 2379 postulatio
2784 2306 3100 2362 voluntatis
3153 2307 3357 2362 effectu
3416 2307 3584 2364 debet
3643 2325 3844 2381 prose-

2196 2400 2406 2462 quente
2435 2394 2732 2467 compleri,
2765 2398 3052 2468 quatenus
3082 2398 3138 2451 et
3167 2396 3486 2453 devotionis
3535 2396 3848 2456 sinceritas

2195 2481 2570 2539 laudabiliter
2588 2484 2869 2540 enitescat
2898 2489 2955 2540 et
2986 2484 3207 2540 utilitas
3241 2485 3533 2557 postulata
3570 2485 3720 2544 vires
3753 2488 3845 2543 in-

2195 2572 2532 2628 dubitanter
2553 2578 2836 2629 assumat.
2855 2573 3195 2646 Quiaigitur
3216 2574 3447 2631 dilectio
3474 2577 3656 2631 tuaad
3682 2577 3844 2633 sedis

2195 2661 2521 2733 apostolicae
2555 2664 2788 2733 portum
2820 2662 3162 2736 confugiens
3191 2664 3318 2735 ejus
3339 2663 3646 2720 tuitionem
3669 2665 3842 2722 devo-

2192 2750 2348 2807 tione
2379 2751 2570 2806 rlebita
2602 2751 2922 2822 requisivit,
2964 2768 3071 2807 nos
3118 2751 3531 2824 supplicationi
3572 2757 3686 2809 tua;
3725 2754 3839 2811 cle-

2193 2843 2418 2894 menter
2435 2840 2752 2896 annuimus
2775 2843 2830 2896 et
2853 2840 3011 2896 Beati
3035 2841 3267 2896 Martini
3298 2841 3608 2899 Tutelense
3634 2861 3841 2900 mona-

2191 2927 2456 2998 sterium,
2475 2929 2589 2994 cui,
2601 2930 2710 2984 Deo
2724 2933 2978 2995 auctore,
2993 2930 3511 3002 praesides,decreti
3534 2933 3841 3003 praesentis

2189 3018 2530 3073 auctoritate
2547 3018 3203 3075 munimus.Statuimus
3228 3020 3383 3074 enim
3401 3024 3838 3095 utquaecunque

2188 3105 2360 3161 hodie
2382 3106 2536 3162 idem
2561 3106 2889 3162 ccenobium
2927 3108 3091 3178 juste
3111 3107 3517 3180 possidet,sive
3548 3110 3604 3164 in
3639 3116 3836 3183 poste-

2189 3211 2320 3249 rum
2353 3196 2723 3252 concessione
2744 3195 3461 3269 pontiﬁcumJiheralitate
3475 3199 3833 3272 principum,

2185 3282 2274 3338 vel
2305 3284 2595 3341 oblatione
2625 3284 2887 3340 fidelium
2911 3285 3071 3356 juste
3101 3289 3275 3358 atque
3315 3287 3591 3344 canonice
3622 3289 3838 3361 poterit

2185 3371 2450 3444 adipisci,
2482 3374 2652 3429 ﬁrma
2681 3374 2785 3429 tibi
2816 3373 3050 3444 tuisque
3068 3376 3504 3431 successoribus
3534 3379 3590 3431 et
3612 3376 3841 3435 illibata

2184 3467 2584 3534 permaneant.
2619 3462 2997 3519 Decernimus
3028 3479 3164 3536 ergo
3195 3469 3259 3518 ut
3290 3464 3433 3519 nulli
3464 3465 3707 3522 omnino
3737 3467 3838 3524 ho-

2185 3552 2411 3607 minum
2442 3551 2613 3608 liceat
2641 3551 2947 3623 praafatum
2978 3551 3307 3608 cmnobium
3348 3557 3565 3609 temere
3605 3559 3838 3626 pertur-

2183 3640 2319 3695 bare
2351 3643 2452 3696 aut
2479 3641 2606 3712 ejus
2637 3639 3037 3712 possessiones
3068 3640 3294 3696 auferre
3323 3645 3410 3696 vel
3442 3642 3672 3699 ablatas
3703 3645 3838 3700 reti-

2185 3746 2338 3796 nere,
2354 3729 2636 3797 minuere,
2660 3728 2747 3784 vel
2767 3728 3092 3784 temerariis
3141 3729 3542 3787 vexationibus
3563 3731 3835 3806 fatigare,

2183 3819 2282 3873 sed
2301 3818 2741 3891 omniaintegra
2762 3821 3408 3886 conserventur,eorum
3440 3836 3544 3892 pro
3577 3838 3836 3892 quorum

2181 3907 2607 3964 sustentatione
2638 3924 2704 3962 ac
2726 3907 3147 3980 gubernatione
3171 3925 3447 3964 concessa
3467 3913 3606 3965 sunt
3623 3911 3838 3968 usibus

2181 3995 2538 4052 omnimodis
2595 3995 2987 4067 profutura.Si
3037 4013 3162 4068 quae
3228 4015 3362 4054 vero
3429 3998 3685 4055 ecclesia:
3744 4000 3836 4056 vel

2180 4083 2396 4157 praedia
2421 4083 2718 4140 Tutelensi
2747 4084 3099 4140 monasterio
3129 4086 3480 4157 pertinentia
3507 4103 3609 4160 per
3647 4089 3838 4144 irreli-

2180 4174 2376 4246 giosos
2396 4173 2638 4229 abbates
2653 4172 2741 4228 vel
2766 4173 3082 4230 monachos
3099 4174 3382 4232 hactenus
3401 4176 3566 4232 laicis
3584 4177 3723 4234 data
3742 4179 3836 4235 vel

2178 4262 2468 4335 perlaicos
2482 4263 2540 4318 in
2556 4263 2803 4318 aliorum
2821 4263 3307 4321 monasteriorum
3327 4265 3660 4322 facultatem
3686 4267 3837 4323 citra

2179 4351 2501 4426 legitimam
2527 4351 2957 4424 possessionem
2979 4357 3258 4426 usurpata
3278 4359 3434 4423 sunt,
3465 4359 3657 4411 vestro
3670 4357 3838 4428 peni-

2179 4447 2275 4497 tus
2316 4440 2671 4496 monasterio
2722 4440 3084 4496 restituenda
3132 4443 3524 4516 praacipimus.
3570 4445 3657 4499 Ad
3705 4444 3836 4503 haec

2180 4529 2522 4602 adjicientcs
2572 4528 2886 4585 statuimus
2933 4547 3003 4586 ne
3046 4548 3148 4604 pro
3197 4531 3520 4588 malefactis
3571 4532 3834 4591 militum

2100 4625 2148 4688 D
2178 4617 2474 4675 Tutelensi
2511 4623 2701 4676 castro
2734 4618 3120 4675 habitantium
3175 4622 3600 4678 monasterium
3629 4622 3834 4695 ipsum

2179 4706 2734 4778 excommunicetur,
2791 4725 2858 4764 ea
2888 4713 3081 4764 tamen
3124 4710 3474 4779 conditione,
3530 4716 3596 4767 ut
3649 4711 3832 4769 iidem

2178 4796 2417 4865 milites,
2454 4797 2500 4851 si
2535 4798 3019 4854 excommunicati
3074 4799 3306 4867 fuerint,
3342 4801 3414 4856 ad
3462 4800 3660 4857 divina
3710 4801 3834 4858 illic

2180 4886 2372 4940 officia
2401 4902 2515 4940 non
2549 4885 2954 4941 admittantur.
2989 4887 3397 4944 Possessiones
3441 4889 3616 4945 etiam
3648 4890 3834 4946 Tute-

2179 4974 2359 5030 lensis
2392 4974 2632 5030 cmnohii
2670 4992 2772 5046 pro
2805 4975 3066 5048 ipsorum
3096 4976 3345 5032 militum
3378 4977 3617 5034 oll'ensis
3646 4979 3831 5051 depo-

2180 5062 2368 5136 pulari
2400 5062 2779 5119 autinfestari
2812 5065 3156 5120 auctoritate
3194 5065 3512 5138 apostolica
3553 5066 3830 5138 prohibe-

2181 5169 2332 5207 mus.
2368 5152 2540 5207 Porro
2575 5150 2936 5224 sepulturam
2968 5152 3078 5210 loci
3111 5154 3269 5210 illius
3300 5156 3624 5211 secundum
3681 5158 3831 5212 anti-

2180 5258 2355 5313 quam
2376 5245 2434 5296 et
2465 5238 2805 5296 canonicam
2837 5243 3320 5299 consuetudinem
3351 5260 3692 5316 permanere
3728 5246 3826 5301 :le-

2179 5329 2494 5398 cernimus,
2527 5328 2682 5384 salva
2712 5329 3138 5388 Lemovicensis
3180 5332 3438 5405 episcopi
3481 5334 3826 5390 reverentia.

2178 5419 2438 5476 Obeunte
2448 5423 2503 5473 te
2516 5434 2672 5472 nunc
2683 5418 2810 5489 ejus
2839 5418 2950 5474 loci
2969 5420 3176 5476 abbate
3190 5421 3277 5477 vel
3299 5425 3358 5478 tu
3368 5438 3537 5478 orum
3565 5421 3831 5495 quolibet

2180 5523 2582 5564 successorum
2593 5506 2812 5573 ,nullus
2825 5507 2905 5563 ibi
2928 5508 3185 5580 qualibet
3199 5510 3594 5583 subreptionis
3609 5511 3832 5568 astutia

2177 5596 2265 5653 vel
2283 5596 2553 5652 violentia
2569 5597 3077 5669 preponaturmisi
3099 5615 3271 5672 quem
3291 5600 3498 5656 fratres
3523 5601 3827 5656 communi

2181 5701 2471 5747 consensu
2501 5685 2589 5742 vel
2621 5685 2866 5743 fratrum
2897 5704 3031 5759 pars
3073 5687 3300 5747 consilii
3330 5688 3579 5746 sanioris
3602 5705 3828 5755 secun-
