3950 6352
91 390 207 464 us

1264 403 1386 469 ΕΡ]
1397 402 1673 471 8⁸1⁸0ιῶ
1715 404 1817 471 ET
1858 404 2337 473 PRIVILEGIA.

3384 404 3505 472 446

93 535 232 592 dum
259 532 364 592 Dei
393 534 662 594 timorem
683 541 740 594 et
759 536 913 595 beati
933 536 1239 596 Benedicti
1269 538 1532 613 regulam
1553 538 1737 614 elege-
1768 540 1825 608 Α
1852 539 1992 597 ﬁliis
2022 541 2196 610 clero,
2221 540 2435 611 ordini,
2469 539 2759 599 militibus
2790 544 2847 599 et
2877 538 3033 615 plebi
3065 538 3265 598 Remis
3312 541 3502 598 consi-

92 625 230 681 rint.
259 624 425 682 Unde
458 626 571 682 sub
599 626 852 683 districti
897 627 1289 684 anathematis
1338 627 1746 685 interdictione

92 714 394 771 sancimus
425 731 500 771 ne
527 715 631 771 ulli
662 717 901 774 omnino
922 733 1180 790 persona
1201 716 1447 773 facultas
1477 716 1554 773 sit
1582 733 1745 790 regu-

91 803 197 859 lari
230 803 463 860 abbatis
491 803 758 862 electioni
802 805 1085 864 obsistere
1131 810 1235 862 aut
1278 823 1381 879 pro
1429 822 1498 861 ea
1529 823 1745 862 munus

93 892 396 965 quodlibet
452 893 700 966 exigere,
770 898 836 951 ut
895 894 1083 967 ipsius
1140 895 1481 951 monasterii
1539 896 1745 951 fratres

94 980 247 1036 omni
278 982 622 1053 gravamine
651 984 962 1039 mundana
993 983 1392 1056 oppressionis
1433 989 1655 1039 remoto
1686 984 1746 1039 in

95 1074 303 1125 sancta
337 1070 640 1143 religionis
665 1072 1069 1128 observatione
1112 1071 1299 1126 seduli
1341 1076 1517 1143 atque
1564 1072 1745 1145 quieti

93 1158 482 1231 omnipotenti
539 1164 651 1215 Deo
707 1159 935 1232 placere
982 1160 1120 1215 totis
1176 1161 1391 1216 mentis
1439 1164 1497 1215 et
1539 1160 1747 1216 anima

91 1246 409 1304 virtutibus
466 1246 759 1304 anhelent.
822 1249 882 1305 Si
936 1265 1055 1321 qua
1109 1265 1251 1305 sane
1306 1250 1365 1304 in
1423 1248 1746 1305 crastinum

94 1335 490 1392 ecclesiastica
517 1336 882 1393 sacularisve
906 1354 1157 1409 persona
1186 1337 1337 1392 hanc
1368 1341 1578 1393 nostra
1611 1353 1747 1392 con-

92 1423 416 1480 stitutionis
447 1423 721 1498 paginam
754 1425 945 1481 sciens
994 1430 1198 1482 contra
1245 1442 1373 1481 eam
1417 1430 1637 1481 temere
1666 1425 1751 1481 ire

92 1513 428 1579 tentaverit,
486 1514 744 1569 secundo
800 1514 1041 1570 tertiove
1112 1515 1471 1571 commonita
1525 1514 1573 1570 si
1632 1531 1749 1570 non

91 1617 354 1674 congrua
383 1602 780 1658 satisfactione
811 1602 1226 1669 emendaverit,
1245 1602 1544 1674 potestatis
1574 1602 1751 1658 hono-

91 1691 292 1763 risque
321 1690 418 1747 sui
446 1689 732 1762 dignitate
762 1694 1259 1762 careat,reamque
1289 1708 1352 1747 se
1383 1692 1578 1747 divino
1596 1691 1751 1762 judi-

90 1778 174 1835 cio
204 1778 465 1834 existere
495 1779 567 1835 de
597 1783 931 1851 perpetrata
977 1779 1288 1852 iniquitate
1328 1786 1663 1853 cognoscat,
1696 1784 1753 1835 et

93 1867 500 1924 saeratissimo
551 1884 790 1940 corpore
838 1884 904 1923 ac
960 1868 1246 1941 sanguine
1295 1868 1393 1923 Dei
1433 1874 1490 1924 et
1518 1868 1749 1924 Domini
1783 1909 1830 1975 Β

97 1955 506 1975 ηΑηηιυλ-
754 1955 881 1975 τη,
1312 1957 1459 1975 κρῖ.
1654 1958 1707 1975 κ.

97 1955 510 2029 Redemptoris
540 1956 725 2012 nostri
745 1955 885 2012 Jesu
910 1956 1123 2012 Christi
1147 1956 1336 2013 aliena
1366 1957 1468 2012 ﬁat
1497 1961 1672 2030 atque
1694 1958 1753 2013 in

94 2050 356 2101 extremo
384 2045 657 2101 examine
684 2044 963 2101 districta
1007 2044 1215 2100 ultioni
1247 2046 1567 2116 subjaceat.
1602 2047 1753 2102 Cun-

89 2133 192 2189 ctis
242 2136 447 2189 autem
494 2133 685 2189 eidem
740 2132 864 2189 loco
908 2134 1075 2204 justa
1131 2134 1505 2188 servantibus
1539 2134 1615 2190 sit
1642 2152 1754 2207 pax

92 2221 325 2278 Domini
356 2221 544 2278 nostri
589 2221 728 2278 Jesu
778 2222 1013 2288 Christi,
1050 2226 1341 2295 quatenus
1372 2228 1429 2278 et
1471 2223 1567 2278 hic
1599 2224 1751 2279 fruc-

90 2315 211 2366 tum
268 2311 437 2368 bona
484 2311 731 2367 actionis
778 2312 1107 2384 percipiant
1138 2316 1197 2367 et
1230 2313 1387 2385 apud
1420 2312 1753 2368 districtum

86 2400 354 2471 iudicem
401 2401 644 2473 pramia
688 2404 914 2456 aterna
962 2399 1124 2474 pacis
1182 2401 1497 2457 inveniant.
1547 2404 1752 2470 Amen,

99 2505 296 2557 amen,
332 2504 528 2545 amen.

164 2578 389 2635 Datum
430 2577 740 2646 Lemovici,
793 2593 896 2650 per
942 2595 1182 2634 manum
1232 2578 1498 2646 Joannis,
1541 2584 1754 2634 sancta

101 2667 381 2723 Romana
410 2665 678 2723 Ecclesia
711 2667 940 2735 diaconi
974 2666 1311 2734 cardinalis,
1342 2685 1398 2722 ιν
1427 2667 1621 2723 Nonas
1658 2667 1754 2723 Ja-

101 2755 316 2822 nuarii,
348 2754 667 2812 indictione
697 2759 924 2827 quarta,
969 2756 1283 2812 Dominica
1332 2756 1757 2812 Incarnationis

102 2846 264 2910 1096,
299 2844 679 2918 pontiﬁcatus
726 2848 923 2901 autem
975 2845 1176 2901 domui
1224 2845 1439 2901 Urbani
1472 2862 1633 2918 papa
1664 2861 1755 2901 se-

106 2933 288 2990 cundi
319 2950 476 2990 anno
496 2950 617 2990 vm.

140 3090 147 3097 ,
171 3024 333 3081 Bene
362 3022 568 3079 valete.

108 3184 318 3268 Urbani
354 3185 405 3240 11
432 3184 660 3309 cristata
708 3184 777 3239 ad
823 3185 1211 3268 .suﬂi-aganeoa
1245 3185 1491 3240 Ecclesia
1540 3184 1760 3268 Romen:

166 3272 275 3309 τις.
302 3286 374 3296 -
404 3256 447 3309 ιι
473 3271 532 3309 os
559 3257 806 3309 hortatur
835 3259 895 3309 ut
924 3256 1249 3309 Manassmn
1280 3256 1456 3309 locum
1502 3255 1758 3309 Ramoldi

166 3258 275 3313 sis.
302 3286 374 3296 —
404 3255 532 3311 Illos
559 3257 806 3312 hortatur
835 3255 1249 3324 ut'Manassijn
1280 3256 1456 3311 locum
1502 3255 1760 3312 Rainoldi

169 3327 571 3400 archiepiscopi
592 3326 866 3400 demortui
891 3326 1137 3400 suffecto,
1164 3327 1434 3384 obedient.

732 3398 918 3469 (Anno
952 3398 1133 3470 1096.)

356 3471 609 3542 [BALUZ.,
641 3471 884 3539 Miscell.,
911 3471 1050 3536 edit,
1085 3470 1223 3525 Luc.
1259 3470 1328 3539 ΙΙ,
1363 3470 1509 3540 138.]

173 3559 459 3616 Haemus
488 3557 1029 3631 episcopus,servus
1051 3574 1348 3614 servorum
1372 3556 1757 3621 Dei,dilectis-

105 3647 274 3704 simis
321 3646 716 3703 cont‘ratribus
765 3652 823 3703 et
870 3647 1383 3703 consacerdotibus
1454 3646 1759 3702 Remensis

104 3735 374 3793 Ecclesia
425 3737 836 3809 suﬂraganeis,
880 3736 1131 3793 salutem
1163 3740 1222 3791 et
1250 3734 1631 3807 apostolicam
1665 3735 1753 3791 be-

107 3825 522 3882 nedictiouem.

174 3915 464 3971 Defuncto
484 3913 802 3970 venerabili
833 3915 1123 3971 confratre
1155 3919 1373 3980 nostro,
1397 3918 1601 3968 vestra
1633 3929 1759 3970 me-

107 4002 353 4076 tropolis
365 4001 1086 4076 archiepiscopo,ejusdem
1103 4002 1369 4059 Ecclesia
1381 4001 1760 4074 prapositum

108 4091 417 4148 Manassen
445 4092 742 4148 communi
768 4090 902 4147 cleri
926 4090 1230 4164 plebisque
1250 4106 1538 4146 consensu
1562 4107 1763 4146 secun-

109 4181 248 4237 dum
280 4181 440 4237 sedis
466 4179 793 4252 apostolica
816 4180 1048 4236 decreta
1068 4179 1451 4252 cognovimus
1479 4179 1550 4233 ad
1574 4178 1761 4251 ipsius

111 4268 450 4342 metropolis
480 4269 738 4342 regimen
789 4285 917 4324 esse
965 4273 1322 4340 provectum.
1354 4268 1487 4331 Qua
1543 4267 1764 4323 scilicet

110 4358 568 4431 provectio,quia
592 4358 810 4414 sanctis
830 4357 1062 4413 videtur
1081 4357 1388 4414 convenire
1413 4357 1759 4425 canonibus,

111 4464 222 4505 non
252 4450 423 4521 grata
452 4446 624 4503 nobis
646 4463 776 4503 esse
796 4464 911 4503 non
933 4450 1143 4519 potest.
1176 4447 1316 4502 Eam
1358 4445 1541 4518 igitur
1570 4450 1761 4502 aucto-

110 4536 297 4594 ritatis
344 4538 557 4592 nostra
612 4536 868 4608 pondere
916 4532 1354 4602 confirmantes,
1388 4535 1759 4592 dilectionem

1853 631 2167 699 stentibus,
2200 630 2449 688 salutem
2481 635 2539 688 et
2569 629 2947 704 apostolicam
2980 628 3466 686 benedictionem.

1923 720 2258 777 Atfectionis
2289 720 2526 792 quidem
2559 720 2767 777 nostra
2798 718 3157 785 viscera,ﬁlii
3195 719 3253 773 in
3278 718 3507 775 Christo

1855 807 2552 881 charissimi,angustiata
2581 807 2889 880 sunt,quia
2916 824 3018 864 vos
3046 808 3299 880 pastoris
3348 807 3507 864 solli-

1854 896 2132 962 citudine,
2163 914 2269 953 nos
2298 914 2433 954 vero
2466 896 2772 953 confratris
2802 900 2857 951 et
2888 895 3214 969 coepiscOpi
3241 896 3509 952 Rainoldi

1856 984 2065 1040 solatio
2090 986 2358 1042 novimus
2389 986 2722 1042 destitutos.
2753 986 2859 1042 Sed
2896 986 2956 1040 in
2987 982 3363 1041 tribulatione
3400 984 3511 1040 hac

1856 1090 1959 1145 per
1978 1074 2394 1147 omnipotentis
2421 1074 2519 1130 Dei
2537 1074 2787 1148 gratiam
2807 1074 3113 1130 charitatis
3131 1077 3341 1129 nostra
3364 1089 3509 1145 pra-

1856 1163 2052 1218 cordia
2084 1163 2569 1236 dilatantur,quia
2597 1180 2694 1219 eos
2726 1161 3121 1219 sollicitudine
3150 1161 3507 1227 debita,alfe-

1856 1252 2044 1305 ctione
2075 1250 2345 1319 sollicita,
2376 1250 2503 1307 sine
2532 1252 2688 1320 dolo,
2719 1252 2845 1307 sine
2879 1252 3162 1324 pravitate
3192 1252 3262 1307 de
3306 1253 3510 1306 vestra

1856 1339 2123 1395 Ecclesia
2140 1339 2216 1394 ﬁli
2225 1339 2275 1394 is
2288 1343 2579 1411 pastorem
2600 1339 2844 1411 elegisse
2866 1338 3515 1412 comperimus.Asserit

1856 1430 2053 1484 autem
2102 1428 2223 1500 spei
2274 1432 2474 1483 vestra
2531 1428 2803 1483 fiduciam
2864 1426 3275 1483 unanimitatis
3305 1430 3511 1482 vestra

1858 1516 2472 1573 consensus.Ubienim
2488 1514 3507 1589 universorumpostulatiocongruit,

1858 1606 2126 1661 dubitare
2141 1623 2246 1661 nos
2261 1622 2634 1678 nequaquam
2648 1610 2875 1678 oportet
2888 1606 2965 1665 ibi
2982 1605 3292 1660 Dominum
3305 1604 3511 1661 Jesum

1858 1698 1917 1750 et
1944 1694 2259 1750 voluntatis
2292 1699 2587 1750 auctorem
2606 1698 2664 1749 et
2684 1693 2981 1766 petitionis
3003 1692 3289 1747 arbitrum
3313 1692 3435 1747 fore
3452 1694 3513 1747 et

1860 1783 2246 1838 ordinationis
2278 1782 2580 1854 praesulem
2612 1786 2671 1838 et
2699 1782 3035 1852 langitorem
3084 1780 3305 1852 gratia.
3336 1780 3511 1836 Bonis

1858 1887 1995 1943 ergo
2027 1871 2242 1927 studiis
2279 1870 2485 1926 vestris
2518 1870 2790 1943 ampliori
2818 1869 3119 1926 devotione
3151 1868 3515 1941 congratula-

1865 1976 2018 2029 mur,
2051 1964 2107 2015 et
2138 1960 2288 2031 quod
2322 1960 2646 2017 secundum
2700 1958 3030 2031 apostolica
3080 1958 3237 2014 sedis
3283 1958 3516 2014 decreta

1856 2048 2015 2118 juste
2046 2053 2361 2119 sancteque
2387 2048 2664 2120 capistis,
2701 2064 2808 2103 nos
2838 2063 2941 2119 per
2970 2045 3391 2119 omnipotentis
3412 2046 3511 2102 Dei

1862 2137 2109 2211 gratiam
2136 2137 2293 2193 sedis
2323 2137 2651 2210 apostolica
2682 2135 3006 2193 assertione
3036 2135 3366 2191 ﬁrmamus.
3397 2134 3514 2191 Vos

1864 2226 2153 2298 siquidem
2189 2228 2246 2281 in
2271 2225 2599 2298 apostolica
2623 2225 2780 2282 sedis
2802 2225 3129 2281 libertatem
3154 2225 3517 2281 consurrexi-

1862 2316 1990 2383 stis,
2025 2320 2089 2369 ut
2116 2316 2267 2369 sicut
2295 2318 2470 2386 caput
2499 2314 2657 2386 reﬁgni
2687 2312 3044 2381 existitis,ita
3072 2313 3245 2368 etiam
3281 2312 3516 2386 religio-

1864 2404 1954 2459 nis
1980 2408 2037 2459 et
2066 2404 2432 2459 auctoritatis
2463 2402 2760 2458 catholica
2786 2401 2845 2457 in
2862 2403 3071 2458 eodem
3105 2419 3281 2474 regno
3305 2401 3517 2473 princi-

1864 2493 2027 2565 pium
2059 2492 2325 2548 existitis.
2359 2491 2515 2547 Nihil
2547 2493 2743 2564 itaque
2791 2507 2966 2563 super
3023 2508 3124 2545 vos
3173 2490 3513 2562 iniquorum

1862 2582 2036 2638 verba
2064 2580 2589 2653 pravaleant,nihil
2616 2585 2857 2635 terrena
2889 2579 3147 2650 pravitas
3174 2577 3516 2634 intentionis

1864 2670 2313 2736 obfuscet.0uod
2332 2670 2487 2725 enim
2508 2669 2878 2741 omnipotens
2895 2667 3179 2723 Dominus
3199 2665 3514 2737 aspirando

1865 2758 2159 2831 pravcnit,
2192 2776 2294 2830 per
2323 2759 2533 2813 merita
2579 2762 2636 2812 et
2683 2772 2883 2830 preces
2931 2756 3108 2811 beata
3154 2759 3214 2811 et
3248 2752 3514 2827 gloriosa

1864 2864 2097 2920 semper
2125 2847 2369 2920 virginis
2395 2847 2587 2902 Maria
2619 2845 2923 2917 sanctique
2955 2843 3142 2899 Patris
3189 2841 3367 2898 vestri
3406 2841 3515 2898 Re-

1865 2936 2030 3009 migii
2077 2937 2407 3007 adjuvando
2456 2939 2830 3008 prosecutum
2882 2935 3002 2989 fore
3044 2932 3415 2988 confidimus.
3452 2933 3517 2987 ln

1864 3026 1992 3097 ipso
2021 3025 2201 3099 igitur
2230 3026 2589 3081 confidentes
2613 3024 2767 3097 quod
2794 3021 3139 3095 simpliciter
3164 3026 3219 3077 et
3242 3020 3370 3077 sine
3395 3037 3520 3093 pra-

1863 3115 2040 3170 vitate
2085 3114 2383 3186 [capiatis]
2432 3114 2704 3187 prosequi
2752 3115 3080 3184 procurate.
3109 3109 3307 3182 Ncque
3361 3108 3519 3165 enim

1865 3204 2033 3259 vobis
2061 3203 2121 3259 in
2144 3207 2305 3275 parte
2318 3202 2426 3258 hac
2449 3201 2777 3275 apostolica
2790 3200 2945 3256 sedis
2962 3198 3266 3253 brachium
3290 3201 3520 3253 contra-

1786 3276 1829 3343 C
1865 3291 2466 3348 betur.Nullusinhoc
2488 3290 2717 3363 negotio
2740 3288 3078 3345 idololatria
3098 3288 3264 3342 fucus
3280 3286 3523 3342 interve-
3586 3346 3589 3351 _

1868 3381 2190 3446 niat,nulla
2220 3378 2565 3447 mina,nulli
2600 3383 2850 3433 terrores
2881 3374 3242 3431 nobilitatem
3263 3378 3519 3431 vestram

1867 3471 1939 3526 ab
1970 3471 2079 3525 hac
2108 3470 2376 3525 libertate
2422 3468 2782 3534 dimoveant;
2818 3483 2890 3521 ne
2922 3465 3088 3529 forte,
3139 3464 3295 3536 quod
3326 3462 3517 3520 absit!

1867 3575 1998 3615 cum
2082 3557 2288 3630 spiritu
2367 3556 2674 3629 caperitis,
2756 3570 2929 3609 carne
3001 3551 3515 3607 consummemini.

1867 3646 2133 3703 Ecclesia
2192 3649 2396 3701 vestra
2456 3642 2840 3716 suti‘raganeis
2900 3638 3265 3696 auctoritatis
3304 3642 3516 3694 nostra

1868 3734 2085 3806 scripta
2114 3734 2435 3789 direximus
2474 3737 2540 3787 ut
2587 3731 2647 3786 in
2697 3730 2877 3786 electo
2910 3727 3065 3801 quod
3097 3725 3189 3782 sui
3218 3729 3310 3783 est
3338 3724 3517 3781 ofﬁcii

1870 3822 2031 3878 nulla
2044 3812 2658 3895 negligantoccasioue
2674 3817 3153 3891 complere.Quod
3177 3816 3227 3871 si
3250 3814 3518 3872 fortassis

1869 3911 1949 3967 illi
1984 3930 2045 3968 se
2075 3911 2292 3983 aliqua,
2324 3912 2478 3982 quod
2511 3926 2625 3965 non
2657 3909 3034 3975 arbitramur,
3059 3904 3344 3978 pravitate
3374 3903 3516 3960 sub-

1869 4000 2279 4065 traxerint,vos
2308 4017 2443 4055 eum
2471 4003 2731 4070 tempore
2751 4011 3009 4068 congruo
3032 3999 3228 4050 nostro
3244 4008 3520 4064 conspec-

1868 4097 1952 4147 tut
1985 4090 2429 4164 prasentabitis.
2463 4088 2634 4145 Novit
2682 4088 2839 4143 enim
2892 4085 3045 4142 beati
3093 4084 3247 4141 Petri
3278 4083 3519 4139 libertas

1870 4185 1927 4236 et
1972 4180 2157 4253 gratia
2204 4180 2266 4235 in
2320 4195 2382 4236 se
2428 4176 2857 4234 conﬁdentibus
2901 4192 3012 4231 non
3061 4174 3280 4229 deesse.
3315 4172 3396 4227 De
3423 4171 3519 4226 di-

1869 4268 2114 4326 lectione
2139 4274 2197 4324 et
2225 4268 2559 4325 obcdientia
2587 4283 2725 4340 erga
2754 4282 2883 4322 eam
2932 4263 3207 4319 vivaciter
3236 4260 3519 4317 exhiben-

1869 4358 1945 4414 da
1992 4375 2090 4415 vos
2157 4357 2475 4413 corhortari
2528 4356 2725 4411 minus
2778 4351 3176 4410 necessarium
3221 4348 3517 4407 duximus.

1870 4448 2067 4519 Neque
2096 4447 2253 4503 enim
2287 4445 2643 4517 ambigimus
2670 4444 2824 4515 quod
2876 4443 2970 4513 qui
3013 4445 3237 4497 tantam
3266 4438 3430 4495 vobis
3459 4437 3522 4494 in

1869 4537 1997 4607 ejus
2058 4535 2338 4591 electione
2415 4533 2886 4598 unanimitatem,
2948 4535 3177 4586 tantum
3230 4527 3521 4598 studium,

108 4630 361 4683 vestram
417 4624 631 4682 litteris
686 4625 1074 4698 prasentibus
1128 4624 1507 4681 exhortamur
1557 4640 1630 4679 ne
1686 4623 1760 4679 ab
1791 4644 1836 4709 ι)
1867 4629 2089 4681 tantam
2141 4620 2507 4709 ﬂagrantiam
2572 4619 2872 4709 aspiravit,
2912 4619 3056 4709 ipse
3118 4616 3296 4709 etiam
3356 4631 3521 4709 men:

110 4715 372 4786 ejusdem
402 4712 568 4770 electi
598 4730 848 4786 persona
876 4714 1033 4786 quod
1067 4714 1244 4770 vestri
1298 4712 1474 4768 officii
1518 4712 1762 4767 interest
1791 4703 1828 4709 ”
1868 4718 1957 4769 tes
2012 4716 2237 4768 vestras
2288 4711 2358 4766 ad
2408 4707 2796 4782 diligendum,
2858 4706 2929 4761 ad
2992 4704 3404 4770 obediendum,
3446 4703 3521 4759 ad

111 4801 579 4860 dissimulatione
625 4803 890 4875 qualibet
937 4802 1320 4866 subtrahatis,
1370 4802 1471 4857 sed
1521 4800 1759 4857 omnino

112 4891 357 4966 satagite
371 4892 602 4964 utquod
633 4891 1113 4963 beneincaptum
1142 4889 1537 4962 est,largientc
1563 4889 1763 4945 Domi-

113 4980 424 5048 no,melius
444 4979 824 5053 compleatur,
848 4998 920 5037 ne
936 4980 1160 5036 diutius
1180 4982 1343 5035 tanta
1363 4977 1620 5034 Ecclesia
1642 4979 1763 5034 ofﬁ-

114 5068 331 5126 ciorum
363 5067 787 5143 episcOpalium
818 5066 1323 5126 administratione
1354 5065 1631 5138 privetur.

183 5157 328 5215 Data
354 5157 652 5231 Andegavi
673 5173 776 5215 vm
798 5159 937 5214 Idus
966 5155 1286 5213 Februarii.
1526 5186 1551 5216 ο,

118 5320 354 5385 Clarum,
384 5317 656 5388 ordinem,
686 5247 1209 5389 τπίιίἳεξχεξῗίεὺετη
1238 5320 1553 5389 Βθγηεηδωη
1581 5317 1765 5372 horta-

187 5398 273 5447 tur
326 5394 393 5447 ut
449 5387 692 5447 Μαγιαδςὶ
739 5392 903 5448 electo
949 5387 1354 5460 archiepiscopo
1416 5387 1581 5457 ﬁdem
1622 5402 1770 5460 pra-

188 5466 348 5520 stent.

578 5605 600 5606 ί
741 5533 929 5606 (Anno
961 5532 1147 5606 1096-)

557 5602 787 5672 (sum.
817 5604 1044 5661 Miscell.
1081 5604 1153 5673 Il,
1186 5602 1334 5670 439.]

190 5694 465 5752 URBANUS
497 5694 807 5767 episcopus
838 5711 1039 5752 servus
1072 5708 1372 5749 servorum
1409 5690 1504 5749 Dei
1547 5688 1773 5747 dilectis

1869 4802 2233 4859 serviendum
2289 4800 2494 4856 ardore
2544 4797 2634 4854 sui
2692 4795 2936 4868 spiritus
2997 4792 3336 4849 illustrabit.
3394 4796 3523 4864 lpse

1868 4909 1969 4948 vos
2000 4909 2108 4947 sua
2137 4890 2326 4963 gratia
2376 4886 2700 4955 benedicat,
2734 4886 2859 4958 ipse
2908 4882 3259 4948 corroboret,
3292 4884 3350 4937 et
3386 4897 3521 4953 pas-

1871 4986 2056 5037 torem
2089 4984 2146 5035 et
2175 4994 2409 5052 gregem
2443 4978 2513 5032 ad
2545 4980 2769 5031 atoma
2800 4970 3132 5030 refectionis
3170 4986 3389 5043 pascua
3433 4970 3521 5025 in-

1872 5070 1999 5126 trod
2009 5074 2160 5125 ucat.

1944 5159 2092 5215 Data
2120 5155 2411 5230 Andegavi
2440 5171 2539 5211 VIII
2575 5154 2712 5209 ldus
2750 5150 3069 5211 Februarii.
