3950 6356
165 370 290 440 MO

1349 379 1754 446 EPISTOLIE
1797 384 1893 444 ΕΤ
1939 339 2410 447 PRIVILEGIA.

3451 391 3572 454 450

169 514 417 572 Kalend.
453 515 586 589 (t2),
619 515 821 574 indict.
853 530 931 590 IV,
955 534 1109 574 anno
1142 519 1367 574 Domini
1407 520 1560 586 1096,
1592 518 1819 593 pontiﬁ-
1846 520 1900 586 Α
1932 518 2192 574 studiose
2221 519 2572 588 notavimus,
2608 520 2825 578 nostris
2854 521 3272 580 cardinalibus.
3305 525 3571 580 Teuzone

166 611 340 661 catus
370 609 567 662 autem
598 606 819 664 domini
852 607 1068 664 Urbani
1100 609 1148 664 ll
1175 625 1335 681 papae
1368 623 1489 664 vui.

831 714 1127 770 CLXXVI.

169 801 383 858 Urbani
443 803 495 858 II
544 805 772 875 epistola
829 805 899 859 ad
963 806 1336 887 sa/fraganeos
1406 805 1659 863 Ecclesiae
1717 805 1824 860 Ite-

880 891 1098 932 τηεηιςτδ.

791 965 980 1036 (Anno
1016 966 1197 1036 1006.)

588 1051 846 1125 [BALuz.,
880 1055 1108 1111 Miscell.
1142 1054 1214 1122 ΙΙ,
1248 1055 1394 1125 139.]

242 1139 524 1199 URBANUS
545 1142 878 1215 episcopus,
902 1159 1106 1200 servus
1127 1159 1425 1199 servorum
1448 1143 1570 1213 Dei,
1593 1141 1822 1199 dilectis

166 1228 454 1286 fratribus
528 1235 587 1286 et
660 1231 1023 1304 coepiscopis
1091 1231 1315 1288 Hueom
1389 1231 1818 1297 Suessionensi,

168 1317 487 1376 Lmesavro
561 1319 928 1377 Atrebatensi
959 1362 972 1387 ,
1034 1321 1306 1376 Pmurro
1363 1319 1770 1377 Catalaunensi
1805 1363 1818 1389 ,

163 1411 447 1464 Garunna
475 1408 814 1477 Morinensi,
847 1409 1187 1482 ueterisque
1219 1411 1524 1467 Remensis
1552 1409 1820 1466 Ecclesiae

163 1497 564 1570 sun'raganeis
595 1541 608 1566 ,
643 1496 892 1554 salutem
924 1503 983 1553 et
1029 1497 1408 1571 apostolicam
1468 1498 1821 1555 benedictio-

163 1602 326 1640 nem.

234 1676 600 1746 Scripsimus
627 1693 812 1748 nuper
833 1677 1176 1732 fraternitati
1209 1683 1438 1744 vestrae,
1469 1682 1526 1732 et
1553 1693 1685 1732 ecce
1712 1678 1819 1731 ite-

161 1780 301 1819 rum
333 1765 669 1831 scribimus,
705 1783 774 1821 ne
829 1765 1146 1836 cujuslibet
1201 1767 1524 1821 occasionis
1580 1768 1818 1821 obtentu

161 1853 485 1909 veneralibi
518 1854 794 1910 confratri
828 1861 1025 1909 nostro
1057 1856 1304 1909 Manassi
1340 1855 1398 1910 in
1431 1855 1822 1927 archiepisco-
1853 1887 1900 1951 Β

163 1959 313 2014 pum
343 1947 546 1997 vestrae
584 1941 922 2014 metropolis
955 1959 1055 2013 per
1085 1943 1340 1998 divinam
1371 1943 1616 2016 gratiam
1645 1943 1824 1999 electo

163 2033 325 2102 quod
357 2031 537 2087 vestri
568 2031 748 2086 officii
769 2031 1050 2087 interesse
1071 2032 1423 2104 cognoscitis
1440 2032 1822 2088 subtrahatis.

165 2121 281 2176 Per
310 2119 705 2176 obedientiam
738 2119 919 2191 igitur
949 2136 1126 2192 quam
1185 2121 1307 2176 sedi
1339 2121 1668 2191 apostolicae
1725 2139 1825 2177 vos

164 2209 385 2264 debere
410 2225 525 2265 non
559 2208 841 2280 ignoratis
871 2208 1164 2263 dilectioni
1205 2213 1408 2265 vestrae
1455 2210 1825 2282 praecipimus

164 2303 232 2353 ut
264 2313 619 2369 quocunque
654 2297 712 2352 in
737 2301 998 2369 tempore
1017 2299 1090 2352 ad
1114 2298 1539 2354 ordinationem
1563 2316 1662 2354 seu
1690 2317 1822 2356 con-

164 2387 559 2443 secrationem
591 2403 759 2442 suam
787 2402 887 2442 vos
920 2386 1304 2456 advocaverit,
1337 2387 1608 2444 alacriter
1628 2389 1698 2444 ad
1719 2389 1825 2444 hoc

164 2478 369 2549 ipsum
401 2482 461 2533 et
486 2475 760 2531 vivaciter
805 2477 1145 2541 occurratis,
1208 2478 1359 2532 sicut
1389 2482 1445 2532 et
1499 2479 1673 2533 vestri
1733 2495 1824 2534 or-

165 2567 332 2622 dinis
363 2566 756 2638 integritatem
792 2570 847 2619 et
884 2566 1087 2635 gratias
1147 2570 1356 2621 nostrae
1400 2565 1824 2638 plenitudinem

163 2654 542 2711 desideratis.

244 2749 395 2800 Data
425 2745 678 2800 Turonis
710 2761 764 2800 IV
793 2744 988 2799 Nonas
1020 2743 1230 2798 Martii.

844 2849 1123 2905 CLXXVII
1137 2894 1150 2906 .

172 2942 386 2998 Urbani
418 2943 470 2997 ΙΙ
503 2941 731 3011 epistola
761 2939 828 2994 ad
865 2941 1071 2995 clerum
1122 2941 1498 2995 Turonenscm.
1533 2972 1598 2982 —
1645 2943 1827 2998 Privi-

463 3013 613 3084 legz'a
644 3011 967 3067 Turonensis
997 3012 1244 3066 Ecclesiae
1271 3013 1574 3082 conﬁrmat.

801 3098 988 3161 (Anno
1022 3100 1206 3170 1096.)

605 3189 828 3258 [Manen
865 3189 1072 3244 Concil.
1104 3189 1216 3258 XX,
1248 3189 1394 3256 656.]

243 3281 527 3336 URBANUS
559 3279 888 3352 episcopus,
923 3295 1127 3334 servus
1171 3295 1470 3332 servorum
1533 3279 1652 3346 Dei,
1695 3278 1823 3334 uni-
1857 3252 1900 3318 ί)

167 3371 360 3426 versis
390 3373 602 3424 sanetae
628 3366 895 3423 Ecclesize
928 3366 1064 3422 filiis
1087 3366 1334 3422 salutem
1365 3371 1420 3421 et
1446 3367 1826 3439 apostolicam

168 3457 665 3516 benedictionem.

243 3549 458 3604 Notum
491 3547 610 3602 fore
639 3545 910 3600 volumus
939 3548 1058 3600 tam
1086 3544 1298 3599 futuris
1327 3560 1500 3616 quam
1526 3544 1826 3616 praesenti-

168 3639 286 3694 bus
317 3635 597 3708 quoniam
621 3635 883 3690 omnium
911 3634 1193 3688 bonorum
1219 3633 1458 3704 largitor
1481 3637 1632 3689 Deus
1660 3634 1828 3690 devo-

167 3727 392 3782 tionem
417 3728 677 3781 nostram
701 3723 769 3778 ad
797 3723 858 3778 B.
885 3722 1117 3778 Martini
1145 3720 1440 3777 tumulum
1469 3721 1824 3779 visitandum

169 3833 279 3871 sua
309 3813 683 3870 miseratione
711 3812 998 3885 perduxit.
1033 3811 1178 3878 Quia
1205 3826 1340 3866 vero
1365 3811 1424 3866 in
1467 3812 1731 3883 ejusdem
1765 3813 1822 3868 B.

167 3902 524 3960 confessoris
571 3901 813 3957 ecclesia
863 3901 1129 3972 quaedam
1180 3899 1536 3956 inoleverant
1590 3917 1720 3973 quae
1765 3901 1822 3957 in

172 3993 383 4049 melius
415 3991 808 4064 promovenda
839 3988 1046 4045 salutis
1078 3988 1223 4044 falce
1256 3989 1630 4062 exstirpanda
1668 3989 1823 4046 vide-

170 4083 408 4150 bantur,
443 4097 551 4136 nos
583 4096 684 4151 per
717 4082 941 4151 septem
974 4077 1100 4134 dies
1146 4083 1202 4133 et
1231 4094 1297 4133 eo
1329 4077 1583 4149 amplius
1614 4077 1822 4136 immo-

171 4172 299 4239 rati,
335 4169 688 4226 medicinam
729 4167 1081 4234 animarum,
1134 4166 1499 4237 frequentius
1547 4167 1699 4223 inter
1727 4185 1825 4224 eos

173 4261 461 4316 intrantes
491 4262 548 4314 et
575 4261 854 4313 exeuntes
886 4256 969 4312 eis
992 4255 1444 4328 impertivimus,
1477 4260 1534 4311 et
1563 4257 1732 4313 nobis
1763 4257 1822 4313 in

170 4349 448 4406 omnibus
477 4347 812 4403 obedientes
847 4349 900 4402 et
927 4344 1258 4412 benevolos,
1289 4347 1399 4400 Deo
1446 4347 1740 4418 aspirante
1770 4352 1826 4403 et

169 4439 226 4494 in
256 4439 343 4494 eis
391 4441 737 4509 cooperante
796 4434 1124 4505 nobiscum,
1167 4434 1383 4507 experti
1437 4452 1666 4490 sumus.
1711 4437 1820 4492 Sed

169 4527 453 4600 quoniam
485 4526 556 4580 ad
585 4530 817 4580 nostras
847 4540 1018 4580 aures
1048 4527 1388 4596 pervenerat
1417 4526 1570 4596 quod
1603 4524 1823 4598 legatos

171 4617 446 4674 Romanae
476 4613 742 4671 Ecclesia:
767 4613 1066 4685 suscipere
1089 4629 1220 4668 cum
1246 4613 1634 4684 processionis
1663 4614 1824 4670 beni-
1853 4618 1902 4683 Β

167 4707 392 4779 gnitate
422 4704 889 4776 supersederant,
933 4717 1119 4774 neque
1167 4701 1344 4757 etiam
1405 4702 1510 4768 eis,
1558 4701 1826 4759 videlicet

169 4794 399 4868 legatis,
435 4792 752 4848 auctoritas
783 4790 964 4861 hujus
981 4789 1244 4846 Ecclesiae
1277 4806 1379 4861 per
1410 4790 1670 4846 notitiam
1705 4791 1822 4864 pri-

168 4883 511 4956 vilegiorum
544 4881 672 4952 ejus
703 4879 1057 4946 innotuerat,
1096 4879 1562 4949 succensuimus,
1595 4884 1651 4936 et
1692 4896 1821 4952 gra-

171 4972 318 5028 viter
344 4987 444 5026 eos
483 4968 937 5042 increpavimus,
995 4985 1100 5022 cur
1141 4971 1363 5021 tantam
1418 4969 1822 5024 inobedientize

171 5059 552 5116 offensionem
629 5058 1014 5113 incurrerent.
1080 5055 1199 5110 Illis
1270 5056 1467 5128 itaque
1525 5056 1826 5112 humiliter

171 5149 341 5205 nobis
367 5148 586 5220 scripta
615 5152 847 5219 patrum
879 5151 1216 5202 nostrorum
1248 5145 1645 5201 Romanorum
1678 5163 1823 5218 pon-

173 5238 397 5294 tificum
411 5235 911 5309 praetendentibus
922 5233 1232 5308 diligenter
1246 5235 1606 5290 attendimus
1620 5251 1822 5291 eorum

171 5325 493 5399 privilegia.
527 5329 594 5380 Et
624 5325 763 5397 quia
791 5327 999 5397 praeter
1037 5323 1444 5396 apostolicum,
1501 5327 1557 5379 et
1604 5340 1820 5397 regem,

173 5421 227 5472 et
253 5417 660 5471 Turonensem
693 5413 1221 5486 archiepiscopum,
1253 5411 1435 5468 semel
1464 5412 1524 5468 in
1555 5413 1674 5469 vita
1717 5430 1826 5470 sua

174 5503 470 5560 neminem
494 5503 564 5558 ad
578 5502 967 5574 processionis
982 5503 1415 5575 susceptionem
1439 5501 1826 5562 admittebant

245 5683 364 5765 (42)
390 5681 636 5746 Videtur
661 5681 862 5745 deesse
888 5681 1131 5749 Martiae

1929 607 2180 676 Alberto,
2213 609 2486 681 Gregorio
2528 609 2816 682 Papiensi,
2851 611 3186 684 Rausgerie,
3223 617 3282 668 et
3333 614 3572 686 Hugone

1932 697 2304 769 Lugdunensi
2336 699 2606 770 primatc,
2660 704 2716 756 et
2759 700 2889 756 aliis
2921 707 3042 757 tam
3074 702 3362 776 episcopis
3394 721 3572 776 quam

1930 784 2179 842 aliarum
2211 786 2562 860 dignitatum
2587 790 2872 860 personis,
2897 791 3283 863 praesentibus
3307 793 3577 850 Brunone

1932 873 2222 947 Signiensi
2271 877 2563 949 episcopo,
2615 881 2672 933 et
2721 879 3082 952 lngelramno
3131 881 3576 939 Suessionensis

1929 963 2183 1020 ecclesias
2213 965 2642 1022 archidiacono.

2001 1052 2176 1108 Porro
2208 1070 2314 1108 nos
2345 1057 2510 1110 tanta
2539 1057 2882 1112 auctoritate
2915 1058 3133 1125 refecti,
3177 1075 3378 1118 eorum
3424 1062 3575 1119 anti-

1930 1156 2108 1212 quam
2135 1143 2640 1210 consuetudinem,
2664 1161 2865 1201 eorum
2897 1147 3131 1220 scriptis
3163 1151 3572 1224 suifragantes,

1929 1231 2273 1287 auctoritate
2328 1236 2530 1288 nostra
2581 1236 3083 1294 corroboravimus
3142 1240 3200 1296 in
3269 1244 3578 1314 praesentia

1930 1324 2263 1376 nostrorum
2320 1321 2728 1392 praedictorum
2787 1325 3051 1380 fratrum.
3111 1329 3179 1384 Et
3232 1330 3372 1402 quia
3422 1331 3580 1390 illius

1930 1412 2436 1475 nosterAmastus,
2452 1411 2890 1483 Burdigalensis
2915 1415 3406 1491 archiepiscopus,
3423 1438 3577 1478 unus

1929 1501 2056 1552 erat
2084 1497 2154 1552 de
2185 1497 2389 1570 legatis
2408 1499 2679 1554 Romanae
2704 1500 3306 1578 EcclesiaeaGregorio
3328 1507 3576 1582 septimo

1930 1586 2354 1656 praedecessore
2411 1591 2610 1643 nostro
2656 1588 2714 1643 in
2767 1588 3012 1646 Galliam
3062 1593 3413 1664 destinatus,
3460 1613 3578 1653 non

1931 1674 2002 1728 ab
2028 1673 2134 1728 hac
2162 1674 2420 1730 Ecclesia
2443 1677 2833 1747 processionis
2855 1678 3223 1738 solemnitate
3243 1691 3573 1756 susceptus:

1933 1764 2086 1818 unde
2115 1763 2290 1818 etiam
2323 1765 2575 1836 graviter
2603 1773 2804 1820 contra
2858 1769 3090 1824 eosdem
3131 1770 3373 1828 clericos
3420 1791 3575 1830 com-

1935 1857 2126 1908 motus
2157 1851 2642 1908 in'Exuldunensi
2679 1855 2922 1911 concilio
2962 1873 3062 1914 eos
3109 1863 3577 1919 excommunica-

1934 1941 2090 1996 tione
2123 1942 2485 2013 perfoderat;
2531 1959 2664 1997 eum
2722 1944 2780 1998 in
2841 1947 3208 2003 concordiam
3267 1954 3324 2006 et
3377 1968 3579 2024 pacem

1933 2047 2133 2085 eorum
2168 2029 2630 2086 reformavimus.
2664 2032 2860 2102 Neque
2891 2051 2987 2090 eos
3019 2040 3088 2090 ad
3126 2036 3304 2094 ullam
3344 2041 3581 2098 satisfa-

1935 2119 2208 2184 ctionem,
2265 2119 2404 2189 quia
2461 2121 2802 2176 auctoritate
2859 2123 3109 2194 pollente
3163 2143 3289 2182 sese
3351 2130 3581 2188 munie-

1935 2211 2086 2273 rant,
2119 2207 2533 2278 compulimus,
2568 2225 2753 2280 neque
2785 2212 3042 2282 qualibet
3072 2231 3174 2286 pro
3201 2215 3302 2271 tali
3341 2235 3581 2277 excessu

1935 2295 2300 2351 absolutione
2312 2297 2647 2368 purgandos
2659 2299 3020 2368 Censuimus,
3034 2303 3283 2375 denique
3304 2309 3581 2378 quoniam

1934 2385 1993 2439 iu
2025 2385 2378 2456 quibusdam
2433 2402 2552 2441 suae
2593 2385 2847 2443 ecclesiae
2905 2390 3221 2464 privilegiis
3277 2397 3580 2469 proprium

1935 2473 2019 2528 eis
2051 2473 2263 2529 habere
2319 2472 2657 2545 episcopum
2717 2492 3061 2533 concessum
3121 2486 3228 2549 est,
3289 2484 3417 2554 ejus
3457 2486 3582 2542 vice

1936 2579 2043 2616 nos
2102 2561 2361 2616 Romano
2414 2578 2514 2618 eos
2561 2563 2859 2620 sancimus
2912 2567 3241 2638 specialiter
3287 2572 3582 2630 adhaerere

1936 2649 2216 2724 pontiﬁci,
2245 2654 2303 2706 et
2333 2651 2626 2723 graviores
2649 2669 2851 2708 eorum
2885 2671 3094 2712 causas
3115 2673 3183 2712 ex
3211 2659 3339 2730 ejus
3372 2663 3582 2734 pende-

1937 2756 1996 2795 re
2018 2739 2263 2811 judicio.

2008 2829 2065 2884 Si
2095 2828 2227 2901 quis
2253 2845 2394 2884 sane
2422 2829 2481 2884 in
2513 2829 2836 2886 crastinum
2859 2832 3304 2902 cardinalis,aut
3331 2835 3578 2911 legatus,

1937 2924 2035 2975 aut
2058 2917 2390 2990 episcopus,
2424 2923 2525 2974 aut
2554 2918 2798 2990 quilibet
2827 2939 2862 2976 a
2891 2927 3088 2979 nostro
3121 2923 3300 2982 latere
3339 2928 3578 3000 missus,

1938 3008 2088 3063 hanc
2121 3012 2334 3062 nostrae
2365 3008 2828 3065 conﬁrmationis
2849 3012 3123 3084 paginam
3146 3014 3358 3085 sciens,
3381 3024 3584 3074 contra

1937 3113 2066 3151 eam
2097 3099 2314 3152 temere
2347 3096 2538 3151 venire
2578 3097 2899 3168 tentaverit,
2939 3104 2996 3156 et
3027 3107 3285 3162 nostram
3334 3107 3580 3178 perfrin-

1938 3202 2082 3259 gens
2127 3185 2554 3253 auctoritatem,
2606 3188 3039 3258 processionem
3091 3191 3165 3247 ab
3214 3193 3343 3266 ipsa
3395 3197 3582 3253 sancti

1938 3273 2287 3331 confessoris
2319 3275 2562 3330 ecclesia
2593 3276 2914 3347 expetierit,
2949 3277 2998 3333 si
3035 3283 3426 3340 commonitus
3465 3303 3580 3342 non

1938 3363 2244 3431 destiterit,
2287 3365 2593 3436 potestatis
2636 3363 2992 3439 honorisque
3035 3369 3320 3441 dignitate
3367 3379 3578 3442 careat,

1939 3468 2215 3524 reumque
2246 3469 2308 3507 se
2337 3452 2532 3507 divino
2553 3453 2781 3523 judicio
2821 3455 3066 3511 existere
3125 3458 3196 3513 de
3252 3466 3584 3532 perpetrata

1935 3541 2388 3614 praesumptione
2419 3546 2764 3614 cognoscat;
2798 3544 3025 3600 cunctis
3064 3551 3260 3602 autem
3316 3550 3427 3606 ista
3454 3568 3574 3607 ser-

1933 3631 2206 3686 vantibus
2238 3629 2314 3684 sit
2341 3645 2452 3701 pax
2479 3629 2708 3685 Domini
2743 3633 2923 3687 nostri
2956 3635 3094 3688 Jesu
3115 3634 3573 3710 Christi.Amen,

1935 3737 2127 3787 amen,
2159 3734 2348 3774 amen.

2011 3812 2214 3865 Datum
2257 3808 2509 3864 Turonis
2542 3809 2600 3864 in
2643 3811 2878 3868 castello
2934 3813 3126 3869 Sancti
3187 3815 3418 3872 Martini
3478 3836 3584 3892 per

1935 3915 2176 3954 manum
2207 3897 2471 3965 Joannis,
2504 3903 2715 3953 sanctae
2744 3899 3016 3958 Romanae
3057 3903 3322 3962 Ecclesia:
3351 3907 3581 3966 diaconi

1934 3987 2271 4053 cardinalis,
2304 4004 2342 4042 ιι
2378 3987 2512 4042 ldus
2545 3987 2756 4057 Martii,
2788 3990 3104 4049 indictione
3154 4001 3383 4068 quarta,
3429 4015 3582 4055 anno

1934 4077 2246 4132 Dominicae
2279 4076 2707 4132 Incarnationis
2766 4078 2904 4134 4097
2957 4081 3156 4151 [4096,]
3208 4086 3584 4156 pontificatus

1933 4171 2130 4222 autem
2162 4165 2385 4221 domini
2419 4165 2637 4221 Urbani
2671 4166 2720 4222 II
2751 4184 2912 4240 papae
2947 4187 3120 4227 nono.

2589 4291 2917 4350 CLXXVIII.

1937 4380 2143 4435 Urbani
2171 4381 2224 4434 ll
2251 4380 2480 4449 epistola
2505 4379 2576 4434 ad
2603 4383 2893 4437 monachos
2934 4383 2990 4438 S.
3045 4387 3198 4441 Petri
3243 4389 3584 4445 Bainsonen-

2002 4452 2096 4529 s_z'._s.
2132 4481 2197 4529 -τ-
2238 4451 2663 4529 Baz'nsonensenz
2711 4454 2992 4529 ecclesiam
3022 4473 3056 4512 a
3105 4459 3426 4529 parentibus
3471 4462 3586 4515 suis

2001 4523 2351 4596 Cluniacensi
2405 4522 2647 4596 δίκηοὸίο
2707 4523 2988 4596 donatum,
3059 4522 3383 4586 auctoritate
3445 4532 3586 4587 sedis

2001 4593 2330 4673 apostolicae
2366 4594 2563 4658 munit,
2605 4598 2655 4648 et
2697 4593 3098 4653 Suessionensis
3145 4601 3394 4658 Ecclesiae
3444 4604 3584 4673 jura

2037 4664 2332 4719 eterminat

2563 4751 2753 4822 (Anno
2783 4753 2970 4826 4096.)

2111 4841 2277 4908 [Dom
2308 4845 2597 4909 Bououer,
2642 4842 2878 4911 Recueil,
2914 4848 2955 4898 t.
2989 4844 3128 4912 XIX,
3163 4862 3218 4919 p.
3251 4847 3400 4918 720.]

2006 4966 2276 5022 Unnmus
2306 4965 2633 5038 episcopus,
2666 4983 2866 5023 servus
2889 4986 3186 5027 servorum
3218 4973 3336 5043 Dei,
3382 4992 3583 5032 mona-

1933 5055 2060 5110 chis
2090 5056 2146 5110 S.
2180 5055 2331 5109 Petri
2365 5055 2519 5126 apud
2555 5056 2930 5129 Bainsonum,
2978 5059 3229 5117 salutem
3261 5068 3318 5119 et
3347 5068 3584 5137 aposto-

1934 5143 2104 5200 licam
2135 5143 2620 5200 benedictionem.

2003 5233 2072 5289 Et
2127 5231 2462 5306 religionem
2521 5250 2753 5306 augere,
2805 5241 2864 5293 et
2935 5237 3340 5312 religiosorum
3402 5243 3584 5315 quieti

1934 5323 2262 5396 prospicere
2301 5322 2476 5378 officii
2531 5325 2714 5380 nostri
2774 5343 2880 5383 nos
2938 5327 3186 5402 impellit
3241 5334 3581 5389 auctoritas.

1932 5412 2249 5485 Religionis
2280 5411 2460 5484 igitur
2488 5415 2896 5495 conservandae
2955 5419 3146 5490 gratia
3183 5437 3288 5478 nos
3340 5422 3585 5477 Bainso-

1936 5519 2178 5562 nensem
2209 5501 2422 5573 locum,
2455 5501 2515 5561 in
2545 5519 2661 5578 quo
2691 5521 2794 5581 per
2838 5505 2938 5564 Dei
2986 5509 3236 5584 gratiam
3280 5525 3587 5568 conversa-
