3950 6404
407 393 519 455 451

1707 386 1773 451 Β.
1825 386 2115 453 URBANI
2164 383 2213 452 ΙΙ
2260 385 2511 451 ΡΛΡΑΞ.

3692 380 3821 447 ’452

412 530 581 597 mini,
617 524 711 599 qui
746 540 852 582 nos
883 543 951 581 ex
978 522 1435 598 parentumjure
1474 524 1776 596 contingit,
1824 524 2052 579 Clunia-
2086 527 2134 590 Α
2171 529 2325 579 mata
2356 529 2512 593 sunt,
2546 523 2984 578 conﬁrmamus.
3026 518 3329 585 Querelam
3382 523 3578 576 autem
3611 526 3819 576 mona-

410 618 572 676 censi
655 615 915 672 coenobio
995 613 1425 681 contradentes,
1513 616 1633 668 tam
1708 629 1811 667 vos
1877 629 2054 684 quam

412 705 1052 763 successoreswestros
1101 701 1312 757 decreti
1364 700 1667 773 praesentis
1713 701 2057 756 auctoritate

412 795 736 852 munimus.
770 793 967 864 Ipsum
1000 791 1154 846 enim
1184 789 1399 855 locum,
1433 790 1584 844 sicut
1611 792 1667 845 et
1696 793 1900 845 caetera
1929 788 2057 845 Clu-

412 883 706 940 niaeensis
737 879 983 935 cmnobii
1018 879 1299 947 membra,
1333 877 1581 934 liberum
1620 880 1900 950 perpetuo
1934 893 2059 949 per-

412 988 646 1029 manere
684 969 1070 1026 decrevimus.
1120 972 1185 1022 ut
1240 983 1600 1039 quaecunque
1655 965 1827 1022 hodie
1872 966 2052 1037 juste,

411 1060 499 1118 vel
529 1078 597 1117 ex
626 1062 935 1132 parentum
968 1060 1301 1112 nostrorum
1333 1056 1506 1127 dono,
1553 1055 1643 1111 vel
1690 1072 1760 1111 ex
1805 1054 2052 1112 aliorum

411 1149 675 1205 ﬁdelium
701 1147 991 1204 oblatione
1021 1144 1299 1217 possidet,
1329 1144 1446 1200 sive
1486 1146 1544 1200 in
1579 1145 1838 1200 futurum
1873 1145 2056 1216 possi-

411 1239 591 1306 debit,
623 1237 741 1293 sive
760 1237 920 1307 juste
948 1239 1004 1290 et
1035 1233 1309 1290 canonice
1340 1233 1550 1305 poterit
1586 1232 1850 1305 adipisci,
1885 1234 2054 1289 ﬁrma

408 1326 575 1383 vobis
601 1341 831 1396 semper
858 1327 916 1378 et
946 1322 1170 1377 illibata
1200 1325 1595 1394 permaneant,
1629 1337 1733 1376 nec
1767 1321 2051 1393 parochias

410 1415 597 1487 ipsius
630 1414 922 1485 episcopo,
954 1426 1059 1465 nec
1088 1410 1342 1482 episcopi
1391 1411 1816 1466 archidiaconis
1861 1410 2049 1478 liceat,

409 1507 512 1558 aut
542 1501 707 1557 vobis
737 1505 839 1555 aut
892 1497 1206 1569 capellanis
1244 1499 1450 1554 vestris
1500 1498 1798 1555 molestias
1830 1498 2054 1570 aliquas

410 1589 495 1647 vel
526 1588 775 1661 injurias
805 1589 1076 1655 irrogare,
1115 1603 1216 1642 nec
1273 1586 1494 1658 aliquid
1543 1603 1787 1658 prorsus
1827 1588 2052 1659 exigere

405 1687 611 1753 praeter
640 1693 866 1732 annuos
893 1674 1108 1731 solidos
1138 1674 1367 1747 viginti,
1391 1676 1489 1747 qui
1512 1691 1581 1731 ex
1601 1676 2051 1748 praecedentium

405 1768 812 1840 episcoporum
845 1769 902 1819 et
932 1763 1113 1835 patris
1143 1764 1256 1819 mei
1284 1780 1579 1833 consensu
1609 1764 1862 1819 instituti
1891 1768 2049 1831 sunt,

407 1852 931 1912 Suessionensibus
961 1852 1258 1907 canonicis
1307 1851 1692 1923 persolvendi.
1742 1851 1900 1908 Alias
1930 1857 2049 1908 tam

406 1961 508 2000 vos
539 1959 718 2016 quam
748 1939 1030 2012 capellani
1061 1940 1235 1996 vestri
1272 1940 1451 2011 quieti
1485 1955 1717 2012 semper
1747 1956 1814 1996 ac
1860 1938 2047 2010 liberi,

407 2032 566 2089 salvo
594 2028 935 2103 episcopalis
967 2028 1295 2084 reverentiae
1346 2028 1562 2095 debito,
1613 2030 2048 2101 permanebitis.

407 2122 468 2178 Si
516 2120 647 2192 quis
703 2125 920 2185 autem,
982 2117 1252 2189 pracepti
1311 2116 1489 2187 hujus
1542 2121 1739 2173 tenore
1797 2119 2050 2191 cognito,

405 2209 693 2266 contraire
723 2205 1180 2279 prasampserit,
1212 2208 1491 2276 tanquam
1522 2205 1678 2261 sedis
1725 2205 2051 2278 apostolicae

406 2301 771 2368 contemptor
796 2294 1060 2351 Ecclesiae
1083 2292 1308 2364 judicio
1339 2297 1395 2348 et
1427 2293 1680 2366 Spiritus
1712 2296 1894 2351 sancti
1928 2295 2049 2368 gla-

405 2386 500 2442 dio
535 2385 793 2441 feriatur.

475 2476 688 2530 Datum
716 2472 968 2527 Turonis
999 2487 1102 2544 per
1130 2487 1373 2525 manum
1417 2470 1662 2527 Joannis
1714 2472 2050 2542 cardinalis,

404 2582 505 2620 xm
536 2561 666 2619 Kal.
703 2560 939 2633 Aprilis,
976 2576 1129 2615 anno
1189 2560 1475 2615 lncarnat.
1540 2561 1849 2617 Dominicze
1892 2562 2049 2630 1096,

405 2652 780 2725 pontiﬁcatus
801 2648 1000 2704 domni
1033 2647 1250 2703 Urbani
1282 2647 1331 2703 Il
1366 2664 1541 2720 nono,
1571 2648 1775 2705 indict.
1806 2668 1880 2706 IV.

1090 2771 1372 2827 CLXXIX.

408 2865 658 2924 Urbanus
736 2864 787 2917 II
839 2878 983 2933 papa
1055 2861 1453 2933 Trenorciensis
1525 2864 1843 2933 monasterii
1914 2863 2052 2919 bona

467 2938 706 3008 jamque
752 2932 939 2989 omnia
970 2934 1026 2986 in
1078 2932 1307 2987 tutelam
1363 2932 1668 3004 apostolicae
1720 2933 1862 2989 sedis
1915 2937 2052 2991 reci-
2082 2941 2097 2954 '

476 3010 581 3137 im”
1029 3073 1215 3147 (Anno
1248 3072 1428 3146 1096.)

660 3164 1077 3231 [Coeounuuns,
1109 3163 1278 3234 ampl.
1314 3162 1550 3230 ϐοηθοίη
1586 3163 1653 3229 ΙΙ,
1687 3166 1796 3232 87.]

2165 612 2408 667 chorum
2436 611 2494 667 S.
2527 608 2826 676 Florentii,
2860 625 3039 682 quam
3069 609 3141 664 de
3197 605 3459 664 ecclesiis
3520 606 3821 673 Lauduni,

2163 702 2385 756 Sanctae
2419 699 2616 754 Crucis
2645 697 2912 754 videlicet
2940 702 2996 753 et
3025 695 3222 753 Sancti
3252 695 3494 764 Nicolai,
3525 701 3733 753 contra
3762 701 3823 751 te

2165 794 2222 845 et
2252 788 2570 845 Ecclesiam
2601 791 2763 843 tuam
2792 786 3031 854 faciunt,
3066 802 3361 858 quamque
3408 783 3470 840 in
3502 786 3826 857 praesentia

2164 882 2367 934 nostra
2396 877 2644 933 Turonis
2675 875 2939 931 habitam
2967 875 3275 948 diligenter
3303 874 3817 947 pertractavimus,

2164 966 2355 1023 debito
2386 967 2522 1033 ﬁne,
2558 970 2670 1021 Deo
2720 968 2973 1032 auctore,
3023 964 3413 1020 terminamus
3446 980 3460 1019 :
3495 961 3825 1036 apostolica

2162 1057 2373 1113 iterum
2406 1055 2750 1111 auctoritate
2790 1052 3191 1126 praecipientes
3244 1056 3536 1125 quatenus
3584 1050 3820 1107 nullam

2160 1144 2267 1200 tibi
2299 1145 2384 1200 vel
2413 1142 2678 1199 Ecclesiae
2711 1141 3041 1198 molestiam
3077 1158 3144 1197 ex
3196 1141 3290 1196 his
3320 1141 3533 1197 inferre
3589 1157 3819 1214 praesu-

2121 1238 2345 1301 .manl,
2379 1234 2479 1290 sed
2540 1232 2762 1304 absque
2819 1248 3019 1287 eorum
3078 1228 3484 1302 inquietudine
3541 1228 3820 1302 praefatus

2160 1322 2461 1387 ecclesias,
2485 1325 2546 1377 tu
2567 1337 3052 1392 successoresque
3071 1319 3158 1375 tui
3170 1320 3305 1390 jure
3327 1323 3605 1391 perpetuo
3627 1317 3825 1391 possi-

2161 1410 2435 1467 deatis.Si
2458 1427 2584 1481 quae
2603 1426 2742 1465 sane
2764 1408 3158 1465 ecclesiastica
3169 1406 3538 1464 saecularisve
3559 1422 3820 1479 persona

2162 1503 2364 1555 contra
2389 1498 2539 1553 hanc
2569 1501 2780 1554 nostrae
2811 1496 3246 1553 constitutionis
3291 1495 3566 1568 paginam
3610 1496 3819 1551 venire

2160 1589 2487 1654 tentaverit,
2530 1587 2831 1659 potestatis
2869 1586 3225 1657 honorisque
3266 1583 3359 1641 sui
3383 1585 3668 1658 dignitate
3710 1601 3818 1641 ca-

2161 1682 2304 1744 reat,
2338 1681 2396 1733 et
2426 1694 2459 1732 a
2488 1675 2885 1732 sacratissimo
2909 1691 3147 1747 corpore
3173 1691 3239 1729 ac
3269 1674 3555 1747 sanguine
3576 1673 3820 1730 Domini

2161 1765 2343 1822 nostri
2374 1766 2513 1821 Jesu
2544 1763 2756 1819 Christi
2790 1763 2982 1819 aliena
3014 1763 3133 1830 ﬁat,
3164 1778 3473 1834 quousque
3503 1762 3682 1834 digna
3717 1778 3819 1819 sa-

2160 1855 2493 1911 tisfactione
2547 1852 2864 1925 resipiscat.
2905 1852 3144 1906 Cunctis
3202 1855 3397 1907 autem
3454 1851 3644 1907 eidem
3684 1850 3818 1908 loco

2152 1944 2318 2015 justa
2347 1943 2714 2000 servantibus
2744 1941 2822 1996 sit
2844 1959 2951 2014 pax
2980 1940 3210 1996 Domini
3234 1940 3421 1996 nostri
3448 1940 3587 1996 Jesu
3609 1939 3816 1996 Chris-

2158 2034 2224 2100 ti,
2260 2037 2548 2106 quatenus
2592 2036 2650 2087 et
2679 2031 2773 2086 hic
2833 2030 3090 2085 fructum
3119 2031 3287 2086 bonae
3345 2028 3591 2086 actionis
3623 2029 3816 2102 perci-

2161 2123 2342 2196 piant,
2371 2126 2427 2177 et
2453 2121 2606 2194 apud
2640 2119 2971 2176 districtum
3000 2117 3256 2190 judicem
3299 2117 3538 2190 prmmia
3581 2123 3817 2176 internas

2161 2210 2322 2284 pacis
2354 2208 2672 2264 inveniant.
2705 2213 2915 2277 Amen,
2945 2222 3137 2275 amen,
3174 2223 3366 2263 amen.

2855 2296 3106 2352 CLXXX.

2231 2387 2597 2459 Privilegium
2618 2403 2720 2458 pro
2749 2388 3074 2443 monasterio
3105 2385 3159 2440 S.
3190 2386 3457 2441 Vincentii
3484 2385 3738 2443 Mettensi.

2775 2476 2963 2544 (Anno
3002 2474 3188 2542 4096.)

2161 2568 2326 2641 (Dom
2358 2570 2606 2634 Camer,
2639 2567 2775 2621 Hist.
2807 2563 2872 2621 de
2915 2564 3199 2633 Lorraine,
3253 2563 3526 2630 Preuves,
3558 2579 3616 2635 p.
3662 2563 3827 2633 507.)

2233 2656 2509 2711 Unnanus
2541 2654 2871 2726 episcopus,
2901 2669 3103 2708 servus
3125 2668 3424 2708 servorum
3448 2651 3568 2720 Dei,
3602 2651 3823 2708 dilecto

2161 2743 2285 2799 ﬁlio
2317 2742 2589 2811 Lmzom,
2624 2740 2823 2798 abbati
2853 2740 3192 2797 monasterii
3224 2740 3281 2795 S.
3314 2739 3624 2809 Vincentii,
3658 2739 3822 2811 quod

2162 2832 2291 2889 Meti
2327 2830 2507 2887 situm
2540 2834 2650 2899 est,
2683 2830 2930 2902 ejusque
2971 2826 3412 2885 successoribus
3471 2823 3824 2901 regulariter

2160 2918 2536 2976 instituendis
2565 2919 2623 2973 in
2658 2921 3023 2991 perpetuum.

2232 3009 2342 3065 Pize
2374 3007 2688 3081 postulatio
2741 3005 3060 3063 voluntatis
3112 3006 3318 3063 eii‘ectu
3377 3006 3546 3063 debet
3605 3022 3817 3078 prose-

2160 3102 2372 3170 quente
2403 3096 2697 3170 compleri,
2732 3101 3017 3167 quatenus
3047 3102 3106 3152 et
3134 3095 3458 3153 devotionis
3507 3094 3817 3152 sinceritas

2158 3184 2530 3242 laudabiliter
2560 3185 2860 3253 enitescat,
2918 3187 2975 3240 et
3030 3183 3256 3241 utilitas
3304 3182 3603 3257 postulata
3656 3184 3813 3241 vires

477 3274 755 3327 URBANUS
784 3270 1112 3342 episcopus,
1137 3286 1339 3325 servus
1361 3286 1655 3325 servorum
1688 3271 1806 3339 Dei,
1843 3271 2050 3329 dilecto
2081 3255 2123 3320 (ἶ
2162 3276 2560 3331 indubitantes
2591 3278 2874 3330 assumat.
2909 3274 3055 3337 Quia
3083 3274 3264 3347 igitur
3300 3255 3535 3330 dilectio
3585 3277 3691 3330 tua
3739 3273 3811 3329 ad

407 3360 526 3416 ﬁlio
556 3360 743 3415 Pereo
770 3356 1175 3414 Trenorciensi
1195 3357 1411 3427 abbati,
1435 3359 1680 3430 ejusque
1702 3360 2051 3415 successori-

408 3450 517 3505 bus
548 3446 890 3521 regulariter
920 3447 1345 3504 substituendis
1375 3447 1434 3502 in
1465 3454 1833 3520 perpetuum.

477 3536 578 3593 Pia
589 3536 900 3609 postulatio
923 3536 1237 3593 voluntatis
1250 3537 1454 3592 effectu
1477 3537 1642 3593 debet
1665 3544 2050 3611 prosequente

405 3626 704 3699 compleri,
735 3629 1027 3698 quatenus
1057 3629 1113 3681 et
1142 3625 1465 3682 devotionis
1506 3625 1809 3683 sinceritas
1841 3629 2049 3684 lauda-

407 3715 598 3771 biliter
629 3714 929 3781 enitescat,
963 3719 1021 3769 et
1050 3714 1273 3769 utilitas
1303 3713 1597 3787 postulata
1626 3714 1777 3771 vires
1814 3715 2048 3772 indubi-

402 3810 595 3862 tanter
623 3807 906 3860 assumat.
940 3803 1085 3869 Quia
1114 3802 1294 3876 igitur
1345 3801 1576 3859 dilectio
1623 3808 1725 3858 tua
1773 3804 1845 3859 ad
1894 3806 2049 3861 sedis

405 3893 732 3967 apostolicae
761 3896 992 3964 portum
1018 3892 1379 3963 confugiens,
1414 3894 1541 3963 ejus
1558 3892 1863 3949 tuitionem
1886 3895 2048 3949 devo-

402 3983 560 4037 tione
589 3979 784 4036 debita
813 3979 1132 4051 requisivit,
1169 3997 1274 4035 nos
1330 3978 1741 4052 supplicationi
1794 3986 1903 4036 tute
1934 3981 2046 4038 cle-

404 4073 631 4126 menter
660 4068 979 4125 annuimus
1008 4073 1065 4123 et
1090 4069 1898 4137 Trenorciensisccenobium,
1933 4072 2045 4141 cui,

404 4159 520 4215 Deo
552 4162 804 4223 auctore,
832 4157 1131 4229 praesides,
1148 4174 1281 4211 cum
1309 4157 1583 4214 omnibus
1614 4159 1684 4213 ad
1709 4160 1904 4232 ipsum
1925 4178 2050 4234 per-

402 4246 747 4311 tinentibus,
763 4246 870 4302 sub
893 4244 1136 4301 tutelam
1161 4245 1489 4318 apostolicae
1514 4247 1668 4304 sedis
1690 4250 2044 4322 excepimus.

404 4342 513 4401 Per
541 4334 843 4407 praesentis
885 4333 1067 4405 igitur
1099 4333 1378 4407 privilegii
1411 4335 1688 4409 paginam
1733 4340 2050 4411 apostolica

405 4423 746 4481 auctoritate
777 4422 1112 4488 statuimus,
1147 4428 1211 4478 ut
1262 4439 1622 4496 quaecunque
1669 4428 1838 4494 bona,
1892 4446 2047 4501 quae-

404 4528 633 4585 cunque
651 4511 1049 4585 possessiones
1067 4512 1481 4569 catholicorum
1508 4514 1921 4588 imperatorum
1944 4534 2046 4574 seu

2158 3363 2314 3421 sedis
2346 3362 2674 3435 apostolicae
2696 3366 2932 3435 portum
2950 3362 3314 3435 confugiens,
3335 3362 3463 3434 ejus
3493 3362 3809 3418 tuitionem

2158 3452 2460 3509 devotione
2490 3451 2687 3507 debita
2715 3450 3035 3524 requisivit,
3069 3468 3175 3507 nos
3206 3450 3621 3524 supplicationi
3668 3454 3808 3519 tuae,

2158 3546 2280 3598 tam
2311 3557 2415 3612 pro
2446 3540 2596 3596 beati
2624 3539 2913 3596 Vincentii
2947 3540 3223 3613 martyris
3269 3540 3593 3608 devotione,
3627 3557 3810 3613 quam

2158 3632 2335 3687 etiam
2368 3646 2470 3702 pro
2502 3633 2614 3685 tute
2645 3628 2942 3702 religionis
3001 3629 3322 3703 reverentia
3364 3629 3681 3687 clementer
3710 3647 3811 3686 an-

2158 3720 2417 3787 nuimus,
2444 3725 2500 3774 et
2516 3719 2778 3789 ejusdem
2801 3718 3074 3791 martyris
3098 3717 3545 3787 monasterium,
3568 3719 3809 3790 cui,Deo

2158 3813 2414 3876 auctore,
2439 3806 2738 3879 praesides,
2762 3806 3067 3879 praesentis
3086 3807 3299 3863 decreti
3321 3807 3665 3864 auctoritate
3686 3825 3813 3864 mu-

2158 3897 2392 3953 nimus:
2428 3895 2744 3952 statuimus
2765 3896 2919 3951 enim
2956 3900 3021 3951 ut
3046 3912 3427 3968 quaecumque
3448 3896 3621 3965 dona,
3643 3914 3814 3969 quas-

2157 4002 2386 4058 cunque
2434 3983 2836 4057 possessiones
2885 3983 3039 4040 idem
3089 3984 3396 4039 cmnobiun
3457 3983 3632 4041 hodie
3654 3986 3813 4056 juste

2156 4073 2436 4146 possidet,
2471 4072 2590 4128 sive
2620 4073 2679 4127 in
2712 4072 2975 4128 futurum
3003 4073 3409 4129 concessiones
3440 4073 3808 4145 pontiﬁcum,

2154 4160 2503 4219 liberalitate
2532 4160 2887 4233 principum,
2919 4162 3006 4218 vel
3039 4160 3332 4218 oblatione
3362 4160 3625 4218 ﬁdelium
3649 4163 3812 4234 juste

2157 4257 2331 4325 atque
2362 4250 2638 4307 canonice
2660 4250 2872 4322 poterit
2901 4250 3167 4323 adipisci,
3203 4250 3372 4307 ﬁrma
3404 4251 3532 4318 tibi,
3574 4250 3811 4324 tuisque

2157 4339 2596 4399 successoribus
2626 4344 2683 4395 et
2714 4338 2939 4395 illibata
2968 4342 3366 4409 permaneant.

2228 4430 2605 4485 Decernimus
2635 4444 2770 4500 ergo
2800 4432 2864 4482 ut
2884 4426 3026 4482 nulli
3053 4428 3290 4484 omnino
3313 4427 3812 4486 hominumlieeat

2161 4517 2465 4589 praefatum
2499 4516 2830 4571 coenobium
2859 4521 3077 4573 temere
3124 4517 3483 4589 perturbare,
3541 4521 3645 4573 aut
3682 4519 3811 4590 ejus

403 4607 742 4659 ceterorum
775 4600 1106 4674 principum
1139 4600 1877 4677 largitione,episcoporum
1910 4624 2046 4662 con-
2074 4620 2123 4685 Ι)
2159 4605 2556 4678 possessiones
2577 4606 2827 4673 auferre,
2850 4604 2938 4660 vel
2970 4604 3195 4661 ablatas
3217 4606 3487 4678 retinere,
3519 4605 3807 4675 minuere,

402 4692 680 4759 cessione,
715 4708 818 4748 seu
879 4696 1219 4747 czeterorum
1277 4691 1537 4748 ﬁdelium
1594 4694 1909 4761 oblatione,
1971 4697 2043 4751 ad

401 4781 555 4837 idem
589 4780 917 4837 ccenobium
952 4780 1475 4852 imprzesentiarum
1507 4784 1818 4854 pertinent,
1847 4784 2045 4840 sivein

401 4869 662 4924 futurum
688 4870 851 4941 juste
878 4868 1090 4941 poterit
1122 4869 1391 4942 adipisci,
1443 4871 1614 4926 ﬁrma
1657 4871 1761 4927 tibi
1810 4873 2046 4945 tuisque

400 4957 859 5024 successoribus,
887 4961 943 5014 et
973 4957 1196 5014 illibata
1224 4965 1623 5030 permaneant.
1673 4961 2046 5018 Decernimus

404 5061 541 5118 ergo
569 5050 633 5101 ut
663 5046 807 5101 nulli
839 5046 1074 5102 omnino
1124 5046 1430 5103 hominum
1461 5047 1630 5102 liceat
1668 5047 1822 5103 idem
1856 5066 2043 5106 coeno-

401 5134 567 5188 bium
610 5138 826 5191 temere
869 5137 1229 5207 perturbare,
1292 5142 1394 5192 aut
1463 5137 1592 5207 ejus
1648 5138 2045 5208 possessiones

401 5222 648 5295 auferre,
679 5223 767 5278 vel
799 5223 1124 5281 oblationes
1156 5225 1423 5290 retinere,
1481 5223 1762 5293 minuere,
1822 5226 1907 5283 vel
1959 5233 2044 5284 te-

403 5311 666 5367 merariis
683 5312 1085 5370 vexationibus
1106 5313 1448 5383 inquietare,
1472 5313 1573 5368 sed
1599 5315 1796 5371 omnia
1823 5316 2046 5390 integre

400 5406 837 5471 conserventur,
898 5420 1098 5459 eorum
1163 5418 1266 5473 pro
1327 5417 1575 5472 quorum
1625 5407 2046 5464 sustentatione

400 5506 677 5546 concessa
706 5495 863 5563 sunt,
896 5493 1103 5548 usibus
1159 5487 1512 5545 omnimodis
1568 5493 1894 5563 profutura.
1928 5497 2045 5552 Cae-

400 5582 525 5634 tera
554 5577 727 5634 etiam
760 5596 887 5652 qua:
917 5597 1021 5654 per
1068 5577 1389 5634 reverendae
1452 5581 1744 5637 memoriae
1801 5582 2044 5642 Joannis

399 5685 561 5746 papae
591 5668 960 5747 privilegium
991 5665 1392 5728 Trenorciensi
1431 5671 1783 5732 monasterio
1830 5674 2045 5736 conﬁr-

2152 4694 2240 4751 vel
2273 4695 2596 4751 temerariis
2625 4694 3026 4751 vexationibus
3058 4693 3336 4768 fatigare;
3370 4696 3471 4752 sed
3494 4697 3697 4752 omnia
3729 4697 3811 4752 in-

2156 4788 2320 4857 tegra
2351 4788 2784 4851 conserventur,
2818 4800 3020 4839 eorum
3056 4801 3159 4856 pro
3210 4801 3462 4856 quorum
3512 4790 3807 4842 sustenta-

2156 4873 2315 4929 tione
2344 4889 2411 4928 ac
2437 4871 2855 4944 gubernatione
2885 4889 3159 4930 concessa
3187 4876 3340 4943 sunt,
3376 4873 3585 4931 usibus
3617 4875 3807 4931 omni-

2156 4961 2346 5017 modis
2379 4960 2703 5032 profutura,
2738 4960 2898 5017 salva
2924 4962 3201 5018 Meteusis
3231 4962 3486 5035 episcopi
3527 4964 3811 5020 canonica
3854 5014 3857 5017 .

2155 5050 2492 5107 reverentia.
2526 5050 2785 5106 Obeunte
2832 5055 2888 5106 te
2919 5069 3075 5108 nunc
3125 5054 3391 5124 ejusdem
3420 5053 3531 5109 loci
3573 5041 3805 5120 abbate,

2152 5139 2241 5197 vel
2274 5144 2509 5195 tuorum
2540 5138 2803 5211 quolibet
2825 5156 3254 5213 successorum,
3288 5140 3488 5198 nullus
3518 5142 3598 5197 ibi
3623 5142 3808 5215 quali-

2154 5229 2252 5284 bet
2281 5226 2675 5300 subreptionis
2707 5229 2923 5284 astutia
2951 5229 3038 5286 vel
3085 5229 3360 5287 violentia
3408 5235 3804 5305 praeponatur,

2155 5317 2268 5374 nisi
2287 5334 2462 5390 quem
2489 5322 2806 5374 conventus
2820 5319 3538 5387 communiconsensu,vel
3558 5320 3803 5376 fratrum

2155 5424 2290 5480 pars
2321 5404 2548 5462 consilii
2582 5406 2853 5475 sanioris,
2913 5408 3239 5464 secundum
3277 5409 3371 5465 Dei
3423 5409 3697 5465 timorem
3747 5413 3805 5466 et

2154 5497 2307 5553 beati
2338 5496 2632 5552 Benedicti
2663 5496 2945 5569 regulam,
2967 5496 3264 5571 elegerint.
3296 5499 3576 5555 Praeterea
3602 5515 3804 5556 secun-

2154 5587 2294 5643 dum
2326 5583 2745 5641 venerabilium
2768 5586 3263 5658 praedecessorum
3286 5593 3622 5645 nostrorum
3634 5590 3802 5646 Joan-

2154 5675 2247 5740 nis
2277 5678 2334 5735 et
2361 5673 2657 5735 Benedicti
2688 5678 2905 5751 statuta
2935 5675 3330 5753 concedimus,
3371 5679 3438 5741 ut
3474 5678 3526 5737 si
3575 5677 3795 5755 episco-
