3950 6354
115 379 230 440 453

1287 377 1689 445 ΕΡΙΞΤΟῙΛΕ
1731 378 1831 443 ΕΤ
1875 373 1999 442 PR1
2011 375 2340 443 VILEGIA.

3389 379 3507 442 454

117 531 226 587 pus
245 514 411 570 Metti
435 514 704 584 defuerit,
722 512 893 574 liceat
914 516 1017 573 tibi
1043 515 1276 589 tuisque
1297 516 1756 584 successoribus,
1785 517 1842 582 Α
1875 532 1978 570 seu
2033 514 2276 568 mutatis
2333 511 2562 568 clericis
2617 526 2764 583 quos
2811 527 3091 584 personas
3121 517 3328 569 vocant
3357 532 3370 583 ;
3402 532 3510 571 nos

113 604 169 658 in
204 602 428 660 festivis
459 605 687 671 diebus,
715 606 788 661 ad
817 607 1014 662 sedem
1046 605 1434 678 episcopalem
1466 606 1754 672 accedere,

112 692 308 764 ibique
331 709 467 748 cum
486 691 800 750 dalmatica
819 699 874 750 et
896 693 1196 764 sandaliis,
1222 694 1538 750 missarum
1554 692 1762 750 solem-

112 781 207 836 nia
238 781 555 838 celebrare.

179 872 406 929 Sane-si
440 872 573 944 quis
589 873 647 928 in
671 873 994 929 crastinum
1018 873 1494 947 archiepiscopus
1516 876 1618 928 aut
1646 870 1763 944 epi-

114 978 348 1034 scopus,
382 961 700 1033 imperator
757 967 858 1018 aut
915 980 1032 1025 rex.
1069 963 1339 1035 princeps
1370 966 1471 1019 aut
1499 963 1636 1026 dux,
1667 977 1760 1016 co-

115 1068 258 1120 mes,
287 1052 636 1116 vicecomes,
681 1052 884 1122 judex,
923 1057 1024 1107 aut
1053 1051 1447 1108 ecclesiastica
1504 1051 1765 1122 qualibet

115 1138 482 1195 saecularisve
504 1157 772 1212 persona,
799 1140 951 1195 hanc
976 1145 1188 1196 nostrae
1206 1139 1647 1196 constitutionis
1668 1155 1764 1211 pa-

113 1230 308 1302 ginam
335 1229 766 1295 sciens,contra
787 1246 914 1285 eam
945 1233 1163 1285 temere
1206 1229 1401 1285 venire
1434 1227 1762 1293 tentaverit,

113 1319 374 1374 secundo
400 1319 640 1374 tertiove
670 1319 1083 1387 commonitus,
1118 1319 1166 1373 si
1215 1335 1329 1374 non
1369 1317 1764 1374 satisfactione

111 1424 374 1480 congrua
400 1407 1136 1479 emendaverit,potestatis
1167 1407 1521 1479 honorisque
1552 1406 1642 1460 sui
1675 1404 1762 1461 di-

109 1496 334 1568 gnitate
353 1500 567 1564 careat,
594 1513 876 1567 reumque
906 1513 968 1552 se
999 1497 1194 1550 divino
1219 1496 1442 1566 judicio
1468 1496 1538 1550 de
1571 1510 1767 1567 perpe-

109 1590 257 1640 trata
282 1585 592 1657 iniquitate
622 1590 958 1658 cognoscat,
973 1590 1030 1640 et
1047 1602 1079 1640 a
1103 1584 1503 1641 sacratissimo
1527 1600 1766 1655 corpore

110 1681 164 1730 et
189 1673 486 1746 sanguine
506 1673 605 1729 Dei
631 1679 688 1728 et
707 1673 938 1729 Domini
971 1675 1378 1745 Redemptoris
1410 1673 1589 1728 nostri
1626 1673 1766 1727 Jesu

109 1763 330 1819 Christi
362 1761 591 1818 alienus
629 1764 749 1830 ﬁat,
775 1767 945 1834 atque
991 1763 1049 1816 in
1099 1767 1354 1818 extremo
1381 1762 1646 1817 examine
1677 1762 1764 1816 di-

111 1853 331 1908 stricta
359 1850 571 1908 ultioni
597 1852 915 1922 subjaceat.
940 1852 1176 1908 Cunctis
1203 1860 1395 1907 aulem
1420 1851 1607 1907 eidem
1642 1850 1767 1948 loc-0
1798 1883 1846 1948 B

105 1941 274 2012 justa
300 1940 785 2006 servantibus,sit
800 1959 911 2012 pax
934 1940 1160 1995 Domini
1180 1939 1513 1995 nostriJesu
1531 1938 1764 2007 Christi,

113 2036 415 2102 quatenus
455 2034 512 2084 et
543 2028 638 2084 hic
661 2029 914 2084 fructum
948 2030 1112 2084 bonae
1137 2028 1383 2084 actionis
1424 2028 1766 2100 percipiant,

112 2124 166 2175 et
195 2119 358 2191 apud
403 2117 738 2174 districtum
779 2118 1040 2189 judicem
1087 2118 1327 2188 praemia
1354 2121 1578 2172 aeternae
1611 2117 1770 2188 pacis

113 2205 438 2262 inveniant.
459 2209 664 2274 Amen,
699 2222 896 2271 amen,
929 2222 1123 2261 amen.

183 2298 401 2352 Datum
434 2294 689 2350 Turonis
721 2311 822 2366 per
853 2311 1092 2351 manum
1125 2293 1393 2362 Joannis,
1427 2311 1604 2350 sacra
1660 2293 1772 2348 Ro-

116 2401 305 2441 manas
335 2381 607 2438 Ecclesiae
643 2381 870 2438 diaconi
910 2381 1155 2449 cardin.,
1175 2399 1255 2437 xu
1287 2381 1532 2438 Kalend.
1565 2383 1772 2455 April.,

116 2473 323 2529 indict.
351 2487 427 2540 ιν,
455 2488 609 2527 anno
654 2469 967 2526 Dominicae
1009 2471 1297 2526 lncarnat.
1343 2471 1501 2538 4096,
1537 2472 1772 2542 pontifi-

116 2567 286 2619 catus
310 2566 507 2617 autem
535 2559 734 2616 domui
759 2559 976 2616 Urbani
1002 2559 1044 2614 ll
1077 2577 1240 2632 papae
1271 2577 1421 2615 anno
1453 2578 1530 2615 1x.

805 2718 1081 2773 CLXXXI.

127 2827 378 2884 Urbanus
429 2827 480 2881 ll
533 2824 820 2894 conﬁrmat
873 2825 1110 2881 abbatz'ze
1159 2825 1213 2879 S.
1251 2826 1462 2881 Bertz'm‘
1504 2825 1689 2881 ordini
1717 2827 1772 2882 S.

193 2896 932 2982 Benedioti'Amlomaropoli
991 2898 1180 2951 omnia
1214 2897 1417 2952 altaria
1466 2914 1565 2952 sua
1616 2906 1778 2969 atque

195 2983 586 3042 possesseones.

757 3073 938 3141 (Anno
972 3074 1156 3145 1096.)

433 3197 726 3272 [Μωδευῇ
762 3199 916 3270 0pp.,
949 3197 1198 3270 diplom.,
1235 3199 1330 3265 lII,
1361 3199 1476 3269 21.]

197 3361 484 3413 Unsauus
515 3356 843 3429 episcopus,
869 3374 1069 3413 servus
1091 3374 1386 3413 servorum
1421 3357 1522 3413 Dei
1544 3359 1777 3427 dilecto,

128 3445 246 3502 filio
263 3447 590 3514 LAIBERTO,
612 3445 805 3501 abbati
825 3445 1162 3501 monasterii
1191 3448 1544 3505 confessoris
1561 3447 1775 3504 Christi

129 3534 348 3590 Bertini
361 3535 410 3605 ej
421 3551 608 3606 usque
619 3535 1057 3591 successoribus
1072 3535 1413 3607 regulariter
1424 3537 1779 3593 substituen-

130 3623 219 3679 dis
251 3625 308 3679 in
330 3628 697 3696 perpetuum.

159 3712 315 3767 'Piae
348 3710 666 3784 postulatio
713 3711 1030 3768 voluntatis
1086 3712 1293 3768 effectu
1352 3713 1521 3769 debet
1579 3732 1775 3785 prose-

133 3805 350 3873 quente
380 3800 681 3872 compleri,
716 3807 1008 3872 quatenus
1040 3805 1097 3856 et
1122 3801 1444 3857 devotionis
1475 3801 1778 3859 sinceritas

133 3889 507 3946 laudabiliter
535 3889 816 3945 enitescat
845 3894 900 3944 et
930 3889 1157 3944 utilitas
1177 3889 1470 3962 postulata
1507 3893 1658 3947 vires
1688 3892 1777 3947 in-

133 3978 472 4035 dubitanter
491 3983 776 4034 assumat.

206 4068 357 4134 Quia
393 4066 572 4139 igitur
611 4066 841 4123 dilectio
873 4071 974 4123 tua
997 4068 1068 4123 ad
1103 4068 1256 4124 sedis
1288 4068 1614 4141 apostolicae
1647 4089 1778 4143 por-

134 4162 262 4213 tum
327 4155 672 4229 confugiens
732 4157 860 4227 ejus
917 4157 1225 4213 tuitionem
1256 4157 1556 4214 devotione
1587 4159 1782 4217 debita

135 4245 461 4318 requisivit,
497 4262 603 4302 nos
633 4245 1041 4318 supplicationi
1077 4249 1189 4302 tuae
1221 4246 1536 4303 clementer
1564 4249 1778 4304 annui-

135 4339 363 4404 mus,et
386 4334 542 4391 Beati
572 4334 788 4390 Bertini
818 4335 1166 4390 confessoris
1185 4335 1628 4404 monasterium,
1663 4337 1776 4405 cui,

135 4427 246 4480 Deo
275 4427 532 4490 auctore,
561 4423 856 4494 praesides,
889 4425 1043 4495 quod
1065 4423 1328 4479 videlicet
1358 4426 1776 4481 monasterium

136 4512 290 4569 idem
312 4512 615 4568 B.Bertini
639 4513 698 4567 in
741 4511 1016 4567 honorem
1057 4513 1157 4568 SS.
1196 4513 1592 4585 apostolorum
1627 4514 1777 4571 Petri

1868 607 2100 660 auctore
2129 602 2243 657 Deo
2273 600 2644 657 venalitatem
2701 617 2936 656 omnem
2971 605 3090 656 tam
3125 617 3192 657 ex
3223 601 3510 659 ministris

1829 693 1836 700 ””
1870 707 2045 764 quam
2069 707 2139 746 ex
2157 691 2329 746 rebus
2349 689 2760 745 ecclesiasticis
2790 689 3199 762 propellentes,
3233 689 3341 746 hoc
3372 690 3514 746 ulte-

1871 780 1994 836 rius
2025 779 2148 835 lieri
2181 778 2524 836 auctoritate
2557 777 2874 850 apostolica
2903 778 3305 851 prohibemus.

1942 870 2116 925 Porro
2147 885 2506 939 quaecunque
2563 866 2770 923 altaria
2828 866 2914 922 vel
2947 866 3202 924 decimas
3241 868 3312 924 ab
3344 868 3515 926 annis

1869 959 2113 1030 triginta
2143 962 2199 1013 et
2229 974 2408 1029 supra
2437 956 2548 1013 sub
2579 956 2918 1026 hujusmodi
2969 956 3364 1029 redemptione
3391 975 3514 1014 mo-

1873 1046 2194 1103 nasterium
2227 1051 2488 1101 vestrum
2518 1045 2851 1117 possedisse
2898 1047 3287 1117 cognoscitur,
3322 1047 3517 1118 quiete

1872 1135 2146 1207 deinceps
2178 1139 2235 1190 et
2265 1133 2392 1190 sine
2425 1134 2695 1189 molestia
2723 1133 2986 1205 qualibet
3007 1135 3170 1189 vobis
3190 1135 3516 1207 vestrisque

1873 1223 2313 1280 successoribus
2345 1222 2698 1295 possidenda
2730 1225 3074 1288 firmamus;
3109 1223 3268 1278 salvo
3315 1224 3518 1296 utique

1872 1313 2280 1384 episcoporum
2311 1327 2489 1366 censu
2521 1328 2674 1367 anno
2727 1327 2902 1382 quem
2960 1329 3028 1366 ex
3086 1311 3178 1368 his
3235 1311 3519 1369 hactenus

1873 1401 2224 1455 habuerunt.
2274 1398 2912 1454 Ecclesiam.videlicct
2968 1400 3037 1453 de
3097 1400 3412 1455 Stenkerca
3459 1401 3516 1455 in

1874 1488 2235 1545 Taruanensi
2261 1487 2554 1560 parochia,
2579 1486 2884 1542 ecclesiam
2910 1488 2978 1542 de
3002 1487 3325 1560 Gueninga,
3345 1488 3521 1545 eccle-

1875 1579 2025 1635 siam
2076 1579 2147 1633 de
2197 1576 2499 1649 Brogurgh
2556 1593 2690 1631 cum
2749 1575 2987 1647 capellis
3027 1577 3172 1643 suis,
3213 1577 3519 1633 ecclesiam

1874 1672 2096 1722 Sanctae
2125 1667 2482 1738 Margaretae,
2508 1666 2704 1720 Sancti
2735 1665 2996 1731 Joannis,
3025 1665 3219 1720 Sancti
3261 1666 3516 1734 Martini,

1877 1755 2184 1811 ecclesiam
2209 1755 2279 1810 de
2302 1756 2651 1823 Pitarnasse,
2675 1755 2746 1808 de
2772 1755 3164 1825 Longanessa,
3187 1755 3259 1810 de
3286 1755 3520 1824 Gisnes,

1878 1845 1948 1899 de
2004 1842 2462 1915 Poparingehem
2521 1859 2655 1897 cum
2712 1843 2842 1912 ipsa
2884 1841 3042 1911 villa,
3095 1843 3166 1897 de
3219 1846 3418 1913 Arcas,
3452 1845 3522 1902 de

1875 1931 2128 2000 Arbella,
2177 1933 2250 1986 de
2307 1931 2496 1999 Coiea,
2549 1933 2619 1985 de
2676 1930 2899 1998 Helein,
2960 1931 3030 1985 de
3079 1931 3395 2002 Gueserna,
3452 1935 3523 1988 de

1875 2022 2127 2093 Aquina,
2162 2022 2231 2076 de
2263 2019 2606 2087 Bofrichem,
2642 2021 2712 2074 de
2750 2020 2979 2090 Scasas,
3013 2019 3084 2075 de
3115 2020 3360 2093 Hunela,
3388 2039 3523 2078 cum

1879 2113 2032 2169 villis
2063 2128 2289 2180 earum,
2322 2109 2623 2165 ecclesiam
2661 2109 2730 2164 de
2761 2109 3284 2166 Turboteshem.In
3314 2111 3524 2168 Novio-

1880 2201 2068 2257 mensi
2101 2199 2373 2272 parochia
2404 2197 2710 2254 ecclesiam
2738 2198 2807 2252 de
2839 2198 3140 2266 Calmunt;
3174 2200 3232 2254 in
3285 2201 3522 2258 Torma-

1880 2290 2038 2345 censi
2090 2287 2396 2344 ecclesiam
2443 2287 2514 2342 de
2546 2286 2903 2353 Rukeshem,
2966 2287 3037 2342 de
3093 2287 3524 2362 Hetlingehem,

1881 2380 1952 2433 de
2009 2375 2464 2441 Huminkehem,
2507 2373 2576 2428 de
2633 2374 3021 2430 Gueskercke.
3073 2380 3138 2430 In
3198 2376 3523 2437 Coloniensi

1881 2465 2158 2539 parochia
2174 2463 2476 2520 ecclesiam
2510 2463 2580 2517 de
2609 2462 2886 2529 Frekena,
2915 2463 2986 2518 de
3018 2462 3422 2538 Guildesdorp.
3460 2471 3523 2524 In

1883 2553 2212 2612 Belvacensi
2242 2558 2455 2607 terram
2498 2550 2779 2606 Huboisin
2812 2551 3048 2621 dictam,
3083 2568 3217 2608 cum
3247 2556 3524 2612 omnibus

1883 2643 2251 2718 pertinentiis
2281 2657 2504 2707 earum,
2528 2657 2631 2696 seu
2658 2639 3019 2711 appendiciis
3047 2657 3270 2698 earum.

1955 2731 2333 2789 Decernimus
2381 2729 2579 2800 itaque
2611 2733 2675 2784 ut
2721 2727 2864 2783 nulli
2917 2730 3156 2786 omnino
3213 2729 3520 2789 hominum

1885 2823 2056 2878 liceat
2112 2823 2368 2876 vestrum
2429 2817 2757 2874 coenobium
2789 2820 3006 2872 temere
3031 2819 3373 2890 perturbare
3422 2828 3524 2879 aut

1885 2913 2012 2983 ejus
2059 2908 2460 2982 possessiones
2536 2906 2762 2962 auferre
2827 2905 2914 2961 vel
2961 2906 3186 2964 ablatas
3252 2910 3523 2979 retinere,

1885 2999 1972 3056 vel
2033 2996 2357 3054 temerariis
2414 2995 2814 3051 vexationibus
2872 2995 3138 3068 fatigare,
3171 3000 3270 3054 sed
3328 3001 3527 3057 omnia

1888 3091 2117 3160 integra
2145 3090 2790 3152 conserventur,eorum
2813 3101 2917 3157 pro
2940 3101 3190 3157 quorum
3234 3093 3524 3145 sustenta-

1887 3179 2044 3234 tione
2079 3194 2144 3232 ac
2171 3174 2593 3249 gubernatione
2625 3190 2904 3229 concessa
2933 3181 3072 3230 sunt
3103 3175 3308 3233 usibus
3339 3182 3528 3234 omni-

1808 3248 1850 3314 Ο
1889 3267 2079 3323 modis
2103 3248 2409 3338 prefutura
2437 3263 2618 3331 ;salva
2639 3263 2918 3319 canonica
2948 3263 3204 3337 episcopi
3236 3266 3526 3324 Morinen-

1885 3358 1968 3414 sis
1996 3355 2334 3412 reverentia.

1957 3445 2218 3501 Obeunte
2278 3447 2333 3497 te
2391 3458 2546 3496 nunc
2576 3441 2702 3511 ejus
2735 3440 2844 3496 loci
2903 3442 3111 3497 abbate
3152 3444 3258 3513 vel,
3291 3450 3527 3502 tuorum

1887 3534 2144 3606 quolibet
2160 3546 2588 3597 successorum,
2616 3528 2815 3584 nullus
2834 3530 2911 3584 ibi
2927 3530 3526 3622 qualibet-subreptio-

1887 3625 1979 3679 nis
2001 3621 2216 3677 astutia
2237 3623 2610 3691 proponatur,
2635 3617 2746 3672 nisi
2783 3634 2956 3689 quem
2986 3617 3210 3686 fratres,
3231 3623 3530 3678 communi

1887 3727 2175 3767 consensu
2213 3708 2300 3764 vel
2345 3709 2590 3763 fratrum
2614 3723 2750 3778 pars
2782 3705 3007 3761 consilii
3041 3707 3288 3764 sanioris
3320 3726 3524 3766 secun-

1889 3803 2030 3857 dum
2062 3799 2161 3855 Dei
2193 3798 2461 3853 timorem
2492 3801 2550 3851 et
2579 3795 2732 3851 beati
2794 3795 3086 3850 Benedicti
3128 3797 3390 3869 regulam
3421 3798 3530 3856 ele-

1888 3887 2231 3964 gerint.Vos
2270 3885 2471 3959 igi'ur,
2495 3885 2599 3939 filii
2645 3884 2702 3938 in
2734 3883 2960 3939 Christo
2991 3884 3207 3953 dilecti,
3241 3885 3342 3942 Dei
3374 3904 3529 3944 sem-

1888 3996 1990 4052 per
2019 3979 2289 4034 timorem
2321 3979 2377 4030 et
2405 3990 2662 4030 amorem
2697 3972 2755 4028 in
2782 3973 3055 4028 cordibus
3086 3974 3294 4030 vestris
3315 3975 3530 4034 habere

1889 4067 2154 4140 satagite,
2181 4070 2242 4120 ut
2274 4067 2492 4136 quanto
2527 4079 2560 4117 a
2589 4061 2964 4118 szecularibus
2993 4063 3350 4121 tumultibus
3380 4065 3530 4122 libe-

1889 4159 2069 4214 riores
2088 4155 2248 4223 estis,
2269 4157 2429 4209 tanto
2474 4151 2730 4224 amplius
2751 4150 2975 4223 placere
3023 4153 3132 4207 Deo
3162 4153 3340 4209 totius
3371 4171 3531 4211 men-

1887 4247 1965 4304 tis
2013 4251 2070 4302 et
2099 4243 2306 4301 animae
2350 4242 2666 4297 virtutibus
2697 4239 3002 4296 anheletis.
3034 4241 3090 4295 Si
3123 4259 3240 4314 qua
3287 4259 3426 4299 sane
3469 4244 3527 4299 in

1889 4337 2212 4393 crastinum
2241 4331 2628 4388 ecclesiastica
2661 4330 3026 4387 sazcularisve
3076 4347 3322 4404 persona
3349 4333 3528 4406 hujus
3609 4395 3611 4402 λ

1888 4424 2171 4499 privilegii
2194 4423 2471 4495 paginam
2505 4422 2718 4487 sciens,
2739 4426 2941 4477 contra
2961 4439 3090 4476 eam
3106 4426 3321 4478 temere
3337 4424 3529 4479 venire

1886 4513 2212 4579 tentaverit,
2271 4510 2524 4566 secundo
2572 4509 2812 4564 tertiove
2873 4511 3249 4580 commonita,
3305 4512 3353 4567 si
3414 4530 3529 4569 non

135 4607 192 4656 et
234 4600 398 4657 Pauli
441 4600 717 4656 fundasse
747 4600 1138 4673 cognoscitur,
1164 4606 1220 4656 et
1249 4602 1447 4657 omnia
1477 4603 1548 4658 ad
1582 4603 1777 4675 ipsum
1811 4615 1856 4678 ι)
1887 4600 2284 4661 satisfactione
2306 4614 2562 4670 congrua
2579 4598 2991 4665 emendaverit,
3018 4599 3323 4669 potestatis
3353 4600 3531 4656 hono-

134 4688 491 4762 pertinentia
519 4689 629 4744 sub
662 4689 844 4745 tutela
874 4687 1207 4760 apostolicae
1239 4690 1396 4746 sedis
1430 4691 1774 4763 excipimus.

134 4777 241 4833 Per
264 4777 572 4850 praesentis
605 4777 781 4850 igitur
811 4775 1094 4849 privilegii
1134 4777 1405 4850 paginam
1455 4781 1782 4851 apostolica

137 4867 480 4923 auctoritate
510 4866 827 4922 statuimus
859 4869 922 4921 ut
944 4883 1304 4938 quaecunque
1322 4867 1492 4923 hodie
1521 4873 1780 4926 vestrum

137 4955 468 5012 omnobium
493 4955 655 5026 juste
687 4954 967 5028 possidet,
994 4955 1115 5012 sive
1153 4955 1212 5010 in
1253 4955 1517 5012 futurum
1549 4973 1783 5015 conces-

136 5044 296 5102 sione
309 5044 651 5118 pontiﬁcum
662 5086 675 5111 ,
693 5043 1038 5100 liberalitate
1054 5043 1384 5117 principum
1397 5045 1483 5101 vel
1496 5046 1784 5104 oblatione

139 5134 396 5190 ﬁdelium
419 5133 580 5204 juste
602 5137 776 5205 atque
799 5134 1073 5190 canonice
1095 5133 1306 5204 poterit
1330 5134 1572 5206 adipisci
1615 5137 1785 5193 firma

141 5222 242 5277 tibi
271 5222 509 5294 tuisque
539 5222 979 5279 successoribus
1010 5226 1068 5278 et
1107 5221 1331 5279 illibata
1380 5230 1780 5294 permaneant.

139 5310 422 5373 Quoniam
480 5327 614 5366 vero
670 5311 908 5384 quidam
969 5310 1310 5368 Simoniacas
1361 5313 1662 5385 pravitatis
1693 5332 1782 5371 ra-

140 5415 268 5456 mus
289 5402 350 5456 in
372 5398 696 5456 Galliarum
721 5400 984 5472 partibus
1015 5403 1140 5472 jam
1164 5399 1388 5458 diutius
1419 5399 1685 5472 adolevit,
1719 5409 1786 5460 ut

139 5489 390 5545 ecclesiae
425 5506 550 5560 quae
603 5488 828 5562 vulgari
886 5489 1165 5546 vocabulo
1225 5491 1380 5563 apud
1429 5507 1530 5546 vos
1579 5491 1785 5549 altaria

138 5581 571 5651 nuncupantur,
586 5578 958 5635 monasteriis
985 5579 1135 5635 datae
1155 5579 1369 5652 saepius
1391 5580 1462 5635 ab
1494 5579 1782 5655 episcopis

139 5666 244 5730 sub
266 5666 506 5747 palliata
539 5667 780 5728 avaritia
809 5669 1196 5738 venundatur,
1212 5669 1459 5729 mortuis
1496 5669 1781 5734 nimirum

1888 4693 2085 4763 risque
2106 4689 2198 4747 sui
2220 4687 2504 4760 dignitate
2529 4691 3041 4756 careat,reamque
3073 4703 3133 4741 se
3155 4687 3351 4743 divino
3373 4688 3531 4758 judi-

1890 4782 1977 4837 cio
2010 4781 2253 4836 existere
2281 4777 2351 4833 de
2383 4779 2710 4850 perpetrata
2754 4773 3059 4846 iniquilate
3118 4780 3448 4848 cognoscat,
3473 4783 3531 4834 et

1892 4888 1926 4925 a
1955 4867 2356 4926 sacratissimo
2386 4881 2623 4938 corpore
2653 4879 2719 4919 ac
2749 4863 3035 4935 sanguine
3065 4863 3162 4919 Dei
3195 4869 3252 4920 et
3297 4865 3529 4922 Domini

1892 4957 2296 5030 Redemptoris
2327 4955 2508 5012 nostri
2542 4956 2678 5010 Jesu
2711 4953 2922 5008 Christi
2955 4952 3144 5008 aliena
3199 4954 3320 5022 ﬁat,
3353 4959 3530 5028 atque

1891 5048 1952 5103 in
2001 5053 2257 5101 extremo
2314 5045 2579 5101 examine
2635 5042 2910 5098 districtaa
2970 5041 3175 5098 ultioni
3209 5043 3526 5114 subjaceat.

1891 5135 2128 5192 Cunctis
2185 5139 2381 5189 autem
2430 5133 2617 5189 eidem
2675 5132 2800 5189 loco
2822 5133 2988 5204 justa
3044 5132 3413 5190 servantibus
3455 5134 3532 5190 sit

1891 5243 2005 5299 pax
2034 5222 2478 5279 Domini'nostri
2533 5223 2672 5278 Jesu
2725 5221 2959 5290 Christi,
2994 5226 3283 5294 quatenus
3331 5228 3389 5278 et
3438 5222 3530 5280 hic

1893 5316 2147 5371 fructum
2181 5313 2342 5368 bona:
2375 5311 2620 5366 actionis
2651 5312 2991 5384 percipiant,
3025 5316 3082 5368 et
3128 5312 3282 5384 apud
3329 5311 3530 5368 distri-

1892 5409 2050 5462 ctum
2101 5400 2359 5474 judicem
2407 5399 2648 5472 praemia
2704 5405 2929 5456 aeternae
2988 5401 3146 5473 pacis
3212 5401 3523 5460 inveniant.

1890 5495 2096 5549 Amen.

1963 5584 2174 5639 Datum
2203 5578 2452 5635 Turonis
2475 5595 2578 5651 per
2611 5595 2851 5634 manum
2877 5579 3141 5647 Joannis,
3167 5580 3221 5635 S.
3258 5580 3528 5636 Romana:

1893 5670 2156 5735 Ecclesiae
2197 5667 2427 5731 diaconi
2465 5666 2801 5740 cerdinalis,
2829 5685 2886 5729 ιχ
2909 5667 3032 5730 Kal.
3065 5666 3301 5747 Aprilis,
3325 5665 3527 5737 indict.
