3958 6414
405 400 525 467 4ὅό

1701 394 1768 464 Β.
1817 392 2111 466 URBANI
2156 403 2205 464 ll
2252 402 2507 464 PAPJE.

3685 396 3809 465 186

409 549 486 601 IV,
510 548 666 589 anno
697 530 1008 588 Dmninicaa
1032 532 1452 589 Incarnationis
1476 534 1631 600 1096,
1671 534 2045 605 pontiﬁcatus
2073 534 2129 607 Α
2159 533 2296 590 Jesu
2319 534 2854 606 Christi,quatenu‘s
2877 538 2934 591 et
2955 533 3049 590 hic
3071 533 3328 590 fructum
3359 533 3524 589 bone
3555 531 3809 591 actionis

410 626 603 677 autem
625 619 849 675 domini
884 619 1101 677 Urbani
1133 621 1178 677 II
1214 639 1371 693 papa:
1403 638 1500 678 vu.

1076 709 1387 765 CLXXXII.

508 797 872 870 Privilegium
904 799 1109 856 Urbani
1139 800 1187 853 11
1209 814 1309 869 pro
1337 798 1676 855 Narbacensi
1694 799 1936 857 ecclesia.

464 894 471 899 υ
1024 888 1210 958 (Anno
1244 886 1422 959 1096).

712 976 876 1045 [σαιι.
910 974 1111 1032 Christ.
1144 991 1290 1042 nov.,
1321 977 1363 1029 t.
1396 973 1462 1041 V,
1495 992 1553 1046 p.
1586 974 1733 1045 474.]

468 1062 744 1120 Uanmus
760 1063 1093 1136 episcopus,
1116 1078 1318 1118 servus
1351 1078 1654 1118 servorum
1676 1061 1797 1129 Dei,
1816 1060 2044 1119 dilectis

402 1152 540 1207 ﬁliis
572 1151 628 1206 in
661 1149 1026 1206 Marbacensi
1057 1149 1301 1206 ecclesia
1330 1150 1670 1207 canonicam
1699 1150 1877 1206 vitam
1909 1167 2042 1224 pro-

398 1238 594 1305 fessis,
626 1254 950 1310 cerumque
976 1238 1414 1295 successoribus
1442 1239 1500 1294 in
1530 1240 1732 1296 eadem
1766 1239 2043 1312 religione

402 1327 804 1400 permansuris
836 1328 890 1382 in
925 1333 1291 1399 perpetuum.

470 1414 783 1489 Religiosis
809 1416 1118 1472 desideriis
1150 1416 1394 1489 dignum
1423 1420 1514 1473 est
1542 1416 1768 1474 facilem
1786 1417 2041 1490 praebere

393 1522 772 1569 consensum,
809 1509 874 1561 ut
902 1504 1092 1561 ﬁdelis
1148 1505 1376 1562 devotio
1429 1505 1718 1563 celebrem
1762 1506 2042 1563 sortiatur

391 1596 684 1652 effectum.
715 1593 963 1651 Proinde
1020 1610 1128 1650 nos
1183 1593 1394 1651 vestris
1425 1610 1527 1667 per
1555 1594 1901 1651 familiarem
1934 1612 2035 1651 no-

389 1687 603 1750 strum,
634 1686 890 1739 vestrum
933 1684 1127 1738 autem
1187 1681 1567 1754 praepositum
1621 1682 2033 1755 Manegaldum

387 1771 661 1844 precibus
692 1774 1039 1835 annuentes,
1085 1775 1204 1824 tam
1236 1787 1337 1826 vos
1369 1787 1547 1842 quam
1594 1775 1786 1828 vestra
1835 1773 2035 1827 omnia

384 1863 494 1915 sub
512 1859 754 1967 tuitipne
776 1857 1107 1930 apostolica:
1139 1858 1295 1914 sedis
1324 1858 1667 1932 excipimus,
1702 1864 1759 1915 et
1787 1876 2033 1931 praesen-
2064 1901 2110 1967 Β

382 1949 459 2004 tis
491 1945 772 2020 privilegii
797 1947 1147 2003 auctoritate
1180 1947 1502 2005 munimus.
1526 1949 1851 2004 Statuimus
1872 1948 2029 2005 enim

384 2041 448 2093 ut
477 2035 694 2092 nemini
728 2034 882 2092 inter
928 2053 1028 2091 vos
1049 2036 1412 2107 professione
1442 2036 1700 2094 exhibita
1728 2037 2029 2109 proprium

381 2124 522 2198 quid
552 2124 789 2191 habere,
824 2140 927 2180 nec
959 2124 1087 2180 sine
1116 2124 1415 2197 praepositi
1449 2129 1549 2182 aut
1580 2124 1705 2181 sine
1731 2126 2030 2182 communi

380 2213 848 2286 congregationis
877 2213 1116 2269 licentia
1146 2213 1216 2269 de
1247 2212 1523 2271 claustris
1562 2214 1857 2271 discedere
1886 2214 2027 2272 libe-

381 2321 512 2360 rum
536 2302 631 2359 sit.
657 2303 819 2368 Quod
840 2301 887 2357 si
916 2301 1258 2359 discesserit
1288 2308 1345 2358 et
1374 2302 1564 2359 redire
1590 2306 2026 2376 contempserit,

382 2392 431 2447 ei
449 2393 694 2463 ejusque
712 2390 1152 2447 successoribus
1180 2391 1426 2448 facultas
1454 2392 1828 2462 sitejusmodi
1854 2392 2026 2449 ubili-

380 2482 476 2537 bet
504 2498 539 2539 a
562 2480 686 2536 suis
709 2479 919 2536 ofﬁciis
939 2479 1308 2548 interdicere,
1323 2480 1698 2537 interdictum
1720 2498 1854 2538 vero
1874 2482 2026 2555 epis-

381 2586 658 2643 coporum
681 2568 768 2623 vel
792 2569 1071 2625 abbatum
1095 2568 1223 2625 sine
1245 2570 1373 2639 ejus
1393 2586 1681 2626 consensu
1706 2570 1904 2626 nullus
1925 2572 2025 2627 ab-

379 2659 585 2735 solvat.
619 2658 903 2713 Praeterea
928 2673 1031 2729 per
1058 2659 1362 2729 praesentis
1408 2657 1697 2732 privilegii
1751 2660 2026 2734 paginam

377 2744 696 2819 apostolica
726 2746 1068 2802 auctoritate
1096 2747 1435 2818 statuimus,
1460 2752 1525 2804 ut
1545 2764 1908 2822 quaecunque
1927 2751 2027 2807 ho-

377 2836 470 2892 die
501 2838 690 2890 vestra
720 2833 966 2892 ecclesia
996 2836 1157 2907 juste
1187 2836 1469 2908 possidet,
1493 2836 1613 2892 sive
1642 2837 1702 2893 in
1758 2840 2023 2896 futurum

377 2924 755 2981 concessione
802 2923 1169 2996 pontiﬁcum,
1193 2923 1543 2981 liberalitate
1572 2926 1906 2999 principum
1936 2928 2025 2985 vel

378 3012 672 3069 oblatione
703 3011 963 3068 ﬁdelium
985 3013 1122 3083 jure
1152 3016 1325 3085 atque
1356 3015 1630 3071 canonice
1658 3017 1871 3087 poterit
1898 3018 2023 3075 adi-

374 3100 540 3174 pisci,
559 3101 729 3156 ﬁrma
742 3100 908 3155 vobis
920 3100 1248 3173 vestrisque
1265 3103 1585 3159 successori
1595 3103 1706 3159 bus
1717 3108 1775 3159 et
1801 3104 2023 3162 illibata

376 3193 775 3263 permaneant.
795 3189 1173 3245 Decernimus
1186 3206 1324 3262 ergo
1339 3195 1405 3246 ut
1420 3190 1563 3246 nulli
1588 3193 1825 3250 omnino
1839 3194 2021 3250 homi-

2164 623 2504 695 percipiant,
2536 628 2595 679 et
2649 624 2804 696 apud
2866 624 3197 681 districtum
3246 622 3509 695 judicem
3561 621 3810 695 pmmia

2158 716 2382 767 mternaa
2408 712 2565 785 pacis
2596 712 2913 769 inveniant.
2944 714 3153 778 Amen,
3182 729 3377 779 amen,
3412 727 3605 768 amen.

2228 800 2441 856 Datum
2470 801 2723 857 Turonis
2754 818 2856 873 per
2884 818 3127 857 manum
3156 799 3420 869 Joannis,
3448 803 3665 857 sancta:
3682 800 3803 857 Ro-

2156 904 2341 944 manis
2398 887 2670 945 Ecclesiae
2723 889 2952 946 diaconi
2984 887 3319 957 cardinalis,
3351 905 3409 944 Ix
3441 887 3560 945 Kal.
3590 888 3807 962 Aprii.,

2154 976 2357 1044 indict,
2396 994 2473 1046 1v,
2505 994 2659 1034 anno
2679 977 2993 1035 Dominicis
3014 975 3438 1034 Incarnationis
3456 974 3618 1046 4096,
3649 993 3806 1051 pon-

2154 1064 2413 1124 tiﬁcatus
2439 1070 2633 1123 autem
2665 1065 2867 1123 domni
2898 1065 3111 1122 Urbani
3142 1066 3191 1122 Il
3222 1083 3383 1139 papa:
3411 1083 3483 1122 Ix.

2792 1189 3133 1246 CLXXXIII.

2296 1280 2542 1336 Urbanus
2572 1279 2624 1335 II
2646 1281 2966 1335 monasterii
2997 1278 3326 1335 Corbeiensis
3357 1279 3653 1351 privilegia

2802 1351 3110 1421 conﬁrmat.

2761 1441 2952 1508 (Anno
2984 1440 3170 1509 1096.)

2446 1529 2738 1600 [ΜΑΒῐιι.,
2764 1529 2966 1584 Annal.
2999 1528 3197 1584 Bened.
3229 1527 3300 1596 V,
3329 1528 3476 1595 372.]

2793 1632 3118 1690 CLXXXIV.

2143 1724 2164 1747 '
2197 1724 2450 1792 Gerardo,
2482 1741 2618 1781 novo
2669 1723 2854 1780 abbati
2882 1724 3203 1779 monasterii
3228 1723 3285 1779 S.
3316 1722 3497 1779 Mauri
3547 1722 3796 1781 Glanna-

2230 1799 2480 1870 foliensis
2506 1818 2535 1847 «
2568 1796 2974 1867 amplissimum
2998 1796 3355 1866 privilegium
3383 1795 3642 1851 concedit.
3679 1817 3715 1846 ιν

2762 1886 2951 1956 (Anno
2981 1885 3164 1955 1096.)

2405 1975 2492 2049 [D.
2528 1973 2808 2042 Romam,
2846 1974 2963 2028 Vita
3000 1973 3224 2041 Urbani,
3257 1990 3314 2045 p.
3344 1973 3499 2044 εει]

2807 2097 3107 2154 CLXXXV.

2137 2192 2200 2245 In
2248 2190 2478 2245 concilio
2510 2188 2807 2243 Turonensi
2860 2188 3285 2243 controversiam
3330 2188 3474 2242 inter
3499 2188 3794 2243 canonicos

2211 2260 2263 2316 S.
2299 2260 2538 2315 Martini
2563 2266 2613 2314 et
2657 2258 2946 2313 monachos
3002 2260 3462 2330 {Iormcriaccnses
3485 2260 3795 2330 componit

2213 2332 2483 2397 Urbanus,
2516 2331 2781 2385 sententia
2811 2328 3107 2384 secundum
3152 2334 3441 2385 canonicos
3474 2329 3592 2385 lata
3624 2328 3644 2384 ἑ
3672 2345 3791 2401 qua

2205 2405 2396 2460 statuit
2440 2410 2502 2459 ut
2556 2402 2773 2458 abbates
2832 2401 3293 2457 Cormeriacenscs
3324 2401 3576 2472 baculum
3598 2409 3791 2472 pasto-

2206 2476 2380 2530 ralem
2427 2473 2493 2529 de
2519 2473 2766 2544 sepulcro
2796 2472 2851 2528 S.
2884 2472 3130 2541 Martini,
3164 2475 3447 2529 communi
3492 2471 3690 2528 decani
3734 2481 3792 2529 et

2204 2546 2437 2618 capituli
2446 2545 2609 2616 jussu
2637 2547 2877 2599 sumant.

2745 2634 2934 2702 (Anno
2967 2632 3149 2703 1096.)

2560 2723 2792 2790 [MANSI,
2818 2720 3021 2778 Concil.
3055 2721 3168 2789 XX,
3200 2722 3348 2793 926.]

2204 2813 2481 2869 [Insanus
2512 2812 2843 2885 episcopus,
2878 2827 3079 2867 servus
3104 2826 3403 2883 servorum
3437 2810 3559 2867 Dei.

2204 2918 2508 2987 Querelam
2586 2918 2657 2973 de
2714 2916 3141 2974 Cormaricensi
3184 2917 3443 2973 coenobio
3498 2917 3651 2974 inter
3710 2918 3780 2974 Β.

2132 3008 2366 3065 Martini
2398 3006 2709 3063 canonicos
2743 3010 2799 3062 et
2842 3004 3001 3061 illius
3032 3005 3141 3061 loci
3187 3006 3506 3063 monachos
3550 3005 3782 3065 diutius

2131 3095 2701 3170 agitatam,qualiter
2720 3095 2779 3149 in
2803 3099 3117 3167 conspectu
3141 3098 3363 3164 nostro,
3393 3094 3785 3168 archiepisco-

2129 3202 2338 3258 porum
2367 3184 2763 3256 abbatumque
2773 3183 2998 3255 judicio
3020 3183 3260 3239 deﬁnita
3280 3183 3357 3239 sit
3383 3184 3458 3240 ad
3475 3186 3780 3240 utrorum-

373 3295 510 3334 num
528 3277 978 3334 liceateamdem
993 3276 1310 3335 Ecclesiam
1324 3283 1539 3336 temere
1551 3283 2021 3354 perturbare,aut
2050 3264 2094 3333 C
2132 3290 2244 3346 que
2288 3273 2544 3346 quietem
2569 3275 2929 3345 perpetuam,
2944 3275 3153 3328 nostra:
3172 3271 3532 3328 auctoritatis
3560 3271 3780 3330 litteris

374 3366 503 3437 ejus
536 3365 937 3437 possessiones
968 3367 1217 3434 auferre,
1241 3366 1329 3422 vel
1360 3366 1585 3424 ablatas
1616 3370 1883 3438 retinere,
1915 3373 2020 3428 mi-

375 3468 572 3520 nuere,
605 3450 695 3507 vel
754 3453 1081 3508 temerariis
1133 3453 1537 3512 vexationibus
1596 3457 1873 3529 fatigare;
1915 3460 2017 3516 sed

374 3540 576 3596 omnia
632 3540 859 3614 integra
904 3548 1319 3600 conserventur
1349 3560 1573 3611 eorum,
1606 3562 1710 3618 pro
1767 3564 2016 3619 quorum

374 3628 800 3686 sustentatiobe
819 3634 876 3686 et
900 3631 1323 3704 gubernatione
1337 3648 1617 3690 concessa
1635 3639 1792 3704 sunt,
1810 3637 2018 3695 usibus

372 3717 726 3775 omnimodis
736 3720 979 3793 profutu
990 3737 1070 3776 ra.
1087 3721 1172 3776 Ad
1195 3721 1317 3779 haec
1342 3722 1684 3793 adjicientes
1699 3726 2018 3782 statuimus

375 3810 436 3863 ut
496 3806 694 3864 nullus
750 3809 913 3864 vobis
969 3808 1241 3865 violentia
1302 3808 1391 3866 vel
1422 3811 1641 3867 astutia
1669 3813 1929 3884 qualibet
1958 3814 2017 3870 in

374 3896 754 3967 praepositum
786 3896 1194 3964 constituatur,
1219 3897 1332 3953 nisi
1364 3914 1540 3969 quem
1570 3900 1778 3957 fratres
1815 3919 2019 3959 omnes

371 3984 672 4039 communi
694 4000 1008 4051 consensu,
1026 3985 1113 4040 vel
1136 3986 1382 4042 fratrum
1412 4003 1549 4058 pars
1571 3988 1797 4045 consilii
1824 3991 2019 4049 sanio-

372 4071 455 4127 ris
484 4071 808 4128 secundum
847 4072 941 4128 Dei
971 4072 1244 4130 timorem
1277 4073 1624 4146 regulariter
1662 4078 2021 4149 providerint

371 4160 730 4233 eligendum;
747 4160 1228 4230 chrisma,oleum
1243 4167 1537 4235 sanctum,
1552 4168 2019 4226 consecrationes

370 4249 646 4305 altarium
682 4249 803 4306 sive
828 4249 1226 4318 basilicarum,
1254 4251 1648 4313 ordinationes
1676 4255 2017 4317 clericorum

368 4339 442 4393 ab
464 4337 738 4410 episcopo
759 4336 817 4393 in
844 4340 1015 4409 cujus
1040 4339 1273 4396 dioecesi
1305 4340 1466 4409 estis,
1491 4343 1809 4417 accipietis,
1832 4348 2016 4421 siqui-

368 4428 503 4483 dem
535 4427 782 4498 gratiam
814 4433 989 4500 atque
1014 4430 1488 4487 communionem
1509 4435 1836 4505 apostolicae
1857 4438 2015 4496 sedis

368 4515 659 4581 habuerit,
688 4519 748 4571 et
802 4516 853 4572 si
884 4534 952 4573 ea
979 4517 1161 4590 gratis
1194 4535 1258 4575 ac
1288 4519 1414 4575 sine
1443 4522 1723 4594 pravitate
1770 4525 2017 4584 voluerit

368 4603 660 4699 exhibere,
717 4605 973 4699 alioquin
1002 4606 1200 4699 liceat
1228 4609 1393 4699 vobis
1437 4610 1789 4670 catholicum
1840 4633 2011 4688 quem
2046 4636 2092 4699 Β

367 4691 698 4751 malueritis
719 4695 877 4752 adire
894 4697 1303 4765 antistitem,et
1322 4698 1395 4754 ab
1421 4716 1488 4756 eo
1509 4705 2013 4761 consecrationum

374 4788 745 4840 sacramenta
788 4784 1104 4858 suscipere.
1138 4787 1197 4842 Si
1256 4804 1375 4859 qua
1428 4805 1568 4845 sane
1622 4792 2016 4850 ecclesiastica

367 4873 729 4928 saecularisve
778 4891 1048 4945 persona,
1108 4875 1260 4931 hanc
1321 4882 1529 4933 nostrae
1577 4881 2014 4938 constitutionis

366 4959 639 5031 paginam
700 4962 912 5029 scions,
965 4970 1169 5018 contra
1237 4981 1367 5021 eam
1423 4965 1619 5022 venire
1686 4971 2010 5041 tentaverit,

367 5049 623 5105 secundo
681 5050 921 5107 tertiove
970 5054 1346 5121 commonita,
1377 5056 1426 5111 si
1459 5072 1574 5111 non
1616 5057 2014 5116 satisfactione

367 5154 626 5209 congrua
685 5141 1101 5208 emendaverit,
1151 5145 1455 5214 potestatis
1514 5144 1870 5217 honorisque
1918 5149 2012 5204 sui

364 5227 645 5299 dignitate
664 5233 1169 5302 careat,reamque
1190 5247 1251 5287 se
1273 5232 1469 5288 divino
1495 5232 1723 5303 judicio
1762 5236 2010 5293 existere

365 5316 435 5370 de
464 5320 794 5388 perpetrata
825 5316 1137 5391 iniquitate
1167 5326 1505 5393 cognoscat,
1528 5327 1588 5376 et
1613 5339 1653 5377 a
1676 5324 2006 5382 sacratissi-

366 5421 460 5459 mo
491 5421 731 5477 corpore
762 5410 819 5462 et
849 5409 1136 5479 sanguine
1163 5409 1260 5463 Dei
1304 5415 1360 5465 et
1393 5409 1618 5465 Domini
1655 5411 2003 5485 Redempto-

365 5493 445 5548 ris
468 5492 649 5548 nostri
671 5493 809 5549 Jesu
834 5495 1046 5552 Christi
1092 5496 1285 5553 aliena
1305 5498 1426 5565 ﬁat,
1449 5502 1625 5571 atque
1657 5500 1716 5555 in
1746 5505 2007 5561 extremo

361 5583 628 5639 examine
650 5582 925 5640 districtis
957 5584 1169 5643 ultioni
1193 5586 1523 5657 subjaceat;
1551 5589 1779 5648 cunctis
1804 5594 2004 5650 autem

359 5670 547 5753 eidem
568 5670 694 5757 ioco
716 5672 882 5752 justa
908 5675 1281 5739 servantibus
1312 5673 1388 5735 sit
1415 5691 1529 5756 pax
1553 5676 1791 5740 Domini
1819 5682 2003 5747 nostri

2126 3361 2501 3436 praecipimus
2521 3360 2939 3418 adnotandum.
2970 3360 3157 3416 Lectis
3185 3361 3342 3416 enim
3371 3359 3431 3417 in
3454 3367 3773 3434 conspectu

2126 3451 2440 3524 publicoB.
2465 3450 2698 3507 Martini
2721 3448 3061 3523 privilegiis,
3088 3449 3276 3521 ipsius
3307 3447 3485 3504 etiam
3512 3450 3769 3506 ccenobii

2126 3539 2753 3613 monumentis,patuit
2766 3538 2957 3595 locum
2990 3536 3159 3593 illum
3182 3555 3252 3594 ex
3289 3537 3636 3612 supradictae
3668 3555 3770 3595 ec-

2125 3628 2312 3685 clesiae
2331 3628 2518 3702 stipen
2529 3628 2660 3696 diis,
2676 3627 3091 3684 canonicorum
3105 3627 3368 3700 ipsorum
3382 3626 3576 3684 studio
3586 3627 3779 3685 fuisse

2125 3717 2496 3774 aediﬁcatum.
2523 3716 2630 3784 Qui
2646 3720 2850 3789 postea
2859 3732 2964 3787 per
2979 3716 3455 3789 Andegavensem
3475 3716 3774 3785 comitem,

2126 3806 2433 3864 advocatise
2455 3822 2557 3863 seu
2606 3804 2963 3861 defensionis
3013 3805 3336 3873 occasione,
3368 3821 3437 3861 ex
3457 3804 3773 3862 canonico-

2126 3913 2257 3952 rum
2281 3899 2567 3968 potestate
2597 3893 2865 3950 sublatus
2895 3898 3003 3951 est.
3036 3899 3113 3950 Ex
3135 3894 3567 3950 considentium
3593 3893 3782 3966 igitur

2128 3985 2376 4041 fratrum
2409 3984 2508 4057 qui
2534 3982 2842 4040 nobiscum
2874 3984 3128 4039 Turonis
3160 3984 3231 4039 ad
3261 3981 3655 4039 ecclesiastica
3678 3999 3779 4039 ne-

2127 4072 2285 4147 gotia
2314 4072 2571 4129 ﬁnienda
2599 4076 3006 4142 convenerant,
3026 4070 3447 4129 deliberatione
3478 4076 3656 4144 atque
3678 4073 3778 4144 ju-

2128 4162 2298 4232 dicio,
2330 4159 2785 4218 Cormaricensis
2837 4160 3019 4217 abbas
3076 4159 3286 4230 Guido,
3319 4158 3597 4216 baculum
3655 4176 3774 4218 non

2127 4253 2391 4309 ordinate
2447 4256 2745 4325 acceptum
2779 4256 2843 4306 B.
2878 4250 3111 4307 Martini
3143 4250 3438 4308 canonicis
3494 4251 3770 4307 reddidit.

2126 4343 2231 4410 Qui
2276 4359 2411 4398 mox
2458 4356 2636 4415 super
2683 4341 2745 4397 B.
2788 4340 3021 4397 Martini
3053 4340 3350 4397 tumulum
3380 4340 3608 4413 positus
3633 4343 3725 4396 est
3755 4357 3770 4397 :

2124 4436 2327 4503 postea
2354 4433 2549 4485 tamen
2573 4446 2642 4485 ex
2673 4429 2875 4485 eodem
2900 4427 3126 4485 tumulo
3156 4429 3346 4486 eidem
3377 4427 3596 4497 abbati,
3631 4429 3774 4501 quia

2124 4519 2407 4593 religiosa
2438 4518 2895 4574 conversationis
2926 4517 3270 4585 habebatur,
3302 4517 3610 4575 restitutus
3656 4523 3769 4575 est.

2123 4610 2407 4680 Perpetuo
2438 4606 2635 4680 itaque
2665 4606 2895 4662 decreto
2923 4610 3117 4662 ratum
3137 4623 3267 4663 esse
3297 4607 3685 4680 praecepimus
3698 4624 3772 4665 ne

2125 4696 2397 4769 deinceps
2432 4696 2492 4750 in
2523 4694 2941 4751 Cormaricensi
2991 4695 3251 4752 ccenobio
3300 4694 3468 4752 aliter
3515 4695 3771 4769 eligatur

2125 4802 2301 4858 quam
2335 4785 2392 4838 in
2416 4784 2765 4856 supradictae
2786 4781 3042 4840 ecclesiae
3078 4782 3380 4859 privilegio
3410 4784 3766 4842 continetur.

2121 4873 2352 4929 Electus
2374 4878 2570 4928 autem
2600 4872 2938 4945 supradicto
2966 4877 3166 4929 tenore
3196 4873 3268 4929 de
3291 4877 3354 4928 Β.
3389 4873 3627 4930 Martini
3674 4890 3769 4949 se.-

2125 4960 2326 5034 pulcro
2347 4960 2622 5016 baculum
2646 4964 2845 5017 sumat
2872 4978 2886 5015 :
2910 4960 3048 5017 item
3072 4962 3343 5018 defuncto
3364 4962 3595 5034 abbate,
3616 4979 3773 5019 sem-

2122 5068 2224 5122 per
2240 5050 2312 5105 ad
2342 5050 2613 5106 eumdem
2647 5049 2839 5105 locum
2870 5049 3120 5107 baculus
3151 5049 3456 5118 referatur,
3489 5056 3557 5107 ut
3587 5067 3770 5124 super

2120 5139 2220 5196 illa
2241 5140 2614 5196 sanctissima
2628 5139 2979 5197 confessoris
2993 5139 3295 5212 apostolici
3312 5141 3766 5209 membra,com-

2120 5229 2284 5285 muni
2315 5228 2516 5284 decani
2550 5232 2607 5283 et
2636 5227 2876 5302 capituli
2900 5229 3101 5300 jussu,
3122 5229 3359 5302 signum
3379 5227 3528 5285 illud
3561 5233 3760 5302 pasto-

2117 5317 2256 5375 ralis
2278 5317 2580 5391 regiminis
2602 5332 2831 5389 semper
2850 5318 3173 5391 accipiatur
3196 5336 3209 5374 :
3237 5317 3765 5376 salvoTuronensis

2116 5407 2534 5481 archiepiscopi
2551 5407 2706 5478 jure,
2731 5407 2888 5479 quod
2910 5407 2968 5462 in
3013 5406 3245 5464 abbatis
3274 5407 3639 5464 ordinatione
3668 5424 3758 5463 se-

2115 5498 2373 5554 cundum
2397 5512 2769 5553 communem
2800 5494 3063 5552 Ecclesiae
3086 5495 3573 5553 consuetudinem
3602 5512 3762 5552 exer-

2113 5588 2363 5645 cendum
2385 5589 2491 5643 est.
2508 5583 2717 5658 Siquis
2728 5589 2940 5641 sanctae
2954 5584 3506 5642 constitutionibuic
3529 5584 3763 5643 obviam

2111 5679 2217 5752 ire,
2234 5682 2293 5739 et
2331 5674 2767 5738 Cormaricense
2795 5675 3124 5738 coenobium
3148 5675 3404 5738 ecclesias
3425 5675 3489 5738 Β.
3522 5675 3759 5738 Martini
3784 5752 3787 5757 λ
