3958 6412
143 441 244 502 ιω

1277 436 1681 502 EPISTOLIE
1723 437 1823 500 ET
1862 436 2336 501 PRI'VILEGIA.

3373 439 3497 502 4η

147 572 446 630 subtrahere
467 573 789 639 tentaverit,
807 572 1137 644 apostolicae
1167 572 1587 644 indignationis
1619 571 1737 643 gla-
1771 573 1820 638 Α
1856 573 2068 626 itorum
2117 572 2296 644 igitur
2340 571 2540 643 gratiae
2587 571 3030 642 respondentes,
3061 574 3119 626 et
3164 571 3493 626 futurorum

147 661 223 716 dio
249 666 301 716 et
329 661 505 716 sancti
537 659 786 731 Spiritus
811 661 1034 729 judicio
1068 661 1326 715 feriatur.

197 749 415 821 Signum
448 747 658 803 Urbani
693 764 874 820 papae.

197 835 417 908 Signum
448 836 704 907 Hugonis
736 837 1144 908 Lugdunensis
1189 834 1631 907 archiepiscopi.

194 924 414 994 Signum
446 923 736 997 Radulphi
765 925 1123 980 Turonensis
1154 922 1593 996 archiepiscOpi.

195 1012 412 1083 Signum
445 1011 728 1068 Guidonis
760 1012 1108 1068 Viennensis
1149 1011 1594 1084 archiepiscopi.

192 1100 410 1172 Signum
440 1099 756 1158 Hildeberti
789 1101 1172 1157 Bituricensis
1203 1099 1644 1172 archiepiscopi.

192 1189 412 1261 Signum
440 1188 630 1244 Amati
663 1189 1112 1261 Burdegalensis
1144 1188 1583 1261 archiepiscopi.

191 1277 410 1349 Signum
441 1277 726 1333 Heuzonis
756 1278 1088 1336 cardinalis.

189 1364 408 1436 Signum
439 1364 656 1420 Alberti
690 1365 1027 1428 cardinalis.

185 1453 402 1525 Signum
434 1453 693 1526 Gregorii
731 1454 1067 1510 cardinalis.

187 1541 407 1612 Signum
438 1541 629 1597 Ivonis
660 1541 1041 1598 Carnutensis
1071 1541 1346 1614 episcopi.

185 1629 405 1700 Signum
437 1630 689 1686 Goﬁ‘redi
718 1631 1151 1703 Andegavensis
1180 1630 1456 1704 episcopi.

185 1717 406 1790 Signum
434 1718 617 1776 Hoelli
649 1720 1104 1776 Cenomanensis
1135 1720 1410 1791 episcOpi.

183 1805 404 1877 Signum
435 1807 696 1869 Morvani
727 1807 1072 1864 Venetensis
1103 1806 1380 1879 episcopi.

179 1893 399 1965 Signum
430 1896 722 1952 Benedicti
753 1896 1000 1951 Nannet.
1032 1896 1311 1968 episcopi.

181 1982 403 2054 Signum
436 1983 733 2042 Guillelmi
765 1985 1146 2040 Arvernensis
1176 1983 1452 2056 episcopi.

179 2071 401 2144 Signum
431 2072 722 2127 Brunonis
753 2072 1074 2144 Signiensis
1105 2072 1382 2144 episcopi.

178 2160 397 2231 Signum
427 2160 691 2218 Marbodi
724 2161 1127 2216 Rhedonensis
1158 2159 1346 2216 electi.

177 2247 399 2321 Signum
425 2249 853 2306 monachorum
887 2249 1436 2317 Cormaricensium,
1475 2248 1731 2306 Simonis

123 2336 317 2406 prioris,
347 2337 627 2394 Bernerii.

175 2424 396 2498 Signum
426 2425 749 2482 Burchardi
781 2426 1150 2498 praecentoris
1181 2427 1239 2482 S.
1266 2426 1520 2481 Martini.

175 2513 397 2586 Signum
429 2513 720 2569 Fulcherii
753 2516 1068 2586 praepositi.

174 2602 398 2675 Signum
427 2602 684 2659 Matthtei
716 2603 1031 2675 praepositi.

173 2690 396 2763 Signum
423 2692 688 2748 Sichardi
719 2692 1032 2764 praepositi.

171 2778 394 2851 Signum
424 2779 740 2836 Alexandri
771 2781 1137 2836 subdiaconi.

169 2871 357 2924 Datum
389 2868 640 2924 Pictavis
673 2885 776 2940 per
823 2885 1063 2924 manum
1111 2870 1375 2936 Joannis,
1429 2871 1486 2926 S.
1543 2870 1609 2925 Β.
1660 2870 1723 2926 Ε.

117 2955 309 3012 diaconi
339 2957 675 3026 cardinalis,
709 2975 770 3012 ιιι
802 2957 1094 3014 Kalendas
1121 2958 1359 3030 Aprilis,
1411 2959 1728 3016 indictione

115 3060 171 3112 IV,
200 3063 338 3102 anno
372 3045 601 3103 Domini
639 3048 796 3115 1096,
832 3047 1208 3118 pontiﬁcatus
1229 3048 1443 3104 Urbani
1465 3065 1625 3120 papae
1649 3066 1724 3104 IX.

740 3169 1063 3225 CLXXXVI.

116 3257 288 3312 Urbani
339 3259 388 3314 II
424 3259 653 3330 epistola
683 3258 752 3330 ad
781 3261 1065 3329 canonicos
1097 3259 1150 3314 S.
1197 3260 1422 3317 Martini
1453 3263 1722 3316 Turonen-

500 3331 596 3384 sis.
622 3361 686 3370 —
721 3329 916 3386 Contra
937 3331 1293 3387 Simoniacos.

702 3436 887 3506 (Anno
919 3436 1102 3505 4096.)

502 3541 732 3612 [MANSI,
771 3542 970 3598 Concil.
1007 3543 1114 3610 XX,
1148 3543 1297 3613 658.]

168 3660 424 3719 URBANUS
455 3663 768 3736 episcopus
801 3682 1001 3722 servus
1033 3682 1330 3723 servorum
1363 3666 1462 3722 Dei
1495 3666 1725 3723 dilectis

112 3746 224 3806 filiis
250 3750 506 3808 ecclesiae
541 3757 598 3808 Β.
630 3753 859 3808 Martini
881 3754 1177 3810 canonicis
1200 3759 1318 3810 tam
1341 3755 1726 3827 praesentibus

111 3850 260 3904 quam
290 3839 506 3897 futuris
537 3841 596 3896 in
629 3845 996 3913 perpetuum.

164 3924 438 3984 Bonorum
471 3930 736 3986 omnium
769 3929 1027 4003 largitori
1067 3933 1178 3987 Deo
1209 3932 1427 4004 gratias
1469 3933 1722 4005 agimus,

110 4015 189 4082 qui
216 4016 575 4075 devotionem
602 4024 864 4075 nostram
909 4021 981 4075 ad
1031 4021 1092 4075 B.
1146 4021 1378 4077 Martini
1427 4022 1724 4078 tumulum

108 4101 433 4163 visitandum
466 4126 578 4164 sua
608 4107 984 4164 miseratione
1016 4111 1306 4181 perduxit.
1337 4111 1484 4176 Quia
1505 4128 1638 4167 vero
1665 4111 1724 4168 in

109 4191 340 4259 ejusdem
368 4196 525 4254 beati
558 4197 909 4254 confessoris
939 4198 1181 4254 ecclesia
1203 4201 1561 4256 consuetudo
1592 4217 1724 4272 pra-

109 4280 275 4338 vitatis
289 4286 581 4356 ejusmodi
599 4285 911 4343 inoleverat
934 4291 997 4342 ut
1014 4287 1262 4344 honores
1279 4305 1382 4344 seu
1404 4289 1725 4361 praebendas

108 4383 281 4430 omnes
313 4375 500 4445 pretio
540 4376 999 4447 acquirerentur,
1052 4394 1157 4432 nos
1213 4377 1406 4433 locum
1455 4382 1725 4434 sanctum

108 4462 392 4520 emundare
424 4465 498 4520 ab
530 4464 638 4520 hac
670 4468 828 4537 peste
859 4466 1196 4522 exsecrabili
1237 4467 1559 4539 cupientes,
1593 4468 1724 4523 reli-

107 4545 273 4616 giosos
285 4552 438 4609 viros
463 4553 535 4608 ad
554 4555 1055 4625 przemonitionem
1078 4561 1337 4611 nostram
1364 4557 1726 4613 decrevimus

1853 677 2012 732 spem
2048 659 2216 732 longe
2250 659 2546 714 meliorem
2581 664 2865 731 gerentes.
2904 659 3228 714 secundum
3279 659 3495 730 prandeo

1849 765 2149 804 cessorum
2183 753 2516 804 nostrorum
2549 749 2822 803 Romanze
2855 747 3119 804 Ecclesiae
3150 746 3494 819 pontiﬁcum

1849 837 2171 909 privilegia,
2200 855 2300 893 vos
2333 837 2388 891 in
2423 835 2755 908 spirituales
2787 835 2941 891 ﬁlios
2971 834 3299 908 apestolicaa
3343 834 3500 891 sedis

1849 927 2304 997 assumpsimus,
2336 930 2393 982 et
2416 927 2619 981 eadem
2646 924 2988 986 auctoritate
3017 925 3333 981 statuimus
3364 923 3498 980 nul-

1847 1013 1971 1069 lum
2000 1015 2370 1087 pontificum,
2401 1013 2629 1069 nullum
2661 1030 2886 1085 regum,
2928 1013 3159 1068 nullum
3208 1014 3497 1086 cujusque

1847 1103 2148 1174 dignitatis
2182 1107 2283 1158 aut
2315 1101 2555 1170 ordinis,
2607 1106 2815 1174 praeter
2862 1102 3208 1174 praepositos
3248 1105 3494 1169 vestros,

1847 1192 1902 1246 in
1936 1196 2126 1246 vestra
2157 1191 2412 1246 Ecclesia
2441 1191 2526 1246 vel
2554 1191 2683 1262 ejus
2731 1190 3098 1262 pertinentiis
3147 1193 3493 1262 potestatem

1844 1285 1946 1334 aut
1977 1279 2302 1334 dominium
2333 1296 2618 1347 exercere,
2649 1283 2715 1334 ut
2744 1280 3016 1335 Romanae
3055 1279 3323 1335 Ecclesiae
3345 1296 3492 1352 prae-

1843 1372 2009 1439 cepta
2028 1372 2323 1422 servantes
2343 1368 2614 1422 Romanae
2637 1365 2904 1423 Ecclesiae
2925 1366 3193 1422 libertate
3211 1370 3492 1439 perpetua

1842 1457 2165 1528 gaudeatis,
2218 1455 2375 1512 salvo
2423 1455 2704 1510 nimirum
2741 1456 2874 1526 jure
2917 1471 3022 1511 seu
3064 1455 3488 1511 consuetudine

1843 1561 2021 1615 quam
2052 1545 2336 1600 hactenus
2367 1561 2505 1615 erga
2532 1561 2633 1600 vos
2677 1543 3036 1600 Turonensis
3085 1543 3350 1599 noscitur
3393 1560 3486 1598 ar-

1841 1633 2247 1705 chiepiscOpus
2276 1631 2575 1687 habuisse.
2955 1643 2962 1649 ‘

1911 1721 2280 1792 Quaecunque
2310 1721 2488 1792 igitur
2516 1719 2866 1777 venerabilis
2899 1718 2997 1775 illa
3026 1720 3090 1775 B.
3122 1717 3357 1775 Martini
3389 1735 3486 1775 ec-

1841 1809 2017 1864 clesia
2044 1808 2303 1881 legitimo
2324 1810 2458 1880 jure
2487 1808 2576 1864 vel
2625 1808 2966 1877 pontiﬁcum
3018 1805 3348 1875 collatione,
3394 1806 3486 1864 vel

1760 1933 1806 1998 Β
1842 1914 2043 1996 regum
2074 1903 2130 1953 et
2158 1897 2491 1998 principum
2523 1895 2890 1998 liberalitate,
2922 1895 3011 1952 vel
3041 1896 3302 1998 ﬁdelium
3325 1894 3488 1994 obla-v

1835 1987 1992 2041 tione
2023 1987 2302 2058 possidet,
2335 2002 2437 2042 seu
2479 1985 2538 2040 in
2590 1985 2855 2040 futurum
2898 1987 3208 2056 praestante
3248 1983 3486 2046 domino

1830 2075 1991 2144 juste
2019 2075 2229 2145 poterit
2259 2079 2315 2129 et
2343 2073 2620 2148 canonice
2647 2071 2915 2144 adipisci,
2948 2073 3120 2128 ﬁrma
3138 2072 3302 2142 vobis
3332 2088 3484 2134 εθω..

1840 2178 1942 2234 per
1972 2167 2029 2216 et
2055 2161 2280 2218 illibata
2311 2159 3008 2234 permaneant.Nullusin
3021 2159 3194 2229 villis,
3207 2163 3485 2218 autman-

1839 2249 2126 2316 sionibus,
2161 2249 2278 2305 sive
2310 2249 2634 2316 territoriis,
2675 2248 2796 2305 sive
2844 2247 3123 2314 ecclesiis,
3173 2252 3277 2308 aut
3319 2247 3486 2322 pagis

1840 2339 1909 2393 ad
1943 2345 2196 2393 vestram
2229 2336 2534 2393 ecclesiam
2574 2335 3024 2409 pertinentibus,
3074 2336 3273 2392 invitis
3318 2337 3484 2398 vobis

1830 2426 2057 2498 judicia
2089 2442 2276 2498 agere,
2310 2426 2594 2497 ingenuos
2638 2441 2904 2482 servosve
2951 2424 3150 2480 saeculi
3199 2428 3484 2497 potestate

1837 2514 2255 2586 constringere,
2289 2530 2394 2569 nec
2424 2514 2719 2568 teloneum
2751 2517 2853 2568 aut
2881 2513 3127 2569 naulum
3165 2517 3484 2584 praesumat

1836 2603 2082 2676 exigere.
2115 2603 2559 2659 Possessionum
2589 2618 2722 2657 vero
2749 2605 3073 2658 vestrarum
3109 2600 3345 2656 decimae
3375 2616 3482 2666 seu

1836 2708 1996 2748 novae
2028 2691 2237 2764 [nonae]
2268 2691 2323 2745 in
2358 2707 2681 2764 pauperum
2704 2706 2849 2746 usus
2880 2689 3118 2746 omnino
3152 2688 3480 2763 proﬁciant.

1836 2780 2154 2853 EpiscoPus
2179 2784 2372 2836 autem
2399 2779 2459 2834 in
2482 2780 2651 2850 cujus
2672 2777 2906 2835 dioecesi
2921 2779 3138 2834 eadem
3160 2778 3482 2850 possessio~

1836 2887 1940 2924 nes
1969 2873 2125 2936 sunt,
2159 2867 2617 2924 ordinandorum
2649 2867 2991 2923 clericorum
3019 2870 3253 2927 tantum
3279 2882 3484 2932 curam

1835 2962 2016 3030 gerat,
2052 2956 2196 3012 nihil
2224 2958 2294 3012 de
2326 2961 2529 3012 caetero
2569 2956 2925 3028 gravaminis
2976 2955 3202 3014 clericis
3249 2955 3482 3027 inferat,

1835 3063 1940 3103 nec
1971 3046 2346 3101 ecclesiarum
2381 3045 2607 3114 altaria,
2638 3043 2726 3100 vel
2759 3043 2873 3100 alia
2901 3045 3074 3112 bona,
3123 3059 3228 3117 per
3276 3060 3483 3117 regum

1833 3139 2118 3207 praecepta
2148 3135 2313 3196 vobis
2345 3135 2670 3206 antiquitus
2702 3134 2859 3203 data,
2894 3137 2952 3189 et
2983 3133 3328 3205 pontiﬁcum
3369 3133 3482 3190 Ro-

1836 3241 2144 3280 manorum
2177 3222 2492 3295 privilegiis
2523 3223 2886 3287 conﬁrmata,
2919 3221 3006 3278 vel
3038 3220 3170 3277 aliis
3204 3222 3363 3290 dare,
3393 3219 3483 3284 vel

1753 3292 1795 3359 C
1832 3312 2141 3368 venalitate
2171 3292 2512 3375 distrahere,
2555 3311 2644 3367 vel
2694 3311 2868 3367 modo
2916 3310 3180 3384 quolibet
3226 3309 3483 3383 alienare

1833 3406 2168 3474 praesumat.

1905 3489 2195 3560 Quidquid
2228 3493 2502 3560 praaterea
2531 3487 2837 3555 libertatis,
2868 3487 3154 3560 quidquid
3190 3488 3478 3545 immuni-

1835 3578 1989 3643 tatis,
2022 3577 2108 3633 vel
2141 3578 2594 3649 praedecessores
2623 3576 2810 3630 nostri
2854 3576 3102 3631 Romani
3149 3577 3477 3648 pontiﬁces,

1831 3667 1918 3722 vel
1949 3667 2317 3721 Turonenses
2347 3663 2791 3736 archiepiscopi,
2823 3663 2915 3718 vel
2939 3663 3371 3720 Gallicanarum
3395 3680 3479 3724 ec-

1833 3755 2144 3811 clesiarum
2176 3755 2328 3825 apud
2359 3754 2705 3809 Tussiacum
2727 3753 2784 3807 in
2807 3752 3068 3809 Tullensi
3090 3753 3366 3826 parochia
3384 3769 3480 3826 ge—

1834 3844 2046 3900 neralis
2095 3843 2354 3915 synodus
2400 3845 2750 3915 congregata
2805 3859 2909 3914 pro
2968 3842 3122 3898 beati
3174 3841 3482 3914 apostolici

1835 3932 2184 3989 confessoris
2217 3930 2447 3987 Martini
2479 3930 2802 3988 reverentia
2836 3935 3040 3988 vestrae
3087 3930 3343 3988 ecclesiae
3382 3947 3480 3988 ve-

1833 4023 2089 4094 strisque
2103 4020 2628 4094 praedecessoribus
2643 4020 3036 4088 contulerunt,
3053 4038 3161 4076 nos
3178 4021 3482 4094 praesentis

1835 4112 2047 4168 decreti
2080 4110 2292 4184 pagina
2322 4109 2766 4166 conﬁrmamus.
2791 4110 2858 4165 Et
2881 4110 3021 4182 quia
3040 4109 3100 4165 in
3124 4110 3482 4182 quibusdam

1833 4207 2033 4257 vestrae
2066 4199 2330 4256 Ecclesiae
2363 4197 2680 4271 privilegiis
2718 4197 3020 4271 proprium
3049 4198 3213 4255 vobis
3267 4198 3484 4255 habere

1835 4291 2174 4362 episcopum
2207 4304 2550 4344 concessum
2581 4291 2690 4356 est,
2723 4305 2830 4344 nos
2875 4288 3003 4359 ejus
3045 4287 3169 4344 vice
3218 4288 3480 4350 Romano

1833 4397 1934 4433 vos
1989 4379 2286 4434 sancimus
2343 4374 2673 4449 specialiter
2730 4376 3027 4432 adhaerere
3082 4375 3365 4449 pontiﬁci,
3425 4378 3485 4432 et

1835 4467 2126 4540 graviores
2156 4465 2331 4521 vestri
2361 4483 2569 4521 causas
2599 4482 2667 4520 ex
2696 4466 2824 4537 ejus
2854 4465 3107 4537 pendere
3142 4463 3387 4536 judicio.
3421 4462 3484 4522 Si

1836 4557 1967 4628 quis
1979 4573 2118 4611 sane
2133 4555 2189 4609 in
2206 4554 2524 4609 crastinum
2539 4553 3015 4625 archiepiscopus
3037 4553 3478 4628 autepiscopus,

106 4639 536 4703 praemittendos.
567 4643 794 4707 Quibus
816 4645 959 4700 estis
983 4643 1248 4711 ﬁdeliter,
1273 4646 1520 4702 Domino
1543 4647 1725 4719 inspi-
1756 4661 1803 4725 D
1839 4647 2153 4718 imperator
2182 4647 2282 4699 aut
2314 4660 2432 4709 rex,
2468 4642 2741 4714 princeps
2772 4646 2874 4697 aut
2902 4642 3040 4710 dux,
3081 4657 3297 4711 comes,
3328 4641 3478 4698 vice-

107 4732 264 4797 rante,
294 4729 537 4800 polliciti
569 4736 625 4788 et
654 4733 958 4804 praeceptis
982 4734 1198 4790 nostris
1221 4735 1575 4792 omnimodis
1596 4737 1727 4793 obe-

106 4811 223 4883 dire,
252 4823 307 4874 et
336 4819 681 4878 Simoniacae
714 4823 1015 4893 pravitatis
1063 4823 1509 4894 inquinamenta
1553 4825 1723 4880 dese-

105 4918 225 4960 rere.
251 4907 410 4971 Quod
444 4913 504 4983 et
533 4911 919 4980 przesentibus
970 4911 1138 4968 nobis
1188 4929 1288 4984 per
1336 4913 1436 4967 Dei
1479 4913 1726 4985 gratiam

107 4993 426 5061 perfecistis,
460 4996 520 5051 in
555 5006 753 5053 nostra
793 5003 1073 5071 tanquam
1107 5001 1170 5055 B.
1207 5001 1355 5055 Petri
1405 5017 1584 5056 manu
1633 5002 1728 5056 ﬁr-

108 5087 328 5150 mantes,
363 5085 513 5140 nihil
547 5103 646 5141 vos
678 5085 927 5144 ulterius
959 5089 1269 5157 honorum,
1305 5089 1447 5144 nihil
1473 5091 1729 5161 praeben-

107 5166 289 5226 damm
320 5175 658 5232 vendituros
689 5181 790 5232 aut
820 5183 1142 5249 erupturos,
1177 5196 1280 5234 nec
1312 5185 1378 5234 ut
1407 5181 1734 5234 vendantur

108 5261 192 5310 aut
227 5266 498 5318 emantur
551 5263 864 5335 aliquando
923 5283 1331 5324 consensuros.
1379 5266 1732 5338 Adjicientes

110 5344 264 5401 etiam
296 5348 525 5406 nullum
557 5352 830 5425 deinceps
859 5355 918 5410 in
960 5356 1371 5411 canonicorum
1420 5373 1734 5413 numerum

111 5433 513 5495 admittendum
527 5483 544 5506 ,
562 5441 671 5497 nisi
686 5444 950 5500 eamdem
967 5446 1342 5516 sponsionem
1349 5444 1734 5517 jurejurando

109 5520 424 5583 ﬁrmaverit.
462 5531 594 5594 Quae
625 5531 896 5587 videlicet
935 5534 1208 5590 universa
1253 5537 1735 5594 nossanctorum

109 5615 489 5682 apostolorum
516 5621 862 5677 auctoritate
893 5623 1280 5692 ﬁrmavimus,
1330 5628 1386 5680 et
1432 5622 1737 5681 violatores

107 5713 290 5763 omnes
306 5705 700 5768 anathematis
717 5728 996 5772 mucrone
1016 5713 1405 5774 confodimus.
1425 5713 1495 5776 Et
1509 5717 1740 5791 praeter-

406 5833 680 5902 ΡΑτιιοι..
725 5838 871 5904 GLI.

1836 4751 2050 4802 comes,
2072 4733 2255 4804 judex
2285 4736 2384 4786 aut
2406 4729 2799 4786 ecclesiastica
2820 4728 3092 4801 quaelibet
3112 4727 3482 4791 saecularisve

1835 4840 2102 4896 persona,
2119 4821 2269 4876 hanc
2292 4824 2501 4876 nostra:
2523 4817 2957 4875 constitutionis
2977 4817 3253 4891 paginam
3265 4816 3480 4889 sciens,

1837 4918 2036 4970 contra
2047 4927 2174 4966 eam
2189 4914 2404 4964 temere
2418 4909 2612 4965 venire
2625 4908 2949 4978 tentaverit,
2964 4907 3219 4964 secundo
3239 4906 3484 4968 tertiove

1839 5000 2249 5067 commonitus,
2285 4998 2332 5052 si
2365 5015 2479 5052 non
2513 4997 2909 5054 satisfactione
2931 5013 3191 5070 congrua
3211 4996 3484 5053 emenda-

1837 5092 2002 5161 verit,
2038 5087 2340 5161 potestatis
2388 5085 2743 5156 bonorisque
2793 5086 2885 5142 sui
2934 5086 3219 5159 dignitate
3267 5088 3480 5155 careat,

1841 5196 2122 5251 reumque
2155 5195 2216 5233 se
2241 5176 2436 5231 divino
2473 5175 2697 5246 judicio
2744 5177 2990 5231 existere
3038 5176 3109 5231 de
3153 5177 3485 5249 perpetrata

1843 5269 2147 5341 iniquitate
2175 5271 2502 5338 cognoscat,
2536 5267 2593 5319 et
2621 5281 2655 5318 a
2685 5263 3081 5320 sacratissimo
3127 5279 3367 5337 corpore
3415 5279 3483 5322 ac

1843 5357 2129 5430 sanguine
2158 5355 2258 5411 Dei
2288 5359 2344 5410 et
2381 5353 2614 5409 Domini
2664 5353 3068 5425 Redemptoris
3117 5352 3302 5410 nostri
3342 5350 3484 5408 Jesu

1844 5446 2056 5504 Christi
2087 5444 2312 5501 alienus
2344 5444 2461 5510 ﬁat,
2498 5446 2672 5514 atque
2700 5441 2752 5498 ie
2781 5446 3040 5498 extremo
3087 5442 3351 5499 examine
3395 5440 3483 5496 di-

1845 5536 2056 5592 stricta:
2087 5531 2294 5589 ultioni
2326 5531 2660 5601 subjaceat;
2694 5531 2922 5587 cunctis
2953 5536 3148 5588 autem
3172 5531 3358 5588 eidem
3380 5528 3485 5586 Ec-

1846 5623 2034 5680 clesize
2053 5623 2218 5695 justa
2248 5619 2614 5675 servantibus
2644 5620 2720 5677 sit
2750 5637 2862 5693 pax
2889 5620 3122 5677 Domini
3146 5617 3328 5678 nostri
3346 5617 3488 5673 Jesu

1846 5712 2080 5786 Christi,
2134 5713 2425 5788 quatenus
2473 5712 2532 5768 et
2576 5708 2672 5770 hic
2717 5710 2972 5771 fructum
3032 5710 3197 5772 bona
3244 5703 3492 5768 actionis

3094 5837 3172 5918 Ni
