3958 6350
474 384 594 477 459

475 609 702 658 aeterna:
734 605 894 677 pacis
926 606 1242 664 inveniant.
1268 614 1474 680 Amen,
1500 628 1690 680 amen,
1717 630 1908 670 amen.

549 693 764 748 Datum
799 693 1046 752 Pictavis
1076 713 1180 768 per
1209 715 1448 754 manum
1480 700 1744 768 Joannis,
1771 707 1983 758 sancta
2013 704 2124 760 Ro-

477 797 669 838 manae
687 781 957 838 Ecclesiae
979 784 1209 841 diaconi
1232 787 1566 855 cardinalis,
1599 795 1805 862 quarto
1835 791 2125 849 Kalendas

472 870 710 942 Aprilis,
741 870 1059 941 indictione
1089 879 1317 946 quarta,
1345 893 1497 934 anno
1519 877 1829 934 Dominicae
1851 884 2122 936 Incarna-

473 955 656 1014 tionis
675 957 1028 1032 4097[1096],
1051 963 1424 1034 pontiﬁcatus
1447 969 1641 1021 autem
1663 967 1884 1023 domini
1908 967 2118 1025 Urbani

473 1045 719 1102 secundi
749 1051 912 1120 papae
943 1066 1116 1106 nono.

1083 1209 1394 1270 CLXXXVI
1425 1215 1524 1268 bis.

479 1311 688 1368 Urbani
713 1313 766 1367 II
786 1328 950 1385 papae
971 1315 1330 1398 privilegium
1353 1334 1454 1401 pro
1479 1319 1535 1374 S.
1581 1319 1806 1376 Martini
1851 1323 2121 1379 Turonen-

1089 1403 1167 1442 818
1193 1403 1472 1444 canonwts
1481 1430 1494 1444 .

1100 1510 1288 1581 (Anno
1319 1476 1504 1584 4096.)

618 1630 882 1699 [LAUNOII
915 1632 1074 1703 0pp.,
1106 1637 1246 1689 tom.
1279 1635 1378 1706 III,
1419 1639 1570 1708 part.
1605 1655 1666 1704 ιι,
1699 1655 1832 1712 pag.
1861 1641 1978 1711 59.]

547 1769 820 1826 Uasaxus
841 1773 1171 1847 episcopus,
1195 1791 1398 1832 servus
1421 1795 1719 1836 servorum
1745 1780 1868 1850 Dei,
1892 1799 2122 1840 venera-

1779 391 1848 454 B.
1894 391 2184 458 URBANI
2228 391 2282 458 ll
2325 393 2579 460 ΡΑΙίΑΞ.

475 517 821 588 percipiant,
883 523 940 572 et
987 520 1140 590 apud
1189 521 1520 578 districtum
1562 525 1821 595 judicem
1883 529 2120 599 praemia
2149 531 2199 596 Α

3757 403 3879 469 460

2237 619 2440 675 Urbani
2469 621 2520 676 Il
2544 623 2770 692 epistola
2797 535 3628 682 αάϐἓτξέἒτζένὲδωιοηεηδετη
3673 635 3730 682 et
3771 641 3880 685 c.3-

2301 694 2450 768 Ioros
2471 693 2806 768 Francorum
2847 697 3140 768 episcopos.
3169 727 3237 738 —
3266 697 3340 752 De
3389 712 3516 766 rege
3567 713 3882 756 excommu-

2302 764 2485 818 m'cato
2507 779 2620 818 non
2645 764 2988 822 absolvenda.

2851 873 3040 940 (Anno
3074 875 3258 944 1096.)

2648 960 2878 1032 [Massa
2911 961 3114 1018 Concil.
3156 961 3277 1032 XX,
3307 963 3458 1034 665.]

2303 1063 2578 1122 URBANUS
2608 1067 2936 1140 episcopus,
2970 1085 3171 1124 servus
3202 1083 3502 1124 servorum
3527 1069 3646 1136 Dei,
3668 1069 3884 1126 dilecto

2227 1153 2395 1208 fratri
2427 1154 2705 1210 Bicnsmo
2751 1157 3094 1225 Senonensi,
3143 1161 3202 1213 et
3248 1157 3473 1214 caeteris
3521 1159 3880 1216 Francorum

2229 1242 2540 1313 episcopis,
2574 1243 2820 1300 salutem
2850 1249 2909 1301 et
2957 1244 3337 1318 apostolicam
3389 1247 3879 1304 benedictionem.

2298 1331 2578 1387 Auditum
2609 1337 2700 1388 est
2727 1334 2881 1405 apud
2895 1351 3000 1391 nos
3012 1335 3299 1407 quosdam
3312 1336 3630 1393 confratres
3643 1341 3882 1394 nostros

2228 1417 2288 1473 in
2317 1421 2539 1473 tantam
2573 1419 2877 1476 audaciam
2907 1421 3264 1495 prorupisse,
3297 1427 3363 1479 ut
3392 1429 3662 1480 asserant
3682 1441 3748 1481 se
3777 1441 3881 1480 ne-

2230 1523 2524 1578 quaquam
2559 1525 2590 1562 a
2619 1508 2772 1580 regis
2803 1509 3074 1566 societate
3105 1511 3499 1581 abstenturos;
3533 1512 3651 1568 imo
3697 1513 3884 1570 etiam

2229 1609 2425 1665 regem
2449 1595 2642 1666 ipsum
2665 1596 2738 1651 ab
2758 1613 2955 1652 exeom
2965 1597 3380 1654 municationis
3399 1599 3629 1655 vinculo
3651 1599 3888 1656 solutu-

2229 1698 2345 1746 ros,
2380 1699 2718 1754 quanquam
2750 1683 3027 1740 feminam
3057 1685 3242 1752 illam,
3266 1703 3370 1760 pro
3391 1703 3508 1758 qua
3527 1703 3630 1760 per
3651 1703 3762 1744 nos
3783 1704 3888 1743 ex-

2228 1771 2695 1828 communicatus
2725 1772 2931 1842 fuerat,
2965 1791 3078 1828 non
3111 1773 3456 1847 dereliquit:
3491 1775 3591 1832 sed
3623 1776 3728 1848 qui
3769 1775 3886 1834 hoc

473 1857 692 1914 bilibus
738 1860 1017 1917 fratribus
1065 1863 1520 1938 archiepiscopis
1578 1871 1634 1922 et
1682 1867 1970 1940 episcopis
2017 1887 2115 1942 per

2300 1865 2554 1930 1uuntur
2569 1867 2669 1916 aut
2691 1862 2944 1932 profecto
2960 1861 3292 1935 Scripturas
3317 1864 3604 1932 nesciunt,
3628 1868 3732 1920 aut
3753 1881 3884 1938 per-

473 1946 692 2003 Gallias
722 1949 1076 2017 constitutis,
1103 1951 1352 2008 salutem
1385 1959 1441 2008 et
1471 1955 1850 2026 apostolicam
1883 1958 2118 2014 benedi-

474 2034 747 2092 ctionem.

545 2125 786 2181 Beatum
819 2127 1211 2183 confessorem
1243 2129 1556 2186 Martinum
1584 2137 1805 2203 quanta
1843 2151 1948 2207 per
1993 2137 2122 2192 uni-

2228 1947 2502 2003 tiuaciter
2528 1950 2796 2005 excedere
2825 1966 3199 2023 nequaquam
3245 1953 3684 2024 pertimescunt,
3729 1955 3882 2008 San-

2229 2041 2453 2091 ctorum
2487 2037 2697 2109 quippe
2741 2055 3030 2095 canonum
3079 2041 3270 2096 sanxit
3318 2042 3653 2109 auctoritas,
3706 2047 3766 2097 et
3811 2059 3884 2098 ea

2230 2125 2448 2196 passim
2484 2125 2746 2182 Ecclesiae
2785 2127 3146 2184 consuetudo
3194 2132 3404 2196 servat,
3437 2133 3500 2185 ut
3531 2147 3565 2184 a
3611 2129 3884 2202 quolibet

473 2230 701 2270 versam
731 2213 1195 2288 christianarum
1225 2218 1488 2290 genuum
1519 2219 1887 2278 latitudinem
1933 2224 2121 2296 gloria
2221 2214 3244 2288 justeexeommunicatumepiscopo
3263 2216 3415 2273 alius
3431 2217 3735 2276 absolvere
3757 2236 3881 2274 non

471 2302 737 2358 Christus
785 2303 1056 2359 extulerit
1103 2305 1485 2363 barbararum
1533 2326 1768 2382 quoque
1818 2311 2116 2371 nationum

472 2389 670 2447 feritas
702 2395 1033 2461 attestatur,
1068 2397 1125 2448 et
1153 2397 1269 2450 tam
1299 2397 1505 2451 Graeca:
1532 2414 1708 2470 quam
1762 2400 1979 2457 Latinae
2007 2403 2118 2459 lin-

467 2494 596 2550 gum
609 2480 900 2536 veneratio
919 2480 1215 2536 unanimis
1238 2491 1552 2554 asseverat;
1573 2487 1726 2544 inter
1745 2505 1892 2560 quas
1917 2491 2120 2550 beatus

471 2568 625 2624 idem
651 2569 969 2637 confessor,
993 2571 1315 2626 secundum
1341 2575 1526 2629 sancti
1555 2575 1808 2633 doctoris
1828 2579 2119 2637 Ambrosii

474 2657 964 2728 praedicationem,
996 2659 1240 2729 apostoli
1285 2661 1536 2716 vicarius
1587 2665 1929 2722 aestimatur.
1981 2670 2121 2726 Vere

476 2745 634 2798 enim
667 2745 820 2816 apud
843 2743 1161 2800 Galliarum
1197 2747 1443 2818 populos
1473 2750 1716 2822 apostoli
1751 2752 1928 2808 vicem
1969 2755 2119 2812 obti-

480 2848 618 2888 nere
635 2832 975 2904 promeruit,
1000 2834 1168 2908 cujus
1189 2835 1563 2907 potissimum
1586 2839 1850 2896 doctrina
1869 2847 1924 2898 et
1943 2845 2121 2900 virtu-

475 2920 640 2977 tibus
669 2920 742 2975 ad
771 2921 943 2976 fidem
975 2923 1234 2978 conversi
1284 2928 1440 2992 sunt,
1491 2927 1660 2998 cujus
1707 2933 1838 2999 post
1888 2937 2122 2988 sanctos

483 3013 771 3082 martyres
800 3009 1023 3067 meritis
1052 3028 1086 3065 a
1116 3011 1362 3068 Domino
1411 3019 1812 3087 proteguntur.
1863 3017 2024 3076 Unde
2066 3027 2124 3078 et

479 3099 842 3174 venerabiles
863 3099 1192 3172 apostolicae
1215 3100 1370 3156 sedis
1393 3102 1693 3172 pontifices
1714 3103 2040 3174 ecclesiam,
2060 3109 2120 3165 in

476 3208 595 3262 qua
615 3190 742 3261 ejus
765 3189 1203 3246 sanctissimum
1223 3206 1454 3260 corpus,
1479 3191 1823 3264 disponente
1847 3195 2112 3265 Domino,

2229 2307 2564 2374 praesumat.
2607 2308 2740 2376 lpsa
2782 2305 2957 2360 etiam
3004 2305 3506 2378 suﬂ‘raganeorum
3555 2305 3883 2380 ligamenta

2229 2390 2680 2462 metropolitani,
2713 2392 2811 2464 qui
2850 2392 3115 2448 videlicet
3159 2411 3360 2450 eorum
3410 2396 3662 2467 majores
3709 2401 3880 2465 sunt,

2229 2485 2566 2536 sanctorum
2597 2480 2832 2536 Patrum
2866 2481 3336 2538 institutionibus
3358 2483 3744 2555 prohibentur
3775 2486 3880 2542 ab-

2229 2567 2468 2624 solvere.
2499 2569 2662 2633 Quod
2695 2571 2740 2626 si
2766 2590 2799 2626 a
2818 2570 3271 2643 quibuscunque
3294 2571 3348 2626 id
3374 2575 3636 2628 servatur
3655 2573 3886 2646 episco-

2229 2655 2342 2728 pis,
2373 2656 2607 2711 videant
2637 2656 2993 2714 venerabiles
3025 2659 3232 2714 fratres
3261 2659 3444 2716 nostri
3487 2661 3882 2732 quemadmo-

2229 2743 2372 2800 dum
2403 2744 2729 2816 apostolicae
2761 2745 2916 2801 sedis
2943 2745 3174 2802 valeant
3203 2753 3333 2804 acta
3363 2747 3698 2818 dissolvere,
3738 2767 3880 2807 cum

2229 2833 2484 2906 profecto
2516 2832 2785 2905 lucejam
2819 2833 3034 2890 clarius
3066 2840 3290 2892 constet
3335 2836 3664 2909 apostolicae
3715 2840 3882 2896 sedis

2230 2922 2488 2994 pontiﬁci
2511 2938 2621 2978 non
2648 2922 2838 2978 solum
2861 2923 3163 2996 episcopos
3185 2929 3242 2981 et
3259 2923 3561 2998 primates,
3585 2927 3687 2983 sed
3711 2927 3880 3001 ipsos

2229 3013 2404 3068 etiam
2429 3010 2808 3083 patriarchas,
2825 3010 3020 3067 divina
3037 3011 3401 3070 institutione
3411 3013 3874 3086 'subjectos,cum

2231 3101 2494 3156 noverint
2522 3099 2594 3154 ab
2626 3099 2902 3156 omnibus
2929 3101 3000 3156 ad
3033 3101 3250 3172 ipsum,
3283 3101 3356 3156 ab
3391 3101 3518 3174 ipso
3549 3108 3747 3160 autem
3799 3105 3877 3160 ad

2229 3188 2523 3246 neminem
2551 3186 2988 3260 appellandum,
3017 3205 3152 3245 cum
3183 3187 3373 3245 sciant
3403 3191 3454 3246 ei
3486 3189 3596 3246 soli
3623 3191 3710 3247 fas
3741 3209 3877 3249 esse

473 3257 806 3351 requiescit,
835 3277 1101 3350 ampliori
1138 3278 1534 3334 benevolentia
1566 3286 1864 3355 protegere
1885 3290 1939 3340 et
1969 3286 2111 3342 insi-
2143 3257 2188 3324 θ
2226 3278 2297 3333 de
2328 3277 2488 3332 omni
2520 3275 2774 3332 ΕοεῙθείει
2795 3275 3122 3348 indicandi:
3166 3278 3361 3350 ipsum
3391 3295 3524 3335 νθνο
3571 3278 3874 3336 "Duorum

471 3367 776 3441 gnioribus
807 3372 1158 3421 curaverunt
1175 3366 1496 3441 privilegiis
1523 3372 1907 3440 communire;
1931 3377 1988 3428 et
2007 3392 2114 3431 nos
2221 3364 2778 3438 subjacerejudicio.
2832 3365 2947 3421 Nec
2977 3381 3074 3422 eos
3107 3365 3249 3421 illud
3276 3366 3571 3424 credimus
3601 3367 3877 3440 ignorare

468 3457 672 3512 eodem
720 3438 927 3528 spiritu
979 3471 1115 3528 erga
1174 3438 1532 3512 sanctissimi
1593 3457 1697 3512 viri
1747 3459 2111 3519 devotionem

2302 3455 2373 3510 od
2405 3453 2548 3521 sola,
2579 3453 2741 3508 nulla
2769 3454 2990 3523 synodo
3024 3454 3401 3527 praecedente,
3436 3456 3603 3512 sedes
3627 3438 3878 3529 aposto-

467 3546 802 3618 ﬂagrantes,
829 3560 961 3599 cum
985 3544 1042 3598 in
1068 3542 1286 3600 Gallias
1308 3561 1410 3616 pro
1431 3543 1841 3604 ecclesiasticis
1863 3552 2111 3623 negotiis
2217 3543 2330 3600 lica
2356 3543 2545 3600 valeat
2561 3560 2666 3599 suo
2689 3542 2864 3598 statui
2886 3543 3190 3599 restituere
3213 3560 3363 3616 quos
3386 3546 3645 3616 synodus
3668 3545 3875 3619 inique

464 3633 908 3700 transissemus,
941 3633 1070 3702 ejus
1097 3632 1484 3688 venerabilem
1518 3632 1814 3692 tumulum
1849 3638 2105 3709 visitare,
2216 3632 2598 3699 damnaverit,
2646 3630 2835 3704 ipsius
2881 3648 3014 3688 vero
3071 3631 3290 3687 nemini
3341 3631 3514 3688 liceat
3567 3634 3868 3692 retrahere

462 3723 638 3780 etiam
673 3722 1046 3796 fragilitatem
1081 3725 1342 3776 nostram
1372 3722 1498 3794 ejus
1546 3723 1712 3794 quasi
1761 3727 2106 3798 praesentius

463 3811 690 3866 meritis
719 3809 1132 3866 commendare
1163 3809 1516 3866 curavimus.
1553 3812 1680 3884 lpso
1702 3819 1894 3870 autem
1919 3818 2109 3890 propi-

463 3901 815 3968 tiante,cum
837 3897 979 3952 illud
1000 3913 1175 3952 suum
1188 3897 1485 3970 egregium
1499 3899 1859 3958 domicilium
1874 3904 2104 3962 aSimo-

463 3990 642 4045 niacze
673 3987 856 4059 pestis
885 3985 1156 4041 sordibus
1187 3987 1506 4044 emundare
1551 4007 1786 4046 summo
1813 3992 2102 4051 desiderio

461 4083 818 4150 Optaremus,
843 4075 1308 4147 congregationis
1330 4073 1516 4148 ipsius
1539 4078 1746 4134 fratres
1767 4079 2102 4138 obedientes

457 4167 810 4224 invenimus,
859 4164 1154 4220 universis
1201 4164 1398 4237 itaque
1445 4166 1834 4224 conn-utribus
1881 4170 2098 4226 nostris
2205 4164 2345 4236 quia
2374 4163 2446 4219 ad
2478 4162 2636 4218 illius
2667 4163 2984 4218 sacerdotis
3015 4163 3322 4218 arbitrium
3371 4161 3611 4220 clausus
3663 4165 3850 4221 teneri

457 4261 661 4314 notum
678 4253 1080 4310 forevolumus
1097 4251 1234 4325 quia
1250 4270 1355 4310 nos
1371 4271 1490 4321 eos,
1511 4255 1832 4310 secundum
1855 4257 2097 4330 antiqua
2204 4251 2556 4325 praecipitur,
2589 4253 2758 4324 cujus
2789 4251 3344 4324 arbitriojudicatus
3365 4256 3455 4309 est
3477 4253 3847 4312 immundus.

455 4346 848 4402 Romanorum
871 4343 1210 4416 pontiﬁcum
1234 4342 1556 4415 privilegia,
1579 4343 1636 4397 in
1661 4343 1943 4416 speciales
1965 4363 2096 4420 apo-
2202 4341 2502 4406 Quomodo
2531 4340 2729 4414 itaque
2757 4341 2831 4396 ad
2853 4340 3231 4412 aperiendum
3255 4357 3498 4397 manum
3522 4343 3845 4416 porrigant,

450 4433 666 4490 stolica:
679 4431 1298 4504 sedisassumpsimus;
1315 4431 1490 4486 etiam
1513 4435 1796 4503 tanquam
1820 4433 2091 4491 Romanis
2199 4431 2270 4485 ad
2296 4446 2470 4502 quem
2493 4429 2882 4486 claudendum
2906 4446 2971 4486 os
2991 4431 3216 4503 aperire
3237 4447 3351 4486 non
3375 4430 3503 4486 ausi
3525 4436 3685 4488 sunt.
3699 4433 3845 4489 Cum

447 4522 713 4580 Ecclesia:
744 4522 974 4577 decreta
994 4524 1310 4585 servantes,
1331 4521 1592 4574 Romana
1612 4521 1758 4576 tueri
1784 4524 2089 4594 protectio-
2197 4517 2656 4590 quatriduanum
2689 4519 2969 4573 Lazarum
3004 4518 3288 4575 Ποωίηυε
3329 4519 3694 4588 δυεϐίῖιὶεεθῖν
3728 4538 3843 4578 non

445 4629 518 4668 ne
543 4611 926 4668 decrevimus.
957 4610 1036 4664 Ea
1067 4612 1302 4680 propter
1327 4611 1579 4662 vestram
1613 4609 1955 4667 charitatem
1996 4611 2090 4668 lit-
2118 4619 2166 4683 D
2195 4605 2409 4679 legitur
2436 4607 2506 4662 ad
2541 4607 2960 4662 absolvendum
3003 4624 3137 4663 cum
3182 4608 3694 4665 circumstantium
3736 4609 3843 4666 ali-

441 4702 582 4758 teris
603 4699 992 4774 praesentibus
1013 4699 1418 4770 deprecamur,
1443 4700 1507 4752 ut
1527 4697 1726 4754 omnia
1741 4715 1868 4770 quae
1884 4716 2087 4758 eorum
2197 4695 2329 4768 quis
2361 4712 2422 4752 se
2452 4695 2745 4766 injecisse,
2779 4696 2920 4751 dum
2964 4697 3149 4769 ipsius
3191 4696 3504 4754 Salvatoris
3551 4703 3841 4772 praecepto

441 4795 582 4846 sunt
609 4806 710 4862 per
741 4789 1018 4844 dioeceses
1049 4789 1274 4841 vestras
1293 4784 1600 4851 tueamini,
1633 4802 1737 4842 nec
1757 4787 1841 4842 eis
1863 4793 1963 4844 aut
1984 4806 2087 4862 per
2185 4784 2310 4854 jam
2343 4783 2650 4852 viventem,
2673 4785 2799 4855 jam
2833 4789 3111 4853 stantem,
3145 4785 3416 4859 discipuli
3436 4785 3836 4856 absolverunt,

438 4895 564 4945 vos,
589 4883 687 4934 aut
718 4895 820 4951 per
849 4891 1128 4950 personas
1158 4872 1408 4944 aliquas,
1455 4872 1701 4945 injurias
1748 4875 1946 4932 inferri
1994 4878 2082 4934 vel
2193 4877 2258 4927 ut
2275 4872 2530 4944 profecto
2553 4873 2840 4928 secuturis
2863 4874 3102 4930 daretur
3120 4873 3474 4946 exemplum,
3497 4875 3637 4946 quia
3657 4875 3836 4932 etiam

438 4968 737 5024 molestias
766 4964 1096 5040 patiamini.
1118 4961 1224 5026 Qui
1251 4961 1404 5016 enim
1431 4979 1534 5034 pro
1560 4963 1709 5017 beati
1731 4965 2080 5022 confessoris
2190 4961 2478 5032 paenitens
2505 4961 2640 5034 quis
2670 4961 2984 5019 solvendus
3020 4979 3133 5018 non
3159 4969 3267 5030 est,
3301 4963 3415 5018 nisi
3439 4979 3540 5034 per
3564 4961 3728 5020 illius
3749 4983 3836 5020 ar-

435 5057 648 5113 Christi
684 5055 915 5112 Martini
945 5052 1264 5118 devotione,
1298 5055 1356 5104 et
1377 5051 1703 5122 apostolicae
1735 5054 1888 5108 sedis
1923 5072 2078 5110 reve-
2187 5048 2450 5114 bitrinm,
2485 5053 2654 5120 cujus
2684 5068 2818 5106 voce
2849 5051 2934 5106 vel
2965 5053 3185 5124 gemitu
3216 5069 3249 5107 a
3271 5051 3536 5124 sepulcro
3559 5051 3833 5109 crimino-

432 5145 622 5202 rentia
651 5145 878 5213 adjutor
907 5141 992 5197 eis
1020 5144 1078 5195 et
1105 5143 1394 5210 protector
1423 5139 1729 5206 exstiterit,
1749 5143 2076 5214 apostolicae
2186 5155 2288 5194 sus
2318 5139 2603 5194 educitur.
2636 5140 2746 5194 Sed
2781 5157 2969 5212 neque
2999 5141 3144 5196 illud
3176 5140 3605 5197 venerabilibus
3636 5142 3830 5199 fratri-

429 5235 588 5290 sedis
617 5234 864 5306 gratiam
906 5226 1368 5302 promer-abitum
1421 5227 1522 5300 qui
1566 5244 1701 5284 vero
1749 5229 1930 5302 ipsos,
1975 5237 2078 5288 aut
2182 5226 2294 5282 bus
2311 5228 3286 5302 arbitramurignotum,quiaDeus
3303 5229 3827 5302 superbisresistit,

425 5340 554 5396 quae
571 5339 770 5379 eorum
787 5323 945 5389 sunt,
963 5318 1778 5390 impugnarepraesumpserit,
1803 5319 2074 5392 indigna-
2181 5333 2358 5389 prope
2383 5321 2472 5373 est
2501 5321 2695 5373 autem
2729 5318 2959 5375 obtritis
3007 5320 3198 5376 corde.
3255 5319 3426 5391 Super
3467 5333 3631 5390 quem
3679 5322 3830 5376 enim

418 5411 598 5468 tionis
629 5408 954 5484 apostolica:
985 5405 1178 5479 gladio
1211 5405 1468 5461 feriatur.
2177 5406 2488 5478 respiciam,
2519 5407 2600 5462 ait
2618 5407 2900 5478 Dominus,
2919 5410 3031 5464 nisi
3050 5425 3214 5482 super
3230 5409 3494 5464 humilem
3513 5411 3564 5464 et
3583 5410 3828 5481 quietum

490 5501 636 5555 Data
666 5496 926 5567 Pictavii,
960 5511 1022 5550 ιιι
1071 5493 1362 5550 Kalendas
1408 5493 1625 5565 Aprilis
1672 5511 1777 5568 per
1822 5513 2067 5555 manum
2175 5503 2227 5552 et
2253 5500 2570 5552 trementem
2608 5495 2769 5551 verba
2815 5513 2937 5554 mea
2977 5497 3103 5570 (Isa.
3159 5505 3328 5566 sxw).
3375 5496 3642 5554 Viderint
3688 5514 3826 5572 ergo

2217 3721 2453 3794 judicia.
2487 3721 2650 3776 Certe
2671 3737 2802 3776 cum
2828 3721 2900 3775 de
2918 3719 3236 3792 leprarum,
3271 3720 3326 3776 id
3345 3722 3524 3778 estde
3543 3721 3868 3780 criminum

2211 3809 2592 3865 varietatibus
2622 3809 2692 3864 ad
2725 3809 2958 3882 Moysen
2981 3808 3263 3864 Dominus
3290 3808 3646 3881 loqueretur:
3673 3812 3868 3867 Consi-

2211 3898 2442 3965 derabit,
2469 3897 2682 3970 inquit,
2715 3898 2986 3969 leprosum
3013 3897 3278 3963 sacerdos,
3311 3901 3361 3953 et
3391 3899 3738 3954 immundum
3760 3902 3860 3972 ju-

2209 3987 2410 4042 dicabit
2441 3987 2632 4055 (Leuit.
2667 3986 2808 4057 xm),
2841 4001 2906 4040 ac
2937 3984 3146 4041 deinde
3171 3985 3493 4058 subjungit:
3527 3987 3591 4040 Et
3639 3987 3861 4044 clausus

2208 4075 2478 4130 tenebitur
2504 4075 2574 4128 ad
2601 4074 2898 4129 arbitrium
2925 4074 3216 4130 sacerdotis
3243 4074 3442 4146 (ibid.).
3467 4074 3692 4131 Videtis
3711 4092 3854 4150 ergo

413 5587 884 5644 Joannissanctze
899 5585 1171 5640 Romana:
1195 5581 1461 5638 Ecclesia
1478 5583 1795 5642 cardinalis
1811 5585 2065 5662 diaconi,
2174 5601 2291 5658 quo
2321 5589 2488 5656 pacto
2519 5589 2880 5656 peccatorem
2911 5591 3198 5643 conentur
3245 5585 3566 5652 absolvere,
3615 5592 3828 5658 preter

409 5677 700 5746 ndiet.1v,
735 5691 888 5734 anno
937 5671 1169 5736 Domini
1199 5672 1364 5736 4096.
2171 5673 2334 5740 illius
2371 5671 2465 5740 vel
2511 5674 2903 5750 praesentiam,
2953 5675 3041 5736 vel
3090 5679 3466 5755 praeceptum,
3516 5674 3690 5751 cujus
3736 5680 3826 5740 est
