3958 6362
18 2400 43 2468 αι

66 426 192 506 iet

1251 415 1656 510 EPISTOLAS
1701 431 1822 509 E'r'
1846 446 2325 513 PRIVILEGIA.

3366 450 3489 513 462

59 578 289 659 judicio
320 578 379 633 in
412 577 667 651 generali
696 581 914 651 synodo
947 581 1333 652 eompeditus.
1358 581 1540 636 Nobis
1570 597 1732 648 sane,
1764 581 1819 647 Α
1850 582 2065 637 astutia
2082 581 2170 638 vel
2190 580 2465 637 violentia
2484 580 3001 653 praeponatur,nisi
3018 597 3193 653 quem
3210 585 3273 637 tu
3291 581 3493 654 tuique

65 671 123 721 et
157 667 441 721 omnibus
474 667 571 739 qui
613 668 866 723 Turonis
898 669 1203 724 nobiscum
1241 676 1350 725 Deo
1383 669 1732 741 propitiante

63 759 487 820 convenerunt,
521 755 745 828 liquido
792 758 1008 829 paruit,
1040 762 1098 813 et
1149 756 1296 828 legis
1340 761 1396 813 et
1438 756 1730 829 Evangelii

64 849 119 899 et
172 848 514 900 sanctorum
566 861 856 901 canonum
908 846 1296 912 documentis,
1343 844 1561 900 nullam
1615 845 1728 901 sol-

64 932 240 987 vendi
273 948 449 1005 quem
482 950 589 988 nos
627 932 941 1006 ligavimus
974 934 1320 989 fraternitati
1353 938 1558 990 vestrm
1588 951 1730 1007 sup-

66 1024 269 1093 petere
298 1025 669 1093 potcstatem.
703 1022 864 1077 Unde
908 1028 966 1078 et
1012 1024 1201 1078 filium
1249 1027 1514 1077 nostrum
1550 1023 1728 1078 Fran-

63 1125 269 1165 corum
302 1125 524 1182 regem,
558 1111 741 1166 donec
770 1111 886 1166 Deo
933 1110 994 1166 in
1044 1111 1215 1167 nobis
1265 1117 1322 1167 et
1371 1116 1584 1167 sanctae
1616 1112 1726 1166 Ro-

65 1215 255 1254 manas
286 1199 558 1254 Ecclesiae
596 1199 938 1267 satisfaciat,
966 1201 1534 1255 exrommuuicatum
1569 1217 1725 1255 asse-

64 1288 274 1348 rimus.
299 1292 358 1343 et
404 1291 526 1342 tam
574 1287 896 1360 episcopos,
928 1305 1105 1360 quam
1157 1288 1301 1344 alios
1356 1287 1647 1360 quoslibet
1677 1287 1728 1343 ei

62 1374 443 1447 pertinaciter
471 1374 974 1430 communicantes
1010 1391 1136 1430 esse
1168 1375 1488 1440 sancimus,
1521 1378 1579 1428 et
1606 1374 1726 1446 pri-

59 1462 345 1536 vilegium
377 1462 686 1535 potestatis
726 1463 1015 1523 amittere,
1040 1464 1087 1518 si
1125 1464 1257 1535 quis
1301 1463 1360 1517 in
1405 1463 1533 1534 ejus
1564 1464 1728 1517 abso-

61 1551 288 1607 lutione
309 1551 652 1607 inconcessa
676 1550 839 1607 abuti
864 1551 1302 1623 przesumpserit
1324 1553 1627 1622 potestate.
1647 1550 1728 1605 De

61 1646 272 1697 caetero
302 1640 609 1696 universos
637 1657 739 1695 vos
781 1640 1069 1695 Arelatem
1095 1642 1206 1708 (43)
1238 1640 1294 1693 in
1329 1639 1546 1695 octavis
1587 1655 1725 1711 apo-

59 1728 347 1785 stolorum
376 1728 525 1784 Petri
560 1734 615 1783 et
643 1728 805 1784 Pauli
833 1729 901 1784 ad
927 1728 1263 1795 concilium,
1293 1728 1447 1783 omni
1472 1729 1726 1800 seposita

60 1818 393 1884 occasione,
427 1818 768 1873 invitemus.

706 1931 1086 1987 CLXXXVIII.

65 2022 226 2078 Bulla
264 2022 476 2078 Urbani
500 2036 662 2092 ρημύ
692 2022 740 2076 11
766 2037 865 2092 pro
895 2022 1222 2076 monasterio
1253 2020 1394 2076 Nero
1424 2020 1726 2092 Piclauien-

129 2095 198 2149 si.
234 2125 305 2132 —
335 2091 723 2149 Monaslcrium
753 2091 977 2155 Novum,
1011 2092 1169 2162 cujus
1200 2092 1481 2146 ecclesiam
1510 2091 1724 2146 dedica-

128 2173 310 2229 verat,
371 2164 470 2218 sub
527 2163 671 2218 sedis
729 2165 1045 2233 apostolica
1098 2165 1426 2234 proiectione
1477 2164 1721 2232 suscipit,

129 2236 388 2307 illudque
418 2234 773 2291 Cluniacensi
800 2237 1134 2291 monasterio
1163 2236 1403 2306 subjicit.

696 2324 881 2394 (Anno
914 2324 1100 2389 1096.)

240 2413 414 2484 [Dom
445 2413 739 2474 MABTBNE,
786 2413 1047 2467 Thesaur.
1087 2411 1285 2467 Aneccl.
1321 2411 1363 2477 Ι,
1396 2411 1548 2479 267.]

134 2522 423 2584 Uamxvs
464 2527 795 2599 episcopus,
828 2544 1026 2582 servus
1070 2543 1366 2582 servorum
1414 2526 1536 2591 Dei,
1570 2541 1725 2579 reve-

72 2616 431 2672 rendissimo
465 2615 623 2670 fratri
658 2616 906 2681 Hueom,
935 2615 1304 2671 Cluniacensi
1340 2614 1554 2677 abbati,
1580 2613 1731 2669 salu-

71 2714 181 2761 tem
217 2710 281 2762 et
310 2704 689 2777 apostolicam
721 2704 1206 2760 benedictionem.

132 2797 219 2850 Ad
277 2794 388 2849 hoc
435 2811 562 2862 nos,
595 2794 939 2865 disponente
986 2792 1252 2857 Domino,
1292 2793 1349 2847 in
1400 2792 1726 2864 apostolicae

71 2885 226 2939 sedis
263 2883 566 2938 servitium
598 2885 896 2954 promotos
920 2882 1314 2954 agnoscimus,
1341 2885 1406 2936 ut
1434 2882 1560 2951 ejus
1592 2881 1728 2936 ﬁliis

73 2972 358 3028 auxilium
391 2969 844 3042 implorantibus
886 2969 1199 3025 efﬁcaciter
1229 2970 1555 3035 subvenire,
1590 2973 1646 3024 et
1675 2969 1727 3024 ei

75 3062 413 3116 obedientes
442 3058 590 3113 tueri
641 3075 706 3113 ac
755 3062 1076 3129 protegere,
1111 3062 1284 3130 prout
1314 3058 1598 3112 Dominus
1629 3058 1729 3112 de-

77 3150 244 3215 derit,
297 3148 636 3203 debeamus.
671 3147 831 3202 Unde
882 3151 1109 3218 oportet
1147 3164 1254 3201 nos
1297 3146 1729 3201 venerabilibus

78 3237 212 3293 locis
232 3253 479 3292 manum
503 3235 879 3308 protectionis
902 3226 1284 3306 porrigere,et
1305 3251 1604 3289 servorum
1629 3234 1728 3288 Dei

1753 1945 1802 2009 B

1842 685 2212 726 successores
2244 670 2570 725 secundum
2604 670 2872 725 timorem
2907 669 3005 724 Dei
3034 667 3344 742 elegeritis.
3378 671 3497 727 Ele-

1839 761 1969 814 ctus
1995 762 2189 815 autem
2213 775 2247 813 a
2271 758 2617 814 Pictaviensi
2638 757 2909 830 episcopo
2927 762 3319 823 consecretur,
3335 759 3497 815 omni

1839 847 2221 918 professionis
2268 846 2568 902 exactione
2607 846 2880 919 seposita.
2900 846 3378 903 Consecrationes
3412 846 3498 903 a1-

1837 935 2055 990 tarium
2086 934 2205 990 sive
2228 934 3040 1004 basilicarum,ordinationes
3070 935 3494 992 monachorum

1838 1023 1959 1078 sive
1990 1023 2478 1096 clericorum,qui
2510 1024 2581 1079 ad
2615 1040 2815 1079 sacros
2846 1023 3066 1078 fuerint
3094 1022 3327 1079 ordines
3358 1039 3498 1096 pro-

1837 1113 2128 1179 movendi,
2162 1113 2234 1167 ab
2275 1114 2479 1167 eodem
2523 1112 2796 1185 episcopo
2848 1111 3167 1184 accipiant;
3201 1111 3496 1184 siquidem

1835 1201 2083 1270 gratiam
2126 1205 2302 1272 atque
2339 1201 2814 1256 communionem
2848 1199 3181 1273 apostolicis
3212 1200 3369 1256 sedis
3400 1199 3499 1256 ha-

1837 1289 2049 1354 buerit,
2075 1290 2121 1343 si
2154 1305 2221 1342 ea
2249 1288 2433 1360 gratis
2471 1305 2538 1343 ac
2568 1288 2693 1344 sine
2724 1289 3011 1360 pravitate
3053 1288 3305 1344 voluerit
3329 1286 3496 1344 exhi-

1835 1377 1970 1431 bere
2005 1393 2017 1431 :
2053 1376 2337 1448 alioquin,
2369 1375 2503 1431 licet
2550 1376 2633 1431 eis
2680 1376 3032 1432 catholicum
3064 1392 3239 1448 quem
3271 1375 3496 1433 malue-

1835 1465 1953 1519 rint
1982 1465 2143 1520 adire
2173 1465 2518 1531 antistitem,
2553 1468 2611 1520 et
2638 1465 2711 1520 ab
2746 1481 2812 1520 eo
2860 1463 3367 1521 consecrationum
3399 1481 3495 1521 sa—
3516 1512 3529 1517 _

1835 1556 2134 1608 crementa
2163 1553 2479 1625 suscipere.
2513 1552 2657 1616 Quia
2686 1569 2822 1608 vero
2852 1552 3117 1624 ejusdem
3149 1552 3493 1609 monasterii

1835 1641 2102 1710 ecclesia,
2125 1640 2404 1713 largiente
2427 1640 2695 1708 Domino,
2715 1640 2935 1695 nostris
2957 1644 3045 1695 est
3066 1640 3342 1696 manibus
3364 1656 3496 1696 con-

1834 1734 2078 1797 secrata,
2101 1729 2209 1784 hoc
2231 1745 2465 1801 quoque
2487 1728 2761 1801 praesenti
2791 1727 3047 1800 capitulo
3074 1728 3494 1801 subjungimus

1835 1825 1900 1873 ut
1928 1835 2034 1873 nec
2072 1818 2369 1890 episcopo,
2402 1833 2508 1873 nec
2553 1816 2810 1889 episcopi
2857 1815 3183 1873 ministerio
3214 1817 3494 1890 cuiquam

1834 1907 2083 1962 facultas
2117 1907 2194 1962 sit
2221 1911 2439 1962 temere
2481 1905 2628 1962 citra
2673 1910 2934 1961 nostram
2964 1904 3054 1961 vel
3083 1904 3259 1978 legati
3307 1906 3495 1962 nostri

1836 1995 2135 2050 licentiam
2158 1994 2217 2049 in
2237 1994 2429 2050 locum
2448 1993 2618 2049 illum
2636 1993 3261 2050 excommunicationis
3277 1994 3496 2067 profer-

1836 2101 1896 2139 re
1919 2084 2290 2145 sententiam,
2308 2087 2597 2156 quatenus
2618 2087 2675 2137 et
2700 2082 2942 2138 abbates
2965 2083 3096 2154 ejus
3116 2086 3174 2138 et
3196 2080 3493 2152 monachi,

1836 2173 1908 2227 ab
1944 2172 2138 2227 omnis
2168 2171 2383 2227 servitii
2417 2172 2536 2227 sint
2566 2171 2934 2227 infestatione
2982 2170 3195 2240 securi,
3218 2170 3498 2243 omnique

1836 2261 2171 2333 gravamine
2194 2260 2505 2315 mundanae
2527 2261 2924 2332 oppressionis
2952 2259 3181 2327 remoti,
3205 2260 3265 2315 in
3295 2263 3523 2317 sancta‘

1835 2348 2133 2422 religionis
2165 2348 2567 2404 observatione
2602 2348 3133 2421 seduli,quietique
3156 2349 3499 2421 persistent,

1835 2455 1942 2494 nec
1964 2438 2067 2493 ulli
2091 2437 2187 2493 alii
2215 2438 2327 2492 nisi
2361 2437 2555 2493 abbati
2578 2436 2944 2494 Cluniacensi
2963 2436 3163 2509 aliqua
3183 2441 3498 2494 teneantur

1836 2527 2138 2582 occasione
2160 2527 2431 2596 subjecti.
2451 2525 2509 2580 Si
2531 2541 2647 2596 qua
2671 2541 2810 2581 sane
2830 2524 3226 2581 ecclesiastica
3254 2523 3504 2580 saecula-

1836 2617 1985 2671 risve
2018 2630 2268 2686 persona
2297 2614 2445 2669 hanc
2486 2618 2694 2669 nostra:
2748 2612 3185 2669 constitutionis
3216 2612 3493 2686 paginam

1837 2704 2046 2767 sciens,
2082 2708 2286 2758 contra
2325 2718 2455 2757 eam
2493 2702 2689 2757 venire
2728 2700 3053 2769 tentaverit,
3089 2701 3347 2757 secundo
3376 2705 3494 2756 ter-

1834 2794 1984 2848 tiove
2005 2792 2382 2853 commonita,
2399 2790 2447 2845 si
2469 2806 2584 2845 non
2605 2790 3006 2846 satisfactione
3022 2804 3282 2862 congrua
3297 2803 3494 2845 emen-

1836 2880 2078 2949 daverit,
2101 2880 2403 2951 potestatis
2452 2877 2808 2949 honorisque
2840 2877 2932 2933 sui
2963 2876 3246 2950 dignitate
3274 2880 3485 2947 careat,

1836 2985 2114 3040 reamque
2162 2985 2225 3024 se
2273 2968 2468 3023 divino
2491 2966 2718 3038 judicio
2749 2965 2994 3023 existere
3041 2966 3111 3022 de
3153 2969 3489 3039 perpetrata

1836 3058 2147 3129 iniquitate
2175 3060 2507 3129 cognoscat,
2532 3060 2589 3112 et
2626 3072 2661 3111 a
2708 3054 3106 3111 sacratissimo
3155 3070 3395 3127 corpore
3431 3058 3490 3111 et

1837 3145 2124 3217 sanguine
2156 3146 2257 3200 Dei
2306 3150 2362 3199 et
2400 3144 2629 3200 Domini
2679 3142 3084 3212 Redemptoris
3131 3142 3317 3199 nostri
3345 3143 3490 3201 Jesu

1838 3235 2048 3290 Christi
2070 3234 2259 3289 aliena
2289 3234 2409 3301 ﬁat,
2437 3240 2611 3304 atque
2637 3233 2695 3287 in
2719 3237 2974 3289 extremo
3002 3233 3267 3288 examine
3299 3231 3493 3289 distri-

76 3327 253 3398 quieti
282 3325 562 3381 attentius
589 3325 905 3396 providere.
930 3323 1174 3378 Proinde
1194 3324 1509 3379 venerabili
1533 3339 1728 3378 mona-
1755 3309 1798 3375 C
1839 3329 1940 3379 ctae
1974 3323 2179 3378 ultioni
2212 3322 2540 3391 subjaceat;
2573 3322 2799 3377 cunctis
2820 3325 3016 3376 autem
3039 3320 3229 3377 eidem
3250 3320 3376 3377 loco
3399 3321 3495 3392 ju-

77 3415 248 3471 sterio
278 3415 432 3486 quod
466 3413 629 3468 bonae
654 3412 946 3467 memoriae
968 3411 1337 3478 Guillelmus,
1364 3412 1727 3467 Pictavorum

78 3519 294 3566 comes,
320 3501 377 3555 in
409 3500 598 3572 ipsius
623 3500 787 3555 urbis
810 3500 1113 3566 suburbio,
1140 3500 1209 3553 ad
1238 3498 1517 3555 honorem
1548 3500 1731 3555 beatas

79 3591 273 3647 Mariae
305 3606 540 3661 semper
576 3588 839 3661 virginis,
872 3592 930 3644 et
958 3593 1292 3645 sanctorum
1332 3587 1730 3660 apostolorum

81 3679 322 3735 Joannis
369 3683 427 3733 et
477 3678 717 3732 Andreae
758 3679 1101 3745 construxit,
1136 3694 1242 3733 nos
1291 3682 1411 3733 tam
1458 3695 1559 3749 pro
1607 3678 1730 3748 eju-

83 3770 241 3824 sdem
297 3767 548 3822 dominae
599 3771 913 3832 nostrae,et
950 3771 1287 3822 sanctorum
1336 3766 1732 3838 apostolorum

84 3856 594 3926 devotione,quam
633 3871 735 3926 pro
757 3860 868 3909 tua;
901 3854 1198 3925 religionis
1220 3854 1444 3909 eximiae
1476 3855 1736 3910 dilectio-

88 3961 171 4008 ne,
194 3942 543 4015 hujusmodi
572 3942 939 4016 privilegium
962 3960 1029 3998 ex
1051 3943 1407 4015 benignitate
1429 3944 1586 3999 sedis
1607 3961 1739 4015 apo-

88 4034 300 4089 stolicae
332 4029 728 4103 indulgemus.
756 4032 1082 4087 Statuimus
1107 4031 1261 4086 enim
1290 4037 1355 4086 ut
1377 4049 1738 4106 quaecunque

89 4121 255 4189 bona,
308 4120 691 4191 quascunque
748 4120 1147 4191 possessiones
1197 4126 1740 4193 supramemoratus

90 4225 300 4275 comes,
317 4225 420 4264 seu
445 4206 642 4264 ﬁdeles
664 4206 761 4262 alii
783 4208 853 4263 de
884 4225 989 4264 suo
1004 4210 1139 4280 jure
1169 4209 1357 4264 eidem
1388 4210 1740 4266 monasterio

92 4297 549 4363 contulerunt,et
568 4313 929 4369 quaecunque
950 4296 1123 4353 hodie
1136 4298 1301 4368 juste
1323 4298 1601 4369 possidet,
1622 4298 1742 4355 sive

93 4386 146 4441 in
174 4388 444 4443 futurum
469 4386 629 4457 juste
650 4390 707 4440 et
736 4385 1012 4442 canonice
1046 4386 1256 4458 poterit
1284 4386 1550 4459 adipisci,
1575 4388 1747 4443 ﬁrma

92 4492 321 4549 semper
348 4479 408 4530 et
437 4474 665 4530 illibata
712 4480 1110 4546 permaneant,
1141 4480 1262 4531 tam
1298 4493 1332 4530 a
1360 4480 1417 4531 te
1447 4493 1623 4548 quam
1673 4476 1746 4532 ab

92 4566 168 4620 eis
198 4564 302 4636 qui
338 4564 395 4618 in
429 4569 525 4619 tuo
557 4564 747 4619 officio
788 4563 1026 4635 locoque
1060 4564 1471 4633 successerint,
1506 4582 1748 4638 perenni

1839 3416 1929 3467 sta
1958 3411 2327 3467 servantibus
2358 3410 2435 3465 sit
2464 3426 2574 3481 pax
2606 3409 2837 3465 Domini
2868 3409 3053 3465 nostri
3082 3409 3226 3466 Jesu
3255 3407 3492 3478 Christi,

1840 3505 2129 3571 quatenus
2161 3504 2217 3553 et
2248 3498 2307 3552 hi
2350 3498 2604 3552 fructum
2653 3497 2819 3552 bona:
2871 3495 3115 3551 actionis
3147 3497 3492 3569 percipiant,

1841 3593 1897 3644 et
1926 3588 2079 3659 apud
2112 3587 2443 3643 districtum
2476 3584 2740 3656 judicem
2773 3584 3015 3656 praemia
3057 3589 3284 3641 aeterne
3332 3584 3495 3657 pacis

1841 3677 2161 3732 inveniant.
2193 3678 2397 3741 Amen,
2430 3690 2623 3740 amen,
2655 3689 2850 3729 amen.

1914 3766 2123 3819 Datum
2156 3763 2308 3835 apud
2359 3761 2738 3835 Angeliacum
2797 3777 2899 3833 per
2956 3776 3199 3817 manum
3228 3759 3494 3830 Joannis,

1843 3861 2055 3913 sancta:
2080 3855 2351 3909 Romanae
2370 3852 2639 3908 Ecclesiae
2658 3850 2885 3907 diaconi
2909 3849 3335 3918 cardinalis,vn
3357 3850 3499 3907 ldus

1844 3944 2085 4017 Aprilis,
2111 3942 2427 3998 indictione
2451 3959 2529 4009 ιν,
2558 3957 2709 3996 anno
2739 3940 3054 3997 Dominices
3076 3938 3501 3996 Incarnationis

1848 4034 2005 4100 1096,
2031 4032 2408 4104 pontificatus
2444 4035 2641 4086 autem
2672 4029 2872 4086 domni
2902 4029 3116 4086 Urbani
3143 4029 3384 4087 secundi
3406 4043 3506 4103 pa-

1849 4140 1933 4195 pae
1965 4139 2043 4177 1x.

2511 4209 2835 4266 CLXXXIX.

1888 4301 2052 4356 Bulla
2078 4316 2178 4372 pro
2204 4301 2531 4357 monasterio
2550 4299 2739 4355 Sancti
2758 4298 3029 4356 Martialis
3059 4299 3466 4356 Lemovicenszs.

2494 4390 2682 4459 (Anno
2717 4389 2901 4461 1096.)

2088 4478 2348 4549 [Βςιιυκη
2384 4478 2608 4533 Miscell.
2639 4476 2804 4546 edit.,
2838 4478 2978 4532 Luc.
3012 4477 3082 4546 Il,
3114 4478 3264 4549 178.]

1929 4566 2207 4622 Unemus
2237 4565 2569 4637 episcopus,
2596 4581 2797 4620 servus
2825 4582 3123 4621 servorum
3153 4566 3273 4631 Dei,
3298 4564 3508 4621 dilecto

94 4658 370 4725 tempore,
406 4652 532 4708 sine
561 4651 969 4725 inquietudine
1009 4653 1208 4726 aliqua
1247 4655 1622 4725 possidenda,
1656 4673 1747 4712 re-
1779 4675 1827 4741 D
1862 4652 2513 4717 ﬁllOADEMARO,8bbalI
2540 4652 2973 4708 Lemovicensis
2994 4653 3241 4708 coanobii
3266 4653 3424 4724 quod
3447 4653 3507 4708 in

98 4743 280 4814 geuda
309 4760 379 4798 ac
423 4742 807 4814 disponenda,
842 4742 994 4796 sicut
1025 4759 1058 4796 a
1088 4743 1511 4814 praedecessore
1549 4748 1748 4799 nostro

99 4836 307 4888 sancta:
368 4831 660 4887 memoriae
714 4831 989 4903 Gregorio
1033 4831 1132 4885 VII
1183 4832 1358 4902 juxta
1414 4832 1749 4903 petitionem

102 4920 416 4993 supradicti
449 4920 684 4976 comitis
716 4919 1055 4975 institutum
1079 4923 1185 4974 est.
1212 4920 1587 4975 Decernimus
1616 4937 1752 4994 ergo

103 5014 160 5064 ut
188 5009 337 5065 nulli
366 5009 603 5065 omnino
635 5008 940 5063 hominum
969 5007 1142 5063 liceat
1161 5008 1426 5064 eamdem
1448 5008 1751 5065 ecclesiam

105 5103 311 5155 temere
357 5098 716 5170 perturbare,
743 5103 844 5152 aut
889 5098 1017 5167 ejus
1051 5096 1451 5168 possessiones
1504 5099 1750 5165 auferre,

104 5186 181 5240 vel
212 5186 437 5242 ablatas
462 5187 729 5251 retinere,
747 5185 833 5240 vel
857 5185 1183 5240 temerariis
1209 5184 1608 5241 vexationibus
1631 5187 1756 5242 fati-

108 5291 254 5345 gare;
274 5276 373 5331 sed
393 5274 591 5331 omnia
608 5274 836 5346 integra
849 5278 1265 5330 conserventur
1280 5291 1479 5330 eorum
1500 5292 1602 5347 pro
1620 5293 1759 5347 quo-

111 5382 231 5419 rum
276 5364 705 5421 sustentatione
755 5369 811 5419 et
850 5363 1275 5435 gubernatione
1306 5356 1584 5419 concessa
1624 5367 1759 5420 sunt

112 5455 307 5511 usibus
328 5453 689 5510 omnimodis
714 5454 1041 5525 profutura.
1067 5453 1209 5508 Item
1233 5453 1649 5509 constituimus
1672 5459 1755 5521 ut,

115 5543 353 5600 obeunte
372 5543 605 5611 abbate,
620 5558 737 5597 non
756 5541 907 5598 alius
934 5543 1013 5598 ibi
1033 5559 1381 5615 quacunque
1403 5542 1760 5615 obreptionis

1857 4746 2075 4799 honore
2107 4743 2257 4797 beati
2291 4741 2571 4798 Martialis
2605 4741 2955 4796 aedificatum
2982 4746 3071 4797 est
3098 4742 3344 4813 ejusque
3374 4756 3508 4796 suc-

1860 4832 2193 4889 cessoribus
2222 4830 2570 4903 regulariter
2594 4829 3023 4886 substituendis
3055 4830 3112 4885 in
3140 4834 3507 4902 perpetuum.

1930 4922 2013 4976 Ad
2029 4919 2482 4975 sollicitudinem
2499 4937 2565 4976 ac
2578 4918 2994 4992 benignitatem
3010 4918 3337 4992 apostolicae
3354 4918 3513 4976 sedis

1861 5010 2110 5082 pertinet
2140 5015 2195 5064 et
2224 5008 2564 5080 religionem
2590 5025 2802 5082 augere
2832 5013 2889 5065 et
2918 5008 3206 5082 religiosis
3230 5006 3373 5065 locis
3394 5007 3515 5065 sive

1862 5098 2126 5172 personis
2149 5097 2431 5153 auxilium
2455 5115 2572 5153 sua:
2594 5098 2971 5171 protectionis
2990 5097 3514 5171 impendere.0ua-

1865 5188 2124 5243 mobrem
2165 5187 2454 5243 devotioni
2500 5192 2637 5253 tuae,
2664 5186 2744 5242 fili
2797 5188 2855 5243 in
2897 5188 3129 5246 Christo
3170 5186 3516 5245 charissima

1865 5278 2149 5333 Ademare
2171 5276 2372 5343 abbas,
2397 5293 2512 5332 non
2537 5276 2850 5332 minimum
2884 5276 3251 5350 gratulamur
3268 5276 3425 5349 quod
3457 5276 3518 5332 in

1864 5367 2025 5422 Beati
2059 5365 2339 5421 Martialis
2372 5365 2526 5437 apud
2575 5366 2910 5423 Lemovices
2944 5366 3299 5423 monasterio
3330 5382 3433 5439 per
3460 5368 3520 5421 te

1868 5455 2263 5528 potissimum,
2290 5459 2574 5527 praecepto
2597 5453 2815 5511 scilicet
2844 5459 3022 5529 atque
3042 5454 3335 5512 industria
3365 5468 3520 5509 reve-

1870 5543 2193 5601 rentissimi
2226 5543 2484 5617 Hugonis
2508 5543 2907 5603 Cluniacensis
2937 5545 3186 5616 abbatis,
3220 5541 3524 5621 religionis

170 5723 284 5806 ’(43)
309 5720 592 5783 Nemausi
624 5719 984 5783 celebratum
1016 5720 1128 5781 fuit
1157 5736 1360 5783 mense
1385 5721 1567 5797 Julio,
1598 5722 1935 5789 3111101096.
