3958 6392
467 418 586 488 463

1762 425 1832 489 Β.
1879 422 2176 491 URBANI
2219 422 2275 487 ΙΙ
2308 423 2570 488 'PAPE.

3734 416 3874 485 τω

467 565 657 615 status
686 560 966 634 largiente
1008 562 1252 618 Domino
1302 562 1664 618 instauratus
1692 566 1798 617 est.
1823 562 2004 625 Quam
2034 559 2115 617 in-
2145 562 2191 625 Α
2228 559 2641 630 Burdegalensi
2677 557 2951 614 ecclesias
2988 557 3181 614 Sancti
3228 556 3380 611 Petri
3429 555 3500 610 de
3529 552 3796 610 Tortirac
3825 558 3880 609 et

467 650 889 715 stam-stionem
907 667 1010 723 per
1031 651 1182 707 beati
1199 656 1256 708 et
1271 649 1577 724 apostolici
1594 648 1946 706 confessoris
1966 650 2116 705 Mar-

465 737 623 793 tialis
656 738 866 794 merita
896 740 1095 812 augeri
1127 745 1184 796 et
1213 740 1450 812 provehi
1481 739 1801 810 cupientes,
1838 755 1939 811 per
1970 755 2117 810 prus-

468 826 651 882 sentis
665 827 876 883 decreti
896 829 1169 905 paginam
1189 827 1524 884 stabilimus
1540 827 1735 884 locum
1753 827 1946 899 ipsum
1965 826 2118 881 sicut

467 913 644 970 hodie
668 919 777 982 est,
803 919 861 971 et
891 916 1046 972 sicut
1073 917 1146 972 ab
1177 917 1449 988 episcOpo
1481 921 1660 988 atque
1689 915 1983 971 canonicis
2015 915 2114 968 Le-

467 1002 727 1060 movicen
735 1004 818 1061 sis
832 1004 1099 1061 Ecclesiae
1116 1005 1377 1062 noscitur
1394 1006 1728 1061 institutum
1738 1020 1883 1073 ,sem
1889 1020 1992 1076 per
2006 1020 2071 1058 su
2084 1004 2117 1057 b

468 1091 799 1164 disciplina,
821 1093 1204 1166 dispositione
1224 1100 1281 1151 et
1309 1093 1575 1151 custodia
1596 1092 1992 1150 Cluniacensis
2016 1092 2115 1146 ab-

468 1179 623 1235 batis
644 1179 973 1252 persistere,
993 1185 1050 1238 et
1069 1185 1135 1238 ut
1154 1182 1403 1238 obeunte
1428 1182 1637 1237 abbate
1657 1179 1855 1236 nullus
1876 1178 1956 1235 ibi
1978 1195 2119 1250 qua-

468 1266 611 1323 libet
639 1270 1036 1341 suhreptionis
1058 1270 1282 1326 astutia
1323 1270 1409 1325 vel
1439 1268 1714 1326 violentia
1748 1272 2119 1340 praeponatur

469 1356 583 1412 nisi
607 1374 779 1428 quem
802 1359 1078 1430 praefatus
1094 1358 1493 1415 Cluniacensis
1520 1358 1701 1415 abbas
1736 1356 1855 1412 illic
1872 1355 1961 1413 vel
1983 1373 2115 1413 suc-

466 1460 728 1502 cessores
748 1448 877 1518 ejus
898 1448 1223 1503 secundum
1242 1448 1342 1504 Dei
1361 1448 1634 1503 timorem
1652 1445 1950 1519 elegerint.
1971 1444 2119 1509 Quia

463 1550 598 1589 vero
629 1534 974 1607 disponente
1004 1536 1252 1592 Domino
1294 1540 1351 1591 et
1389 1534 1576 1591 sancti
1606 1536 1736 1605 ejus
1765 1532 2118 1590 confessoris

462 1622 797 1695 dignatione
816 1624 1032 1679 factum
1051 1630 1140 1680 est
1154 1630 1220 1697 ut
1242 1641 1344 1696 per
1365 1642 1471 1680 nos
1486 1624 1648 1696 ipsos
1669 1624 1798 1694 ejus
1818 1621 2116 1677 tumulum

461 1711 700 1766 visitare
729 1718 787 1767 et
831 1711 942 1767 loci
984 1713 1170 1784 ipsius
1201 1713 1504 1769 esclcsiam
1559 1712 1617 1767 in
1665 1713 1884 1767 honore
1931 1710 2115 1765 sancti

464 1798 782 1855 Salvatoris
800 1817 1145 1856 consecrare
1165 1801 1577 1865 meruerimus,
1600 1817 1706 1855 nos
1726 1817 1830 1872 pro
1850 1800 2115 1870 ejusdem

465 1887 813 1944 confessoris
859 1889 1160 1960 apostolici
1211 1890 1515 1945 devotione
1561 1894 1620 1944 et
1663 1887 2113 1943 reverentissimi

466 1977 778 2033 confratris
826 1977 1015 2033 nostri
1063 1977 1324 2050 Hugonis
1374 1979 1605 2034 abbatis
1649 1978 1978 2043 dilectione,
2015 1993 2117 2049 pro

466 2069 580 2122 tua
597 2065 774 2122 etiam
793 2065 1088 2139 religionis
1104 2066 1467 2139 petitione,et
1480 2067 1902 2124 monasterium
1920 2066 2115 2139 ipsum

467 2161 526 2210 et
555 2171 918 2226 quaecunque
947 2154 1134 2227 ipsius
1158 2159 1299 2211 sunt
1329 2157 1437 2210 sub
1470 2153 1649 2211 tutela
1669 2154 2000 2227 apostolicae
2031 2169 2118 2208 se-

467 2243 559 2299 dis
590 2248 867 2316 perpetuo
884 2243 1244 2300 confovenda
1266 2244 1653 2316 suscipimus;
1679 2244 1734 2298 in
1758 2243 1975 2315 quibus
1993 2242 2116 2297 haec

465 2332 719 2404 propriis
748 2332 1088 2388 nominibus
1109 2331 1387 2388 duximus
1405 2332 1802 2404 exprimenda.
1825 2331 1889 2385 In
1913 2331 2116 2386 Lemo-

464 2420 682 2477 vicensi
719 2437 868 2494 pago
913 2422 1335 2477 monasterium
1368 2422 1593 2477 Sancta:
1622 2420 1886 2485 Valeriae,
1919 2419 2116 2475 Sancti

464 2509 734 2578 Valerici,
756 2511 980 2566 Sanctae
1014 2510 1226 2575 Mariae,
1259 2528 1387 2581 qua:
1426 2515 1666 2566 vocatur
1703 2509 2114 2578 Subterranea,

465 2598 748 2670 capellam
797 2599 869 2654 de
916 2599 1095 2664 Buxo,
1146 2600 1424 2655 ecclesias
1472 2599 1544 2654 de
1589 2597 1818 2664 Valere,
1852 2597 2118 2653 videlicet

464 2687 663 2743 Sancti
695 2687 949 2759 Sulpitii,
988 2693 1210 2743 Sanctae
1252 2688 1466 2754 Mariae,
1499 2688 1698 2743 Sancti
1742 2686 2002 2752 Martini,
2023 2703 2114 2742 ec-

465 2775 703 2832 clesiam
732 2776 921 2831 sancti
953 2775 1236 2831 Martialis
1268 2777 1337 2830 de
1369 2774 1635 2840 Rociaco,
1667 2775 1891 2831 Sanctae
1923 2774 2115 2830 Mariae

465 2864 537 2919 de
569 2862 906 2933 Claravalle,
934 2864 1090 2935 apud
1121 2863 1323 2919 Pairac
1351 2862 1628 2919 ecclesias
1657 2862 1853 2919 Sancti
1883 2862 2116 2919 Martini

466 2957 524 3008 et
555 2952 751 3008 Sancti
799 2952 1081 3024 Dionysii,
1113 2951 1254 3007 item
1299 2951 1499 3007 Sancti
1542 2951 1797 3024 Dionysii
1829 2952 1900 3007 de
1931 2952 2118 3027 Mure,

466 3042 692 3098 Sanctae
725 3040 918 3097 Mariae
966 3041 1040 3096 de
1071 3041 1275 3108 Roera,
1301 3040 1496 3096 Sancti
1544 3040 1692 3096 Petri
1741 3041 1814 3096 de
1860 3039 2115 3109 Parazol,

467 3129 666 3186 Sancti
696 3127 910 3185 Silvani
954 3129 1024 3185 de
1070 3128 1282 3197 Gastel,
1313 3128 1508 3183 Sancti
1534 3128 1815 3184 Martialis
1863 3129 1935 3185 de
1985 3129 2113 3197 Rot,

464 3218 659 3274 Sancti
706 3217 990 3274 Martialis
1021 3219 1093 3273 de
1123 3217 1324 3283 Roser,
1355 3217 1549 3274 Sancti
1598 3217 1748 3272 Petri
1778 3217 1849 3274 de
1879 3217 2112 3286 Vernol,

2225 648 2295 703 de
2332 647 2531 702 Fornel
2562 654 2619 702 et
2648 648 2719 701 de
2751 646 3073 702 Petraiicta.
3103 646 3166 701 In
3204 644 3396 703 Dianai
3426 642 3706 700 ecclesias
3734 642 3879 699 San-

2224 739 2329 789 ctae
2357 734 2552 790 Mariae
2581 735 2654 790 de
2675 734 2920 791 Sermea
2943 737 3002 790 et
3029 735 3102 790 de
3138 733 3321 789 Scant
3343 748 3485 789 cum
3509 731 3881 804 pertinentiis

2225 829 2282 878 et
2318 822 2682 895 appendiciis
2725 823 2873 879 suis.
2900 822 3270 895 Quaecunque
3297 825 3577 894 praeterea
3620 820 3684 876 in
3732 834 3880 893 prm-

2226 913 2375 967 scnti
2406 915 2667 967 vestrum
2696 912 3028 967 ccenobium
3049 913 3211 983 juste
3240 910 3521 984 possidet,
3544 910 3666 967 sive
3697 909 3881 965 in-fu-

2225 1004 2424 1055 turum
2448 1001 2608 1071 juste
2636 1005 2815 1071 atque
2857 998 3135 1055 canonice
3178 998 3390 1071 poterit
3415 996 3685 1070 adipisci,
3702 997 3882 1054 lima

2223 1088 2387 1143 vobis
2419 1088 2745 1159 vestrisque
2784 1088 3226 1144 successoribus
3272 1093 3331 1143 et
3373 1085 3601 1142 illibata
3644 1100 3878 1157 perme-

2226 1183 2421 1232 neant.
3234 1192 3239 1197 α

2297 1264 2675 1321 Decernimus
2694 1281 2831 1338 ergo
2854 1271 2920 1321 ut
2944 1264 3089 1322 nulli
3114 1265 3356 1321 omnino
3378 1263 3689 1323 hominum
3708 1262 3884 1320 liceat

2229 1353 2380 1409 idem
2406 1353 2827 1410 monasterium
2855 1358 3073 1410 temere
3095 1353 3456 1425 perturbare,
3479 1356 3580 1408 aut
3596 1352 3874 1425 eime-

2226 1443 2519 1498 sessiones
2550 1441 2903 1512 auferre,vel
2942 1442 3166 1499 ablatas
3190 1442 3460 1509 retinere,
3486 1439 3885 1510 minuere,-vel

2226 1531 2554 1586 temerariis
2577 1532 2982 1588 vexationibus
3003 1532 3266 1604 fatigare,
3292 1530 3393 1587 sed
3423 1530 3625 1587 omnia
3649 1530 3887 1602 integra

2227 1628 2642 1675 conserventur
2668 1636 2871 1675 eorum
2919 1637 3023 1692 pro
3069 1636 3321 1692 quorum
3372 1619 3803 1677 sustentatione
3831 1622 3888 1674 et

2226 1709 2649 1780 gubernatione
2682 1725 2959 1766 concessa
2990 1713 3130 1765 sunt
3150 1708 3358 1764 usibus
3377 1707 3738 1764 omnimodis
3759 1722 3888 1781 pro-

2227 1799 2441 1852 futura.
2464 1798 2631 1852 Salva
2669 1798 3094 1854 Lemoviceusis
3120 1797 3381 1870 episcopi
3409 1796 3694 1854 canonica
3723 1813 3883 1855 reve-

2227 1886 2432 1951 rentia,
2448 1885 2735 1958 siquidem
2759 1886 3083 1943 catholicus
3109 1887 3284 1942 fuerit
3305 1891 3362 1942 et
3381 1884 3630 1958 gratiam
3650 1890 3712 1942 et
3732 1902 3890 1942 com-

2226 1990 2279 2028 m
2292 1974 2562 2029 unionem
2583 1974 2910 2046 apostolicae
2930 1974 3085 2031 sedis
3107 1973 3395 2031 habuerit.
3411 1974 3685 2047 Alioquin
3701 1991 3888 2047 quan-

2224 2062 2325 2117 diu
2357 2064 2688 2134 forte,quud
2727 2064 2899 2130 absit,
2926 2063 3355 2120 Lemovicensis
3373 2063 3620 2127 ecclesia
3648 2068 3889 2136 pastore

2225 2151 2536 2217 carueruit,
2558 2153 2724 2208 vobis
2753 2153 3083 2224 vestrisque
3109 2151 3549 2209 successoribus
3586 2152 3765 2209 liceat
3794 2170 3886 2209 or-

2225 2238 2593 2295 dinationum
2626 2242 2746 2296 sive
2784 2241 3287 2297 consecrationum
3320 2240 3724 2313 quarumlibet
3752 2257 3888 2315 gra-

2222 2328 2306 2384 tia
2338 2328 2691 2384 catholicum
2737 2345 2911 2401 quem
2962 2329 3288 2385 malueritis
3331 2329 3672 2403 episcopum
3720 2330 3889 2386 adire

2223 2423 2281 2472 et
2303 2418 2376 2473 ab
2407 2434 2472 2472 eo
2499 2436 2626 2489 quae
2648 2423 2787 2472 sunt
2805 2422 3135 2491 opportuna
3155 2417 3472 2490 suscipere.
3496 2423 3640 2475 Item
3663 2419 3889 2475 consti-

2221 2506 2446 2562 tuimus
2477 2508 2801 2563 secundum
2839 2507 3089 2579 antiquae
3121 2507 3564 2565 consuetudinis
3608 2509 3884 2576 modum,

2223 2596 2462 2651 absente
2510 2596 2802 2668 episcopo,
2836 2596 2993 2651 Beati
3024 2595 3305 2652 Martialis
3356 2596 3539 2653 abbas
3589 2597 3889 2670 praecipue

2223 2700 2355 2739 cum
2384 2685 2708 2754 majoribus
2730 2685 3027 2740 canonicis
3048 2685 3479 2743 Lemovicensis
3502 2686 3764 2742 ecclesia:
3786 2703 3890 2742 cu-

2223 2789 2348 2827 ram
2379 2778 2560 2845 gerat,
2578 2778 2634 2827 ct
2659 2771 3008 2845 episcopalis
3029 2772 3235 2829 electio
3260 2788 3330 2829 ex
3350 2773 3478 2845 ejus
3499 2774 3886 2846 potissimum

2222 2862 2460 2917 arbitrio
2484 2862 2849 2934 disponatur.
2877 2863 3163 2919 Praesente
3184 2879 3417 2936 quoque
3436 2863 3735 2936 episcopo,
3762 2881 3888 2921 non

2222 2951 2348 3007 sine
2379 2952 2645 3023 ejusdem
2668 2952 2900 3007 abbatis
2921 2951 3168 3008 consilio
3190 2952 3454 3025 graviora
3481 2952 3670 3025 ipsius
3703 2954 3893 3012 eccle-

2222 3040 2321 3095 siae
2354 3041 2585 3111 negotia
2615 3045 2987 3112 peragantur.
3015 3040 3133 3096 Hoc
3164 3056 3397 3114 quoque
3424 3042 3697 3115 praesenti
3730 3042 3893 3116 capi-

2220 3127 2343 3183 tulo
2375 3129 2793 3202 subjungimus
2822 3145 2894 3185 ne
2924 3146 3027 3201 pro
3057 3129 3356 3187 communi
3388 3129 3673 3202 parochise
3705 3130 3891 3188 inter-

2220 3216 2377 3273 dicto
2406 3216 2493 3272 vel
2525 3218 3126 3274 excommunicatione
3164 3219 3586 3276 monasterium
3614 3224 3890 3277 vestrum

462 3308 659 3365 Sancti
694 3305 988 3379 Alpiniani
1018 3308 1089 3363 de
1120 3308 1331 3373 Tarne,
1350 3307 1543 3363 Sancti
1573 3306 1856 3362 Martialis
1886 3307 1958 3362 de
1988 3307 2113 3362 Ma-
2144 3292 2188 3359 C
2224 3306 2532 3362 interdicto
2563 3306 3223 3363 excommunicationive
3253 3308 3560 3376 subdatur,
3580 3315 3645 3365 ut
3677 3313 3890 3366 tamen

464 3413 630 3463 nave,
649 3397 945 3453 abbatiam
961 3396 1155 3453 Sancti
1181 3396 1329 3453 Petri
1353 3396 1668 3463 Vosiensis,
1688 3396 2108 3452 monasterium

463 3485 661 3542 Sancti
693 3485 942 3541 Pardulfi
975 3486 1047 3542 de
1075 3487 1320 3550 Arnaeo,
1344 3484 1597 3557 capellas
1631 3485 1702 3541 de
1737 3484 1927 3541 Colret
1954 3489 2011 3540 et
2041 3484 2112 3540 de

461 3576 719 3643 Monzac,
751 3574 1055 3631 ecclesiam
1105 3575 1177 3630 de
1222 3575 1402 3643 Sirae,
1447 3577 1669 3629 Sancta:
1709 3573 1904 3629 Mariae
1951 3574 2110 3646 Mag-

459 3665 680 3721 dalenae
728 3665 799 3720 de
847 3664 1116 3733 Quadris,
1147 3662 1342 3719 Sancti
1387 3662 1669 3719 Martialis
1700 3663 1771 3718 de
1798 3663 1982 3733 Cossi,
2016 3679 2111 3720 ca-

459 3753 674 3827 pellam
724 3753 923 3811 Sancti
971 3751 1270 3807 Michaelis
1310 3767 1438 3822 que:
1482 3751 1695 3806 dicitur
1736 3753 2020 3821 Anteana,
2054 3756 2113 3808 et

459 3842 768 3899 castellum
791 3847 981 3898 vestro
1013 3839 1369 3897 monasterio
1396 3839 1800 3896 circumsitum
1825 3858 1958 3897 cum
1986 3842 2112 3897 uni-

458 3931 646 3986 versis
676 3929 1042 4003 pertinentiis
1074 3929 1220 3998 suis,
1245 3928 1397 3984 sicut
1428 3928 1568 3984 illud
1592 3928 1901 4001 religiosus
1930 3930 2112 4003 impe-

458 4023 618 4075 rator
649 4017 1043 4074 Hlodouvicus
1072 4018 1241 4072 beato
1273 4016 1521 4073 Martiali
1553 4018 1865 4075 tradidisse
1894 4035 2107 4091 cogno-

460 4108 664 4164 scitur.
688 4106 750 4162 In
778 4107 1126 4163 Santonensi
1154 4106 1575 4162 monasterium
1601 4106 1795 4163 Sancti
1824 4106 2108 4164 Martialis

458 4198 615 4268 apud
647 4200 905 4251 castrum
937 4192 1249 4262 Colesium,
1277 4194 1473 4250 Sancti
1505 4194 1655 4250 Petri
1687 4195 1756 4250 de
1789 4195 1980 4252 Monte
2000 4198 2110 4253 An'

458 4287 584 4351 dro,
617 4285 811 4340 Sancti
860 4282 1091 4338 Martini
1139 4284 1212 4338 de
1258 4282 1512 4352 Saliono,
1544 4284 1740 4338 Sancti
1770 4283 2104 4354 Salvatoris,

458 4392 585 4446 qua:
628 4373 839 4429 dicitur
868 4372 1000 4428 Vita
1046 4377 1280 4442 interna,
1311 4372 1505 4429 Sancti
1551 4372 1704 4428 Petri
1753 4373 1823 4429 de
1870 4375 2104 4441 Anesio,

456 4461 761 4519 ecclesiam
791 4463 863 4518 de
893 4463 1062 4518 Doaz.
1098 4462 1158 4517 In
1194 4461 1543 4518 Arvernensi
1575 4462 1879 4519 ecclesiam
1910 4465 2104 4520 Sancti

457 4551 691 4607 Martini
734 4551 803 4606 de
843 4550 1137 4624 Vernojol.
1172 4552 1234 4606 In
1284 4551 1627 4606 Bituricensi
1680 4553 2102 4608 monasterium

2219 3394 2700 3451 excommunicati
2733 3394 2851 3450 illic
2900 3396 2987 3451 vel
3038 3396 3327 3452 interdicti
3375 3413 3750 3469 nequaquam
3810 3400 3889 3455 ad

2219 3484 2417 3540 divina
2442 3483 2635 3540 ofﬁcia
2663 3484 3071 3541 admittuntur.
3097 3485 3156 3541 Si
3178 3502 3299 3558 qua
3316 3502 3457 3542 sane
3475 3484 3891 3544 ecclesiastica

2219 3573 2586 3633 saecularisve
2610 3589 2859 3646 persona
2878 3573 3030 3630 hanc
3058 3579 3271 3631 nostra:
3301 3573 3741 3634 constitutionis
3772 3593 3888 3648 pa-

2219 3663 2419 3735 ginam
2453 3662 2663 3728 sciens,
2688 3667 2888 3719 contra
2916 3679 3046 3719 eam
3070 3668 3291 3719 temere
3314 3663 3512 3719 venire
3538 3667 3889 3734 tentaverit,

2220 3752 2476 3809 secundo
2515 3752 2756 3807 tertiove
2799 3751 3174 3820 commonita,
3210 3751 3261 3807 si
3312 3769 3428 3808 non
3476 3751 3891 3811 satisfactione

2219 3856 2478 3913 congrua
2507 3839 2922 3906 emendaverit,
2957 3840 3262 3912 potestatis
3292 3841 3642 3912 honorisque
3663 3841 3759 3898 sui
3798 3844 3893 3899 di-

2217 3929 2439 4002 gnitate
2469 3934 2683 3998 careat,
2717 3946 2994 4002 reamque
3037 3946 3099 3986 se
3137 3929 3331 3986 divino
3372 3930 3597 4001 judicio
3627 3930 3890 3989 existens

2217 4019 2290 4074 de
2310 4023 2640 4090 perpetrata
2659 4017 2969 4089 iniquitate
2988 4024 3393 4091 cognoscat,et
3412 4036 3447 4074 a
3471 4018 3889 4078 sacratissimo

2217 4123 2456 4178 corpore
2487 4123 2554 4162 ac
2597 4107 2885 4180 sanguine
2915 4106 3014 4163 Dei
3047 4111 3106 4163 et
3137 4106 3364 4163 Domini
3408 4106 3593 4163 nostri
3622 4108 3887 4166 Redem-

2216 4197 2401 4269 ptoris
2444 4196 2588 4253 Jesu
2634 4194 3076 4261 Christi,aliena
3121 4196 3241 4262 fiat,
3277 4202 3451 4269 atque
3499 4196 3561 4252 in
3610 4201 3887 4256 extremo

2214 4285 2480 4341 examine
2510 4284 2785 4340 districtis
2826 4284 3034 4341 ultioni
3064 4285 3383 4356 subjaceat.
3398 4285 3637 4342 Cunctis
3667 4293 3883 4345 autem

2213 4375 2402 4430 eidem
2434 4373 2560 4430 loco
2582 4375 2748 4445 justa
2776 4375 3144 4430 servantibus
3172 4374 3252 4431 sit
3280 4391 3393 4446 pax
3416 4374 3650 4432 Domini
3681 4379 3885 4433 nostri

2211 4463 2351 4521 Jesu
2382 4462 2916 4535 Christi,quatenus
2942 4469 3001 4519 et
3029 4463 3123 4519 hic
3155 4465 3410 4519 fructum
3428 4464 3598 4520 bene
3621 4465 3883 4523 actionis

2211 4552 2535 4624 percipiant
2558 4556 2616 4608 et
2637 4552 2792 4624 apud
2815 4552 3145 4608 districtum
3160 4552 3421 4624 judicem
3449 4552 3690 4624 praemia
3708 4559 3886 4612 mter-

454 4640 651 4696 Sancti
682 4639 960 4696 Martialis
1009 4640 1166 4712 apud
1215 4639 1547 4707 Rosiacum,
1579 4640 1885 4696 ecclesiam
1916 4640 2103 4698 sancti
2134 4656 2182 4722 D
2212 4658 2297 4696 me
2329 4643 2491 4713 pacis
2524 4640 2844 4697 inveniant.
2876 4643 3081 4709 Amen,
3115 4659 3309 4711 amen,
3343 4659 3534 4698 amen.

454 4729 789 4802 Leodegarii
822 4730 893 4785 de
945 4727 1217 4795 Malvera,
1249 4729 1446 4785 Sancti
1498 4729 1781 4785 Martialis
1810 4729 1881 4784 de
1911 4730 2099 4785 Duno.

452 4818 514 4874 In
546 4818 891 4877 Pictaviensi
934 4818 1090 4890 apud
1133 4822 1391 4874 castrum
1425 4818 1764 4873 Monmorde
1794 4818 2099 4875 ecclesiam

452 4907 651 4964 Sancti
673 4907 908 4963 Martini
929 4908 1000 4963 de
1021 4908 1276 4975 Monzac,
1300 4912 1356 4961 et
1366 4907 1536 4976 juxta
1556 4904 1863 4961 castellum
1885 4924 2098 4964 novum

451 4997 606 5053 beati
637 4997 917 5052 Martialis
969 4995 1298 5052 ecclesiam.
1334 4995 1397 5050 In
1446 4995 1760 5051 Rutenensi
1793 4996 2098 5053 ecclesiam

450 5087 523 5142 de
553 5087 819 5153 Teuciac,
853 5087 1077 5143 Sanctis
1117 5084 1310 5139 Maria
1343 5084 1412 5138 dc
1453 5084 1694 5149 Panesa,
1720 5085 1915 5141 Sancti
1948 5086 2097 5141 Mar-

449 5176 606 5231 tialis
660 5176 732 5231 de
790 5175 928 5231 Rivo
960 5178 1208 5246 petroso.
1246 5172 1304 5226 ln
1340 5172 1650 5227 Biterrensi
1699 5174 1974 5230 ecclesias
2027 5177 2098 5231 de

451 5265 711 5320 Laurenc
749 5269 805 5320 et
851 5265 923 5318 de
973 5260 1250 5317 Paimulo.
1284 5262 1346 5316 In
1378 5262 1738 5317 Narbonensi
1787 5263 2097 5320 ecclesiam

448 5354 645 5409 Sancti
703 5352 982 5408 Cassiani.
1046 5351 1108 5405 In
1166 5351 1622 5423 Petrogoricensi
1675 5353 2096 5408 monasterium
2194 5402 2201 5427 λ

447 5441 643 5496 Sancti
676 5439 959 5495 Martialis
988 5439 1142 5509 apud
1192 5439 1519 5494 Palnatum.
1557 5441 1618 5495 1n
1669 5441 2096 5513 Engolismensi

447 5530 753 5587 ecclesiam
785 5529 982 5584 Sancti
1017 5527 1297 5584 Martialis
1320 5529 1389 5584 de
1414 5529 1668 5585 Multene
1691 5535 1747 5585 et
1767 5531 1838 5586 de
1858 5532 2094 5588 Cantra-

446 5637 566 5675 zac.
598 5621 656 5672 et
684 5616 960 5689 capellam
1010 5616 1070 5672 in
1114 5616 1259 5673 silva
1297 5618 1524 5692 Biarga,
1547 5623 1604 5674 et
1628 5618 1800 5674 aliam
1831 5619 1892 5673 in
1924 5620 2096 5676 bosco

446 5709 701 5781 Nigreto,
734 5711 791 5765 et
820 5706 1017 5768 Sancti
1060 5706 1263 5768 Hilarii
1315 5707 1374 5767 in
1421 5708 1657 5768 castello
1705 5707 1776 5767 de
1826 5708 2000 5769 Roca.
2031 5710 2096 5783 In

2280 4734 2490 4786 Datum
2534 4730 2844 4787 Sanctonis
2893 4746 2996 4802 per
3045 4747 3289 4787 manum
3335 4731 3601 4800 Joannis,
3630 4738 3923 4792 .sancta.

2211 4820 2482 4876 Romanis
2502 4818 2761 4877 ecclesiae
2784 4819 3014 4875 diaconi
3035 4819 3371 4887 cardinalis,
3395 4838 3434 4876 ιι
3457 4820 3596 4877 ldus
3626 4821 3884 4893 Aprilis,

2208 4908 2525 4964 indictione
2568 4925 2645 4975 ιν,
2684 4925 2838 4964 anno
2886 4907 3201 4964 Dominicis
3250 4908 3675 4966 Incarnationis
3702 4911 3881 4983 1097,

2208 4997 2582 5069 pontiﬁcatus
2613 5002 2806 5053 autem
2838 4996 3038 5055 domni
3063 4997 3282 5054 Urbani
3311 4996 3553 5054 secundi
3585 5015 3752 5072 papae
3783 5017 3877 5058 ιχ.

2211 5157 2491 5214 Urbani]!
2517 5174 2672 5228 pasz
2716 5158 2944 5229 epistola
2973 5158 3043 5214 ad
3090 5158 3465 5215 Raimundum
3510 5159 3881 5218 Ausciemem

2276 5229 2759 5303 archiepiscopum.
2794 5262 2862 5270 —
2888 5230 3152 5303 Adversus
3207 5230 3430 5287 clericos
3477 5232 3575 5303 qui
3620 5240 3879 5290 οωηιειε-

2276 5300 2509 5367 νίτιτη,8.
2547 5301 2780 5357 Orientiz'
2803 5302 3164 5357 violaverant.

2825 5372 3012 5443 (Anno
3046 5372 3232 5441 1096.)

2393 5442 2559 5516 [Dom
2592 5442 2880 5512 Bouoom',
2915 5445 3151 5513 Recueit,
3186 5449 3228 5500 t.
3259 5444 3406 5511 XIV,
3437 5460 3494 5517 p.
3525 5445 3683 5516 725.]

2278 5531 2556 5588 Unnmus
2585 5532 2916 5605 episcopus,
2948 5550 3151 5590 servus
3181 5550 3480 5591 servorum
3507 5532 3633 5601 Dei,
3651 5533 3881 5593 dilecto

2207 5620 2373 5676 fratri
2419 5621 2751 5692 RAIMUNDO,
2782 5622 3059 5679 Auxiensi
3108 5622 3568 5697 archiepiscopo,
3601 5624 3878 5686 salutem

2206 5714 2266 5773 et
2293 5709 2675 5785 apostolicam
2706 5711 3196 5774 benedictionem.
