3958 6362
128 617 288 674 siam
310 615 534 674 naviter
550 617 635 674 sis
657 618 982 687 ordinatus,
998 619 1156 676 sedis
1172 619 1500 693 apostolicae
1530 620 1780 677 decretis

126 706 372 764 obedire
390 712 453 764 te
482 706 960 781 irrcfragabiliter
983 712 1228 781 oportet.
1264 710 1613 766 Mandamus
1643 726 1779 782 ergo

120 796 488 853 ἐρώει-πίω.ιί
516 798 631 852 tuae
650 800 717 853 ut
736 796 808 853 de
828 796 1055 855 clericis
1093 798 1250 854 sedis
1273 802 1406 864 ture,
1436 796 1537 870 qui
1568 814 1778 855 cmme-

124 883 348 940 een‘um
372 886 523 958 quod
557 885 709 941 beati
759 901 920 958 papae
963 886 1169 942 Leonis
1199 890 1257 942 et
1307 889 1508 942 nostro
1549 886 1779 942 decreto

128 973 393 1030 ecclesia
439 973 600 1030 Beati
645 973 886 1030 Orientii
933 974 1233 1031 ﬁrmatum
1280 973 1489 1041 fuerat,
1537 972 1780 1031 violave-

127 1066 288 1131 runt,
312 1061 614 1134 justitiam
636 1062 823 1119 facere
852 1061 1131 1119 canonica
1173 1062 1447 1135 aequitate
1478 1079 1775 1135 procures.

129 1155 209 1207 De
266 1155 483 1207 cetero
534 1156 593 1207 et
639 1151 898 1225 teipsum
955 1156 1013 1208 et
1064 1155 1181 1207 tum
1237 1151 1395 1206 sedis
1426 1150 1668 1207 clericos
1697 1151 1779 1207 ita

126 1240 453 1310 custodias,
484 1244 549 1296 ut
577 1241 850 1297 Romane:
877 1239 1144 1298 Ecclesia
1172 1240 1404 1296 decreta
1432 1239 1778 1296 inconvulsa

125 1329 283 1401 apud
310 1344 440 1397 vos,
489 1328 736 1385 Domino
762 1329 1065 1403 largiente,
1096 1333 1513 1386 conserventur
1540 1332 1599 1384 et
1625 1327 1774 1385 inte-

122 1522 131 1527 ί
182 1510 350 1564 Data
378 1506 596 1576 Romae,
628 1523 694 1565 ιιι
725 1507 1015 1565 Kalendas
1042 1506 1201 1564 Maii.

867 1640 1043 1698 CXCI.

122 1730 380 1788 Urbanus
422 1732 471 1788 Il
512 1732 835 1787 monasterii
875 1730 932 1787 S.
979 1731 1167 1787 Albini
1212 1728 1617 1801 Andegavensis
1642 1745 1767 1802 pos-

651 1803 912 1860 sessiones
939 1803 1245 1873 conﬁrmat.

747 1908 937 1981 (Anno
966 1909 1157 1977 1096.)

450 2015 758 2086 [Burman
799 2017 913 2072 Vita
955 2014 1177 2080 Urbani,
1212 2030 1268 2085 p.
1300 2013 1452 2083 256.]

845 2130 1048 2188 CXCII.

122 2220 310 2303 Refert
338 2234 464 2303 qius
491 2221 552 2275 in
579 2228 851 2303 conuenta
882 2219 1029 2303 apud
1056 2219 1113 2275 8.
1147 2219 1426 2303 Hilarium
1453 2216 1639 2303 habito
1666 2224 1771 2272 sta-

186 2293 315 2347 tuta
338 2293 454 2348 sint
508 2293 789 2348 occasione
835 2293 1328 2347 controversiarum
1354 2306 1476 2361 quae
1507 2293 1653 2344 inter
1680 2305 1770 2344 ca-

184 2364 419 2421 nonicos
469 2362 524 2418 S.
556 2363 762 2421 Hilarii
814 2370 863 2418 et
920 2361 1210 2419 monachos
1264 2361 1585 2417 monasterii
1637 2361 1772 2415 Novi

184 2435 560 2579 flfietazgensis
589 2435 649 2489 in
672 2436 927 2506 prioratu
958 2433 1012 2490 S.
1039 2434 1255 2490 Nicolai
1295 2432 1541 2504 degentes
1565 2440 1772 2489 exortae

212 2522 359 2563 uera
428 2547 440 2560 .

86 1948 123 2035 λ.

751 2594 935 2666 (Anno
970 2592 1153 2664 l096.)

447 2690 756 2763 [Burman
794 2692 927 2746 Vita
944 2690 1175 2759 Urbani,
1208 2706 1264 2762 p.
1296 2688 1447 2762 2%.]

833 2814 1064 2873 CXCIII.

118 2906 332 2964 Urbani
359 2904 410 2962 ll
434 2919 595 2976 papae
621 2905 851 2976 cpistola
898 2904 968 2960 ad
1004 2902 1389 2976 Anseulphum»
1409 2900 1765 2976 Angeriacen-

184 2994 308 3034 sem
336 2974 608 3032 abbatem.
640 2974 707 3016 i—
757 2977 1147 3031 Buriacensem
1187 2976 1241 3030 ei
1282 2974 1584 3039 ecclesiam,
1629 2974 1767 3028 dono

186 3048 436 3120 episcopi
492 3047 831 3102 Belvacensis
883 3046 1227 3120 acquisitam,
1277 3047 1326 3099 et
1380 3046 1769 3116 «stipulatione

444 3133 706 3175 ancoram
732 3116 1007 3173 munitam
1042 3116 1349 3187 conﬁrmat.

747 3215 931 3282 (Anno
964 3213 1147 3285 1096.)

306 3305 475 3377 [Dom
509 3303 800 3370 Bouous'r,
833 3303 1070 3370 Recueil,
1103 3308 1144 3358 t.
1177 3303 1318 3369 Xl‘V,
1353 3319 1409 3374 p.
1440 3303 1590 3373 724.]

191 3412 479 3470 Haemus
508 3409 1048 3483 episcopus,servus
1071 3426 1372 3465 servorum
1397 3408 1517 3478 Dei,
1542 3408 1767 3464 dilectis

122 3500 265 3557 ﬁliis
294 3500 662 3563 ANSGULpno,
696 3496 1105 3572 Angeriacensi
1139 3496 1356 3564 abbati,
1388 3501 1445 3553 et
1490 3498 1618 3570 ejus
1648 3497 1769 3553 fra-

124 3589 336 3654 tribus,
365 3580 615 3645 salutem
648 3590 706 3642 et
733 3584 1108 3658 apostolicam
1142 3585 1625 3642 benedictionem.

190 3678 345 3744 Quia
373 3678 720 3749 disponente
748 3675 994 3733 Domino
1015 3674 1205 3732 locum
1241 3678 1496 3730 vestrum
1527 3692 1630 3747 per
1642 3692 1770 3730 nos-

129 3768 412 3839 metipsos
473 3764 708 3821 visitare
782 3763 1130 3831 meruimus,
1193 3763 1437 3836 dignum
1492 3763 1771 3820 duximus

129 3856 312 3930 quieti
334 3857 537 3911 vestrae
560 3842 922 3910 auctoritatis
962 3856 1173 3909 nostris
1217 3850 1428 3909 litteris
1450 3852 1769 3925 providere.

129 3945 342 4002 Omnia
369 3942 550 4017 igitur
580 3958 707 4015 qua:
733 3942 1260 4015 imprmsentiarum
1283 3942 1445 4013 justo
1476 3942 1773 4015 possidere

120 4031 432 4105 .videmini,
468 4032 637 4087 ﬁrma
662 4029 828 4087 vobis
876 4033 934 4086 et
964 4029 1190 4103 integra
1236 4035 1512 4103 perpetuo
1539 4047 1774 4088 manere

132 4120 453 4179 sancimus.
486 4120 549 4176 In
593 4119 810 4191 quibus
856 4117 1022 4174 vobis
1065 4117 1413 4175 nominatim
1464 4119 1773 4179 Buriacen-

132 4209 373 4284 semul)
404 4207 708 4265 ecclesiam
727 4207 1166 4274 conﬁrmamus,
1190 4211 1256 4262 ut
1276 4206 1429 4264 sicut
1451 4207 1774 4264 reverenda;

136 4298 429 4357 memorias
453 4298 628 4353 Wido
652 4294 1016 4353 Belvacensis
1063 4295 1374 4368 episcopus
1423 4301 1613 4352 vestro
1645 4313 1774 4354 eam

137 4386 488 4445 monasterio
510 4384 782 4453 contulit,
816 4383 1321 4441 consentientibus
1363 4383 1629 4441 videlicet
1650 4384 1774 4442 Bol-

137 4476 402 4533 vacensis
432 4474 703 4532 Ecclesia:
734 4472 1051 4541 canonicis,
1085 4476 1143 4529 et
1181 4472 1333 4529 sicut
1384 4475 1652 4541 eamdem
1681 4474 1777 4530 do-

138 4567 435 4622 nationem
467 4564 822 4620 Francorum
847 4577 946 4619 rex
974 4578 1084 4617 sua
1132 4561 1549 4632 astipulatione
1579 4562 1774 4619 firma-

186 3121 342 3190 regis

1309 390 1724 461 EPISTOLE
1763 395 1870 464 ET
1906 393 2386 469 PRIVILEGIA.

136 543 142 547 ·
197 526 357 584 Gem
389 526 445 584 in
477 525 753 586 Αυκίωεί
786 527 1090 603 metropoli
1120 545 1223 603 per
1245 529 1569 587 Romanam
1591 529 1784 587 Eccle-
1806 533 1863 602 Α
1932 608 1935 611 _

3422 400 3542 466 466

2000 624 2249 702 Urbanus
2274 627 2338 702 I[_
2351 536 3077 702 Ecclesimclgffngilunensis
3108 629 3427 701 privilegia,

2060 699 2276 768 petente
2304 699 2464 754 Petro
2493 699 2560 754 de
2587 701 2734 756 Roda
2759 699 3027 774 episcopo,
3058 699 3367 773 meum.

2512 804 2700 876 (Anno
2730 806 2916 878 1096.)

2221 892 2516 964 mmmam,
2555 896 2673 951 Vita
2700 896 2925 962 Urbani,
2959 912 3016 969 p.
3045 898 3198 970 260.]

2594 1019 2828 1077 CXCVI.

1885 1103 2049 1159 Bulla
2077 1104 2507 1177 conﬁrmationis
2546 1110 2970 1192 privilegiorum
3016 1112 3338 1168 monasterii
3386 1112 3533 1186 Moy-

2575 1196 2857 1236 εῑαοθηδιδ.
3584 1195 3591 1211 ¹

2210 1322 2213 1323 ν
2510 1266 2696 1338 (Anno
2732 1269 2914 1340 1096.)

2310 1351 2566 1425 [BALUZ.,
2599 1356 2819 1413 Misccll.
2854 1357 2924 1424 II,
2957 1357 3107 1431 479.]

1954 1456 2232 1516 UBBANUS
2259 1459 2801 1532 episcopus,scrvus
2831 1480 3130 1521 servorum
3162 1464 3529 1534 Dei,dilectis

1884 1545 2163 1603 fratribus
2212 1550 2271 1603 et
2297 1548 2658 1622 coepiscopis
2711 1551 2922 1608 ISABNO
2980 1553 3287 1625 Tolosano,
3319 1556 3529 1612 Suuom

1879 1635 2234 1706 Agennensi,
2267 1636 2535 1693 Gsaawo
2570 1638 2938 1709 Caturcensi,
2971 1642 3300 1699 Ravmuano
3332 1645 3529 1702 Lecto-

1881 1724 2060 1790 rensi,
2092 1725 2344 1781 salutem
2375 1730 2430 1782 et
2459 1726 2844 1799 apostolicam
2870 1729 3352 1791 benedictionem.

1832 1836 1854 1852 ο
1951 1813 2392 1871 Fraternitatcm
2451 1819 2704 1872 vestram
2745 1834 2861 1874 non
2908 1818 3179 1893 ignorare
3226 1822 3523 1881 credimus

1801 1901 1848 1968 B
1878 1903 2031 1974 quod
2064 1902 2494 1976 Moyssiacense
2515 1905 2937 1962 monasterium
2970 1924 3196 1983 magnae
3228 1911 3526 1983 quondam

1881 1990 2180 2064 religionis
2210 1994 2266 2047 et
2295 2008 2520 2066 magnae
2552 1993 2719 2050 fama:
2759 2011 3101 2070 magnasque
3146 1998 3322 2054 fuerit
3349 1998 3529 2055 excel-

1794 2150 1795 2157 ‘
1879 2078 2093 2136 lentiae.
2117 2080 2493 2137 Postmodum
2526 2100 2659 2138 vero
2688 2100 2822 2140 cum
2851 2083 2972 2141 illic
3002 2085 3396 2144 habitantium
3427 2104 3525 2144 ne-

1879 2167 2162 2242 gligentia
2189 2169 2489 2243 religionis
2536 2171 2723 2244 gloria
2770 2174 3139 2242 decrevisset,
3170 2175 3528 2232 substantia-

1878 2274 2129 2330 rumque
2158 2258 2325 2330 copia
2354 2258 2647 2316 diminuta
2676 2265 2735 2317 et
2756 2277 2902 2335 pene
2923 2264 2994 2318 ad
3022 2263 3269 2321 nihilum
3292 2265 3529 2322 redacta

1879 2350 1987 2403 est.
2021 2345 2249 2404 Gratias
2268 2352 2464 2403 autem
2488 2349 2624 2418 Deo,
2657 2350 2757 2422 qui
2780 2350 2996 2408 nostris
3031 2353 3394 2426 temporibus
3424 2370 3529 2428 per

1877 2434 2349 2492 Gluniacensium
2379 2435 2657 2493 abbatum
2706 2438 3058 2495 industriam
3091 2440 3430 2514 religionem
3461 2442 3523 2499 in

1776 2536 1789 2545 ’
1877 2540 1944 2579 eo
1965 2523 2089 2579 loco
2112 2522 2387 2579 abolitam
2411 2527 2968 2599 repararedignatus
2991 2531 3101 2583 est.
3125 2529 3362 2602 Oportet
3384 2547 3522 2604 ergo

1878 2615 2197 2668 ctvestram
2216 2612 2643 2669 fraternitatem
2663 2630 2767 2687 pro
2788 2614 3097 2673 beatorum
3122 2617 3344 2674 Petrict
3356 2619 3521 2675 Pauli

1876 2700 2197 2770 devotione,
2226 2718 2477 2772 quorum
2508 2702 2731 2758 nomini
2760 2702 2923 2760 locus
2981 2705 3107 2778 ipse
3154 2706 3383 2762 dicatus
3408 2711 3519 2778 est,

1876 2807 2114 2863 operam
2146 2790 2285 2846 dare
2329 2794 2618 2862 quatenus
2669 2791 3045 2865 antiquarum
3076 2795 3521 2867 possessionum

1876 2879 2241 2935 substantias
2279 2879 2530 2951 recipere
2562 2883 2620 2935 et
2633 2881 2856 2953 quasin
2871 2883 3143 2955 praesenti
3159 2887 3358 2941 tenent
3385 2883 3522 2940 reti-

1877 2968 2011 3023 nere
2035 2968 2303 3035 ﬁrmiter,
2326 2969 2395 3023 ad
2419 2986 2561 3026 usus
2582 2986 2880 3026 servorum
2902 2970 3121 3028 ibidem
3154 2973 3521 3029 manentium

1877 3062 2187 3112 mereatur.
2222 3057 2471 3113 Proinde
2524 3059 2880 3115 monasteria
2930 3060 3017 3115 vel
3079 3061 3344 3118 abbatias
3373 3078 3521 3134 quas

1876 3163 2031 3201 nunc
2046 3163 2231 3219 usque
2251 3150 2565 3203 tenuerunt
2583 3147 2670 3203 vel
2686 3152 2891 3204 tenent
2912 3150 3333 3207 confirmamus
3348 3150 3524 3207 eccle-

1878 3235 1975 3291 size
2009 3235 2422 3307 Moyssiacensi
2472 3236 2796 3308 apostolica
2843 3237 3208 3306 auctoritate,
3239 3242 3305 3296 ut
3332 3240 3522 3313 possi-

1879 3325 2053 3380 deant
2073 3329 2131 3380 et
2152 3327 2389 3379 teneant
2408 3324 2516 3379 sub
2540 3323 2799 3382 dominio
2837 3325 3241 3383 Cluniacensis
3271 3328 3521 3399 abbatis,
3591 3382 3595 3389 .

1879 3412 2100 3467 scilicet
2130 3412 2189 3466 in
2219 3412 2556 3484 episcopatu
2587 3412 2873 3469 Tolosano
2921 3415 3216 3471 abbatiam
3248 3417 3523 3473 Lezaten-

1879 3500 2090 3566 sem,in
2111 3499 2441 3573 Agennensi
2474 3499 2767 3556 abbatiam
2810 3503 3004 3559 Sancti
3029 3504 3286 3560 Gerrasii
3316 3506 3525 3561 Exien-

1880 3589 1980 3656 sis,
2018 3588 2076 3643 in
2106 3587 2373 3643 Elenensi
2432 3589 2656 3643 Sancta:
2705 3589 2899 3645 Maria;
2950 3590 3283 3661 Arulcnsis,
3305 3592 3365 3647 in
3414 3598 3521 3649 Ge-

1881 3676 2161 3741 rundcnsi
2210 3676 2405 3731 Sancti
2452 3676 2601 3731 Petri
2648 3676 3109 3749 Campirotundi.
3149 3680 3257 3735 Sed
3305 3681 3364 3734 in
3414 3681 3522 3736 hac

1880 3764 2292 3822 constituimus
2314 3766 2733 3822 etmandamus
2749 3771 2937 3823 utnon
2967 3767 3047 3822 ibi
3066 3767 3322 3840 amplius
3343 3768 3524 3825 abbas

1880 3855 2204 3925 ordinetur,
2218 3854 2319 3910 sed
2332 3870 2365 3909 a
2378 3854 2787 3926 Moyssiacensi
2805 3856 3014 3912 abbate
3028 3855 3107 3911 ibi
3125 3856 3286 3929 prior
3296 3874 3522 3930 [πωρο-

1881 3948 2073 4000 natur.
2107 3943 2434 3998 Prioratum
2459 3943 2634 4000 etiam
2664 3947 2883 4000 Sancta:
2914 3944 3108 4001 Maria
3139 3945 3526 4013 Tolosae,San-

1882 4033 1959 4090 cti
1978 4032 2127 4089 Petri
2172 4032 2244 4087 de
2278 4031 2575 4104 Coquinis,
2608 4036 2665 4088 et
2694 4032 2887 4089 Sancti
2927 4034 3093 4090 Genii
3134 4033 3520 4092 Lectorensis.

1881 4126 1939 4178 et
1968 4120 2277 4177 Durivollis
2307 4125 2361 4175 et
2391 4119 2717 4177 Villznnovae
2762 4121 2823 4176 in
2878 4121 3243 4179 Ruthenensi
3268 4139 3439 4197 pago,
3470 4127 3527 4180 et

1883 4214 2201 4283 conquctas
2214 4227 2346 4266 cum
2366 4202 2727 4282 appendiciis
2747 4210 2894 4280 suis,
2909 4215 2967 4266 et
2984 4210 3182 4267 omnia
3211 4228 3338 4284 quae
3369 4230 3527 4269 nunc

1883 4299 1943 4355 in
1962 4298 2232 4371 praesenti
2247 4302 2462 4366 tonent,
2484 4298 2615 4353 utin
2638 4302 2922 4355 aeternum
2941 4300 3350 4371 possideantin
3386 4318 3527 4375 pace

1882 4387 2154 4446 volumus
2168 4388 2590 4443 etmandamus
2619 4406 2631 4455 ;
2655 4388 2843 4446 ethoc
2865 4405 2932 4445 ex
2957 4390 3260 4447 beatorum
3296 4395 3527 4463 aposto-

1882 4477 2074 4533 lorum
2096 4476 2242 4532 Petri
2263 4480 2321 4532 et
2338 4475 2857 4534 Pauliauctoritate
2891 4483 2947 4533 et
2962 4483 3161 4535 nostra
3192 4480 3530 4551 adjicientes

1884 4569 1952 4622 ut
1970 4565 2029 4620 in
2049 4564 2298 4621 abbatiis
2332 4581 2511 4637 super
2543 4567 2902 4622 enumeratis
2931 4567 3058 4623 sine
3084 4567 3532 4640 Moyssiacensis

86 4726 91 4731 η
137 4655 234 4723 vit,
286 4653 373 4711 sic
417 4669 567 4721 eam,
601 4668 671 4709 ex
717 4654 925 4709 nostra:
983 4650 1348 4707 auctoritatis
1406 4652 1610 4708 robore
1652 4651 1779 4709 sine
1809 4632 1855 4697 Ῑ)
1886 4652 2373 4711 abbatisconsilio
2390 4632 2756 4710 etvoluntate
2788 4654 2970 4709 abbas
3005 4632 3338 4711 nullatenus
3355 4657 3532 4728 eliga-

140 4760 398 4819 personaa
429 4741 680 4813 alicujus
712 4738 1116 4813 inquietudine
1161 4738 1460 4812 possidere
1485 4739 1542 4796 in
1574 4756 1778 4814 perpe-

143 4838 308 4891 tuum
338 4829 789 4900 debeatis,salva
818 4827 1099 4887 nimirum
1130 4828 1495 4887 Belvacensis
1524 4828 1779 4903 episc0pi

143 4921 421 4981 canonica
445 4918 788 4977 reverentia.

851 5024 1078 5082 CXCIV.

150 5118 393 5177 Urbanus
419 5117 470 5174 Il
494 5116 824 5173 monasterio
851 5116 1206 5171 Cluniacensi
1231 5114 1426 5170 cellam
1464 5113 1519 5170 8.
1552 5116 1781 5172 Michae-

589 5188 658 5243 lis
681 5186 748 5243 de
773 5188 949 5266 Monte
976 5188 1095 5241 Atto
1124 5187 1338 5241 asserit.

762 5276 949 5347 (Anno
982 5275 1163 5349 1096.)

472 5366 779 5441 [RUINART,
817 5365 933 5422 Vita
965 5364 1188 5434 Urbani,
1219 5381 1276 5437 p.
1308 5364 1457 5434 258.]

207 5543 348 5617 ([14)
375 5541 755 5617 _Buriacensis
812 5541 1055 5617 ecclesia
1108 5541 1477 5617 (Bury-sur—le
1511 5543 1784 5617 Te‘rain),

150 5613 490 5684 anno'1084,
532 5630 596 5670 η
651 5613 802 5686 Kal._
837 5614 1049 5681 Martii,
1110 5613 1373 5686 adeoque
1429 5630 1581 5686 anno
1625 5615 1785 5684 1085,

153 5702 423 5744 concessa
450 5683 561 5742 fuit
603 5683 1126 5758 Angeliacensibus
1155 5683 1459 5743 monachis
1478 5685 1540 5743 in
1581 5683 1787 5744 Santo-

1884 4747 1984 4799 tur
2000 4741 2088 4799 vel
2110 4742 2182 4797 ab
2205 4740 2401 4814 aliquo
2423 4741 2742 4798 ordinetur.
2769 4742 2929 4807 Quod
2966 4743 3013 4797 si
3051 4743 3357 4816 contigerit
3383 4761 3529 4800 ausu

1887 4829 2199 4888 temerario
2234 4831 2306 4887 ab
2338 4830 2534 4904 aliquo
2576 4829 2722 4902 fieri,
2755 4834 2812 4886 et
2859 4828 3078 4887 electus
3128 4835 3185 4886 et
3229 4830 3530 4904 eligentes,

1890 4921 2194 4978 ordinatus
2216 4922 2271 4976 et
2310 4919 2629 4987 ordinator,
2654 4919 3233 4977 excommunicentur
3261 4924 3318 4977 et
3348 4938 3382 4977 a
3410 4922 3533 4978 suis

1892 5009 2198 5067 ordinibus
2219 5024 2288 5064 ex
2306 5009 2456 5065 beati
2476 5009 2622 5065 Petri
2643 5008 2985 5066 auctoritate
3006 5010 3118 5065 sub
3143 5009 3536 5068 anathematis

1892 5096 2366 5155 interminatione
2424 5097 2810 5170 deponantur.
2862 5102 3310 5171 Conqueruntur
3357 5100 3533 5157 etiam

1894 5187 2002 5260 ipsi
2022 5189 2226 5242 fratres
2260 5186 2718 5258 Moyssiaccnses
2740 5187 3028 5261 plurimas
3057 5188 3146 5244 sui
3182 5188 3337 5260 juris
3352 5189 3535 5245 eccle-

1893 5275 2012 5333 sias
2033 5294 2066 5331 a
2085 5274 2251 5331 laicis
2272 5273 2613 5331 hominibus
2631 5276 2985 5349 occupari,in
2999 5277 3287 5335 Tolosano
3298 5278 3535 5351 quidem

1893 5363 2233 5439 episcOpatu
2272 5362 2575 5420 ecclesiam
2625 5364 2822 5421 Sancti
2873 5366 3108 5422 Martini
3158 5368 3229 5424 de
3283 5366 3537 5440 Melzago

1896 5542 2108 5609 nibus;
2140 5543 2308 5615 cujus
2340 5543 2758 5615 concessionis,
2804 5560 3027 5600 necnon
3080 5544 3540 5602 confirmationis

1896 5615 2050 5687 regis
2081 5615 2435 5687 Francorum
2468 5614 3128 5674 meminitMabillonius
3160 5618 3302 5673 XCV
3328 5614 3536 5672 Annal.

1898 5685 2217 5753 Benedict,
2250 5703 2308 5759 p.
2342 5686 2464 5741 144.
