3958 6358
423 368 542 437 467

1619 397 1628 406 ·
1727 367 1798 436 Β.
1841 367 2139 434 URBANI
2179 370 2234 434 II
2274 369 2527 434 ΡΔΡΑΞ.

3701 363 3833 440 168

425 504 549 578 [al.,
599 499 958 578 Mansacho],
1014 501 1210 561 Sancti
1263 501 1504 571 Juliani,
1563 502 1762 561 Sancti
1813 502 2062 571 Rustici,
2092 503 2150 572 Α
2179 502 2546 560 infestatione
2585 501 2890 571 turbetur;
2923 501 3047 571 sed,
3073 499 3227 560 sicut
3277 497 3639 559 sanctissimi
3679 517 3833 574 pra:-

424 593 733 652 ecclesiam
764 593 836 650 de
858 593 1175 662 Afﬁniano,
1197 593 1269 649 de
1299 594 1588 661 Corduba,
1621 593 1692 648 de
1721 591 2076 664 Bisingis,de

425 683 622 742 Monte
672 681 949 750 Berterio,
1005 682 1064 736 in
1137 681 1468 754 Agennensi
1543 679 1817 736 ecclesias
1877 679 2073 736 Sancti

426 770 691 830 Amancii
712 772 786 828 de
815 771 1089 842 Trangon
1117 771 1240 841 [al.,
1273 769 1566 843 Tairago],
1599 769 1670 824 dc
1699 767 2072 841 Verbegaria,

427 859 502 916 de
529 857 897 931 Angairiago,
930 857 992 912 in
1023 857 1356 914 Caturcensi
1397 857 1670 913 ecclesias
1705 857 1901 912 Sancti
1931 857 2076 912 Mar-

428 947 537 1004 tini
567 951 625 1004 et
653 946 850 1015 Sancti
870 946 1160 1002 Vincentii
1181 947 1252 1002 de
1271 947 1574 1018 Antejago,
1594 945 1790 1001 Sancti
1819 944 1972 1000 Petri
2002 945 2073 1000 de

426 1035 821 1104 Biolo,Sancti
846 1035 1126 1108 Stephani
1149 1035 1218 1090 de
1242 1034 1486 1102 Liciaco,
1515 1035 1738 1090 Sancta
1771 1033 2070 1101 Liberataz,

426 1125 624 1182 Sancti
657 1125 945 1193 Amancii,
977 1123 1175 1180 Sancti
1215 1123 1466 1190 Martini,
1501 1123 1724 1179 Sancta:
1769 1121 1987 1187 Mariae,
2017 1124 2076 1176 et

425 1213 623 1272 Sancti
652 1212 806 1270 Petri
854 1213 926 1268 de
975 1213 1204 1280 Casccs,
1240 1211 1436 1267 Sancti
1494 1210 1795 1266 Saturnini
1834 1210 1905 1264 de
1937 1211 2068 1275 Bos,

427 1303 622 1360 Sancti
650 1301 896 1358 Joannis
923 1301 995 1356 de
1033 1300 1274 1366 Pertica,
1304 1299 1610 1355 ecclesiam
1649 1298 1846 1355 Sancti
1874 1299 2074 1354 Satur-

426 1391 552 1448 nini
583 1407 711 1463 quis
756 1390 1071 1460 conjuncta
1112 1392 1202 1444 est
1245 1387 1499 1443 ecclesiae
1550 1388 1749 1442 Sancti
1811 1385 1985 1452 Petri,
2017 1389 2075 1441 et

420 1479 724 1537 ecclesiam
781 1477 1107 1550 d’Antiago,
1155 1477 1351 1532 Sancti
1402 1475 1555 1531 Petri
1604 1476 1675 1531 de
1735 1473 2068 1547 Burgarias,

421 1571 643 1626 Sancta
664 1566 857 1622 Maria:
879 1567 950 1622 de
970 1564 1166 1621 Troilo
1187 1570 1246 1620 et
1290 1564 1599 1621 ecclesiam
1623 1564 1692 1619 de
1713 1567 2070 1636 Cogornago,

424 1658 496 1714 de
517 1656 926 1723 Gratacumba,
959 1653 1154 1710 Sancti
1185 1653 1329 1725 Lupi
1360 1653 1433 1708 de
1463 1651 1746 1720 Malausa,
1765 1649 2072 1706 ecclesiam

427 1762 560 1803 cum
581 1744 745 1801 curia
756 1760 883 1815 quae
896 1743 1110 1798 dicitur
1130 1743 1201 1797 de
1220 1739 1678 1807 Sals,eeclesiam
1709 1739 1780 1795 de
1811 1739 2071 1805 Arduno,

431 1833 738 1892 ecclesiam
777 1831 973 1888 Sancti
1015 1829 1280 1903 Sulpicii,
1304 1829 1500 1885 Sancti
1525 1827 1810 1894 Mauricii,
1843 1828 1981 1882 item
2014 1827 2072 1882 in
2108 1871 2156 1936 Β

433 1923 457 1936 -
551 1925 561 1936 .
753 1920 764 1931 -
892 1920 966 1936 .,
1643 1915 1927 1936 τηυμεμ
1994 1931 2047 1936 η

433 1920 768 1979 Lectorensi
815 1920 1176 1992 episcopatu,
1208 1917 1268 1972 in
1319 1915 1596 1990 parochia
1643 1915 1954 1984 Lomaniae,
1988 1931 2078 1971 ec-

434 2009 674 2068 clesiam
695 2010 768 2064 de
798 2007 1159 2080 Sarraeiago,
1183 2006 1254 2062 de
1283 2003 1680 2078 Flamalingis,
1701 2005 1771 2061 de
1798 2004 2078 2072 Aliciano,

435 2101 508 2156 de
536 2097 746 2166 Oriols,
795 2095 1117 2153 Ecclesiam
1167 2094 1362 2151 Sancti
1415 2093 1670 2161 Martini,
1704 2092 1902 2150 Sancti
1942 2091 2078 2160 Qui-

436 2187 600 2255 riaci,
658 2185 855 2244 Sancti
907 2184 1130 2253 Hilarii,
1171 2183 1364 2240 Sancti
1411 2182 1711 2240 Saturnini
1760 2182 2081 2238 Mancionis

433 2275 868 2334 villa.Vestram
888 2273 1068 2346 igitur
1087 2272 1458 2344 prudentiam
1482 2270 1690 2328 litteris
1706 2271 2086 2327 exhortamur

437 2369 614 2438 atque
644 2363 1018 2437 pracipimus
1069 2366 1135 2417 ut
1180 2359 1652 2434 supradictarum
1701 2359 2082 2415 ecclesiarum

437 2456 814 2526 occupatores
843 2468 948 2524 pro
977 2451 1153 2508 vestri
1201 2449 1377 2506 officii
1425 2448 1621 2504 debito
1661 2449 2085 2505 commoneatis

437 2547 504 2600 ut
532 2559 660 2615 quae
679 2541 777 2598 Dei
798 2540 982 2598 servis
1001 2539 1090 2595 vel
1129 2539 1242 2611 ipsi
1264 2537 1354 2594 vel
1375 2537 1636 2610 ipsorum
1661 2541 1929 2610 parentes
1955 2554 2083 2609 per-

437 2648 638 2706 peram
668 2629 1038 2687 abstulerunt
1067 2627 1377 2684 restituere
1419 2625 1803 2699 compcllatis.
1839 2627 2001 2690 Quod
2033 2626 2082 2682 si

435 2721 644 2778 vestris
667 2717 966 2776 noluerint
985 2715 1538 2772 commonitionibus
1560 2713 2088 2783 obedire,noverint

441 2827 505 2868 se
531 2811 838 2866 beatorum
876 2805 1274 2879 apostolorum
1323 2801 1784 2875 indignationem
1816 2803 1970 2858 sicut
1992 2819 2084 2858 ec-

443 2895 902 2956 clesiasticarum
932 2909 1128 2950 rerum
1154 2908 1492 2966 pervaseres
1515 2891 1574 2946 in
1605 2890 1942 2963 pervasione
1959 2891 2088 2964 ipsa

442 2984 868 3045 contumaciter
895 2985 1305 3057 permanentes
1345 2979 1557 3036 habere
1587 2984 1644 3036 et
1691 2979 2086 3036 excommuni-

443 3077 606 3132 catos
636 3088 790 3130 esse.

514 3162 662 3219 Data
690 3159 909 3216 Tolosae
938 3157 1120 3216 Nonis
1145 3157 1304 3225 Maii,
1335 3156 1651 3214 indictione
1681 3175 1758 3224 ιν,
1791 3174 1943 3214 anno
1975 3158 2084 3214 Do-

2182 592 2507 648 decessoris
2538 593 2718 648 nostri
2756 592 2980 655 Leonis,
3015 593 3104 660 IX,
3139 591 3484 648 auctoritate
3533 589 3839 646 sancitum

2183 685 2290 749 est,
2325 681 2520 752 quiete
2566 681 2624 735 in
2669 685 3018 752 perpetuum
3067 683 3412 753 perseveret.
3447 678 3698 736 Proinde
3729 693 3842 735 nec

2181 774 2342 825 extra
2375 771 2601 838 urbem,
2629 786 2736 824 nec
2769 769 2942 835 intra,
2973 768 3251 826 Auxiensi
3303 767 3746 840 archiepiscopo
3781 769 3846 822 et

2182 859 2310 929 ejus
2332 859 2628 914 canonicis
2648 857 2821 914 liceat
2844 875 3059 914 novum
3082 857 3480 914 cmmeterium
3504 857 3840 924 instituere;

2181 947 2282 1002 sed
2305 950 2426 1002 tam
2457 945 2876 1019 archiepiscopi
2905 963 3083 1018 quam
3115 945 3437 1018 regulares,
3471 950 3573 1001 aut
3602 945 3840 1018 irregu-

2178 1034 2332 1091 lares
2363 1034 2704 1102 clerici,sive
2733 1035 2866 1091 laici
2898 1035 2968 1091 de
2995 1035 3208 1107 quibus
3240 1035 3602 1091 consuetudo
3623 1033 3837 1090 hacte-

2181 1141 2294 1180 nus
2324 1123 2452 1190 fuit,
2485 1123 2798 1197 sepulturae
2831 1123 3024 1180 locum
3071 1125 3227 1197 apud
3277 1141 3382 1180 vos
3427 1123 3647 1180 futuris
3677 1127 3834 1178 tem-

2181 1211 2420 1284 poribus
2449 1211 2789 1278 sortiantur,
2822 1217 2928 1268 etc.

2252 1301 2397 1356 Data
2425 1301 2579 1373 apud
2613 1301 3004 1373 Moyssacum,
3037 1318 3138 1373 per
3185 1317 3426 1358 manum
3461 1301 3736 1366 Joannis,
3769 1301 3830 1356 S.

2182 1390 2453 1445 Romana:
2486 1389 2750 1445 Ecclesia:
2791 1390 3021 1445 diaconi
3043 1389 3379 1456 cardinalis,
3411 1408 3474 1446 ιιι
3502 1391 3640 1446 ldus
3668 1389 3836 1455 Maii,

2181 1477 2387 1534 indict.
2411 1496 2484 1546 IV,
2514 1478 2827 1533 Dominicae
2861 1479 3086 1534 Incarn.
3120 1495 3272 1535 anno
3302 1480 3441 1534 1097
3469 1478 3604 1552 (45),
3637 1479 3838 1551 ponti-

2181 1567 2388 1623 ficatus
2419 1571 2615 1623 autem
2649 1567 2848 1623 domni
2883 1567 3102 1623 Urbani
3133 1585 3294 1640 papas
3329 1569 3399 1637 ll,
3433 1584 3587 1624 anno
3617 1585 3694 1640 ιχ,

2873 1727 3151 1784 CXCVIII.

2297 1844 2502 1900 Urbani
2521 1859 2678 1916 papae
2701 1843 2752 1900 11
2775 1844 3128 1970 άίρέοῖῗᾳιάε
3145 1917 3154 1926 _
3170 1845 3460 1901 donatione
3489 1843 3731 1903 abbati}?

2901 1932 2928 1970 e
2977 1933 3022 1970 ι-
3069 1931 3172 1970 ocz.

2901 1931 3172 1972 θιιι-ιοοι.

2809 2025 3004 2091 (Anno
3035 2021 3220 2093 4096.)

2173 2069 2223 2159 \J
2483 2069 2835 2194 [Bibliotheca
2869 2069 3260 2195 Ctuniacensis,
3294 2145 3350 2200 p.
3382 2128 3532 2199 525.]

2264 2278 2532 2334 Uasanus
2560 2277 2890 2350 episcopus,
2922 2294 3126 2333 servus
3173 2294 3474 2334 servorum
3517 2278 3640 2348 Dei,
3671 2294 3848 2336 vene-

2194 2366 2362 2447 rabili
2398 2366 2562 2422 fratri
2594 2365 3219 2432 Hucom,Cluniacensi
3249 2367 3464 2434 abbati,
3499 2367 3752 2424 salutem
3785 2372 3847 2424 et

2195 2456 2577 2528 apostolicam
2605 2455 3092 2512 benedictionem.

2268 2544 2577 2600 Belli-Loci
2610 2543 3036 2600 monasterium
3067 2543 3258 2618 longis
3300 2544 3428 2615 jam
3468 2545 3844 2618 temporibus

2193 2633 2320 2690 sine
2343 2632 2676 2689 monasticis
2699 2631 2912 2705 regulae
2934 2631 3451 2704 disciplinafuit,et
3470 2633 3621 2690 sicut
3639 2651 3844 2692 rerum

2195 2721 2561 2778 saecularium
2587 2721 2978 2791 detrimentis,
3004 2721 3084 2776 ita
3121 2721 3298 2777 etiam
3349 2722 3682 2780 animarum
3709 2741 3843 2796 per-

2193 2810 2517 2866 ditionibus
2547 2810 2834 2883 patuit.Et
2865 2809 3134 2866 monachi
3167 2810 3326 2865 enim
3357 2810 3627 2868 abbatem
3661 2828 3843 2868 suum

2194 2898 2456 2955 saeculari
2480 2899 2748 2970 prasidio
2767 2898 2894 2954 fulti
2934 2897 3294 2970 expulerant,
3326 2902 3383 2954 et
3401 2899 3684 2956 adversus
3715 2917 3846 2957 mo-

2195 2987 2412 3044 nachos
2435 2986 2617 3043 abbas
2639 2986 2894 3044 assiduis
2915 2986 3270 3042 clamoribus
3297 2987 3847 3058 querebatur.Unde

2195 3077 2371 3132 etiam
2404 3075 2568 3132 locus
2601 3075 2695 3132 ille
2727 3092 2828 3148 per
2847 3075 3199 3131 confratrem
3221 3079 3488 3132 nostrum
3519 3076 3849 3132 Bituricen-

2195 3183 2318 3222 sem
2349 3164 2854 3238 archiepiscopum
2885 3163 3227 3236 aliquandiu
3252 3165 3848 3222 excommunicationi

441 3249 671 3308 minicae
719 3247 1142 3306 Incarnationis
1193 3247 1350 3315 1097,
1384 3263 1486 3319 Per
1541 3263 1783 3302 manum
1839 3245 2084 3302 Joannis
2115 3236 2157 3303 (ἶ
2197 3254 2466 3311 addictus
2499 3236 2686 3309 fuerat
2703 3236 2728 3321 ξ
2759 3257 2814 3308 et
2846 3251 3016 3309 miles
3045 3251 3140 3309 ille
3173 3253 3358 3326 Hugo,
3389 3254 3488 3326 qui
3521 3257 3724 3310 contra
3758 3255 3848 3311 fas

443 3343 658 3399 sanctae
689 3340 960 3396 Romanis
993 3335 1258 3394 Ecclesia
1289 3333 1515 3393 diaconi
1545 3333 1879 3392 cardinalis.

1145 3441 1398 3499 CXCVII.

442 3535 687 3610 Epistola
725 3534 932 3592 Urbani
971 3533 1024 3588 II
1055 3545 1221 3615 papae
1248 3531 1319 3585 ad
1364 3531 1647 3600 "agonem
1683 3530 1931 3586 abbatem
1959 3531 2088 3586 Cla-

1099 3619 1410 3659 macensem
1420 3645 1432 3658 .

1067 3701 1258 3774 (Anno
1291 3699 1474 3771 1096.)

632 3792 801 3866 [Dom
832 3791 1124 3858 Bouous'r,
1154 3789 1391 3856 Recueil,
1424 3792 1465 3842 t.
1501 3787 1638 3854 XIV,
1675 3805 1730 3859 p.
1763 3789 1912 3857 322.]

513 3881 789 3938 URBANUS
832 3878 1164 3950 episcopus,
1195 3891 1398 3931 servus
1437 3891 1736 3930 servorum
1768 3874 1890 3941 Dei,
1923 3892 2088 3932 vene-

443 3967 614 4026 rabili
646 3967 810 4023 fratri
839 3966 1082 4035 HUGONI,
1115 3963 1312 4020 abbati
1333 3962 1722 4028 Cluniacensi,
1749 3963 2000 4020 salutem
2033 3969 2091 4021 et

443 4055 826 4131 apostolicam
856 4053 1342 4111 benedictionem.

512 4144 855 4221 Apostolicaz
887 4143 1044 4200 sedis
1065 4141 1394 4198 sollicitudo
1427 4156 1533 4196 nos
1555 4140 1827 4196 admonet
1858 4141 2086 4216 religio-

444 4253 645 4294 eorum
672 4233 934 4292 locorum
965 4231 1147 4305 quieti
1180 4229 1461 4287 attentius
1511 4229 1830 4303 providere.
1867 4231 2086 4287 Idcirco

442 4331 596 4393 tuas,
651 4321 996 4380 charissime
1043 4320 1240 4390 frater,
1298 4336 1402 4393 per
1465 4335 1838 4376 communem
1898 4320 2086 4378 ﬁlium

445 4414 772 4472 Guidonem
803 4416 857 4467 S.
891 4409 1134 4468 Orientii
1190 4407 1445 4482 priorem
1503 4413 1560 4465 et
1615 4409 1823 4466 fratres
1875 4409 2084 4482 ipsius,

442 4519 644 4578 preces
692 4516 1066 4574 nequaquam
1122 4499 1580 4556 contemnendas
1627 4498 1924 4568 duximus,
1959 4503 2086 4554 tum

2201 3343 2388 3398 eidem
2422 3341 2776 3398 monasterio
2807 3340 3201 3410 incumbebat,
3227 3342 3400 3397 etiam
3433 3341 3742 3398 monachis
3773 3343 3846 3399 ad

2201 3449 2375 3504 prave
2395 3431 2705 3487 vivendum
2729 3433 3008 3503 patronus
3029 3430 3491 3502 exstiterat,post
3519 3431 3848 3488 secundam

2198 3520 2286 3576 vel
2317 3520 2552 3576 tertiam
2584 3519 2997 3576 admonitionis
3039 3524 3246 3576 nostrae
3291 3519 3660 3576 dulcedinem
3690 3519 3846 3576 beati

2201 3608 2352 3664 Petri
2385 3607 2600 3681 gladio,
2633 3611 2690 3663 et
2707 3605 2998 3662 canonica:
3029 3605 3412 3662 districtionis
3462 3605 3684 3662 ultione
3714 3623 3844 3678 per-

2201 3714 2412 3754 cussus
2441 3696 2720 3752 est.Nunc
2741 3695 3067 3750 secundum
3088 3695 3505 3767 omnipotentis
3526 3694 3626 3751 Dei
3650 3695 3850 3768 dispo-

2199 3785 2494 3852 sitionem,
2525 3788 2582 3840 et
2609 3784 2783 3839 frater
2828 3781 2924 3839 ille
2962 3800 3136 3856 quem
3188 3801 3223 3840 a
3255 3783 3606 3840 monasterio
3639 3800 3842 3840 mona-

2199 3875 2442 3931 chorum
2473 3871 2733 3946 nequitia
2777 3873 3200 3937 cxturbaverat,
3234 3871 3510 3928 humanis
3541 3873 3718 3928 rebus
3747 3889 3843 3928 ex-

2199 3968 2432 4036 emptus
2464 3967 2587 4017 est:
2617 3970 2673 4016 et
2727 3959 2895 4016 miles
2946 3959 3041 4016 ille
3092 3961 3190 4032 qui
3243 3959 3505 4016 saeculari
3553 3965 3845 4032 potestate

2199 4050 2619 4108 monasterium
2683 4049 3028 4122 occupabat,
3085 4053 3368 4122 praesente
3441 4049 3679 4105 domino
3737 4067 3844 4106 suo

2198 4141 2408 4199 comite
2431 4139 2782 4206 Raimundo,
2803 4137 3086 4210 quidquid
3111 4137 3205 4194 ille
3227 4137 3510 4194 hactenus
3537 4139 3845 4210 potestatis

2197 4231 2552 4295 exercuerat,
2601 4225 2818 4282 nostris
2863 4225 3134 4281 manibus
3195 4225 3500 4296 refutavit;
3543 4229 3601 4283 et
3649 4225 3844 4284 locum

2195 4319 2389 4392 ipsum
2410 4334 2512 4390 per
2537 4332 2642 4371 nos
2665 4315 2780 4370 Deo
2819 4331 2886 4370 ac
2930 4315 3096 4370 beato
3120 4315 3286 4370 Petro
3319 4313 3593 4382 restituit,
3629 4332 3844 4389 rogans

2195 4413 2252 4464 et
2277 4407 2590 4464 obsecrans
2619 4408 2682 4460 ut
2712 4420 2814 4475 per
2856 4405 3017 4459 tuam
3048 4407 3106 4458 et
3147 4405 3390 4459 fratrum
3422 4407 3660 4460 tuorum
3691 4404 3845 4461 solli-

2196 4495 2516 4552 citudincm
2548 4493 2608 4548 in
2639 4492 2842 4548 eodem
2892 4489 3017 4548 loco
3061 4491 3224 4564 vigor
3269 4491 3577 4548 monastici
3617 4493 3843 4552 ordinis

435 4591 680 4667 justitiae
698 4587 1093 4647 universitatis
1113 4588 1352 4655 intuitu,
1375 4593 1502 4644 tum
1535 4587 1773 4660 speciali
1804 4587 1908 4642 illa
1939 4587 2086 4643 dile-
2118 4601 2164 4668 Ι)
2199 4586 2515 4656 reparetur.
2571 4579 2751 4651 Cujus
2804 4578 3068 4650 petitioni
3125 4595 3433 4637 assensum
3492 4581 3839 4653 praebentes,

442 4683 632 4741 ctione
653 4697 832 4756 quam
854 4677 981 4748 tibi,
1013 4679 1124 4734 sub
1156 4679 1326 4750 cujus
1357 4694 1498 4734 cura
1529 4681 1584 4732 et
1625 4675 1715 4732 sui
1747 4677 2086 4732 monasterii

431 4775 571 4846 jura
595 4767 1342 4840 consistunt,omnibusque
1375 4765 1651 4821 fratribus
1685 4764 1802 4820 tuis
1833 4782 1938 4836 pro
1969 4782 2088 4820 am-

439 4858 610 4934 pliori
665 4857 944 4931 religione
1000 4856 1304 4912 debemus.
1365 4853 1562 4910 Sancti
1610 4851 1791 4925 igitur
1843 4852 2110 4909 Orientii-

441 4946 862 5006 monasterium
884 4945 945 5002 in
968 4945 1237 5002 Auxiensi
1256 4941 1539 5000 suburbio
1561 4941 1764 5010 situm,
1797 4942 1887 4997 cui
1921 4960 2086 5016 expe-

439 5036 660 5094 rientia
688 5039 801 5092 tuae
822 5039 1109 5109 praecepto
1136 5051 1202 5090 ac
1225 5030 1608 5104 dispositione
1629 5031 1920 5102 praesidet,
1949 5050 2083 5088 cum

439 5125 727 5182 universis
749 5124 820 5181 ad
840 5125 896 5180 id
937 5122 1366 5196 pertinentibus
1389 5135 1492 5192 per
1520 5117 1733 5174 decreti
1782 5121 2084 5190 praesentis

439 5213 715 5289 paginam
744 5217 937 5270 vestro
967 5207 1337 5268 Cluniacensi
1363 5206 1624 5264 coenobio
1647 5209 1791 5262 conti
1804 5213 2080 5277 rmantes,

439 5302 769 5378 apostolicae
800 5301 958 5358 sedis
1015 5297 1359 5355 auctoritate
1388 5293 1727 5363 munimus;
1759 5293 1905 5351 illud
1939 5313 2083 5368 prae-

430 5392 600 5466 cipue
627 5409 694 5448 ac
726 5388 1103 5464 singulariter
1150 5388 1495 5452 statuentes,
1525 5387 1590 5439 ut
1619 5383 1864 5456 antiqua
1892 5384 2082 5458 ipsius
2129 5429 2144 5438 .

427 5479 742 5538 cmmeterii
765 5476 1106 5534 constitutio
1133 5474 1294 5531 nulla
1315 5473 1660 5530 aemulorum
1684 5474 2082 5546 quorumlibet

2195 4671 2466 4728 eumdem
2485 4669 2681 4725 locum
2701 4671 2820 4722 tam
2844 4672 2954 4722 tuae
2974 4685 3150 4740 quam
3172 4672 3409 4725 tuorum
3434 4686 3841 4728 successorum

2195 4779 2345 4818 cura:
2366 4762 2642 4832 perpetuo
2663 4757 2981 4829 regendum
2995 4775 3061 4814 ac
3084 4758 3513 4830 disponendum
3535 4760 3841 4832 praesentis

2195 4849 2408 4906 decreti
2457 4845 2801 4904 auctoritate
2857 4845 3306 4919 committimus,
3341 4850 3612 4921 rogantes
3663 4853 3842 4922 atque

2195 4937 2595 5012 praecipientes
2636 4940 2702 4991 ut
2757 4933 3063 4992 Belli-Loci
3121 4937 3542 4994 monasterium
3599 4939 3840 4995 omnino

2194 5027 2775 5098 deinceps,tanquam
2801 5023 3460 5083 Cluniaeensiscocnobii
3481 5026 3838 5096 membrum,

2195 5116 2439 5173 sollicite
2498 5129 2702 5186 regas;
2736 5116 2792 5167 et
2842 5113 3112 5170 abbatem
3167 5114 3287 5170 illic
3339 5115 3411 5169 de
3466 5114 3836 5172 Cluniacensi

2194 5222 2423 5277 semper
2469 5201 2914 5274 congregatione
2957 5203 3300 5270 constituas,
3333 5207 3646 5276 quatenus,
3678 5204 3837 5262 auxi-

2193 5295 2370 5350 liante
2393 5291 2765 5364 Domino,per
2785 5295 3040 5348 vestram
3057 5291 3700 5366 sollicitudinem,vigor
3715 5293 3834 5350 illic

2193 5382 2478 5458 regularis
2510 5379 2834 5454 disciplinae
2862 5384 3242 5450 restauretur,
3275 5385 3333 5438 et
3362 5385 3761 5439 conservetur.

2262 5474 2475 5529 Datum
2507 5468 2749 5537 Tolosae,
2782 5487 2816 5524 x
2847 5469 2974 5524 Kal.
3007 5470 3190 5526 Junii.

499 5588 612 5660 (45)
645 5588 808 5642 Anno
839 5585 1000 5652 1096,
1043 5583 1142 5655 qui
1184 5598 1342 5639 more
1392 5581 1736 5637 Pisanorum
1785 5558 2234 5654 computabatur
2283 5596 2472 5638 annus
2521 5576 2681 5644 1097,
2736 5577 3024 5649 incoeptus
3073 5595 3108 5634 a
3161 5578 3253 5635 die
3313 5577 3505 5635 Martii
3551 5578 3624 5634 25
3671 5576 3831 5636 illius

431 5660 591 5716 anni
