3958 6358
150 375 284 443 169

868 513 1086 573 CXCIX.

149 622 214 679 In
276 621 508 679 concilio
562 623 706 695 apud
758 622 1105 693 Nemausum,
1163 623 1367 680 abolito
1417 622 1660 695 Gregorii
1720 626 1807 680 VII

217 703 513 767 praecepto,
551 695 793 751 Urbanus
843 697 1175 751 monasteria
1215 697 1529 767 Figiacense
1559 700 1607 750 et
1664 695 1800 750 Con-

217 766 416 822 chense
468 768 622 820 muri
649 771 811 839 vetat.
849 769 1139 839 Utrumque
1168 766 1562 822 monasterium
1603 767 1799 835 guber-

218 839 404 893 naria
428 839 654 909 proprio
683 838 876 894 abbate
893 838 1067 910 jubet.

773 964 960 1033 (Anno
993 963 1177 1035 1096.)

61 1087 78 1107 ³
179 1085 476 1158 [MABILL,
511 1087 636 1141 Acta
667 1086 761 1142 SS.
809 1085 1032 1154 Ben-ed.,
1087 1087 1207 1142 Saec
1236 1085 1332 1155 III,
1369 1104 1423 1158 p.
1455 1103 1578 1158 n,p.
1614 1087 1762 1158 448.]

214 1229 498 1285 Haemus
527 1229 856 1301 episcopus,
892 1245 1095 1284 servus
1125 1245 1421 1284 servorum
1454 1229 1570 1283 Dei.

211 1319 360 1374 Cum
393 1335 498 1390 pro
530 1317 776 1391 negotiis
808 1316 1220 1374 ecclesiasticis
1264 1317 1322 1372 in
1377 1322 1570 1389 partes
1599 1317 1796 1373 Galliae

1327 377 1735 448 EPISTOLJE
1775 381 1878 448 ET
1918 381 2387 454 PRIVILEGIA.

1835 519 1888 585 Α

3442 392 3563 454 470

1983 610 2148 667 Bulla
2175 612 2382 668 Urbani
2409 614 2462 670 II
2483 629 2639 686 papas
2661 631 2762 686 pro
2793 613 2846 670 S.
2881 610 3114 671 Martiae
3144 610 3210 670 de
3242 611 3478 686 Campis.
3529 655 3536 664 -

2544 703 2730 773 (Anno
2760 705 2941 775 1096.)

1913 786 2226 860 [Ε’ἐιιΒΙΕΝ,
2285 790 2518 847 Histoire
2547 791 2612 848 de
2668 795 2852 934 Page],
2935 793 3201 858 Preuves,
3257 797 3415 848 tome
3468 792 3566 861 III,

2662 881 2718 934 p.
2811 906 2822 918 .

1980 965 2256 1022 URBANUS
2285 966 2614 1039 episcopus,
2641 986 2844 1025 servus
2892 986 3192 1026 servorum
3240 969 3361 1038 Dei,
3396 985 3562 1025 vene-

1909 1053 2081 1109 rabili
2117 1055 2280 1110 fratri
2302 1056 2550 1124 Hucom,
2585 1057 2949 1114 Cluniacensi
2981 1059 3198 1127 abbati,
3233 1059 3484 1114 salutem
3507 1062 3562 1114 et

1908 1142 2290 1213 apostolicam
2312 1145 2801 1202 benedictionem.

1977 1231 2096 1286 Piee
2127 1232 2440 1303 postulatio
2499 1233 2816 1291 voluntatis
2874 1236 3083 1291 effectu
3135 1237 3306 1291 debet
3363 1251 3558 1307 prose-

1907 1325 2119 1391 quente
2147 1320 2447 1394 compleri,
2477 1327 2770 1394 quatenus
2799 1328 2857 1379 et
2886 1324 3211 1380 devotionis
3250 1323 3558 1379 sinceritas

134 1407 532 1475 venissemus,
593 1409 746 1479 apud
805 1407 1140 1462 Arverniam
1207 1407 1490 1478 largiente
1549 1407 1794 1462 Domino
1904 1407 2274 1464 laudabiliter
2301 1409 2600 1478 enitescat,
2633 1415 2688 1466 et
2721 1411 2942 1467 utilitas
2971 1411 3264 1483 postulata
3287 1412 3438 1470 vires
3469 1411 3556 1467 in-

135 1494 468 1567 plenariam
529 1495 816 1569 synodum
877 1495 1343 1551 convocavimus.
1405 1495 1526 1550 Illic
1557 1513 1592 1550 a
1649 1495 1794 1551 Con-
1905 1496 2240 1552 dubitanter
2270 1502 2555 1553 assumat.
2590 1499 2724 1554 Tum
2757 1499 2939 1571 igitur
2969 1499 3248 1555 voluntati
3299 1504 3355 1555 et
3387 1516 3556 1554 com-

133 1583 383 1641 chensis
413 1585 750 1641 monasterii
786 1584 1064 1640 fratribus
1111 1584 1434 1640 reverendae
1497 1585 1795 1640 memoria:
1905 1585 2102 1641 munis
2121 1585 2223 1640 lilii
2255 1585 2519 1641 Ursionis
2542 1586 2750 1658 prioris
2777 1587 3272 1659 postulationibus
3297 1605 3554 1644 annuen-

131 1674 253 1730 GG.
290 1673 391 1730 VII
422 1674 526 1729 PP.
561 1673 766 1730 litterae
798 1677 1159 1746 praesentatae
1208 1676 1366 1739 sunt,
1403 1673 1792 1745 praecipientis
1901 1678 2012 1741 tes,
2045 1674 2196 1730 beati
2228 1675 2459 1730 Martini
2503 1675 2924 1731 monasterium
2986 1677 3140 1748 quod
3197 1677 3267 1732 de
3316 1676 3552 1748 Campis

131 1763 479 1835 Figiacense
533 1762 860 1818 ccenobium
918 1761 1238 1817 Conchensi
1297 1761 1557 1817 eoenobio
1589 1760 1791 1816 unien-
1901 1763 2116 1819 dicitur
2139 1764 2198 1818 in
2231 1764 2543 1820 Parisiensi
2573 1765 2847 1836 parochia
2897 1765 3097 1833 situm,
3131 1764 3432 1837 prazsentis
3455 1765 3552 1821 de-

130 1853 304 1907 dum.
340 1851 410 1906 Et
432 1851 580 1951 quia.
603 1852 877 1923 paridem
903 1855 1132 1922 tempus
1148 1849 1380 1922 utrique
1405 1849 1529 1905 loco
1551 1850 1791 1906 abbates
1823 1886 1871 1952 B
1901 1852 2041 1908 creti
2055 1852 2396 1908 auctoritate
2419 1853 3326 1925 munimus,utquemadmodum
3349 1858 3554 1909 caetera

131 1940 359 2012 proprii
417 1939 823 2012 praesidebant,
885 1939 1163 1995 alterutro
1196 1939 1466 1994 defuncto
1523 1955 1658 1994 eum
1692 1939 1790 2010 qui

128 2032 437 2100 superstes
469 2033 640 2095 esset,
676 2028 911 2100 utrique
954 2027 1308 2083 monasterio
1341 2027 1785 2098 praeferendum.

127 2116 494 2174 Conchensis
525 2117 720 2188 itaque
750 2115 997 2172 emnobii
1059 2117 1258 2182 abbas,
1292 2114 1430 2187 quia
1459 2119 1662 2170 contra
1695 2115 1788 2170 lit-

127 2209 394 2262 terarum
454 2206 712 2277 ipsarum
772 2209 1031 2260 tenorem
1086 2205 1442 2259 substitutus
1492 2204 1693 2270 fuerat,
1731 2205 1787 2258 in

125 2296 338 2351 eodem
371 2293 612 2349 concilio
659 2293 980 2365 depositus,
1013 2298 1069 2347 et
1126 2292 1502 2364 Figiacensis,
1534 2291 1632 2364 qui
1686 2309 1786 2347 su-

129 2383 482 2455 per-vixerat,
518 2382 746 2454 utrique
777 2383 902 2437 loco
933 2381 1204 2454 praelatus
1236 2387 1342 2437 est.
1396 2381 1598 2452 Caepit,
1648 2397 1784 2454 ergo

129 2473 291 2528 inter
320 2476 634 2543 utrumque
666 2471 1086 2527 monasterium
1127 2469 1416 2525 discordia
1469 2473 1629 2524 tanta
1658 2487 1781 2525 ver-

127 2562 276 2626 sari,
310 2566 376 2616 ut
404 2565 462 2616 et
492 2561 643 2616 bona
673 2559 926 2632 plurima
957 2559 1442 2624 distraherentur,
1477 2564 1533 2612 et
1562 2559 1782 2614 anima-

129 2667 268 2706 rum
309 2649 472 2705 salus
529 2649 894 2705 detrimentis
954 2648 1223 2703 maximis
1278 2649 1776 2718 pessumdaretur.

126 2741 415 2796 Przeterea
443 2754 576 2792 cum
609 2738 678 2792 ad
701 2754 872 2793 aures
897 2736 1296 2792 Cluniacensis
1323 2735 1551 2791 abbatis
1580 2736 1778 2806 hujus-

126 2827 289 2884 modi
350 2825 686 2882 constitutio
747 2825 1123 2897 pervenisset,
1185 2826 1358 2895 coepit
1411 2824 1778 2896 supradictas

124 2916 242 2973 GG.
283 2916 386 2971 PP.
412 2914 632 2970 litteras
663 2918 943 2986 tanquam
975 2913 1353 2984 subreptitias
1407 2913 1773 2982 calumniari,

123 3011 180 3060 et
207 3003 614 3059 deﬁnitionem
644 3003 908 3074 ejusdem
944 3003 1153 3074 negotii
1188 3018 1250 3057 se
1282 3006 1564 3073 praesente
1610 3001 1776 3057 aliter

124 3095 520 3164 perpetratam
575 3089 777 3146 testari
830 3106 843 3144 :
906 3088 1376 3162 quandoquidem
1437 3090 1509 3143 ab
1573 3090 1775 3145 eodem

123 3180 403 3252 pontifice
435 3179 787 3252 Figiacensis
819 3179 981 3234 locus
1027 3178 1390 3234 Cluniacensi
1423 3178 1775 3234 monasterio

125 3247 230 3340 per
253 3247 623 3341 privilegium
657 3268 831 3322 fuerit
859 3268 1258 3322 confirmatus.
1297 3266 1476 3336 [gitur
1504 3283 1637 3320 cum
1666 3265 1775 3321 lar-
1803 3247 1848 3317 (ἶ

125 3359 325 3430 giente
354 3357 602 3412 Domino
631 3357 804 3412 tertia
834 3373 935 3427 per
961 3355 1299 3410 instantiam
1331 3359 1592 3408 nostram
1624 3355 1778 3425 apud

131 3448 492 3503 Nemausum
550 3446 806 3518 synodus
852 3444 1236 3508 convenisset,
1295 3443 1466 3513 cmpit
1513 3443 1775 3512 ejusdem

130 3534 349 3606 negotii
379 3534 623 3606 quaestio
652 3533 905 3606 graviter
930 3532 1133 3605 agitari
1170 3573 1182 3585 .
1219 3531 1349 3586 Post
1376 3530 1616 3603 longum
1648 3547 1778 3586 vero

127 3641 306 3695 super
346 3623 455 3678 hac
494 3640 554 3679 re
580 3623 985 3694 episcoporum
1017 3621 1412 3690 abbatumque
1443 3623 1775 3686 tractatum,

126 3713 349 3785 placuit
377 3728 510 3766 cum
539 3728 640 3783 pro
673 3709 974 3782 apostolici
1012 3707 1296 3780 privilegii
1320 3707 1776 3773 conservatione,

123 3807 251 3857 tum
285 3818 389 3874 pro
412 3799 708 3856 communi
733 3798 1224 3854 monasteriorum
1248 3795 1528 3861 salute,ut
1545 3794 1776 3867 utrique

121 3887 268 3954 loco,
303 3886 456 3942 sicut
502 3891 672 3941 antea
704 3886 912 3954 fuerat,
946 3884 1129 3940 abbas
1161 3881 1475 3938 cardinalis
1507 3882 1774 3938 restitue-

121 3982 300 4044 retur,
363 3981 419 4031 et
473 3975 832 4047 Figiacenses
886 3972 1155 4028 monachi
1206 3973 1314 4029 sub
1374 3970 1774 4027 Cluniacensis

121 4065 351 4122 abbatis
382 4081 524 4120 cura
569 4064 844 4136 deinceps
891 4068 947 4118 et
1000 4060 1327 4134 provisione
1375 4059 1772 4132 persisterent.

122 4154 188 4210 Et
219 4170 326 4210 nos
359 4154 537 4226 igitur
565 4169 875 4208 commune
907 4149 1136 4206 concilii
1193 4151 1489 4204 decretum
1544 4154 1772 4221 aposto-

121 4241 243 4298 lica;
272 4242 636 4298 auctoritatis
671 4226 923 4313 pondere
955 4240 1389 4305 confirmantes,
1414 4238 1773 4293 definitionis

126 4333 300 4403 hujus
332 4332 596 4386 ordinem
631 4333 907 4402 perpetuo
945 4345 1390 4399 permansurum
1453 4327 1634 4382 nostri
1670 4344 1771 4382 no-

126 4421 300 4478 minis
331 4419 540 4476 lilteris
572 4418 858 4484 adnotari,
883 4422 939 4474 et
970 4416 1143 4489 sigilli
1184 4416 1362 4471 nostri
1391 4415 1770 4487 praecepimus

123 4509 506 4582 impressione
537 4509 777 4564 firmari.
805 4508 860 4562 Si
899 4506 1032 4578 quis
1065 4512 1258 4560 autem
1288 4505 1534 4574 hujusce
1565 4503 1768 4558 deﬁni-

1901 1940 2300 1996 Cluniacensis
2329 1941 2575 1997 coenobii
2609 1942 2870 1998 membra
2913 1957 3144 2013 semper
3175 1943 3284 1996 sub
3317 1945 3550 2013 aposto-

1901 2028 2022 2084 licaa
2054 2030 2211 2085 sedis
2241 2029 2421 2086 tutela
2441 2034 2863 2102 permaneat,et
2883 2035 3090 2085 cuncta
3114 2046 3240 2101 qua:
3262 2031 3334 2085 ad
3357 2029 3549 2086 locum

1899 2118 2093 2188 ipsum
2111 2118 2192 2172 im
2212 2118 2652 2190 praesentiarum
2678 2118 2966 2190 pertinere
2980 2118 3276 2187 videntur;
3296 2118 3550 2175 ecclesiae

1896 2205 2164 2262 videlicet
2183 2207 2254 2260 de
2283 2207 2606 2279 Agonvilla,
2630 2208 2701 2262 de
2735 2223 2878 2262 nova
2908 2207 3080 2272 Villa,
3113 2207 3183 2262 de
3216 2207 3456 2274 Marcio,
3480 2209 3550 2262 de

1897 2294 2460 2366 Monte-Martyrum,
2495 2296 2565 2350 de
2606 2293 2886 2361 Loveriis,
2909 2295 2978 2349 de
3010 2294 3301 2361 Castenio,
3335 2295 3405 2350 de
3426 2296 3549 2351 Noa

1895 2381 2088 2436 Sancti
2115 2382 2458 2455 Remigii,de
2489 2383 2608 2436 Noa
2632 2382 2826 2437 Sancti
2853 2382 3108 2452 Martini,
3134 2384 3203 2438 de
3229 2383 3539 2455 Renzegio,

1893 2471 1962 2524 de
1996 2469 2314 2537 Bolbineio,
2348 2471 2418 2524 de
2441 2470 2648 2537 Caleio,
2683 2471 2753 2524 de
2784 2471 3167 2538 Confluentia,
3191 2471 3263 2526 de
3293 2471 3540 2542 Copeyo,

1889 2559 1960 2613 de
2000 2560 2292 2624 Fontanis,
2351 2560 2421 2613 de
2481 2557 3160 2629 Flamma-Regia-Villa;
3217 2559 3286 2613 de
3344 2558 3540 2614 Valle-

1887 2645 2140 2714 Villaris,
2175 2647 2245 2701 de
2287 2647 2602 2712 Monciaco,
2654 2646 2787 2700 villa
2835 2664 2960 2718 quae
2992 2647 3208 2702 dicitur
3267 2647 3532 2715 Bonzeia,

1886 2735 2166 2789 Nuceium
2200 2751 2502 2807 magnum,
2535 2735 2818 2790 Nuceium
2853 2733 3536 2806 minus,Anetum,Majo-

1885 2823 2080 2890 riolas,
2139 2824 2350 2879 Sancta
2381 2824 2644 2890 Gemma,
2680 2822 3061 2889 Rodanivilla,
3108 2821 3530 2890 Ursionisvilla,

1884 2912 2279 2980 Clamardum,
2340 2911 2668 2979 Sorvillare,
2733 2911 3065 2976 Pentinum,
3137 2912 3527 2980 Ceurennum,

1884 3001 2132 3056 Sanctus
2163 3001 2420 3056 Ililarius
2449 3018 2581 3056 cum
2609 3000 2869 3056 ecclesiis
2900 3005 2957 3056 et
3017 3000 3385 3072 pertinentiis
3435 3017 3532 3056 ea-

1884 3106 2034 3157 rum,
2069 3089 2313 3145 ecclesia
2341 3089 2514 3145 etiam
2549 3091 2618 3144 de
2647 3089 2822 3156 Cona,
2857 3089 2928 3144 de
2960 3088 3220 3155 Bonolla,
3265 3091 3335 3144 de
3365 3088 3527 3144 Prin-

1882 3177 2029 3250 gelo.
2065 3179 2360 3250 Quidquid
2413 3183 2688 3249 praeterea
2731 3178 2887 3234 idem
2945 3176 3108 3233 locus
3157 3178 3328 3233 hodie
3367 3178 3530 3248 juste

1887 3267 2149 3338 possidet
2205 3266 2289 3323 vel
2350 3266 2655 3322 collatione
2728 3267 2890 3322 bona:
2949 3266 3241 3323 memoriae
3301 3266 3531 3322 Henrici

1888 3356 2237 3410 Francorum
2264 3355 2541 3427 regis,qui
2575 3356 2839 3426 ejusdem
2860 3355 2968 3410 loci
2999 3356 3273 3412 fundator
3295 3354 3535 3424 exstitit,

1887 3445 1971 3498 vel
2006 3444 2105 3499 lilii
2137 3446 2264 3515 ejus
2300 3443 2572 3515 Philippi,
2605 3445 2774 3514 cujus
2805 3445 3118 3499 donatione
3167 3442 3307 3499 cella
3339 3444 3543 3500 eadem

1889 3534 1960 3588 ad
1984 3533 2230 3588 vestium
2253 3532 2580 3587 coenobium
2608 3532 2869 3586 noscitur
2889 3532 3176 3604 pertinere
3197 3549 3218 3593 ;
3251 3531 3543 3602 quidquid

1887 3639 1920 3677 a
1951 3621 2316 3693 quibuslibet
2349 3620 2619 3676 fidelibus
2650 3621 2720 3674 de
2745 3637 2850 3675 suo
2875 3621 3008 3690 jure
3039 3619 3225 3674 eidem
3250 3618 3376 3673 loco
3425 3619 3542 3674 col-

1888 3709 2070 3765 latum
2105 3715 2210 3776 est,
2245 3709 2330 3764 vel
2367 3709 2424 3762 in
2460 3709 2722 3762 futurum
2755 3707 3001 3762 conferri
3038 3705 3544 3778 eontigerit,ﬁrma

1887 3815 2118 3870 semper
2147 3803 2206 3853 et
2253 3795 2478 3852 illibata
2521 3799 2921 3867 permaneant,
2956 3799 3075 3851 tam
3108 3811 3141 3850 a
3173 3798 3226 3850 te
3257 3810 3433 3865 quam
3466 3795 3537 3850 ab

1885 3886 1976 3942 his
2009 3887 2107 3958 qui
2133 3903 2234 3958 per
2265 3890 2318 3940 te
2348 3883 2434 3940 vel
2466 3901 2834 3940 successores
2864 3889 2996 3939 tuos
3023 3883 3208 3938 eidem
3241 3881 3367 3938 loco
3401 3899 3539 3955 pra:-

1883 3975 2058 4047 positi
2092 3975 2326 4042 fuerint,
2362 3978 2640 4045 perpetuo
2662 3972 3035 4045 possidenda,
3061 3973 3313 4044 regenda
3334 3989 3398 4028 ac
3417 3971 3534 4027 dis-

1884 4065 2171 4136 ponenda.

1953 4152 2330 4207 Decernimus
2353 4167 2489 4222 ergo
2513 4149 2736 4206 utnulli
2761 4149 3000 4206 omnino
3028 4148 3334 4204 hominum
3363 4148 3536 4204 liceat

1881 4241 2036 4297 idem
2069 4239 2398 4296 cmnobium
2431 4245 2646 4295 temere
2696 4239 3027 4311 pertubare,
3077 4242 3178 4294 aut
3225 4238 3352 4309 ejus
3401 4255 3534 4310 pos-

1882 4330 2174 4386 sessiones
2210 4329 2459 4391 auferre,
2494 4328 2580 4383 vel
2635 4327 2860 4384 ablatas
2921 4328 3187 4393 retinere,
3250 4327 3534 4395 minuere,

1880 4419 1964 4472 vel
1999 4419 2325 4472 temerariis
2361 4417 2764 4472 vexationibus
2796 4417 3074 4488 fatigare;
3106 4417 3206 4471 sed
3241 4415 3539 4470 omniain-

1882 4511 2044 4578 tegra
2061 4511 2396 4559 conservenl
2413 4523 2478 4558 ur
2494 4521 2696 4558 eorum
2721 4522 2823 4576 pro
2847 4521 3096 4575 quorum
3116 4505 3538 4560 sustentatione

125 4598 298 4653 tionis
331 4604 597 4654 tenorem
632 4597 940 4652 temerario
971 4612 1118 4649 ausu
1173 4595 1345 4648 fuerit
1403 4601 1650 4647 conatus
1699 4591 1780 4649 in-
1808 4609 1859 4678 D
1890 4612 1954 4650 ac
1985 4594 2410 4666 gubernatione
2445 4609 2721 4647 concessa
2755 4597 2893 4646 sunt
2926 4591 3132 4647 usibus
3183 4593 3540 4646 omnimodis

122 4687 394 4759 fringere,
429 4686 574 4742 sciat
631 4684 957 4755 apostolicae
1017 4681 1438 4754 indignationis
1489 4680 1770 4735 ultionem

121 4778 434 4842 incurrere,
457 4778 516 4830 et
545 4773 957 4829 detrimentum
989 4772 1079 4827 sui
1112 4770 1333 4825 ordinis
1365 4769 1448 4824 vel
1474 4769 1648 4824 officii
1685 4769 1768 4822 in-

120 4866 332 4922 venire.

189 4959 398 5010 Actum
431 4951 489 5007 in
521 4951 762 5008 concilio
793 4950 946 5022 apud
1004 4949 1360 5004 Nemausum
1415 4945 1472 5000 in
1523 4945 1767 5002 ecclesia

126 5043 346 5100 Sanctae
379 5041 574 5096 Maria:
603 5057 677 5094 vu
710 5041 794 5096 Id.
825 5038 988 5106 Julii,
1025 5054 1178 5092 anno
1212 5033 1524 5092 Dominicis
1573 5034 1764 5090 Incar-

128 5131 376 5189 nationis
411 5131 550 5185 1096
578 5131 702 5200 [leg].
739 5129 918 5198 1096],
951 5126 1150 5182 indict.
1186 5144 1261 5194 1v,
1295 5141 1447 5180 anno
1477 5141 1609 5178 vero
1633 5141 1770 5196 pon-

129 5221 377 5278 tificatus
410 5218 611 5275 domni
643 5217 855 5273 Urbani
893 5217 936 5271 ll
969 5216 1072 5272 PP.
1109 5233 1182 5270 1x.

195 5312 410 5367 Datum
443 5308 598 5380 apud
626 5306 851 5363 Vallem
913 5305 1244 5361 Flavianum
1297 5302 1355 5357 in
1418 5302 1768 5357 monasterio

133 5401 321 5458 Sancti
354 5397 563 5470 Egidii,
597 5396 679 5453 ld.
713 5394 872 5451 Julii.

1887 4683 2214 4755 profutura.
2243 4681 2297 4734 Si
2331 4698 2448 4752 qua
2483 4680 2660 4751 igitur
2686 4679 2740 4732 in
2771 4679 3117 4746 crastinum,
3149 4679 3542 4735 ecclesiastica

1878 4770 2241 4827 saecularisve
2275 4787 2523 4841 persona
2558 4768 2734 4837 hujus
2766 4767 2980 4822 decreti
3033 4767 3308 4838 paginam
3341 4768 3537 4823 sciens

1873 4865 2074 4915 contra
2105 4875 2231 4914 eam
2267 4863 2480 4914 temere
2513 4857 2706 4912 venire
2766 4855 3096 4923 tentaverit,
3131 4856 3385 4910 secundo
3419 4860 3533 4912 ter-

1874 4950 2022 5004 tiove
2035 4946 2468 5014 commonita,si
2495 4964 2609 5002 non
2635 4944 3034 5002 satisfactione
3058 4961 3318 5017 congrua
3339 4961 3534 5001 emen-

1875 5036 2116 5102 daverit,
2144 5035 2448 5108 potestatis
2479 5035 2838 5106 honorisque
2871 5033 2966 5088 sui
3003 5033 3288 5107 dignitate
3319 5041 3530 5102 careat,

1877 5143 2151 5197 reamque
2183 5124 2374 5179 divino
2424 5123 2650 5194 judicio
2682 5141 2742 5180 se
2805 5123 3050 5179 existere
3081 5124 3150 5178 de
3207 5127 3536 5196 perpetrata

1882 5214 2186 5286 iniquitate
2216 5217 2547 5285 cognosc-at,
2583 5217 2640 5268 et
2669 5211 2847 5268 etiam
2904 5230 2937 5267 a
2985 5212 3378 5268 sacratissimo
3411 5231 3533 5268 cor-

1879 5321 2015 5376 pore
2075 5320 2140 5357 ac
2190 5301 2476 5375 sanguine
2535 5301 2634 5356 Dei
2697 5305 2754 5356 et
2827 5301 3059 5357 Domini
3131 5301 3536 5374 Redemptoris

1878 5391 2060 5448 nostri
2091 5391 2231 5447 Jesu
2287 5389 2498 5445 Christi
2549 5388 2742 5445 aliena
2773 5391 2895 5457 ﬁat,
2960 5395 3137 5463 atque
3170 5391 3229 5446 in
3280 5395 3570 5447 extremo'

1880 5480 2146 5536 examine
2176 5479 2452 5536 districta:
2485 5478 2695 5535 ultioni
2720 5479 3039 5551 subjaceat.
3074 5479 3313 5537 Cunctis
3343 5484 3537 5534 autem

1881 5569 2069 5625 eidem
2100 5568 2410 5641 locojusta
2439 5569 2814 5626 servantibus
2847 5569 2924 5625 sit
2954 5587 3066 5641 pax
3105 5568 3330 5625 Domini
3361 5567 3541 5622 nostri

1883 5659 2022 5716 Jesu
2046 5657 2583 5730 Christi,quatenus
2614 5662 2672 5715 et
2703 5657 2798 5715 hic
2829 5659 3084 5716 fructum
3121 5660 3281 5714 bona:
3301 5655 3544 5712 actionis
