3958 6356
419 375 534 440 471

1709 376 1786 441 iB.
1830 376 2124 443 URBANI
2164 375 2220 442 ῙῙ
2262 376 2520 442 PAPJE.

3697 376 3824 438 I12

420 511 767 585 percipiant,
809 515 868 568 et
913 512 1068 584 apud
1126 511 1456 568 districtum
1498 512 1760 583 judicem
1820 514 2059 585 praemia
2077 514 2142 581 ,Α
2170 518 2288 582 tus,
2320 515 2390 569 ad
2419 515 2742 569 Aucensern
2775 512 2867 568 sui
2895 511 3049 584 juris
3097 509 3421 584 proprietas
3471 516 3821 568 revertatur.

416 605 644 657 aeternae
676 600 836 673 pacis
865 601 1178 656 inveniant.
1202 603 1408 666 Amen,
1438 619 1627 666 amen,
1661 618 1851 656 amen.

488 690 701 745 Datum
732 690 1005 745 Nemausi
1040 707 1141 761 per
1171 706 1412 745 manum
1431 689 1692 755 Joannis,
1717 694 1933 745 sanctae
1956 691 2062 745 Ro-

417 789 604 835 manis
635 777 898 834 Ecclesiae
931 778 1157 834 diaconi
1190 777 1526 843 oardinalis,
1561 796 1600 832 ιι
1635 779 1772 834 ldus
1791 779 2062 844 Julii,in-

417 868 670 924 dictione
725 885 803 933 1v,
865 867 1287 923 Incarnationis
1333 868 1641 922 Dominicaa
1701 885 1853 922 anno
1904 869 2061 933 1097,

417 957 793 1030 pontiﬁcatus
819 961 1013 1012 autem
1035 957 1236 1012 domui
1271 956 1486 1012 Urbani
1519 955 1758 1012 secundi
1791 973 1951 1028 papae
1986 975 2061 1012 1x.

1175 1063 1306 1119 CCI.

424 1153 671 1209 Urbanus
698 1155 1030 1220 Burgcnsem
1087 1153 1382 1206 Ecclesiam
1439 1155 1699 1208 Romana
1754 1151 2066 1206 immediate

491 1225 731 1295 subjicit,
764 1223 930 1279 illam
957 1224 1023 1278 ab
1079 1225 1323 1278 aliarum
1377 1223 1740 1293 metmpoteon
1789 1223 2065 1278 absolve-ns

491 1295 812 1352 obedientia.

1048 1385 1232 1454 (Anno
1253 1382 1438 1453 4096.)

637 1473 898 1544 [FLoasz,
929 1474 1143 1542 Ειςραῆα
1172 1471 1439 1542 Stigmata,
1471 1469 1664 1537 XXVI,
1696 1468 1846 1541 464.]

489 1579 770 1635 URBANUS
797 1578 1128 1651 episcopus,
1153 1593 1355 1632 servus
1388 1592 1687 1631 servorum
1721 1575 1842 1630 Dei.

490 1669 806 1740 Postquam
837 1667 990 1739 apud
1023 1667 1381 1722 Nemausum
1413 1664 1860 1735 praesidentibus
1895 1664 2064 1719 nobis

419 1773 522 1829 per
550 1757 965 1828 omnipotentis
997 1754 1098 1810 Dei
1117 1753 1363 1826 gratiam
1395 1751 1654 1824 plenaria
1678 1752 1886 1807 fuisset
1903 1769 2070 1824 syno-

2171 603 2344 658 Porro
2375 602 2662 674 parochias
2683 607 2929 673 partem,
2964 617 3140 672 quam
3172 600 3486 673 Burgensis
3507 600 3824 673 episcopus

2171 696 2302 764 post
2328 692 2500 763 legati
2535 690 2931 745 definitionem
2965 690 3076 745 sibi
3129 690 3489 744 subtractam
3541 689 3828 745 reclama-

2171 781 2448 849 bat,idem
2483 779 2960 851 archiepiscopus
2983 778 3279 834 asserebat
3309 777 3522 849 abipso
3552 778 3830 850 episcopo

2173 871 2232 924 in
2257 885 2496 924 manum
2521 885 2689 923 suam
2711 874 2918 939 sponte
2939 873 2993 922 et
3010 867 3414 939 episcoporum
3432 866 3654 936 judicio
3680 868 3835 922 refu-

2172 961 2523 1013 tatam.Cum
2555 973 2688 1012 vero
2721 956 3030 1028 episcopus
3054 959 3356 1028 gravatum
3386 972 3448 1011 se
3473 959 3530 1010 et
3558 959 3832 1011 coactum

2173 1047 2230 1101 in
2262 1063 2329 1102 eo
2361 1044 2589 1118 negotio
2617 1045 3134 1117 responderet.Nos
3157 1047 3454 1109 tamen,ne
3475 1044 3834 1100 confratrem

2175 1139 2439 1190 nostrum
2499 1135 2859 1188 Bernardum
2917 1132 3423 1205 archiepiscopum
3495 1132 3834 1188 videremur

2173 1223 2575 1278 vehementius
2606 1238 3186 1295 aggravare,causam
3214 1221 3365 1276 hanc
3396 1221 3548 1276 sicut
3575 1225 3721 1289 erat,
3745 1221 3832 1276 sic

2173 1327 2302 1367 esse
2333 1310 2728 1383 permisimus,
2761 1311 2942 1366 donec
2963 1309 3370 1366 refutationem
3397 1309 3587 1381 ipsam
3617 1313 3832 1382 sponte

2173 1405 2229 1456 et
2249 1400 2563 1472 judiciario
2593 1401 2795 1455 ordine
2825 1403 3217 1471 perpetratam
3249 1398 3473 1454 idoneis
3491 1397 3742 1454 testibus
3767 1399 3829 1452 in

2177 1493 2379 1544 nostra
2406 1491 2603 1560 posset
2633 1487 2930 1542 audientia
2952 1487 3351 1558 comprobare.

2249 1577 2462 1631 Datum
2493 1577 2646 1648 apud
2682 1575 2900 1631 Vallem
2931 1575 3264 1630 Flavianam
3295 1574 3356 1628 in
3379 1575 3733 1631 monasterio
3763 1576 3829 1632 S.

2180 1665 2362 1737 Egidii
2398 1665 2532 1719 ldus
2563 1663 2724 1731 Julii,
2750 1663 3066 1719 indictione
3100 1680 3175 1730 ιν,
3209 1679 3362 1718 anno
3395 1663 3709 1719 Dominica
3743 1666 3838 1719 ln-

2177 1753 2532 1808 carnationis
2563 1752 3115 1824 1097,pontificatus
3148 1756 3343 1806 autem
3375 1751 3576 1806 domui
3611 1752 3835 1808 Urbani

419 1847 535 1901 dus
582 1845 887 1910 celebrata,
940 1842 1201 1899 Toletani
1233 1841 1654 1942 archiepiscopi
1687 1841 1964 1896 Bernardi
1997 1841 2067 1939 ad
2101 1877 2148 1942 B
2179 1858 2340 1914 papae
2375 1842 2422 1895 ll
2453 1857 2605 1896 anno
2632 1858 2706 1908 IX,
2733 1856 2835 1912 per
2864 1856 3106 1895 manum
3136 1840 3381 1896 Joannis
3412 1841 3472 1896 S.
3507 1841 3574 1896 R.
3607 1841 3670 1896 Ε.
3705 1841 3836 1898 dia-

424 1932 782 1990 audientiam
814 1936 1076 1988 nostram
1107 1931 1346 2002 querela
1367 1929 1591 2001 perlata
1617 1932 1726 1995 est,
1755 1929 2071 2001 Burgensis

423 2022 682 2094 episcopi
711 2025 991 2092 tanquam
1025 2018 1376 2091 suifraganei
1407 2017 1622 2089 proprii
1681 2017 2072 2073 obedientiam

425 2110 803 2183 requirentis,
827 2108 994 2181 quasi
1021 2107 1080 2163 in
1111 2107 1326 2163 Oximm
1357 2106 1635 2178 parochia
1664 2105 1889 2177 Burgos
1921 2111 2074 2161 esset

425 2199 742 2255 aediﬁcata:
775 2198 982 2254 Oxima
1036 2195 1192 2252 enim
1234 2212 1368 2266 pars
1424 2194 1711 2249 Toletanis
1762 2194 2071 2266 provinciae

427 2304 544 2344 non
565 2287 786 2342 incerta
800 2284 1188 2357 cog-noscitur.
1209 2282 1309 2366 Ille
1330 2299 1460 2337 vero
1484 2283 1556 2338 ad
1576 2284 2071 2338 Tarraconensem

426 2376 622 2449 potius
650 2372 1018 2446 metropolim
1051 2389 1218 2429 suam
1267 2371 1583 2427 Ecclesiam
1617 2371 1902 2443 pertinere
1935 2389 2072 2443 pro-

422 2465 784 2531 testabatur;
818 2478 995 2534 quam
1055 2461 1293 2532 quidem
1326 2476 1433 2516 nos
1465 2460 1822 2531 Burgensem
1865 2460 2071 2515 urbem

423 2555 593 2609 Aucte
625 2554 1065 2609 decreveramus
1096 2549 1298 2604 haberi
1354 2549 1656 2613 vicariam,
1688 2564 1837 2619 quae,
1873 2553 1936 2602 ut
1983 2549 2073 2603 di-

420 2641 933 2712 eitur,antiquitus
963 2637 1381 2694 Tarraconensi
1413 2637 1600 2691 fuerat
1628 2637 2071 2707 metropolitano

417 2731 552 2802 jure
582 2729 862 2800 subjecta.
897 2727 1179 2782 Caeterum
1209 2724 1505 2790 Alfonsus,
1530 2724 1818 2796 Hispaniae
1840 2724 2072 2780 Citerio-

423 2818 508 2875 ris
535 2819 1018 2889 rex,Burgensem
1048 2815 1388 2886 episcopum
1420 2814 1840 2867 Tarraconensi
1864 2817 2072 2869 metro-

425 2906 684 2980 politano
715 2920 1090 2976 nequaquam
1112 2901 1444 2974 patiebatur
1473 2917 1601 2956 esse
1628 2901 1976 2970 subjectum,
2005 2919 2073 2957 ea

425 2997 499 3051 de
527 3010 705 3050 causa
734 2993 890 3064 quod
921 2992 1073 3046 infra
1101 2989 1265 3061 regni
1298 2989 1388 3044 sui
1421 2988 1699 3044 terminos
1722 2989 1948 3062 Burgus
1971 2991 2068 3058 sit,

425 3085 716 3139 Tarracon
749 3084 943 3137 autem
967 3079 1025 3134 in
1049 3077 1493 3134 Barcinonensis
1517 3077 1744 3132 comitis
1768 3083 2069 3148 potestate.

428 3171 533 3228 His
561 3186 697 3244 ergo
727 3171 799 3226 de
828 3169 1022 3225 causis
1055 3171 1264 3224 nostra
1295 3171 1354 3222 et
1374 3167 1618 3220 fratrum
1641 3167 1741 3237 qui
1766 3166 2066 3224 nobiscum

429 3253 678 3317 aderant
707 3258 1038 3315 discretioni
1066 3258 1260 3313 visum
1292 3260 1380 3310 est
1415 3255 1488 3310 ad
1522 3253 1908 3310 Ecclesiarum
1938 3255 2071 3311 illa-

439 3367 572 3406 rum
595 3348 913 3406 sedandam
945 3347 1316 3412 seditionem,
1350 3348 1416 3399 ut
1453 3343 1770 3415 Burgensis
1803 3343 2076 3415 deinceps

439 3440 750 3513 episcopus
763 3451 943 3492 manu
954 3440 1183 3492 tantum
1198 3433 1443 3490 Romani
1456 3433 1614 3504 ponti
1624 3432 1747 3488 ficis
1761 3436 2071 3503 regeretur,

433 3537 492 3589 et
521 3529 774 3587 Ecclesia
822 3527 922 3582 illa
948 3541 1189 3581 suorum
1220 3523 1549 3578 antistitum
1578 3520 2073 3576 consecrationem

425 3622 498 3676 ab
531 3616 847 3692 apostolica
878 3615 1014 3671 sede
1044 3612 1386 3685 perciperet,
1421 3610 1534 3663 nisi
1594 3609 2070 3680 archiepiscopus

419 3709 551 3781 ipsa
581 3723 717 3764 eum
743 3705 816 3761 ad
847 3721 908 3760 se
941 3702 1228 3775 pertinere
1263 3697 1598 3754 authentica
1620 3702 1816 3767 posset
1846 3699 2069 3753 ratione

417 3800 765 3854 monstrare.
821 3792 1057 3848 Interim
1101 3805 1235 3845 eum
1267 3788 1339 3841 ab
1372 3786 1678 3855 utriusque
1727 3785 2065 3856 metropolis

413 3883 741 3942 obedientia
759 3886 816 3939 et
835 3879 1196 3950 subjectione
1227 3873 1606 3930 absolvimus.

481 3974 620 4030 Post
649 3973 770 4027 haec
801 3966 1116 4039 Burgensis
1147 3963 1455 4034 episcopus
1485 3959 1720 4014 Gomizo
1760 3960 2056 4017 adversus.

408 4062 681 4119 eumdem
712 4055 1219 4127 archiepiscopum
1252 4047 1549 4120 querelam
1593 4047 1866 4113 exercuit,
1903 4051 2054 4119 quod

405 4153 540 4224 post
568 4149 820 4221 primam
853 4140 1240 4199 Massiliensis
1271 4137 1499 4224 abbatis
1521 4135 2054 4224 delinitionem,qui

404 4255 508 4311 per
537 4239 596 4292 id
626 4241 860 4305 tempus
891 4227 1218 4302 apostolica:
1249 4225 1406 4281 sedis
1425 4223 1547 4278 vice
1566 4223 1684 4278 illis
1706 4225 1763 4278 in
1789 4227 2050 4296 partibus

403 4327 645 4382 functus
675 4323 884 4386 fuerat,
927 4322 1153 4390 partem
1186 4313 1503 4387 quamdam
1537 4313 1849 4384 Burgensis
1883 4331 2048 4386 paro-

401 4414 546 4471 chias
569 4404 1296 4481 usurpasset.Nominatim
1308 4417 1441 4456 vero
1455 4400 1768 4473 Burgensis
1781 4402 2046 4459 Ecclesiae

400 4499 816 4574 proprietatem
849 4511 914 4552 ac
943 4492 1270 4550 dominium
1319 4494 1627 4562 occuparet
1664 4489 1884 4558 villam,
1916 4510 2042 4563 quae

2181 1931 2310 1986 coni
2343 1929 2679 1984 eardinalis.

2925 2034 3079 2090 CCII.

2185 2125 2433 2181 Urbanus
2461 2126 2515 2178 ΙΙ
2537 2139 2680 2194 papa
2709 2125 2996 2192 conﬁrmat
3025 2123 3165 2176 bona
3215 2125 3535 2178 monasterii
3582 2125 3832 2194 Ε’έυὶΡοί-

2255 2197 2440 2261 tensis,
2473 2198 2564 2250 cui
2607 2195 2880 2268 nonnulla.
2933 2195 3301 2250 immanitatis
3352 2210 3417 2250 ac
3467 2198 3832 2268 exeniptionis

2248 2267 2542 2338 privilegia
2569 2265 2954 2322 conceduntur.

2615 2417 2617 2419 _
2804 2355 2990 2424 (Anno
3024 2353 3204 2424 1096.)

2687 2444 3079 2514 [COQUELINES,
3112 2443 3182 2510 Il,
3215 2442 3331 2512 90.]

2254 2551 2530 2607 URBANUS
2561 2550 2896 2622 episcopus,
2922 2565 3124 2604 servus
3156 2565 3458 2604 servorum
3491 2548 3838 2615 Dei,dilecto

2179 2639 2299 2694 ﬁlio
2332 2644 2662 2703 BERNARDO,
2695 2638 2893 2694 abbati
2920 2635 3271 2692 venerabilis
3311 2637 3649 2693 monasterii
3681 2639 3832 2694 San-

2176 2731 2283 2782 ctae
2305 2726 2501 2782 Maria
2522 2727 2677 2798 quod
2693 2725 3083 2797 Rivipollense
3099 2723 3396 2790 dicitur,in
3419 2727 3700 2781 comitatu
3721 2728 3835 2782 Au-

2181 2815 2579 2870 sonensiinter
2601 2816 2716 2870 duo
2745 2813 2990 2868 ﬂumina
3015 2815 3676 2885 constitutum,ejusque
3694 2832 3833 2871 suc-

2180 2905 2511 2959 cessoribus
2542 2902 2887 2976 regulariter
2913 2901 3340 2957 substituendis
3365 2901 3424 2957 in
3455 2908 3825 2974 perpetuum.

2250 2992 2591 3063 Apostolieas
2623 2992 2780 3047 sedis
2811 2990 3153 3047 auctoritate
3185 2990 3495 3062 debitoque
3517 2991 3828 3063 compelli-

2181 3099 2313 3136 mur
2341 3099 2446 3152 pro
2477 3081 2879 3136 universarum
2936 3078 3311 3134 ecclesiarum
3353 3082 3507 3133 statu
3539 3083 3828 3152 satagere,

2178 3175 2237 3225 et
2265 3186 2464 3225 earum
2497 3169 2676 3240 quieti
2715 3167 3028 3223 auxiliante
3079 3167 3325 3221 Domino
3375 3167 3696 3238 providere.
3746 3169 3830 3224 Ea

2101 3237 2143 3305 C
2185 3262 2420 3329 pr0pter
2448 3237 2828 3330 petitionibus
2858 3256 2996 3324 tuis,
3029 3255 3108 3309 fili
3140 3255 3198 3308 in
3227 3237 3452 3310 Christo
3479 3255 3828 3312 charissime

2183 3348 2494 3413 Bernarde,
2527 3363 2640 3400 non
2670 3345 2965 3400 immerito
3025 3344 3404 3399 annuendum
3435 3360 3564 3399 esse
3594 3345 3826 3401 censui-

2182 3451 2335 3501 mus,
2369 3437 2435 3488 ut
2465 3432 2851 3505 Rivipollense
2883 3431 3421 3497 monasterium,cui
3456 3432 3567 3487 Deo
3587 3437 3828 3489 auctore

2179 3523 2476 3594 praesides,
2509 3523 2582 3577 ad
2616 3522 3105 3593 pradecessorum
3157 3525 3490 3575 nostrorum
3549 3520 3735 3592 Sergii
3766 3526 3826 3578 et

2177 3611 2402 3681 Agapiti
2421 3609 2716 3681 exemplar
2726 3608 3055 3680 apostolicae
3078 3608 3233 3663 sedis
3250 3607 3549 3680 privilegio
3567 3610 3823 3666 munire-

2179 3701 2442 3755 mus.Per
2453 3699 2752 3770 praesentis
2770 3695 3170 3770 igiturdecreti
3204 3697 3475 3768 paginam
3501 3697 3820 3767 apostolica

2175 3789 2514 3844 auctoritate
2547 3787 2864 3843 statuimus
2909 3791 2975 3840 ut
3023 3801 3382 3857 quaecunque
3431 3785 3604 3840 hodie
3660 3787 3815 3842 idem

2173 3877 2502 3932 coenobium
2522 3877 2682 3947 juste
2715 3875 2990 3946 possidet,
3035 3874 3154 3929 sive
3186 3875 3244 3927 in
3278 3874 3541 3928 futurum
3574 3891 3810 3932 conces-

2170 3967 2332 4020 sione
2363 3966 2725 4036 pontiﬁcum,
2776 3963 3119 4018 liberalitate
3151 3962 3502 4034 principum,
3533 3962 3618 4018 vel
3651 3963 3810 4019 obla-

2168 4055 2323 4109 tione
2355 4053 2613 4108 iidolium
2639 4055 2798 4124 juste
2819 4057 2993 4123 atque
3013 4052 3287 4106 canonice
3313 4050 3522 4122 poterit
3541 4051 3807 4124 adipisci,

2166 4145 2334 4198 firma
2363 4143 2467 4197 tibi
2498 4143 2733 4214 tuisque
2763 4141 3201 4196 successoribus
3232 4144 3287 4194 et
3321 4139 3546 4194 illibata
3578 4156 3809 4212 perma-

2164 4238 2373 4301 neant;
2408 4233 2467 4286 in
2499 4231 2716 4303 quibus
2739 4230 2859 4284 haec
2882 4228 3132 4301 propriis
3160 4229 3436 4283 duximus
3467 4229 3806 4288 nominibus

2159 4321 2528 4376 adnotanda:
2562 4317 2866 4375 ecclesiam
2898 4317 3093 4373 Sancti
3123 4317 3275 4373 Petri
3295 4317 3484 4372 eidem
3508 4323 3804 4374 monaste-

2157 4409 2242 4464 rio
2279 4409 2644 4478 adjacentem
2674 4424 2808 4462 cum
2838 4406 3059 4462 caeteris
3107 4406 3159 4461 ei
3191 4406 3470 4476 subjectis
3501 4406 3762 4463 ecclesiis
3787 4425 3799 4463 :

2155 4497 2213 4550 in
2247 4499 2435 4551 castro
2457 4495 2735 4550 Cervariae
2767 4494 3068 4551 ecclesiam
3102 4494 3296 4549 Sancti
3330 4493 3585 4565 Martini,
3616 4493 3802 4566 capel-

399 4587 757 4647 Fenicularis
797 4584 1033 4651 dicitur,
1089 4578 1538 4638 Valeranicense
1593 4581 2039 4648 monasterium,
2076 4603 2119 4667 η
2149 4584 2266 4639 lam
2299 4584 2493 4640 Sancti
2527 4582 2977 4650 Nicolai,cellam
2995 4582 3189 4638 Sancti
3218 4582 3366 4638 Petri
3389 4599 3523 4637 cum
3556 4581 3802 4639 ecclesia

397 4678 606 4736 cellam
635 4677 695 4734 S.
738 4675 931 4732 Mariae
963 4673 1032 4728 de
1089 4667 1426 4726 Ravenaria.
1484 4667 1668 4738 Super
1697 4666 1788 4722 his
1847 4669 2037 4725 tribus

396 4769 552 4842 quod
583 4765 846 4823 Ecclesiae
895 4759 1210 4834 Burgensis
1241 4774 1344 4814 seu
1388 4755 1667 4811 Auccnsis
1714 4758 2036 4829 proprietas
2081 4788 2084 4791 -

392 4861 568 4923 esset,
599 4849 1076 4926 archiepiscopus
1097 4849 1222 4920 ipse
1252 4844 1559 4911 concessit,
1593 4848 1649 4899 et
1695 4844 2033 4917 episcopum

388 4945 448 5002 in
467 4948 668 5000 nostra
682 4941 990 5015 praesentia
1012 4936 1320 4994 revestivit.
1347 4934 1569 5006 Rogata
1595 4938 1787 4988 tamen
1811 4940 2028 5003 nostro,

386 5033 783 5091 consentiente
813 5031 1104 5102 episcopo,
1138 5023 1577 5082 Valeranicense
1609 5025 2028 5079 monasterium

383 5138 572 5195 usque
611 5122 679 5178 ad
713 5135 898 5176 annos
928 5121 1047 5172 tres
1079 5113 1265 5169 eidem
1319 5109 1765 5181 metropolitano
1816 5110 2027 5166 habere

381 5210 780 5287 permisimus.
819 5205 1025 5263 Villam
1080 5218 1212 5258 vero
1263 5197 1683 5263 Fenicularem,
1716 5202 1771 5252 et
1819 5199 2024 5255 cellam

379 5286 437 5358 S.
474 5299 668 5356 Mariae
694 5297 764 5351 de
797 5292 1116 5350 Ravenaria
1150 5289 1351 5345 tandiu
1381 5286 1861 5355 teneat,quandiu
1886 5288 2026 5344 Oxo-

376 5403 641 5445 mensem
673 5385 731 5440 in
766 5399 940 5439 manu
975 5397 1083 5436 sua
1102 5377 1416 5435 Ecclesiam
1449 5373 1838 5439 retinuerit,in
1854 5378 2023 5447 cujus

375 5475 651 5551 parochia
666 5474 868 5531 eadem
890 5471 1016 5527 loca
1035 5469 1143 5526 sita
1180 5464 1444 5530 sunt,sed
1475 5463 1725 5517 Aucensi
1755 5463 2019 5522 Ecclesiae

372 5565 432 5622 in
482 5564 894 5639 proprietatem
927 5559 1229 5632 przeceptis
1259 5553 1560 5610 attributa.
1594 5551 1754 5616 Quod
1788 5553 1837 5608 si
1867 5555 2016 5610 Oxo-

375 5655 562 5712 mensi
590 5651 857 5711 Ecclesia
889 5645 1205 5707 cardinalis
1236 5640 1407 5698 fuerit
1436 5639 1745 5711 episcopus
1777 5643 2015 5700 restitu-

2149 4674 2325 4729 castri
2357 4673 2427 4728 de
2485 4673 2676 4727 Monte
2729 4669 2956 4737 Palatii,
3006 4671 3213 4726 cellam
3261 4671 3456 4726 Sancti
3510 4671 3795 4737 Quintini,

2148 4760 2570 4817 monasterium
2601 4761 2825 4815 Sanctae
2858 4759 3047 4814 Maria:
3079 4761 3235 4831 quod
3258 4759 3476 4814 dicitur
3492 4759 3793 4825 Gualterii,

2145 4849 2341 4905 Sancti
2371 4851 2616 4904 Andreae
2645 4849 2797 4903 inter
2847 4847 3156 4916 Pontonos,
3215 4850 3437 4903 Sancta:
3494 4849 3692 4904 Mariae
3719 4849 3792 4906 de

2141 4937 2456 5006 Panizaris,
2491 4938 2712 4992 Sanctae
2744 4936 2936 4991 Mariae
2968 4939 3038 4992 de
3070 4937 3264 4993 Monte
3321 4938 3574 5004 Serrato,
3607 4936 3790 4994 eccle-

2141 5027 2287 5082 siam
2322 5026 2516 5081 Sancti
2542 5024 2818 5096 Stephani
2849 5025 2919 5080 de
2951 5025 3370 5093 Grannolariis,
3404 5025 3604 5081 Sancti
3661 5027 3788 5082 Ste-

2140 5116 2315 5187 phani
2349 5117 2418 5170 de
2452 5116 2596 5185 Ripa
2627 5130 2761 5169 cum
2807 5113 3016 5170 alodiis
3074 5115 3345 5171 Bernardi
3404 5115 3783 5182 vicecomitis,

2137 5223 2263 5276 qua!
2305 5204 2564 5259 οωιιυὺιο
2597 5201 2919 5274 delegavit;
2956 5203 3194 5259 mercati
3223 5219 3356 5260 vero
3415 5203 3571 5275 quod
3608 5219 3786 5275 penes

2134 5295 2288 5366 idem
2321 5291 2740 5347 monasterium
2771 5291 2896 5346 ﬁeri
2927 5291 3560 5360 consuevit,teloneum
3578 5295 3635 5346 et
3664 5305 3788 5347 om-

2133 5399 2266 5438 nem
2290 5380 2586 5454 justitiam
2616 5379 2718 5434 tibi
2751 5379 2986 5452 tuisque
3007 5381 3446 5437 successoribus
3475 5381 3784 5436 conti-rma—

2131 5489 2286 5540 mus,
2319 5475 2576 5528 castrum
2619 5485 2851 5540 quoque
2910 5471 3150 5526 Menslei
3204 5489 3338 5526 cum
3396 5469 3666 5526 terminis
3723 5473 3781 5525 et

2127 5558 2494 5633 pertinentiis
2526 5557 2668 5625 suis,
2703 5563 2959 5614 castrum
2987 5560 3059 5614 de
3079 5561 3260 5616 Torsa
3281 5577 3416 5615 cum
3437 5559 3698 5615 ecclesiis
3721 5563 3779 5614 et

2127 5645 2597 5714 dominicaturis,
2629 5650 2684 5701 et
2714 5647 2981 5718 portibus
3015 5649 3216 5718 maris,
3251 5647 3686 5721 pictationibus,
3720 5652 3777 5703 et
