3958 6352
390 363 519 453 m

1700 368 1772 432 B.
1818 363 2113 434 URBANI
2159 363 2213 428 ῙῙ
2255 363 2506 431 ΡᾹΡΑΞ.

3726 357 3810 425 76

401 519 514 575 que
545 499 984 560 successoribus
1015 500 1451 560 conﬁrmamus.
1485 499 1778 574 Quidquid
1810 507 2040 574 prater-
2067 500 2123 568 Α
2152 499 2467 558 indictione
2516 505 2744 575 quarta,
2791 499 3215 559 Incarnationis
3266 495 3582 557 Dominicis
3644 512 3804 554 anno

401 609 469 648 ea
515 591 601 647 vel
653 609 754 664 per
819 595 1253 648 antecessorum
1317 596 1652 648 nostrorum
1709 591 2040 662 apostolicae

399 681 906 754 sedispontiﬁcum
925 681 1322 754 privilegiavel
1348 698 1450 753 per
1480 681 1816 736 authentiea
1839 697 2040 751 regum

399 787 502 826 seu
533 770 862 842 principum
897 769 1112 841 scripta
1151 770 1238 826 vel
1280 787 1348 824 ex
1379 787 1866 841 quorumcumque
1900 771 2037 824 ﬁde-

395 859 544 913 lium
594 858 988 914 oblationibus
1047 858 1170 913 loco
1217 863 1407 914 vestro
1459 859 1621 930 juste
1679 863 1736 913 et
1781 857 2042 930 legaliter

399 947 675 1001 collatum
709 947 908 1012 est,vel
943 947 999 1002 in
1025 948 1286 1002 futurum
1319 947 1604 1020 largiente
1620 947 1866 1002 Domino
1881 947 2040 1001 habi-

396 1035 511 1090 turi
543 1035 905 1104 estis,ratum
929 1035 1091 1090 vobis
1123 1040 1179 1091 et
1207 1035 1500 1107 integrum
1532 1036 1746 1090 servari
1783 1035 2039 1106 praecipi-

398 1141 551 1178 mus.
580 1123 957 1178 Decernimus
989 1140 1149 1194 ergo,
1180 1127 1245 1178 ut
1274 1123 1420 1179 nulli
1459 1124 1698 1179 omnino
1732 1123 2037 1178 hominum

398 1213 573 1267 liceat
640 1212 794 1267 idem
864 1212 1191 1267 coenobium
1250 1218 1467 1268 temere
1523 1212 1882 1283 perturbare,
1938 1216 2040 1266 aut

394 1306 601 1372 praeter
623 1300 850 1356 abbatis
882 1305 938 1354 et
969 1301 1216 1356 fratrum
1249 1301 1604 1355 voluntatem
1636 1317 1834 1355 eorum
1870 1301 2034 1355 fami-

394 1389 533 1444 liam
593 1389 856 1444 saeculari
899 1390 1124 1458 judicio
1178 1394 1235 1444 et
1273 1393 1558 1460 potestate
1615 1390 2033 1462 constringere,

393 1482 493 1533 aut
547 1477 791 1532 coenobii
847 1479 1250 1549 possessiones
1311 1479 1558 1546 auferre,
1615 1477 1902 1545 minuere,
1951 1478 2038 1532 vel

387 1566 718 1622 temerariis
746 1566 1147 1621 vexationibus
1178 1566 1458 1638 fatigare;
1494 1567 1600 1621 sed
1652 1566 1852 1621 omnia
1891 1565 2035 1621 inte-

389 1673 492 1727 gra
522 1659 955 1723 conserventur,
974 1671 1182 1709 eorum
1207 1671 1308 1725 pro
1332 1670 1584 1725 quorum
1611 1654 2037 1710 sustentatione

316 1805 320 1808 ,
390 1761 456 1800 ac
486 1743 909 1816 gubernatione
943 1759 1219 1797 concessa
1258 1749 1417 1806 sunt,
1444 1743 1651 1798 usibus
1682 1742 2036 1797 omnimodis

2152 593 2308 656 1096,
2366 592 2741 665 pontiﬁcatus
2797 597 2992 649 autem
3039 590 3239 648 domni
3289 587 3506 646 Urbani
3553 586 3804 644 secundi

2150 698 2310 753 papae
2343 699 2517 738 nono.

2885 770 3068 826 CCIII.

2388 862 2751 931 Privile‘gium
2781 863 3098 916 monasterii
3136 859 3555 914 Juviniucensis.

2778 949 2965 1020 (Anno
3000 948 3181 1019 1096.)

2434 1039 2736 1109 [MABILL.,
2770 1038 2970 1092 Annal.
3001 1035 3222 1102 Bened.,
3255 1035 3326 1101 V,
3355 1034 3506 1104 658.]

2219 1127 2496 1183 URBANUS
2525 1126 3064 1198 episcopus,servus
3095 1140 3395 1181 servorum
3428 1123 3552 1188 Dei,
3572 1121 3799 1177 dilecta

2148 1216 2277 1271 ﬁliae
2309 1215 2939 1284 GALeuael,abbatissse
2972 1213 3314 1270 monasterii
3342 1210 3796 1278 Juviniacensis,

2146 1310 2204 1360 et
2235 1305 2456 1360 eateris
2487 1322 2613 1376 quae
2645 1308 2774 1376 post
2793 1321 2922 1359 eam
2949 1302 3294 1375 regulariter
3314 1301 3370 1356 in
3393 1301 3662 1372 ejusdem
3677 1316 3802 1354 mo-

2148 1394 2382 1450 nasterii
2417 1393 2699 1466 regimine
2728 1392 3146 1448 substituendae
3179 1395 3335 1446 sunt.

2217 1481 2558 1554 Apostolicae
2591 1482 2747 1537 sedis
2776 1480 3120 1536 auctoritate
3152 1481 3467 1550 debitaque
3492 1476 3796 1548 compelli-

2147 1589 2280 1627 mur
2312 1589 2414 1643 pro
2459 1571 2862 1626 universarum
2894 1569 3284 1624 Ecclesiarum
3315 1571 3470 1622 statu
3503 1571 3797 1638 satagere,

2147 1665 2203 1715 et
2215 1677 2413 1716 earum
2441 1661 2691 1715 maxime
2705 1677 2830 1730 qua:
2845 1659 2974 1728 ejus
2995 1657 3117 1714 sedi
3141 1656 3456 1729 specialius
3468 1654 3792 1719 adhaerent,

2145 1755 2200 1804 et
2228 1753 2508 1820 tanquam
2540 1747 2772 1820 proprio
2790 1749 2923 1818 jure
2955 1745 3226 1817 subjectae
3258 1742 3797 1816 sunt,quieti,auxi-

389 1832 712 1932 profutura.
737 1832 1083 1932 Obeu‘n‘te‘te
1132 1847 1287 1884 nunc
1329 1830 1768 1932 ejusdemﬂlocil
1803 1831 2029 1932 abbate,
2067 1837 2322 1932 Bliante
2389 1837 2656 1902 Domino,
2717 1835 3036 1907 providere.
3094 1837 3476 1905 Quapropter,
3531 1830 3654 1886 ﬁlia
3731 1831 3794 1887 in

387 1921 475 1977 vel
507 1924 741 1975 tuorum
773 1917 1033 1990 quolibet
1062 1934 1468 1974 successorum
1504 1919 1707 1974 nullus
1735 1919 1813 1973 ibi
1848 1920 2032 1990 quali-

389 2009 488 2064 bet
517 2007 912 2079 subreptionis
948 2006 1167 2062 astutia
1207 2006 1294 2062 vel
1341 2006 1615 2062 violentia
1646 2013 2032 2079 praeponatur,

390 2097 503 2154 nisi
534 2113 709 2169 quem
744 2097 954 2151 fratres
985 2095 1284 2150 communi
1319 2113 1628 2165 consensu,
1660 2096 1744 2152 vel
1787 2097 2034 2152 fratrum

391 2203 527 2258 pars
569 2184 795 2240 consilii
829 2184 1077 2240 sanioris
1128 2185 1457 2240 secundum
1504 2185 1605 2240 Dei
1656 2186 1947 2251 timorem,
1981 2189 2034 2242 et

391 2275 543 2330 beati
575 2274 868 2330 Benedicti
899 2273 1159 2346 regulam
1191 2273 1486 2345 elegerint.
1521 2274 1808 2339 Ghrisma,
1843 2274 2034 2329 oleum

391 2363 1154 2430 sanctum,consecrationes
1187 2362 1611 2431 altarium,sive
1634 2362 2032 2428 basilicarum,

391 2453 784 2508 ordinationes
799 2451 1140 2507 clericorum
1158 2451 1266 2506 loci
1282 2451 1454 2507 vestri
1470 2469 1570 2507 seu
1586 2451 2031 2518 monachorum,

390 2541 490 2612 qui
523 2542 596 2596 ad
627 2557 822 2596 sacros
855 2539 1072 2595 fuerint
1114 2540 1349 2595 ordines
1398 2541 1794 2612 promovendi,
1828 2557 1862 2595 a
1893 2557 2032 2610 quo-

391 2646 622 2702 cunque
673 2628 977 2684 volueritis
1038 2629 1321 2684 catholico
1377 2629 1674 2699 accipietis
1741 2629 2031 2700 episcopo,

393 2719 545 2775 sicut
568 2735 601 2773 a
631 2717 933 2772 nonnullis
959 2717 1486 2787 praedecessor-ibus
1508 2717 1723 2772 nostris
1742 2721 2033 2772 monaste-

392 2807 477 2863 rio
500 2810 693 2861 vestro
709 2810 799 2860 est
821 2809 1260 2867 coneessum,et
1283 2821 1315 2858 a
1336 2804 1927 2875 comprovincialibus
1949 2809 2037 2860 est

392 2894 680 2967 episcopis
712 2894 1232 2949 conﬁrmatum.Ad
1265 2892 1385 2946 haec
1399 2892 1708 2962 adjicimus
1727 2897 1792 2948 ut
1823 2894 2037 2965 episco-

390 2999 597 3056 porum
629 2980 877 3053 quilibet
906 2980 1229 3036 claustrum
1262 2979 1480 3052 ipsum,
1513 2985 1570 3035 et
1619 2980 1737 3035 illic
1782 2981 2034 3036 Domino

390 3057 728 3137 servientes,
760 3068 1068 3124 temerario
1101 3073 1377 3135 ausu,aut
1406 3069 1529 3124 sine
1563 3071 1808 3124 Romani
1841 3072 2032 3142 ponti-

392 3159 517 3215 ﬁcis
546 3157 634 3214 vel
668 3158 982 3230 legatiejus
1012 3158 1312 3214 audientis
1342 3159 2033 3228 interdicere,velexcom~

2147 1926 2372 1982 Christo
2403 1924 2753 1980 charissima
2781 1923 3111 1996 Galburgis,
3127 1920 3451 1978 devotionis
3472 1924 3586 1976 tua:
3604 1918 3791 1990 preci-

2147 2015 2257 2070 bus
2306 2014 2618 2070 clementer
2672 2012 3011 2077 annuimus,
3068 2016 3126 2067 et
3182 2010 3362 2065 beatae
3416 2006 3790 2064 Scholasticaa

2144 2103 2387 2175 virginis
2420 2101 2864 2167 monasterium,
2898 2100 3012 2166 cui,
3047 2098 3294 2155 Domino
3326 2096 3790 2168 auetore,praesi-

2145 2194 2267 2258 des,
2293 2192 2446 2263 apud
2475 2190 2671 2244 villam
2704 2207 2830 2261 quae
2853 2188 3225 2244 Juviniacum
3257 2186 3473 2242 dicitur
3502 2184 3792 2240 constitu-

2143 2285 2290 2347 tum,
2326 2281 2436 2335 sub
2465 2277 2792 2349 apostolicae
2825 2278 2978 2333 sedis
3011 2275 3426 2348 protectionem
3459 2272 3792 2345 specialiter

2145 2369 2568 2424 confovendum
2601 2370 2902 2439 praesentis
2922 2365 3136 2421 decreti
3169 2363 3516 2419 auctoritate
3544 2361 3791 2433 suscipi-

2147 2457 2470 2521 mus.Quod
2502 2454 2767 2510 videlicet
2787 2453 3209 2509 monasterium
3226 2451 3469 2523 egregiae
3493 2449 3788 2504 memoriae

2145 2543 2476 2600 Bonifacius
2509 2542 2786 2606 marchio,
2819 2545 2875 2595 et
2904 2541 3033 2610 ejus
3063 2556 3209 2593 uxor
3253 2537 3499 2604 Beatrix,
3531 2552 3666 2590 cum
3697 2535 3788 2590 in-

2145 2633 2296 2705 signi
2329 2631 2448 2688 ﬁlia
2476 2648 2584 2687 sua
2614 2629 2853 2686 domina
2883 2627 3358 2692 Mathilde,beato
3391 2625 3557 2680 Petro
3587 2627 3645 2679 et
3671 2623 3790 2695 epi-

2144 2720 2338 2791 scopis
2386 2723 2596 2774 sancta:
2648 2718 2920 2773 Romanae
2965 2715 3230 2772 Ecclesiae
3279 2713 3638 2770 obtulerunt.
3681 2711 3791 2766 Per

2145 2808 2448 2879 praesentis
2478 2805 2951 2879 igiturprivilegii
2979 2805 3250 2877 paginam
3267 2800 3586 2874 apostolica
3597 2805 3791 2856 aucto-

2144 2897 2314 2952 ritate
2344 2896 2660 2951 statuimus
2693 2900 2758 2949 ut
2786 2894 3005 2966 quaevis
3036 2894 3241 2948 bonaa
3265 2889 3557 2962 praedictis
3581 2887 3791 2962 princi-

2145 2986 2318 3058 pibus
2351 2986 2538 3040 eidem
2573 2983 2927 3038 monasterio
2957 2981 3291 3048 data,ﬁrma
3320 2983 3377 3034 et
3407 2978 3791 3034 illibatasem-

2146 3090 2248 3146 per
2277 3077 2655 3146 permaneant
2688 3089 2699 3126 :
2736 3072 2865 3142 ipsa
2894 3069 3162 3125 videlicet
3188 3064 3621 3123 Juviniacensis
3651 3063 3790 3121 villa

2147 3163 2374 3234 integra
2399 3177 2532 3216 cum
2566 3159 2830 3231 utrisque
2849 3157 3260 3214 medietatibus
3290 3155 3696 3227 suis,quarum
3711 3153 3789 3208 a1-

393 3247 692 3304 municare
735 3263 847 3302 non
881 3247 1106 3312 debeat,
1140 3263 1328 3319 neque
1355 3248 1574 3302 caeteris
1606 3249 1675 3303 ad
1709 3266 1809 3304 vos
1860 3247 2041 3320 perti-'
2065 3228 2108 3296 C
2146 3255 2328 3306 teram
2363 3251 2636 3322 praefatus
2657 3228 2914 3303 marchio
2945 3251 3001 3302 et
3031 3246 3155 3315 ejus
3187 3246 3398 3316 eonjux
3428 3243 3487 3298 in
3507 3243 3626 3298 vita
3657 3259 3786 3308 sua,

392 3337 668 3393 nentibus
699 3336 841 3391 locis
874 3335 999 3391 sine
1030 3336 1411 3391 certiscausis
1437 3336 1838 3408 prazjudicium
1858 3354 2030 3391 cano-

393 3425 535 3480 nicse
567 3423 808 3480 ultionis
841 3424 1072 3480 inferre.
1109 3424 1318 3481 Missas
1361 3442 1492 3481 vero
1523 3425 1788 3498 publicas
1831 3429 2034 3496 prmter

392 3513 620 3570 abbatis
650 3520 706 3568 et
736 3514 978 3568 fratrum
1015 3512 1369 3570 voluntatem
1391 3514 1446 3568 in
1463 3514 1666 3569 eodem
1682 3513 2033 3569 monasterio

392 3620 494 3676 per
523 3602 862 3674 episcopum
894 3602 1195 3669 celebrari,
1233 3607 1333 3657 aut
1362 3603 1643 3658 stationes
1677 3603 1820 3666 ﬁeri,
1842 3602 1929 3657 vel
1962 3602 2032 3657 ad

391 3691 647 3771 agendas
678 3707 886 3746 causas
919 3689 1228 3762 populares
1254 3695 1573 3746 conventus
1593 3691 2035 3763 aggregaripro-

391 3779 684 3847 bibemus,
717 3796 789 3834 ne
823 3781 879 3832 in
915 3795 1213 3834 servorum
1247 3779 1347 3834 Dei
1378 3779 1708 3834 recessibus
1738 3779 2032 3850 populari-

391 3869 501 3923 bus
532 3869 758 3923 occasio
783 3868 1107 3939 praaheatur
1122 3867 1239 3922 ulla
1254 3867 2036 3939 conventibus.Sepulturam

393 3972 627 4026 quoque
649 3956 910 4025 ejusdem
927 3953 1033 4009 loci
1051 3955 1288 4010 omnino
1308 3954 1548 4009 liberam
1567 3972 1693 4010 esse
1715 3955 2034 4022 sancimus,

393 4049 458 4099 ut
483 4059 686 4099 eorum
717 4044 814 4114 qui
848 4042 965 4097 illic
998 4042 1228 4114 sepeliri
1252 4042 2035 4110 deliberaverint,devotioni,

393 4139 451 4189 et
506 4137 773 4188 extremae
828 4131 1130 4197 voluntati,
1192 4132 1304 4186 nisi
1364 4133 1842 4188 exeommunicati
1899 4133 2035 4203 sint,

393 4221 593 4277 nullus
621 4221 885 4276 obsistat.
921 4221 978 4274 Si
1012 4237 1127 4292 qua
1158 4221 1335 4293 igitur
1367 4221 1424 4274 in
1477 4221 1802 4278 crastinum
1852 4222 2040 4278 eccle-

395 4309 630 4365 siastica
663 4309 1028 4364 szecularisve
1061 4309 1510 4380 persona,hujus
1532 4311 1743 4366 decreti
1768 4312 2040 4383 paginam

396 4399 586 4454 sciens
617 4401 815 4453 contra
847 4414 976 4452 eam
995 4402 1213 4453 temere
1242 4398 1432 4454 venire
1452 4400 2040 4466 tentaverit,secundo

394 4485 635 4542 tertiove
661 4487 1036 4554 commonita,
1073 4488 1120 4542 si
1173 4504 1285 4544 non
1338 4487 1734 4544 satisfactione
1783 4506 2042 4562 congrua

2141 3339 2379 3396 alteram
2430 3343 2561 3410 post
2609 3337 2833 3392 obitum
2882 3352 3083 3390 eorum
3135 3333 3436 3388 eomitissa
3484 3330 3785 3387 Mathildis

2141 3429 2320 3484 beatae
2350 3425 2716 3482 Scholasticae
2749 3424 3057 3480 tradidisse
3087 3420 3786 3495 cognosciturzltemonis

2140 3517 2276 3572 villa
2306 3533 2440 3571 cum
2473 3513 2841 3587 pertinentiis
2875 3513 3002 3568 suis
3045 3516 3102 3567 et
3127 3510 3472 3578 redditibus,
3500 3509 3786 3566 medietas

2141 3605 2290 3661 villae
2319 3603 2575 3660 Verinoli
2607 3602 2825 3675 Magni,
2856 3601 3027 3657 Yreia
3057 3617 3189 3656 cum
3223 3600 3456 3656 duabus
3501 3597 3786 3664 ecclesiis,

2144 3693 2385 3750 Bosonis
2411 3692 2549 3748 villa
2571 3709 2699 3747 cum
2725 3689 3087 3764 appendiciis
3104 3686 3791 3745 suis.MinusVirolinum

2143 3782 2421 3849 totum,in
2451 3779 2591 3836 villa
2619 3780 2865 3836 Vismoli
2890 3780 3081 3836 mansi
3113 3776 3509 3844 duodecim,in
3542 3774 3792 3831 Marccio

2147 3876 2262 3927 tres
2295 3870 2482 3926 mansi
2518 3885 2652 3923 cum
2685 3867 2947 3938 ecclesia,
2978 3868 3036 3922 in
3069 3864 3434 3938 Clymenecio
3465 3867 3623 3918 terra
3655 3879 3794 3917 eum

2146 3962 2354 4032 quarta
2379 3963 2539 4031 parte
2567 3957 2843 4024 ecclesiae,
2878 3956 2936 4010 in
2969 3955 3194 4010 Hastoit
3235 3952 3425 4008 mansi
3456 3955 3710 4024 quatuor
3738 3955 3798 4006 et

2145 4049 2317 4105 tertia
2347 4064 2482 4119 pars
2509 4045 2763 4102 ecclesiae
2790 4062 2924 4100 cum
2944 4042 3368 4106 molendino,in
3387 4040 3793 4097 Betruimansi

2148 4137 2264 4192 duo
2295 4152 2430 4190 cum
2461 4133 2725 4200 ecclesia,
2751 4134 2810 4188 in
2841 4131 3100 4188 Vellanis
3132 4130 3322 4186 mansi
3351 4131 3468 4185 duo
3499 4131 3556 4183 et
3586 4126 3794 4194 semis,

2150 4228 2309 4281 sexta
2337 4241 2472 4295 pars
2505 4221 2693 4278 mansi
2725 4220 2978 4276 ecclesiae
3009 4225 3066 4276 et
3093 4217 3409 4274 molendini
3441 4220 3498 4272 et
3526 4215 3798 4288 piscatio-

2151 4314 2242 4368 nis
2271 4332 2283 4380 ;
2317 4313 2376 4367 in
2409 4310 2784 4383 Gualkeringi
2817 4327 3060 4366 mansus
3091 4325 3266 4374 unus,
3303 4307 3457 4379 apud
3486 4306 3600 4361 Ase
3623 4305 3797 4376 juxta

2152 4402 2542 4457 Masenceium
2593 4404 2780 4465 terrae,
2826 4400 2979 4471 apud
3031 4398 3188 4454 aliud
3239 4398 3349 4451 Ase
3403 4397 3615 4467 quarta
3662 4410 3798 4464 pars

2152 4490 2533 4561 mansi,apud
2566 4487 2948 4543 Nemachium
2981 4483 3419 4555 mansus,apud
3452 4483 3597 4537 Ham
3631 4498 3798 4536 man-

395 4575 808 4641 emendaverit,
856 4576 1164 4647 potestatis
1213 4577 1567 4649 honorisque
1616 4577 1708 4631 sui
1759 4577 2041 4649 dignitate
2069 4595 2119 4661 D
2151 4595 2252 4634 sus
2279 4595 2413 4634 cum
2439 4580 2648 4649 quarta
2670 4581 2831 4648 parte
2851 4575 3106 4630 ecclesiae
3131 4579 3187 4630 et
3209 4571 3551 4629 molendini.
3578 4570 3798 4627 Conﬁr-

395 4669 608 4731 careat,
646 4681 926 4737 reamque
959 4681 1020 4720 se
1051 4665 1242 4722 divino
1266 4665 1492 4736 judicio
1537 4666 1782 4721 existere
1814 4667 1884 4720 de
1911 4682 2038 4737 per-

396 4759 620 4826 petrata
651 4753 960 4825 iniquitate
992 4757 1320 4826 cognoscat,
1351 4758 1406 4809 et
1436 4770 1469 4808 a
1489 4753 1890 4809 sacratissimo
1916 4771 2041 4810 cor-

397 4858 536 4916 pore
566 4860 630 4898 ac
662 4843 945 4914 sanguine
975 4843 1076 4897 Dei
1107 4849 1164 4898 et
1195 4841 1621 4898 Domininostri
1651 4842 1792 4896 Jesu
1824 4842 2039 4898 Christi

399 4931 586 4987 aliena
618 4933 736 4998 ﬁat,
774 4932 1025 5003 atquein
1057 4937 1312 4987 extremo
1345 4929 1608 4984 examine
1640 4929 1918 4986 districtae
1953 4932 2037 4987 ul-

397 5019 543 5076 tioni
592 5021 908 5092 subjaceat.
940 5022 1178 5076 Cunctis
1223 5022 1420 5072 autem
1472 5016 1662 5072 eidem
1711 5017 1835 5073 loco
1876 5021 2042 5089 justa

397 5109 763 5165 servantibus
794 5109 869 5165 sit
902 5127 1012 5180 pax
1042 5105 1472 5163 Domininostri
1505 5105 1642 5161 Jesu
1660 5106 2043 5181 Christi,qua-

394 5202 567 5254 tenus
597 5202 652 5254 et
681 5198 775 5254 hic
809 5200 1063 5252 lructum
1094 5198 1257 5251 bonae
1311 5192 1557 5248 actionis
1609 5195 1954 5267 percipiant,
1988 5203 2044 5254 et

403 5288 557 5359 apud
593 5287 923 5342 districtum
950 5285 1214 5356 judicem
1246 5282 1484 5354 praemia
1513 5286 1738 5338 internae
1769 5285 1929 5356 pacis
1961 5287 2046 5341 in-

395 5376 650 5431 veniant.
685 5376 891 5442 Amen,
929 5390 1120 5439 amen,
1156 5387 1346 5426 amen.

470 5464 682 5519 Datum
714 5463 772 5517 in
807 5461 1159 5516 monasterio
1209 5459 1406 5515 Sancti
1454 5460 1665 5532 zEgidii
1719 5464 1874 5534 apud
1925 5464 2044 5519 val-

398 5552 510 5607 lem
545 5551 942 5606 Flavinianam
975 5567 1076 5622 per
1112 5566 1352 5604 manum
1383 5549 1648 5618 Joannis,
1687 5557 1904 5608 sanctae
1936 5553 2044 5609 Ro-

401 5657 584 5696 manae
612 5638 879 5694 Ecclesia:
912 5639 1139 5696 diaconi
1170 5637 1606 5708 cardinalis,x1v
1646 5641 2045 5716 Kal.Augusti,

2151 4684 2381 4722 mamus
2412 4666 2584 4722 etiam
2602 4665 2763 4720 vobis
2785 4664 3086 4720 ecclesiam
3111 4665 3181 4719 de
3204 4661 3436 4718 Surreio
3461 4676 3595 4716 cum
3611 4659 3801 4714 alodio

2152 4762 2210 4812 et
2241 4754 2597 4824 municipiis,
2632 4769 2836 4807 novem
2893 4751 3175 4824 perticata
3202 4751 3504 4805 vinearum
3546 4748 3802 4812 Laesum,

2152 4841 2542 4915 quadraginta
2589 4845 2648 4896 et
2671 4846 2890 4911 septem
2921 4841 3192 4895 diurnata
3223 4839 3398 4894 bourn
3432 4837 3489 4892 in
3524 4835 3804 4892 Remoni-

2148 4931 2306 4998 villa,
2332 4947 2449 5001 qua
2480 4934 2582 4984 tua
2614 4930 2924 5002 prudentia
2955 4930 3025 4984 ab
3061 4928 3297 4984 Arluino
3330 4926 3516 4999 pretio
3564 4941 3802 4997 compa-

2151 5019 2612 5091 ravit.Quidquid
2635 5019 3080 5090 praetereaidem
3097 5019 3274 5072 beata:
3290 5013 3661 5072 Scholasticaa
3679 5030 3802 5068 mo-

2153 5107 2474 5164 nasterium
2490 5109 2627 5178 jure
2648 5107 3037 5179 possidet,aut
3057 5107 3113 5162 in
3138 5107 3401 5162 futurum
3423 5102 3805 5160 concessione

2153 5197 2516 5271 pontiﬁcum,
2571 5195 2918 5252 liberalitate
2968 5196 3323 5268 principum,
3366 5192 3455 5249 vel
3505 5189 3802 5247 oblatione

2154 5285 2413 5342 ﬁdelium
2457 5287 2618 5356 juste
2673 5289 2849 5358 atque
2906 5285 3182 5341 canonice
3255 5281 3468 5357 poterit
3526 5279 3800 5353 adipisci,

2155 5378 2346 5430 ratum
2375 5373 2536 5430 vobis
2566 5373 2915 5446 illatumque
2965 5373 3184 5429 servari
3235 5370 3558 5427 sancimus.
3591 5368 3800 5424 Decre-

2153 5464 2347 5520 vimus
2373 5479 2509 5534 ergo
2543 5467 2604 5517 ut
2637 5462 2784 5518 nulli
2815 5463 3054 5519 omnino
3076 5460 3385 5518 hominum
3418 5457 3596 5514 liceat
3626 5473 3804 5529 supra

2156 5553 2291 5609 dicti
2334 5551 2577 5608 coenobii
2623 5551 3135 5625 congregationem
3187 5554 3405 5606 temere
3435 5546 3800 5620 perturbare,

2159 5645 2260 5699 aut
2286 5643 2411 5713 ejus
2443 5640 2845 5714 possessiones
2879 5634 3806 5710 auferre,autoblata[al.,ablata]
