  <div class='ocr_page' id='page_1' title='image "/cluster/home/n/w/nwhite01/storage/ocr_20150623/151/umn.31951002477444s/305.png"; bbox 0 0 3958 6356; ppageno 0'>
   <div class='ocr_carea' id='block_1_1' title="bbox 411 383 531 454">
    <p class='ocr_par' dir='ltr' id='par_1_1' title="bbox 411 383 531 454">
     <span class='ocr_line' id='line_1_1' title="bbox 411 383 531 454; baseline 0.033 -5"><span class='ocrx_word' id='word_1_1' title='bbox 411 383 531 454; x_wconf 67' lang='grc' dir='ltr'><strong>ιτα</strong></span> 
     </span>
    </p>
   </div>
   <div class='ocr_carea' id='block_1_2' title="bbox 1717 380 2518 451">
    <p class='ocr_par' dir='ltr' id='par_1_2' title="bbox 1717 380 2518 451">
     <span class='ocr_line' id='line_1_2' title="bbox 1717 380 2518 451; baseline 0 -3"><span class='ocrx_word' id='word_1_2' title='bbox 1717 381 1788 448; x_wconf 75' lang='grc' dir='ltr'><strong>Β.</strong></span> <span class='ocrx_word' id='word_1_3' title='bbox 1835 381 2127 451; x_wconf 81' lang='lat' dir='ltr'><strong>URBANI</strong></span> <span class='ocrx_word' id='word_1_4' title='bbox 2169 380 2224 448; x_wconf 92' lang='lat' dir='ltr'><strong>II</strong></span> <span class='ocrx_word' id='word_1_5' title='bbox 2263 381 2518 450; x_wconf 66' lang='lat' dir='ltr'><strong>PAPIE.</strong></span> 
     </span>
    </p>
   </div>
   <div class='ocr_carea' id='block_1_3' title="bbox 409 518 3819 596">
    <p class='ocr_par' dir='ltr' id='par_1_3' title="bbox 409 518 3819 596">
     <span class='ocr_line' id='line_1_3' title="bbox 409 518 3819 596; baseline -0 -17"><span class='ocrx_word' id='word_1_6' title='bbox 409 519 736 596; x_wconf 72' lang='lat' dir='ltr'><strong>regularem</strong></span> <span class='ocrx_word' id='word_1_7' title='bbox 768 521 946 580; x_wconf 86' lang='lat' dir='ltr'><strong>vitam</strong></span> <span class='ocrx_word' id='word_1_8' title='bbox 976 519 1273 595; x_wconf 79' lang='lat' dir='ltr'><strong>professis,</strong></span> <span class='ocrx_word' id='word_1_9' title='bbox 1296 522 1352 576; x_wconf 89' lang='lat' dir='ltr'><strong>et</strong></span> <span class='ocrx_word' id='word_1_10' title='bbox 1379 535 1581 577; x_wconf 90' lang='lat' dir='ltr'><strong>eorum</strong></span> <span class='ocrx_word' id='word_1_11' title='bbox 1613 520 2050 578; x_wconf 83' lang='lat' dir='ltr'><strong>successoribus</strong></span> <span class='ocrx_word' id='word_1_12' title='bbox 2077 520 2133 589; x_wconf 74' lang='grc' dir='ltr'><strong>Α</strong></span> <span class='ocrx_word' id='word_1_13' title='bbox 2162 523 2226 576; x_wconf 91' lang='lat' dir='ltr'><strong>ut</strong></span> <span class='ocrx_word' id='word_1_14' title='bbox 2239 518 3022 595; x_wconf 69' lang='lat' dir='ltr'><strong>nullaeisergapraapositum</strong></span> <span class='ocrx_word' id='word_1_15' title='bbox 3035 521 3819 581; x_wconf 70' lang='lat' dir='ltr'><strong>suuminobedientimcansa</strong></span> 
     </span>
    </p>
   </div>
   <div class='ocr_carea' id='block_1_4' title="bbox 408 611 1792 686">
    <p class='ocr_par' dir='ltr' id='par_1_4' title="bbox 408 611 1792 686">
     <span class='ocr_line' id='line_1_4' title="bbox 408 611 1792 686; baseline -0.003 -16"><span class='ocrx_word' id='word_1_16' title='bbox 408 613 470 670; x_wconf 90' lang='lat' dir='ltr'><strong>in</strong></span> <span class='ocrx_word' id='word_1_17' title='bbox 504 613 706 670; x_wconf 87' lang='lat' dir='ltr'><strong>eadem</strong></span> <span class='ocrx_word' id='word_1_18' title='bbox 738 612 1019 686; x_wconf 82' lang='lat' dir='ltr'><strong>religione</strong></span> <span class='ocrx_word' id='word_1_19' title='bbox 1048 612 1288 668; x_wconf 85' lang='lat' dir='ltr'><strong>victuris</strong></span> <span class='ocrx_word' id='word_1_20' title='bbox 1342 611 1400 666; x_wconf 92' lang='lat' dir='ltr'><strong>in</strong></span> <span class='ocrx_word' id='word_1_21' title='bbox 1433 614 1792 684; x_wconf 86' lang='lat' dir='ltr'><strong>perpetuam.</strong></span> 
     </span>
    </p>
   </div>
   <div class='ocr_carea' id='block_1_5' title="bbox 481 699 2054 774">
    <p class='ocr_par' dir='ltr' id='par_1_5' title="bbox 481 699 2054 774">
     <span class='ocr_line' id='line_1_5' title="bbox 481 699 2054 774; baseline -0.003 -15"><span class='ocrx_word' id='word_1_22' title='bbox 481 703 646 759; x_wconf 86' lang='lat' dir='ltr'><strong>Sicut</strong></span> <span class='ocrx_word' id='word_1_23' title='bbox 674 703 894 774; x_wconf 85' lang='lat' dir='ltr'><strong>injusta</strong></span> <span class='ocrx_word' id='word_1_24' title='bbox 920 701 1294 773; x_wconf 90' lang='lat' dir='ltr'><strong>poscentibus</strong></span> <span class='ocrx_word' id='word_1_25' title='bbox 1343 699 1540 756; x_wconf 90' lang='lat' dir='ltr'><strong>nullus</strong></span> <span class='ocrx_word' id='word_1_26' title='bbox 1589 704 1677 755; x_wconf 87' lang='lat' dir='ltr'><strong>est</strong></span> <span class='ocrx_word' id='word_1_27' title='bbox 1708 699 2054 755; x_wconf 89' lang='lat' dir='ltr'><strong>tribuendus</strong></span> 
     </span>
    </p>
   </div>
   <div class='ocr_carea' id='block_1_6' title="bbox 409 789 2052 863">
    <p class='ocr_par' dir='ltr' id='par_1_6' title="bbox 409 789 2052 863">
     <span class='ocr_line' id='line_1_6' title="bbox 409 789 2052 863; baseline -0.002 -15"><span class='ocrx_word' id='word_1_28' title='bbox 409 791 757 857; x_wconf 61' lang='lat' dir='ltr'><strong>effectusdta</strong></span> <span class='ocrx_word' id='word_1_29' title='bbox 779 791 1041 863; x_wconf 88' lang='lat' dir='ltr'><strong>legitima</strong></span> <span class='ocrx_word' id='word_1_30' title='bbox 1062 789 1522 846; x_wconf 77' lang='lat' dir='ltr'><strong>desiderantium</strong></span> <span class='ocrx_word' id='word_1_31' title='bbox 1547 806 1661 844; x_wconf 93' lang='lat' dir='ltr'><strong>non</strong></span> <span class='ocrx_word' id='word_1_32' title='bbox 1675 794 1763 844; x_wconf 88' lang='lat' dir='ltr'><strong>est</strong></span> <span class='ocrx_word' id='word_1_33' title='bbox 1783 789 2052 844; x_wconf 71' lang='lat' dir='ltr'><strong>differen-</strong></span> 
     </span>
    </p>
   </div>
   <div class='ocr_carea' id='block_1_7' title="bbox 408 877 2053 954">
    <p class='ocr_par' dir='ltr' id='par_1_7' title="bbox 408 877 2053 954">
     <span class='ocr_line' id='line_1_7' title="bbox 408 877 2053 954; baseline -0.002 -20"><span class='ocrx_word' id='word_1_34' title='bbox 408 883 484 934; x_wconf 86' lang='lat' dir='ltr'><strong>da</strong></span> <span class='ocrx_word' id='word_1_35' title='bbox 507 879 974 954; x_wconf 88' lang='lat' dir='ltr'><strong>petitio.Querela</strong></span> <span class='ocrx_word' id='word_1_36' title='bbox 1006 877 1550 950; x_wconf 69' lang='lat' dir='ltr'><strong>siquidemillaquo&#39;e</strong></span> <span class='ocrx_word' id='word_1_37' title='bbox 1570 878 1720 932; x_wconf 91' lang='lat' dir='ltr'><strong>inter</strong></span> <span class='ocrx_word' id='word_1_38' title='bbox 1740 893 1841 931; x_wconf 92' lang='lat' dir='ltr'><strong>vos</strong></span> <span class='ocrx_word' id='word_1_39' title='bbox 1866 881 1922 931; x_wconf 90' lang='lat' dir='ltr'><strong>et</strong></span> <span class='ocrx_word' id='word_1_40' title='bbox 1941 877 2053 931; x_wconf 86' lang='lat' dir='ltr'><strong>fra-</strong></span> 
     </span>
    </p>
   </div>
   <div class='ocr_carea' id='block_1_8' title="bbox 407 965 2053 1037">
    <p class='ocr_par' dir='ltr' id='par_1_8' title="bbox 407 965 2053 1037">
     <span class='ocr_line' id='line_1_8' title="bbox 407 965 2053 1037; baseline -0.002 -14"><span class='ocrx_word' id='word_1_41' title='bbox 407 974 556 1027; x_wconf 84' lang='lat' dir='ltr'><strong>trem</strong></span> <span class='ocrx_word' id='word_1_42' title='bbox 583 973 850 1025; x_wconf 89' lang='lat' dir='ltr'><strong>nostrum</strong></span> <span class='ocrx_word' id='word_1_43' title='bbox 892 968 1180 1033; x_wconf 89' lang='lat' dir='ltr'><strong>Isarnum,</strong></span> <span class='ocrx_word' id='word_1_44' title='bbox 1213 967 1568 1022; x_wconf 81' lang='lat' dir='ltr'><strong>Tolosanum</strong></span> <span class='ocrx_word' id='word_1_45' title='bbox 1601 966 1958 1037; x_wconf 88' lang='lat' dir='ltr'><strong>episcopum,</strong></span> <span class='ocrx_word' id='word_1_46' title='bbox 1982 965 2053 1020; x_wconf 93' lang='lat' dir='ltr'><strong>de</strong></span> 
     </span>
    </p>
   </div>
   <div class='ocr_carea' id='block_1_9' title="bbox 406 1052 2052 1126">
    <p class='ocr_par' dir='ltr' id='par_1_9' title="bbox 406 1052 2052 1126">
     <span class='ocr_line' id='line_1_9' title="bbox 406 1052 2052 1126; baseline -0.004 -11"><span class='ocrx_word' id='word_1_47' title='bbox 406 1059 768 1116; x_wconf 88' lang='lat' dir='ltr'><strong>oblationum</strong></span> <span class='ocrx_word' id='word_1_48' title='bbox 801 1056 1002 1112; x_wconf 88' lang='lat' dir='ltr'><strong>altaris</strong></span> <span class='ocrx_word' id='word_1_49' title='bbox 1032 1059 1089 1110; x_wconf 91' lang='lat' dir='ltr'><strong>et</strong></span> <span class='ocrx_word' id='word_1_50' title='bbox 1117 1054 1370 1110; x_wconf 71' lang='lat' dir='ltr'><strong>ecclesiae</strong></span> <span class='ocrx_word' id='word_1_51' title='bbox 1393 1058 1557 1126; x_wconf 85' lang='lat' dir='ltr'><strong>parte</strong></span> <span class='ocrx_word' id='word_1_52' title='bbox 1589 1058 1795 1125; x_wconf 86' lang='lat' dir='ltr'><strong>quarta</strong></span> <span class='ocrx_word' id='word_1_53' title='bbox 1815 1052 2052 1124; x_wconf 79' lang='lat' dir='ltr'><strong>prolixis</strong></span> 
     </span>
    </p>
   </div>
   <div class='ocr_carea' id='block_1_10' title="bbox 405 1132 2051 1218">
    <p class='ocr_par' dir='ltr' id='par_1_10' title="bbox 405 1132 2051 1218">
     <span class='ocr_line' id='line_1_10' title="bbox 405 1132 2051 1218; baseline -0.004 -15"><span class='ocrx_word' id='word_1_54' title='bbox 405 1146 773 1218; x_wconf 81' lang='lat' dir='ltr'><strong>temporibus</strong></span> <span class='ocrx_word' id='word_1_55' title='bbox 803 1145 1084 1216; x_wconf 80' lang='lat' dir='ltr'><strong>agebatur</strong></span> <span class='ocrx_word' id='word_1_56' title='bbox 1115 1159 1214 1215; x_wconf 90' lang='lat' dir='ltr'><strong>per</strong></span> <span class='ocrx_word' id='word_1_57' title='bbox 1239 1132 1653 1213; x_wconf 82' lang='lat' dir='ltr'><strong>omnipotentis</strong></span> <span class='ocrx_word' id='word_1_58' title='bbox 1684 1142 1780 1197; x_wconf 91' lang='lat' dir='ltr'><strong>Dei</strong></span> <span class='ocrx_word' id='word_1_59' title='bbox 1805 1141 2051 1214; x_wconf 81' lang='lat' dir='ltr'><strong>gratiam</strong></span> 
     </span>
    </p>
   </div>
   <div class='ocr_carea' id='block_1_11' title="bbox 405 1230 2053 1310">
    <p class='ocr_par' dir='ltr' id='par_1_11' title="bbox 405 1230 2053 1310">
     <span class='ocr_line' id='line_1_11' title="bbox 405 1230 2053 1310; baseline -0.004 -18"><span class='ocrx_word' id='word_1_60' title='bbox 405 1234 792 1310; x_wconf 65' lang='lat' dir='ltr'><strong>praesentibus</strong></span> <span class='ocrx_word' id='word_1_61' title='bbox 822 1232 992 1288; x_wconf 91' lang='lat' dir='ltr'><strong>nobis</strong></span> <span class='ocrx_word' id='word_1_62' title='bbox 1023 1233 1134 1299; x_wconf 91' lang='grc'>(17)</span> <span class='ocrx_word' id='word_1_63' title='bbox 1165 1231 1485 1303; x_wconf 86' lang='lat' dir='ltr'><strong>synodique</strong></span> <span class='ocrx_word' id='word_1_64' title='bbox 1533 1235 1624 1286; x_wconf 90' lang='lat' dir='ltr'><strong>est</strong></span> <span class='ocrx_word' id='word_1_65' title='bbox 1663 1230 1886 1302; x_wconf 89' lang='lat' dir='ltr'><strong>judicio</strong></span> <span class='ocrx_word' id='word_1_66' title='bbox 1929 1247 2053 1302; x_wconf 87' lang='lat' dir='ltr'><strong>per-</strong></span> 
     </span>
    </p>
   </div>
   <div class='ocr_carea' id='block_1_12' title="bbox 403 1319 2054 1392">
    <p class='ocr_par' dir='ltr' id='par_1_12' title="bbox 403 1319 2054 1392">
     <span class='ocr_line' id='line_1_12' title="bbox 403 1319 2054 1392; baseline -0.003 -12"><span class='ocrx_word' id='word_1_67' title='bbox 403 1327 651 1380; x_wconf 81' lang='lat' dir='ltr'><strong>tractata</strong></span> <span class='ocrx_word' id='word_1_68' title='bbox 679 1325 735 1377; x_wconf 91' lang='lat' dir='ltr'><strong>et</strong></span> <span class='ocrx_word' id='word_1_69' title='bbox 763 1320 1156 1392; x_wconf 88' lang='lat' dir='ltr'><strong>legitimorum</strong></span> <span class='ocrx_word' id='word_1_70' title='bbox 1205 1319 1442 1374; x_wconf 88' lang='lat' dir='ltr'><strong>testium</strong></span> <span class='ocrx_word' id='word_1_71' title='bbox 1491 1319 1590 1390; x_wconf 90' lang='lat' dir='ltr'><strong>qui</strong></span> <span class='ocrx_word' id='word_1_72' title='bbox 1643 1319 1949 1374; x_wconf 84' lang='lat' dir='ltr'><strong>audierant</strong></span> <span class='ocrx_word' id='word_1_73' title='bbox 1998 1324 2054 1375; x_wconf 91' lang='lat' dir='ltr'><strong>et</strong></span> 
     </span>
    </p>
   </div>
   <div class='ocr_carea' id='block_1_13' title="bbox 403 1407 2051 1480">
    <p class='ocr_par' dir='ltr' id='par_1_13' title="bbox 403 1407 2051 1480">
     <span class='ocr_line' id='line_1_13' title="bbox 403 1407 2051 1480; baseline -0.002 -12"><span class='ocrx_word' id='word_1_74' title='bbox 403 1413 669 1468; x_wconf 86' lang='lat' dir='ltr'><strong>viderant</strong></span> <span class='ocrx_word' id='word_1_75' title='bbox 691 1409 1078 1480; x_wconf 87' lang='lat' dir='ltr'><strong>jurejurando</strong></span> <span class='ocrx_word' id='word_1_76' title='bbox 1112 1407 1276 1462; x_wconf 84' lang='lat' dir='ltr'><strong>ﬁnita</strong></span> <span class='ocrx_word' id='word_1_77' title='bbox 1295 1407 1608 1462; x_wconf 90' lang='lat' dir='ltr'><strong>est.Patuit</strong></span> <span class='ocrx_word' id='word_1_78' title='bbox 1627 1407 1781 1462; x_wconf 90' lang='lat' dir='ltr'><strong>enim</strong></span> <span class='ocrx_word' id='word_1_79' title='bbox 1812 1407 2051 1464; x_wconf 86' lang='lat' dir='ltr'><strong>clericos</strong></span> 
     </span>
    </p>
   </div>
   <div class='ocr_carea' id='block_1_14' title="bbox 403 1495 2051 1572">
    <p class='ocr_par' dir='ltr' id='par_1_14' title="bbox 403 1495 2051 1572">
     <span class='ocr_line' id='line_1_14' title="bbox 403 1495 2051 1572; baseline -0.002 -17"><span class='ocrx_word' id='word_1_80' title='bbox 403 1500 720 1572; x_wconf 86' lang='lat' dir='ltr'><strong>quondam,</strong></span> <span class='ocrx_word' id='word_1_81' title='bbox 753 1497 852 1569; x_wconf 89' lang='lat' dir='ltr'><strong>qui</strong></span> <span class='ocrx_word' id='word_1_82' title='bbox 885 1497 1039 1568; x_wconf 86' lang='lat' dir='ltr'><strong>apud</strong></span> <span class='ocrx_word' id='word_1_83' title='bbox 1074 1495 1224 1550; x_wconf 86' lang='lat' dir='ltr'><strong>beati</strong></span> <span class='ocrx_word' id='word_1_84' title='bbox 1256 1495 1555 1550; x_wconf 89' lang='lat' dir='ltr'><strong>Saturnini</strong></span> <span class='ocrx_word' id='word_1_85' title='bbox 1581 1495 1885 1552; x_wconf 87' lang='lat' dir='ltr'><strong>ecclesiam</strong></span> <span class='ocrx_word' id='word_1_86' title='bbox 1916 1500 2051 1551; x_wconf 86' lang='lat' dir='ltr'><strong>ante</strong></span> 
     </span>
    </p>
   </div>
   <div class='ocr_carea' id='block_1_15' title="bbox 400 1583 2050 1659">
    <p class='ocr_par' dir='ltr' id='par_1_15' title="bbox 400 1583 2050 1659">
     <span class='ocr_line' id='line_1_15' title="bbox 400 1583 2050 1659; baseline -0.002 -15"><span class='ocrx_word' id='word_1_87' title='bbox 400 1593 590 1645; x_wconf 84' lang='lat' dir='ltr'><strong>vestra</strong></span> <span class='ocrx_word' id='word_1_88' title='bbox 601 1591 864 1659; x_wconf 81' lang='lat' dir='ltr'><strong>tempora</strong></span> <span class='ocrx_word' id='word_1_89' title='bbox 876 1585 1020 1639; x_wconf 87' lang='lat' dir='ltr'><strong>citra</strong></span> <span class='ocrx_word' id='word_1_90' title='bbox 1031 1585 1370 1639; x_wconf 89' lang='lat' dir='ltr'><strong>canonicam</strong></span> <span class='ocrx_word' id='word_1_91' title='bbox 1384 1583 1756 1656; x_wconf 88' lang='lat' dir='ltr'><strong>disciplinam</strong></span> <span class='ocrx_word' id='word_1_92' title='bbox 1769 1583 2050 1653; x_wconf 88' lang='lat' dir='ltr'><strong>vixerant,</strong></span> 
     </span>
    </p>
   </div>
   <div class='ocr_carea' id='block_1_16' title="bbox 399 1673 2051 1742">
    <p class='ocr_par' dir='ltr' id='par_1_16' title="bbox 399 1673 2051 1742">
     <span class='ocr_line' id='line_1_16' title="bbox 399 1673 2051 1742; baseline -0.002 -9"><span class='ocrx_word' id='word_1_93' title='bbox 399 1676 760 1733; x_wconf 88' lang='lat' dir='ltr'><strong>oblationum</strong></span> <span class='ocrx_word' id='word_1_94' title='bbox 776 1673 975 1729; x_wconf 86' lang='lat' dir='ltr'><strong>altaris</strong></span> <span class='ocrx_word' id='word_1_95' title='bbox 987 1690 1086 1728; x_wconf 88' lang='lat' dir='ltr'><strong>seu</strong></span> <span class='ocrx_word' id='word_1_96' title='bbox 1105 1673 1359 1728; x_wconf 80' lang='lat' dir='ltr'><strong>ecclesiae</strong></span> <span class='ocrx_word' id='word_1_97' title='bbox 1382 1677 1436 1726; x_wconf 92' lang='lat' dir='ltr'><strong>ct</strong></span> <span class='ocrx_word' id='word_1_98' title='bbox 1459 1677 1724 1742; x_wconf 89' lang='lat' dir='ltr'><strong>quartam</strong></span> <span class='ocrx_word' id='word_1_99' title='bbox 1738 1676 1795 1728; x_wconf 89' lang='lat' dir='ltr'><strong>et</strong></span> <span class='ocrx_word' id='word_1_100' title='bbox 1815 1677 2051 1730; x_wconf 69' lang='lat' dir='ltr'><strong>caeteras</strong></span> 
     </span>
    </p>
   </div>
   <div class='ocr_carea' id='block_1_17' title="bbox 401 1760 2048 1839">
    <p class='ocr_par' dir='ltr' id='par_1_17' title="bbox 401 1760 2048 1839">
     <span class='ocr_line' id='line_1_17' title="bbox 401 1760 2048 1839; baseline -0.004 -17"><span class='ocrx_word' id='word_1_101' title='bbox 401 1765 696 1839; x_wconf 83' lang='lat' dir='ltr'><strong>portiones</strong></span> <span class='ocrx_word' id='word_1_102' title='bbox 711 1764 967 1834; x_wconf 89' lang='lat' dir='ltr'><strong>integras</strong></span> <span class='ocrx_word' id='word_1_103' title='bbox 987 1760 1433 1825; x_wconf 88' lang='lat' dir='ltr'><strong>tenuisse.Quod</strong></span> <span class='ocrx_word' id='word_1_104' title='bbox 1457 1760 1722 1815; x_wconf 87' lang='lat' dir='ltr'><strong>videlicet</strong></span> <span class='ocrx_word' id='word_1_105' title='bbox 1739 1767 1878 1816; x_wconf 90' lang='lat' dir='ltr'><strong>tunc</strong></span> <span class='ocrx_word' id='word_1_106' title='bbox 1903 1765 2048 1816; x_wconf 85' lang='lat' dir='ltr'><strong>tem-</strong></span> 
     </span>
    </p>
   </div>
   <div class='ocr_carea' id='block_1_18' title="bbox 401 1849 2126 1953">
    <p class='ocr_par' dir='ltr' id='par_1_18' title="bbox 401 1849 2126 1953">
     <span class='ocr_line' id='line_1_18' title="bbox 401 1849 2126 1953; baseline -0.002 -44"><span class='ocrx_word' id='word_1_107' title='bbox 401 1855 561 1927; x_wconf 88' lang='lat' dir='ltr'><strong>poris</strong></span> <span class='ocrx_word' id='word_1_108' title='bbox 588 1853 671 1907; x_wconf 89' lang='lat' dir='ltr'><strong>ita</strong></span> <span class='ocrx_word' id='word_1_109' title='bbox 699 1854 894 1906; x_wconf 89' lang='lat' dir='ltr'><strong>actum</strong></span> <span class='ocrx_word' id='word_1_110' title='bbox 944 1850 1120 1904; x_wconf 89' lang='lat' dir='ltr'><strong>etiam</strong></span> <span class='ocrx_word' id='word_1_111' title='bbox 1171 1853 1303 1903; x_wconf 87' lang='lat' dir='ltr'><strong>ante</strong></span> <span class='ocrx_word' id='word_1_112' title='bbox 1352 1850 1595 1904; x_wconf 89' lang='lat' dir='ltr'><strong>testium</strong></span> <span class='ocrx_word' id='word_1_113' title='bbox 1647 1849 2046 1919; x_wconf 85' lang='lat' dir='ltr'><strong>probationem</strong></span> <span class='ocrx_word' id='word_1_114' title='bbox 2079 1887 2126 1953; x_wconf 77' lang='grc' dir='ltr'>Β</span> 
     </span>
    </p>
   </div>
   <div class='ocr_carea' id='block_1_19' title="bbox 399 1938 2043 2014">
    <p class='ocr_par' dir='ltr' id='par_1_19' title="bbox 399 1938 2043 2014">
     <span class='ocr_line' id='line_1_19' title="bbox 399 1938 2043 2014; baseline -0.003 -15"><span class='ocrx_word' id='word_1_115' title='bbox 399 1943 648 2014; x_wconf 89' lang='lat' dir='ltr'><strong>ipsemet</strong></span> <span class='ocrx_word' id='word_1_116' title='bbox 675 1940 982 2011; x_wconf 89' lang='lat' dir='ltr'><strong>episcopus</strong></span> <span class='ocrx_word' id='word_1_117' title='bbox 1014 1938 1616 2001; x_wconf 84' lang='lat' dir='ltr'><strong>fatebatur.Quoniam</strong></span> <span class='ocrx_word' id='word_1_118' title='bbox 1649 1942 1779 1992; x_wconf 86' lang='lat' dir='ltr'><strong>ante</strong></span> <span class='ocrx_word' id='word_1_119' title='bbox 1810 1939 2043 1994; x_wconf 89' lang='lat' dir='ltr'><strong>Petrum</strong></span> 
     </span>
    </p>
   </div>
   <div class='ocr_carea' id='block_1_20' title="bbox 399 2025 2044 2103">
    <p class='ocr_par' dir='ltr' id='par_1_20' title="bbox 399 2025 2044 2103">
     <span class='ocr_line' id='line_1_20' title="bbox 399 2025 2044 2103; baseline -0.002 -16"><span class='ocrx_word' id='word_1_120' title='bbox 399 2028 991 2103; x_wconf 82' lang='lat' dir='ltr'><strong>Rogeri,Tolosanum</strong></span> <span class='ocrx_word' id='word_1_121' title='bbox 1013 2026 1476 2097; x_wconf 79' lang='lat' dir='ltr'><strong>episcOpum,qui</strong></span> <span class='ocrx_word' id='word_1_122' title='bbox 1504 2025 1824 2082; x_wconf 87' lang='lat' dir='ltr'><strong>oblationes</strong></span> <span class='ocrx_word' id='word_1_123' title='bbox 1841 2044 2044 2084; x_wconf 91' lang='lat' dir='ltr'><strong>omnes</strong></span> 
     </span>
    </p>
   </div>
   <div class='ocr_carea' id='block_1_21' title="bbox 397 2114 2042 2185">
    <p class='ocr_par' dir='ltr' id='par_1_21' title="bbox 397 2114 2042 2185">
     <span class='ocr_line' id='line_1_21' title="bbox 397 2114 2042 2185; baseline -0.001 -11"><span class='ocrx_word' id='word_1_124' title='bbox 397 2130 577 2176; x_wconf 85' lang='lat' dir='ltr'><strong>causa</strong></span> <span class='ocrx_word' id='word_1_125' title='bbox 606 2116 957 2172; x_wconf 57' lang='lat' dir='ltr'><strong>aediﬁcandae</strong></span> <span class='ocrx_word' id='word_1_126' title='bbox 1003 2131 1162 2170; x_wconf 82' lang='lat' dir='ltr'><strong>novae</strong></span> <span class='ocrx_word' id='word_1_127' title='bbox 1194 2114 1446 2170; x_wconf 75' lang='lat' dir='ltr'><strong>basilicae</strong></span> <span class='ocrx_word' id='word_1_128' title='bbox 1476 2114 1770 2185; x_wconf 81' lang='lat' dir='ltr'><strong>recollegit</strong></span> <span class='ocrx_word' id='word_1_129' title='bbox 1818 2116 1876 2170; x_wconf 91' lang='lat' dir='ltr'><strong>in</strong></span> <span class='ocrx_word' id='word_1_130' title='bbox 1918 2117 2042 2173; x_wconf 90' lang='lat' dir='ltr'><strong>suis</strong></span> 
     </span>
    </p>
   </div>
   <div class='ocr_carea' id='block_1_22' title="bbox 395 2202 2041 2264">
    <p class='ocr_par' dir='ltr' id='par_1_22' title="bbox 395 2202 2041 2264">
     <span class='ocr_line' id='line_1_22' title="bbox 395 2202 2041 2264; baseline -0.002 0"><span class='ocrx_word' id='word_1_131' title='bbox 395 2207 671 2264; x_wconf 87' lang='lat' dir='ltr'><strong>domibus</strong></span> <span class='ocrx_word' id='word_1_132' title='bbox 727 2206 982 2259; x_wconf 88' lang='lat' dir='ltr'><strong>viventes</strong></span> <span class='ocrx_word' id='word_1_133' title='bbox 1061 2203 1255 2258; x_wconf 90' lang='lat' dir='ltr'><strong>clerici</strong></span> <span class='ocrx_word' id='word_1_134' title='bbox 1313 2202 1490 2258; x_wconf 91' lang='lat' dir='ltr'><strong>libere</strong></span> <span class='ocrx_word' id='word_1_135' title='bbox 1531 2204 1686 2259; x_wconf 90' lang='lat' dir='ltr'><strong>Beati</strong></span> <span class='ocrx_word' id='word_1_136' title='bbox 1742 2204 2041 2261; x_wconf 84' lang='lat' dir='ltr'><strong>Saturnini</strong></span> 
     </span>
    </p>
   </div>
   <div class='ocr_carea' id='block_1_23' title="bbox 394 2293 2044 2366">
    <p class='ocr_par' dir='ltr' id='par_1_23' title="bbox 394 2293 2044 2366">
     <span class='ocr_line' id='line_1_23' title="bbox 394 2293 2044 2366; baseline -0.001 -13"><span class='ocrx_word' id='word_1_137' title='bbox 394 2295 788 2353; x_wconf 86' lang='lat' dir='ltr'><strong>oblationibus</strong></span> <span class='ocrx_word' id='word_1_138' title='bbox 823 2294 1182 2349; x_wconf 82' lang='lat' dir='ltr'><strong>fruebantur.</strong></span> <span class='ocrx_word' id='word_1_139' title='bbox 1214 2293 1486 2364; x_wconf 88' lang='lat' dir='ltr'><strong>Iniquum</strong></span> <span class='ocrx_word' id='word_1_140' title='bbox 1519 2295 1712 2366; x_wconf 88' lang='lat' dir='ltr'><strong>itaque</strong></span> <span class='ocrx_word' id='word_1_141' title='bbox 1729 2295 1919 2350; x_wconf 83' lang='lat' dir='ltr'><strong>visum</strong></span> <span class='ocrx_word' id='word_1_142' title='bbox 1955 2301 2044 2351; x_wconf 88' lang='lat' dir='ltr'><strong>est</strong></span> 
     </span>
    </p>
   </div>
   <div class='ocr_carea' id='block_1_24' title="bbox 394 2382 2043 2458">
    <p class='ocr_par' dir='ltr' id='par_1_24' title="bbox 394 2382 2043 2458">
     <span class='ocr_line' id='line_1_24' title="bbox 394 2382 2043 2458; baseline -0.001 -17"><span class='ocrx_word' id='word_1_143' title='bbox 394 2391 460 2442; x_wconf 92' lang='lat' dir='ltr'><strong>ut</strong></span> <span class='ocrx_word' id='word_1_144' title='bbox 491 2386 646 2458; x_wconf 89' lang='lat' dir='ltr'><strong>quod</strong></span> <span class='ocrx_word' id='word_1_145' title='bbox 670 2383 1048 2440; x_wconf 82' lang='lat' dir='ltr'><strong>saecularibus</strong></span> <span class='ocrx_word' id='word_1_146' title='bbox 1064 2383 1291 2438; x_wconf 88' lang='lat' dir='ltr'><strong>clericis</strong></span> <span class='ocrx_word' id='word_1_147' title='bbox 1309 2383 1627 2440; x_wconf 88' lang='lat' dir='ltr'><strong>anteriores</strong></span> <span class='ocrx_word' id='word_1_148' title='bbox 1649 2382 1903 2456; x_wconf 89' lang='lat' dir='ltr'><strong>episcopi</strong></span> <span class='ocrx_word' id='word_1_149' title='bbox 1921 2400 2043 2456; x_wconf 87' lang='lat' dir='ltr'><strong>per-</strong></span> 
     </span>
    </p>
   </div>
   <div class='ocr_carea' id='block_1_25' title="bbox 393 2471 2041 2544">
    <p class='ocr_par' dir='ltr' id='par_1_25' title="bbox 393 2471 2041 2544">
     <span class='ocr_line' id='line_1_25' title="bbox 393 2471 2041 2544; baseline -0.001 -13"><span class='ocrx_word' id='word_1_150' title='bbox 393 2474 674 2532; x_wconf 79' lang='lat' dir='ltr'><strong>miserunt</strong></span> <span class='ocrx_word' id='word_1_151' title='bbox 700 2472 866 2528; x_wconf 91' lang='lat' dir='ltr'><strong>vobis</strong></span> <span class='ocrx_word' id='word_1_152' title='bbox 886 2473 1010 2544; x_wconf 87' lang='lat' dir='ltr'><strong>jam</strong></span> <span class='ocrx_word' id='word_1_153' title='bbox 1043 2488 1145 2543; x_wconf 91' lang='lat' dir='ltr'><strong>per</strong></span> <span class='ocrx_word' id='word_1_154' title='bbox 1170 2471 1269 2526; x_wconf 91' lang='lat' dir='ltr'><strong>Dei</strong></span> <span class='ocrx_word' id='word_1_155' title='bbox 1300 2472 1550 2544; x_wconf 83' lang='lat' dir='ltr'><strong>gratiam</strong></span> <span class='ocrx_word' id='word_1_156' title='bbox 1574 2473 1961 2529; x_wconf 88' lang='lat' dir='ltr'><strong>communiter</strong></span> <span class='ocrx_word' id='word_1_157' title='bbox 1983 2478 2041 2529; x_wconf 91' lang='lat' dir='ltr'><strong>et</strong></span> 
     </span>
    </p>
   </div>
   <div class='ocr_carea' id='block_1_26' title="bbox 391 2559 2040 2636">
    <p class='ocr_par' dir='ltr' id='par_1_26' title="bbox 391 2559 2040 2636">
     <span class='ocr_line' id='line_1_26' title="bbox 391 2559 2040 2636; baseline -0.001 -17"><span class='ocrx_word' id='word_1_158' title='bbox 391 2564 500 2619; x_wconf 87' lang='lat' dir='ltr'><strong>sub</strong></span> <span class='ocrx_word' id='word_1_159' title='bbox 529 2561 779 2636; x_wconf 85' lang='lat' dir='ltr'><strong>regulari</strong></span> <span class='ocrx_word' id='word_1_160' title='bbox 810 2559 1123 2632; x_wconf 85' lang='lat' dir='ltr'><strong>disciplina</strong></span> <span class='ocrx_word' id='word_1_161' title='bbox 1154 2560 1481 2616; x_wconf 85' lang='lat' dir='ltr'><strong>viventibus</strong></span> <span class='ocrx_word' id='word_1_162' title='bbox 1516 2561 2040 2618; x_wconf 90' lang='lat' dir='ltr'><strong>auferretur.Unde</strong></span> 
     </span>
    </p>
   </div>
   <div class='ocr_carea' id='block_1_27' title="bbox 390 2649 2040 2723">
    <p class='ocr_par' dir='ltr' id='par_1_27' title="bbox 390 2649 2040 2723">
     <span class='ocr_line' id='line_1_27' title="bbox 390 2649 2040 2723; baseline 0 -16"><span class='ocrx_word' id='word_1_163' title='bbox 390 2652 565 2708; x_wconf 90' lang='lat' dir='ltr'><strong>etiam</strong></span> <span class='ocrx_word' id='word_1_164' title='bbox 595 2651 750 2706; x_wconf 89' lang='lat' dir='ltr'><strong>idem</strong></span> <span class='ocrx_word' id='word_1_165' title='bbox 781 2651 959 2706; x_wconf 84' lang='lat' dir='ltr'><strong>frater</strong></span> <span class='ocrx_word' id='word_1_166' title='bbox 1007 2655 1204 2706; x_wconf 86' lang='lat' dir='ltr'><strong>noster</strong></span> <span class='ocrx_word' id='word_1_167' title='bbox 1254 2650 1493 2706; x_wconf 91' lang='lat' dir='ltr'><strong>Isarnus</strong></span> <span class='ocrx_word' id='word_1_168' title='bbox 1540 2649 1599 2705; x_wconf 89' lang='lat' dir='ltr'><strong>in</strong></span> <span class='ocrx_word' id='word_1_169' title='bbox 1650 2651 1941 2723; x_wconf 84' lang='lat' dir='ltr'><strong>praepositi</strong></span> <span class='ocrx_word' id='word_1_170' title='bbox 1983 2656 2040 2707; x_wconf 90' lang='lat' dir='ltr'><strong>et</strong></span> 
     </span>
    </p>
   </div>
   <div class='ocr_carea' id='block_1_28' title="bbox 391 2738 2038 2812">
    <p class='ocr_par' dir='ltr' id='par_1_28' title="bbox 391 2738 2038 2812">
     <span class='ocr_line' id='line_1_28' title="bbox 391 2738 2038 2812; baseline 0 -17"><span class='ocrx_word' id='word_1_171' title='bbox 391 2741 782 2812; x_wconf 85' lang='lat' dir='ltr'><strong>quorumdam</strong></span> <span class='ocrx_word' id='word_1_172' title='bbox 799 2739 869 2794; x_wconf 93' lang='lat' dir='ltr'><strong>de</strong></span> <span class='ocrx_word' id='word_1_173' title='bbox 880 2743 1068 2794; x_wconf 89' lang='lat' dir='ltr'><strong>vestro</strong></span> <span class='ocrx_word' id='word_1_174' title='bbox 1083 2738 1320 2810; x_wconf 83' lang='lat' dir='ltr'><strong>collegio</strong></span> <span class='ocrx_word' id='word_1_175' title='bbox 1334 2742 1600 2810; x_wconf 87' lang='lat' dir='ltr'><strong>quartam</strong></span> <span class='ocrx_word' id='word_1_176' title='bbox 1625 2744 1849 2810; x_wconf 90' lang='lat' dir='ltr'><strong>partem</strong></span> <span class='ocrx_word' id='word_1_177' title='bbox 1875 2738 2038 2796; x_wconf 90' lang='lat' dir='ltr'><strong>illam</strong></span> 
     </span>
    </p>
   </div>
   <div class='ocr_carea' id='block_1_29' title="bbox 389 2827 2036 2900">
    <p class='ocr_par' dir='ltr' id='par_1_29' title="bbox 389 2827 2036 2900">
     <span class='ocr_line' id='line_1_29' title="bbox 389 2827 2036 2900; baseline 0 -17"><span class='ocrx_word' id='word_1_178' title='bbox 389 2845 568 2900; x_wconf 88' lang='lat' dir='ltr'><strong>quam</strong></span> <span class='ocrx_word' id='word_1_179' title='bbox 600 2828 832 2882; x_wconf 89' lang='lat' dir='ltr'><strong>tenebat</strong></span> <span class='ocrx_word' id='word_1_180' title='bbox 859 2827 918 2880; x_wconf 91' lang='lat' dir='ltr'><strong>in</strong></span> <span class='ocrx_word' id='word_1_181' title='bbox 951 2832 1264 2898; x_wconf 91' lang='lat' dir='ltr'><strong>conspectu</strong></span> <span class='ocrx_word' id='word_1_182' title='bbox 1316 2832 1516 2882; x_wconf 89' lang='lat' dir='ltr'><strong>nostro</strong></span> <span class='ocrx_word' id='word_1_183' title='bbox 1547 2832 1604 2882; x_wconf 92' lang='lat' dir='ltr'><strong>et</strong></span> <span class='ocrx_word' id='word_1_184' title='bbox 1645 2828 1888 2883; x_wconf 81' lang='lat' dir='ltr'><strong>fratrum</strong></span> <span class='ocrx_word' id='word_1_185' title='bbox 1937 2829 2036 2900; x_wconf 90' lang='lat' dir='ltr'><strong>qui</strong></span> 
     </span>
    </p>
   </div>
   <div class='ocr_carea' id='block_1_30' title="bbox 388 2915 2040 2989">
    <p class='ocr_par' dir='ltr' id='par_1_30' title="bbox 388 2915 2040 2989">
     <span class='ocr_line' id='line_1_30' title="bbox 388 2915 2040 2989; baseline 0 -17"><span class='ocrx_word' id='word_1_186' title='bbox 388 2916 694 2973; x_wconf 89' lang='lat' dir='ltr'><strong>nobiscum</strong></span> <span class='ocrx_word' id='word_1_187' title='bbox 727 2915 970 2970; x_wconf 86' lang='lat' dir='ltr'><strong>aderant</strong></span> <span class='ocrx_word' id='word_1_188' title='bbox 996 2915 1469 2987; x_wconf 88' lang='lat' dir='ltr'><strong>refutavit,atque</strong></span> <span class='ocrx_word' id='word_1_189' title='bbox 1501 2920 1566 2971; x_wconf 91' lang='lat' dir='ltr'><strong>ut</strong></span> <span class='ocrx_word' id='word_1_190' title='bbox 1597 2916 1653 2971; x_wconf 92' lang='lat' dir='ltr'><strong>id</strong></span> <span class='ocrx_word' id='word_1_191' title='bbox 1701 2920 1897 2972; x_wconf 91' lang='lat' dir='ltr'><strong>nostro</strong></span> <span class='ocrx_word' id='word_1_192' title='bbox 1928 2917 2040 2989; x_wconf 89' lang='lat' dir='ltr'><strong>pri-</strong></span> 
     </span>
    </p>
   </div>
   <div class='ocr_carea' id='block_1_31' title="bbox 386 3003 2035 3076">
    <p class='ocr_par' dir='ltr' id='par_1_31' title="bbox 386 3003 2035 3076">
     <span class='ocr_line' id='line_1_31' title="bbox 386 3003 2035 3076; baseline 0.001 -16"><span class='ocrx_word' id='word_1_193' title='bbox 386 3003 596 3076; x_wconf 88' lang='lat' dir='ltr'><strong>vilegio</strong></span> <span class='ocrx_word' id='word_1_194' title='bbox 629 3004 962 3058; x_wconf 82' lang='lat' dir='ltr'><strong>firmaretur</strong></span> <span class='ocrx_word' id='word_1_195' title='bbox 993 3003 1338 3074; x_wconf 89' lang='lat' dir='ltr'><strong>suppliciter</strong></span> <span class='ocrx_word' id='word_1_196' title='bbox 1382 3004 1654 3060; x_wconf 88' lang='lat' dir='ltr'><strong>exoravit.</strong></span> <span class='ocrx_word' id='word_1_197' title='bbox 1703 3005 2035 3062; x_wconf 91' lang='lat' dir='ltr'><strong>Secundum</strong></span> 
     </span>
    </p>
   </div>
   <div class='ocr_carea' id='block_1_32' title="bbox 387 3091 2034 3165">
    <p class='ocr_par' dir='ltr' id='par_1_32' title="bbox 387 3091 2034 3165">
     <span class='ocr_line' id='line_1_32' title="bbox 387 3091 2034 3165; baseline 0.001 -17"><span class='ocrx_word' id='word_1_198' title='bbox 387 3093 575 3165; x_wconf 87' lang='lat' dir='ltr'><strong>ipsius</strong></span> <span class='ocrx_word' id='word_1_199' title='bbox 603 3107 739 3164; x_wconf 92' lang='lat' dir='ltr'><strong>ergo</strong></span> <span class='ocrx_word' id='word_1_200' title='bbox 771 3096 826 3146; x_wconf 92' lang='lat' dir='ltr'><strong>et</strong></span> <span class='ocrx_word' id='word_1_201' title='bbox 856 3096 1107 3146; x_wconf 89' lang='lat' dir='ltr'><strong>vestram</strong></span> <span class='ocrx_word' id='word_1_202' title='bbox 1140 3091 1563 3163; x_wconf 90' lang='lat' dir='ltr'><strong>petitionem,et</strong></span> <span class='ocrx_word' id='word_1_203' title='bbox 1586 3098 1854 3164; x_wconf 89' lang='lat' dir='ltr'><strong>quartam</strong></span> <span class='ocrx_word' id='word_1_204' title='bbox 1876 3093 2034 3150; x_wconf 89' lang='lat' dir='ltr'><strong>illam</strong></span> 
     </span>
    </p>
   </div>
   <div class='ocr_carea' id='block_1_33' title="bbox 386 3179 2036 3254">
    <p class='ocr_par' dir='ltr' id='par_1_33' title="bbox 386 3179 2036 3254">
     <span class='ocr_line' id='line_1_33' title="bbox 386 3179 2036 3254; baseline 0.001 -16"><span class='ocrx_word' id='word_1_205' title='bbox 386 3185 442 3238; x_wconf 87' lang='lat' dir='ltr'><strong>et</strong></span> <span class='ocrx_word' id='word_1_206' title='bbox 472 3185 708 3237; x_wconf 58' lang='lat' dir='ltr'><strong>canoras</strong></span> <span class='ocrx_word' id='word_1_207' title='bbox 737 3179 1100 3236; x_wconf 90' lang='lat' dir='ltr'><strong>oblationum</strong></span> <span class='ocrx_word' id='word_1_208' title='bbox 1133 3179 1334 3235; x_wconf 89' lang='lat' dir='ltr'><strong>altaris</strong></span> <span class='ocrx_word' id='word_1_209' title='bbox 1355 3181 1441 3236; x_wconf 92' lang='lat' dir='ltr'><strong>vel</strong></span> <span class='ocrx_word' id='word_1_210' title='bbox 1463 3181 1715 3238; x_wconf 85' lang='lat' dir='ltr'><strong>ecclesiae</strong></span> <span class='ocrx_word' id='word_1_211' title='bbox 1742 3183 2036 3254; x_wconf 86' lang='lat' dir='ltr'><strong>portiones</strong></span> 
     </span>
    </p>
   </div>
   <div class='ocr_carea' id='block_1_34' title="bbox 2162 611 3816 686">
    <p class='ocr_par' dir='ltr' id='par_1_34' title="bbox 2162 611 3816 686">
     <span class='ocr_line' id='line_1_34' title="bbox 2162 611 3816 686; baseline 0.002 -21"><span class='ocrx_word' id='word_1_212' title='bbox 2162 613 2218 665; x_wconf 89' lang='lat' dir='ltr'><strong>et</strong></span> <span class='ocrx_word' id='word_1_213' title='bbox 2245 611 2532 682; x_wconf 82' lang='lat' dir='ltr'><strong>superbiae</strong></span> <span class='ocrx_word' id='word_1_214' title='bbox 2564 611 2945 684; x_wconf 86' lang='lat' dir='ltr'><strong>relinquatur.</strong></span> <span class='ocrx_word' id='word_1_215' title='bbox 2979 613 3154 669; x_wconf 89' lang='lat' dir='ltr'><strong>Porro</strong></span> <span class='ocrx_word' id='word_1_216' title='bbox 3196 611 3610 686; x_wconf 68' lang='lat' dir='ltr'><strong>praepositum,</strong></span> <span class='ocrx_word' id='word_1_217' title='bbox 3640 612 3816 669; x_wconf 79' lang='lat' dir='ltr'><strong>deca-</strong></span> 
     </span>
    </p>
   </div>
   <div class='ocr_carea' id='block_1_35' title="bbox 2163 700 3816 772">
    <p class='ocr_par' dir='ltr' id='par_1_35' title="bbox 2163 700 3816 772">
     <span class='ocr_line' id='line_1_35' title="bbox 2163 700 3816 772; baseline 0.001 -18"><span class='ocrx_word' id='word_1_218' title='bbox 2163 700 2292 765; x_wconf 66' lang='lat' dir='ltr'><strong>nise,</strong></span> <span class='ocrx_word' id='word_1_219' title='bbox 2325 700 2996 772; x_wconf 61' lang='lat' dir='ltr'><strong>sacristim,capitiseol¢e,</strong></span> <span class='ocrx_word' id='word_1_220' title='bbox 3018 706 3076 758; x_wconf 93' lang='lat' dir='ltr'><strong>et</strong></span> <span class='ocrx_word' id='word_1_221' title='bbox 3095 707 3302 758; x_wconf 53' lang='lat' dir='ltr'><strong>caetera</strong></span> <span class='ocrx_word' id='word_1_222' title='bbox 3324 701 3580 757; x_wconf 77' lang='lat' dir='ltr'><strong>ecclesiis</strong></span> <span class='ocrx_word' id='word_1_223' title='bbox 3609 705 3816 758; x_wconf 71' lang='lat' dir='ltr'><strong>vestrm</strong></span> 
     </span>
    </p>
   </div>
   <div class='ocr_carea' id='block_1_36' title="bbox 2163 789 3815 862">
    <p class='ocr_par' dir='ltr' id='par_1_36' title="bbox 2163 789 3815 862">
     <span class='ocr_line' id='line_1_36' title="bbox 2163 789 3815 862; baseline 0.001 -18"><span class='ocrx_word' id='word_1_224' title='bbox 2163 789 2316 844; x_wconf 90' lang='lat' dir='ltr'><strong>bona</strong></span> <span class='ocrx_word' id='word_1_225' title='bbox 2347 790 2546 845; x_wconf 86' lang='lat' dir='ltr'><strong>omnia</strong></span> <span class='ocrx_word' id='word_1_226' title='bbox 2572 791 2736 846; x_wconf 86' lang='lat' dir='ltr'><strong>vobis</strong></span> <span class='ocrx_word' id='word_1_227' title='bbox 2764 791 3089 862; x_wconf 84' lang='lat' dir='ltr'><strong>vestrisque</strong></span> <span class='ocrx_word' id='word_1_228' title='bbox 3120 791 3564 848; x_wconf 81' lang='lat' dir='ltr'><strong>successoribus</strong></span> <span class='ocrx_word' id='word_1_229' title='bbox 3599 791 3815 847; x_wconf 81' lang='lat' dir='ltr'><strong>conﬁr-</strong></span> 
     </span>
    </p>
   </div>
   <div class='ocr_carea' id='block_1_37' title="bbox 2164 878 3818 952">
    <p class='ocr_par' dir='ltr' id='par_1_37' title="bbox 2164 878 3818 952">
     <span class='ocr_line' id='line_1_37' title="bbox 2164 878 3818 952; baseline 0.004 -22"><span class='ocrx_word' id='word_1_230' title='bbox 2164 878 2939 936; x_wconf 86' lang='lat' dir='ltr'><strong>mamus.Archidiaconatus</strong></span> <span class='ocrx_word' id='word_1_231' title='bbox 2967 879 3146 936; x_wconf 89' lang='lat' dir='ltr'><strong>etiam</strong></span> <span class='ocrx_word' id='word_1_232' title='bbox 3168 879 3509 952; x_wconf 86' lang='lat' dir='ltr'><strong>dignitatem</strong></span> <span class='ocrx_word' id='word_1_233' title='bbox 3534 883 3593 936; x_wconf 79' lang='lat' dir='ltr'><strong>et</strong></span> <span class='ocrx_word' id='word_1_234' title='bbox 3609 896 3818 936; x_wconf 71' lang='lat' dir='ltr'><strong>came-</strong></span> 
     </span>
    </p>
   </div>
   <div class='ocr_carea' id='block_1_38' title="bbox 2160 965 3817 1040">
    <p class='ocr_par' dir='ltr' id='par_1_38' title="bbox 2160 965 3817 1040">
     <span class='ocr_line' id='line_1_38' title="bbox 2160 965 3817 1040; baseline 0.002 -20"><span class='ocrx_word' id='word_1_235' title='bbox 2160 965 2395 1033; x_wconf 88' lang='lat' dir='ltr'><strong>terium,</strong></span> <span class='ocrx_word' id='word_1_236' title='bbox 2441 967 2592 1022; x_wconf 88' lang='lat' dir='ltr'><strong>sicut</strong></span> <span class='ocrx_word' id='word_1_237' title='bbox 2638 966 2698 1022; x_wconf 90' lang='lat' dir='ltr'><strong>in</strong></span> <span class='ocrx_word' id='word_1_238' title='bbox 2747 968 3003 1040; x_wconf 85' lang='lat' dir='ltr'><strong>episcopi</strong></span> <span class='ocrx_word' id='word_1_239' title='bbox 3051 973 3108 1024; x_wconf 89' lang='lat' dir='ltr'><strong>et</strong></span> <span class='ocrx_word' id='word_1_240' title='bbox 3149 968 3566 1024; x_wconf 80' lang='lat' dir='ltr'><strong>oanonicorum</strong></span> <span class='ocrx_word' id='word_1_241' title='bbox 3614 966 3817 1024; x_wconf 77' lang='lat' dir='ltr'><strong>Sancti</strong></span> 
     </span>
    </p>
   </div>
   <div class='ocr_carea' id='block_1_39' title="bbox 2161 1053 3816 1129">
    <p class='ocr_par' dir='ltr' id='par_1_39' title="bbox 2161 1053 3816 1129">
     <span class='ocr_line' id='line_1_39' title="bbox 2161 1053 3816 1129; baseline 0.002 -21"><span class='ocrx_word' id='word_1_242' title='bbox 2161 1053 2438 1126; x_wconf 86' lang='lat' dir='ltr'><strong>Stephani</strong></span> <span class='ocrx_word' id='word_1_243' title='bbox 2470 1054 2856 1128; x_wconf 90' lang='lat' dir='ltr'><strong>chirographo</strong></span> <span class='ocrx_word' id='word_1_244' title='bbox 2889 1055 3236 1112; x_wconf 89' lang='lat' dir='ltr'><strong>continetur.</strong></span> <span class='ocrx_word' id='word_1_245' title='bbox 3261 1055 3547 1113; x_wconf 85' lang='lat' dir='ltr'><strong>Candelas</strong></span> <span class='ocrx_word' id='word_1_246' title='bbox 3577 1073 3816 1129; x_wconf 84' lang='lat' dir='ltr'><strong>quoque</strong></span> 
     </span>
    </p>
   </div>
   <div class='ocr_carea' id='block_1_40' title="bbox 2160 1143 3814 1214">
    <p class='ocr_par' dir='ltr' id='par_1_40' title="bbox 2160 1143 3814 1214">
     <span class='ocr_line' id='line_1_40' title="bbox 2160 1143 3814 1214; baseline 0.002 -17"><span class='ocrx_word' id='word_1_247' title='bbox 2160 1158 2376 1208; x_wconf 88' lang='lat' dir='ltr'><strong>cereas,</strong></span> <span class='ocrx_word' id='word_1_248' title='bbox 2408 1160 2556 1214; x_wconf 89' lang='lat' dir='ltr'><strong>quas</strong></span> <span class='ocrx_word' id='word_1_249' title='bbox 2604 1143 2761 1199; x_wconf 80' lang='lat' dir='ltr'><strong>filius</strong></span> <span class='ocrx_word' id='word_1_250' title='bbox 2807 1149 3007 1200; x_wconf 91' lang='lat' dir='ltr'><strong>noster</strong></span> <span class='ocrx_word' id='word_1_251' title='bbox 3054 1145 3442 1211; x_wconf 82' lang='lat' dir='ltr'><strong>Raimundus,</strong></span> <span class='ocrx_word' id='word_1_252' title='bbox 3489 1145 3814 1201; x_wconf 81' lang='lat' dir='ltr'><strong>Tolosanus</strong></span> 
     </span>
    </p>
   </div>
   <div class='ocr_carea' id='block_1_41' title="bbox 2160 1231 3812 1306">
    <p class='ocr_par' dir='ltr' id='par_1_41' title="bbox 2160 1231 3812 1306">
     <span class='ocr_line' id='line_1_41' title="bbox 2160 1231 3812 1306; baseline 0.003 -21"><span class='ocrx_word' id='word_1_253' title='bbox 2160 1247 2376 1298; x_wconf 90' lang='lat' dir='ltr'><strong>comes,</strong></span> <span class='ocrx_word' id='word_1_254' title='bbox 2411 1232 2467 1286; x_wconf 91' lang='lat' dir='ltr'><strong>in</strong></span> <span class='ocrx_word' id='word_1_255' title='bbox 2495 1231 2749 1287; x_wconf 72' lang='lat' dir='ltr'><strong>ecclesia:</strong></span> <span class='ocrx_word' id='word_1_256' title='bbox 2789 1233 3154 1290; x_wconf 88' lang='lat' dir='ltr'><strong>dedicatione</strong></span> <span class='ocrx_word' id='word_1_257' title='bbox 3203 1233 3373 1288; x_wconf 81' lang='lat' dir='ltr'><strong>nobis</strong></span> <span class='ocrx_word' id='word_1_258' title='bbox 3419 1234 3812 1306; x_wconf 59' lang='lat' dir='ltr'><strong>miscentibus</strong></span> 
     </span>
    </p>
   </div>
   <div class='ocr_carea' id='block_1_42' title="bbox 2160 1319 3811 1394">
    <p class='ocr_par' dir='ltr' id='par_1_42' title="bbox 2160 1319 3811 1394">
     <span class='ocr_line' id='line_1_42' title="bbox 2160 1319 3811 1394; baseline 0.002 -20"><span class='ocrx_word' id='word_1_259' title='bbox 2160 1319 2468 1385; x_wconf 78' lang='lat' dir='ltr'><strong>abdicavit,</strong></span> <span class='ocrx_word' id='word_1_260' title='bbox 2502 1337 2573 1375; x_wconf 92' lang='lat' dir='ltr'><strong>ne</strong></span> <span class='ocrx_word' id='word_1_261' title='bbox 2604 1321 2739 1392; x_wconf 89' lang='lat' dir='ltr'><strong>quis</strong></span> <span class='ocrx_word' id='word_1_262' title='bbox 2769 1320 3016 1378; x_wconf 89' lang='lat' dir='ltr'><strong>ulterius</strong></span> <span class='ocrx_word' id='word_1_263' title='bbox 3047 1321 3272 1394; x_wconf 83' lang='lat' dir='ltr'><strong>exigere</strong></span> <span class='ocrx_word' id='word_1_264' title='bbox 3302 1323 3518 1378; x_wconf 84' lang='lat' dir='ltr'><strong>audeat</strong></span> <span class='ocrx_word' id='word_1_265' title='bbox 3566 1321 3811 1378; x_wconf 80' lang='lat' dir='ltr'><strong>interdi-</strong></span> 
     </span>
    </p>
   </div>
   <div class='ocr_carea' id='block_1_43' title="bbox 2159 1408 3810 1482">
    <p class='ocr_par' dir='ltr' id='par_1_43' title="bbox 2159 1408 3810 1482">
     <span class='ocr_line' id='line_1_43' title="bbox 2159 1408 3810 1482; baseline 0.002 -20"><span class='ocrx_word' id='word_1_266' title='bbox 2159 1408 2761 1465; x_wconf 89' lang='lat' dir='ltr'><strong>cimus.Prohibemus</strong></span> <span class='ocrx_word' id='word_1_267' title='bbox 2791 1409 2964 1465; x_wconf 86' lang='lat' dir='ltr'><strong>etiam</strong></span> <span class='ocrx_word' id='word_1_268' title='bbox 2997 1426 3069 1465; x_wconf 90' lang='lat' dir='ltr'><strong>ne</strong></span> <span class='ocrx_word' id='word_1_269' title='bbox 3099 1411 3234 1482; x_wconf 90' lang='lat' dir='ltr'><strong>quis</strong></span> <span class='ocrx_word' id='word_1_270' title='bbox 3259 1410 3523 1481; x_wconf 81' lang='lat' dir='ltr'><strong>ejusdem</strong></span> <span class='ocrx_word' id='word_1_271' title='bbox 3548 1410 3810 1466; x_wconf 65' lang='lat' dir='ltr'><strong>ecclesiis</strong></span> 
     </span>
    </p>
   </div>
   <div class='ocr_carea' id='block_1_44' title="bbox 2159 1495 3811 1572">
    <p class='ocr_par' dir='ltr' id='par_1_44' title="bbox 2159 1495 3811 1572">
     <span class='ocr_line' id='line_1_44' title="bbox 2159 1495 3811 1572; baseline 0.002 -20"><span class='ocrx_word' id='word_1_272' title='bbox 2159 1495 2480 1552; x_wconf 88' lang='lat' dir='ltr'><strong>claustrum</strong></span> <span class='ocrx_word' id='word_1_273' title='bbox 2527 1497 2809 1553; x_wconf 89' lang='lat' dir='ltr'><strong>violenter</strong></span> <span class='ocrx_word' id='word_1_274' title='bbox 2858 1497 3104 1564; x_wconf 85' lang='lat' dir='ltr'><strong>insilire,</strong></span> <span class='ocrx_word' id='word_1_275' title='bbox 3133 1503 3236 1555; x_wconf 85' lang='lat' dir='ltr'><strong>aut</strong></span> <span class='ocrx_word' id='word_1_276' title='bbox 3269 1499 3424 1555; x_wconf 86' lang='lat' dir='ltr'><strong>infra</strong></span> <span class='ocrx_word' id='word_1_277' title='bbox 3454 1499 3514 1555; x_wconf 92' lang='lat' dir='ltr'><strong>id</strong></span> <span class='ocrx_word' id='word_1_278' title='bbox 3538 1500 3811 1572; x_wconf 83' lang='lat' dir='ltr'><strong>rapinam</strong></span> 
     </span>
    </p>
   </div>
   <div class='ocr_carea' id='block_1_45' title="bbox 2159 1585 3814 1659">
    <p class='ocr_par' dir='ltr' id='par_1_45' title="bbox 2159 1585 3814 1659">
     <span class='ocr_line' id='line_1_45' title="bbox 2159 1585 3814 1659; baseline 0.002 -19"><span class='ocrx_word' id='word_1_279' title='bbox 2159 1590 2262 1641; x_wconf 87' lang='lat' dir='ltr'><strong>aut</strong></span> <span class='ocrx_word' id='word_1_280' title='bbox 2303 1585 2580 1656; x_wconf 86' lang='lat' dir='ltr'><strong>injuriam</strong></span> <span class='ocrx_word' id='word_1_281' title='bbox 2641 1587 2850 1643; x_wconf 89' lang='lat' dir='ltr'><strong>audeat</strong></span> <span class='ocrx_word' id='word_1_282' title='bbox 2907 1587 3182 1659; x_wconf 89' lang='lat' dir='ltr'><strong>irrogare.</strong></span> <span class='ocrx_word' id='word_1_283' title='bbox 3215 1589 3299 1643; x_wconf 81' lang='lat' dir='ltr'><strong>Ad</strong></span> <span class='ocrx_word' id='word_1_284' title='bbox 3358 1587 3480 1643; x_wconf 68' lang='lat' dir='ltr'><strong>haec</strong></span> <span class='ocrx_word' id='word_1_285' title='bbox 3535 1587 3814 1644; x_wconf 73' lang='lat' dir='ltr'><strong>ecclesias</strong></span> 
     </span>
    </p>
   </div>
   <div class='ocr_carea' id='block_1_46' title="bbox 2159 1673 3813 1745">
    <p class='ocr_par' dir='ltr' id='par_1_46' title="bbox 2159 1673 3813 1745">
     <span class='ocr_line' id='line_1_46' title="bbox 2159 1673 3813 1745; baseline 0.002 -17"><span class='ocrx_word' id='word_1_286' title='bbox 2159 1673 2316 1729; x_wconf 88' lang='lat' dir='ltr'><strong>Beati</strong></span> <span class='ocrx_word' id='word_1_287' title='bbox 2360 1675 2511 1730; x_wconf 86' lang='lat' dir='ltr'><strong>Petri</strong></span> <span class='ocrx_word' id='word_1_288' title='bbox 2562 1676 2632 1731; x_wconf 94' lang='lat' dir='ltr'><strong>de</strong></span> <span class='ocrx_word' id='word_1_289' title='bbox 2685 1675 2925 1731; x_wconf 89' lang='lat' dir='ltr'><strong>Valeriis</strong></span> <span class='ocrx_word' id='word_1_290' title='bbox 2978 1681 3034 1732; x_wconf 94' lang='lat' dir='ltr'><strong>et</strong></span> <span class='ocrx_word' id='word_1_291' title='bbox 3091 1677 3162 1732; x_wconf 91' lang='lat' dir='ltr'><strong>de</strong></span> <span class='ocrx_word' id='word_1_292' title='bbox 3218 1679 3526 1745; x_wconf 80' lang='lat' dir='ltr'><strong>Artaxena,</strong></span> <span class='ocrx_word' id='word_1_293' title='bbox 3573 1677 3813 1732; x_wconf 71' lang='lat' dir='ltr'><strong>abbatis</strong></span> 
     </span>
    </p>
   </div>
   <div class='ocr_carea' id='block_1_47' title="bbox 2159 1763 3813 1836">
    <p class='ocr_par' dir='ltr' id='par_1_47' title="bbox 2159 1763 3813 1836">
     <span class='ocr_line' id='line_1_47' title="bbox 2159 1763 3813 1836; baseline 0.002 -19"><span class='ocrx_word' id='word_1_294' title='bbox 2159 1779 2391 1834; x_wconf 89' lang='lat' dir='ltr'><strong>quoque</strong></span> <span class='ocrx_word' id='word_1_295' title='bbox 2445 1763 2636 1819; x_wconf 89' lang='lat' dir='ltr'><strong>Sancti</strong></span> <span class='ocrx_word' id='word_1_296' title='bbox 2692 1764 2863 1834; x_wconf 87' lang='lat' dir='ltr'><strong>Aviti,</strong></span> <span class='ocrx_word' id='word_1_297' title='bbox 2937 1764 3133 1820; x_wconf 90' lang='lat' dir='ltr'><strong>Sancti</strong></span> <span class='ocrx_word' id='word_1_298' title='bbox 3197 1764 3490 1836; x_wconf 78' lang='lat' dir='ltr'><strong>Cypriani,</strong></span> <span class='ocrx_word' id='word_1_299' title='bbox 3562 1764 3813 1821; x_wconf 74' lang='lat' dir='ltr'><strong>ecclesia</strong></span> 
     </span>
    </p>
   </div>
   <div class='ocr_carea' id='block_1_48' title="bbox 2158 1852 3810 1926">
    <p class='ocr_par' dir='ltr' id='par_1_48' title="bbox 2158 1852 3810 1926">
     <span class='ocr_line' id='line_1_48' title="bbox 2158 1852 3810 1926; baseline 0.003 -20"><span class='ocrx_word' id='word_1_300' title='bbox 2158 1852 2354 1907; x_wconf 88' lang='lat' dir='ltr'><strong>Sancti</strong></span> <span class='ocrx_word' id='word_1_301' title='bbox 2387 1853 2537 1909; x_wconf 90' lang='lat' dir='ltr'><strong>Petri</strong></span> <span class='ocrx_word' id='word_1_302' title='bbox 2561 1853 2632 1907; x_wconf 92' lang='lat' dir='ltr'><strong>de</strong></span> <span class='ocrx_word' id='word_1_303' title='bbox 2655 1852 2921 1908; x_wconf 89' lang='lat' dir='ltr'><strong>Slaniaco</strong></span> <span class='ocrx_word' id='word_1_304' title='bbox 2952 1857 3008 1908; x_wconf 89' lang='lat' dir='ltr'><strong>et</strong></span> <span class='ocrx_word' id='word_1_305' title='bbox 3038 1855 3109 1909; x_wconf 91' lang='lat' dir='ltr'><strong>de</strong></span> <span class='ocrx_word' id='word_1_306' title='bbox 3137 1853 3486 1920; x_wconf 87' lang='lat' dir='ltr'><strong>Miscarano,</strong></span> <span class='ocrx_word' id='word_1_307' title='bbox 3518 1854 3810 1926; x_wconf 75' lang='lat' dir='ltr'><strong>quidquid</strong></span> 
     </span>
    </p>
   </div>
   <div class='ocr_carea' id='block_1_49' title="bbox 2157 1940 3809 2014">
    <p class='ocr_par' dir='ltr' id='par_1_49' title="bbox 2157 1940 3809 2014">
     <span class='ocr_line' id='line_1_49' title="bbox 2157 1940 3809 2014; baseline 0.002 -20"><span class='ocrx_word' id='word_1_308' title='bbox 2157 1945 2434 2012; x_wconf 77' lang='lat' dir='ltr'><strong>praeterea</strong></span> <span class='ocrx_word' id='word_1_309' title='bbox 2461 1941 2663 1996; x_wconf 89' lang='lat' dir='ltr'><strong>eadem</strong></span> <span class='ocrx_word' id='word_1_310' title='bbox 2694 1940 2938 1997; x_wconf 86' lang='lat' dir='ltr'><strong>ecclesia</strong></span> <span class='ocrx_word' id='word_1_311' title='bbox 2955 1942 3118 2013; x_wconf 91' lang='lat' dir='ltr'><strong>juste</strong></span> <span class='ocrx_word' id='word_1_312' title='bbox 3147 1942 3411 2014; x_wconf 82' lang='lat' dir='ltr'><strong>possidet</strong></span> <span class='ocrx_word' id='word_1_313' title='bbox 3429 1942 3551 1998; x_wconf 77' lang='lat' dir='ltr'><strong>sive</strong></span> <span class='ocrx_word' id='word_1_314' title='bbox 3569 1942 3631 1998; x_wconf 87' lang='lat' dir='ltr'><strong>in</strong></span> <span class='ocrx_word' id='word_1_315' title='bbox 3653 1943 3809 1998; x_wconf 87' lang='lat' dir='ltr'><strong>futu-</strong></span> 
     </span>
    </p>
   </div>
   <div class='ocr_carea' id='block_1_50' title="bbox 2152 2030 3809 2104">
    <p class='ocr_par' dir='ltr' id='par_1_50' title="bbox 2152 2030 3809 2104">
     <span class='ocr_line' id='line_1_50' title="bbox 2152 2030 3809 2104; baseline 0.002 -21"><span class='ocrx_word' id='word_1_316' title='bbox 2152 2044 2281 2083; x_wconf 89' lang='lat' dir='ltr'><strong>rum</strong></span> <span class='ocrx_word' id='word_1_317' title='bbox 2333 2030 2494 2098; x_wconf 83' lang='lat' dir='ltr'><strong>juste</strong></span> <span class='ocrx_word' id='word_1_318' title='bbox 2551 2035 2728 2102; x_wconf 89' lang='lat' dir='ltr'><strong>atque</strong></span> <span class='ocrx_word' id='word_1_319' title='bbox 2781 2031 3059 2086; x_wconf 89' lang='lat' dir='ltr'><strong>canonice</strong></span> <span class='ocrx_word' id='word_1_320' title='bbox 3095 2031 3308 2103; x_wconf 90' lang='lat' dir='ltr'><strong>poterit</strong></span> <span class='ocrx_word' id='word_1_321' title='bbox 3337 2031 3606 2104; x_wconf 70' lang='lat' dir='ltr'><strong>adipisci,</strong></span> <span class='ocrx_word' id='word_1_322' title='bbox 3637 2031 3809 2088; x_wconf 76' lang='lat' dir='ltr'><strong>vobis</strong></span> 
     </span>
    </p>
   </div>
   <div class='ocr_carea' id='block_1_51' title="bbox 2150 2117 3806 2191">
    <p class='ocr_par' dir='ltr' id='par_1_51' title="bbox 2150 2117 3806 2191">
     <span class='ocr_line' id='line_1_51' title="bbox 2150 2117 3806 2191; baseline 0.002 -19"><span class='ocrx_word' id='word_1_323' title='bbox 2150 2117 2473 2189; x_wconf 88' lang='lat' dir='ltr'><strong>vestrisque</strong></span> <span class='ocrx_word' id='word_1_324' title='bbox 2495 2119 2934 2174; x_wconf 88' lang='lat' dir='ltr'><strong>uccessoribus</strong></span> <span class='ocrx_word' id='word_1_325' title='bbox 2955 2118 3301 2191; x_wconf 86' lang='lat' dir='ltr'><strong>regulariter</strong></span> <span class='ocrx_word' id='word_1_326' title='bbox 3319 2119 3646 2176; x_wconf 78' lang='lat' dir='ltr'><strong>viventibus</strong></span> <span class='ocrx_word' id='word_1_327' title='bbox 3665 2136 3806 2175; x_wconf 80' lang='lat' dir='ltr'><strong>con-</strong></span> 
     </span>
    </p>
   </div>
   <div class='ocr_carea' id='block_1_52' title="bbox 2152 2205 3810 2280">
    <p class='ocr_par' dir='ltr' id='par_1_52' title="bbox 2152 2205 3810 2280">
     <span class='ocr_line' id='line_1_52' title="bbox 2152 2205 3810 2280; baseline 0.003 -20"><span class='ocrx_word' id='word_1_328' title='bbox 2152 2205 2542 2261; x_wconf 85' lang='lat' dir='ltr'><strong>firmamus.Si</strong></span> <span class='ocrx_word' id='word_1_329' title='bbox 2561 2207 2693 2278; x_wconf 88' lang='lat' dir='ltr'><strong>quis</strong></span> <span class='ocrx_word' id='word_1_330' title='bbox 2709 2207 2890 2279; x_wconf 87' lang='lat' dir='ltr'><strong>igitur</strong></span> <span class='ocrx_word' id='word_1_331' title='bbox 2911 2209 2967 2262; x_wconf 90' lang='lat' dir='ltr'><strong>in</strong></span> <span class='ocrx_word' id='word_1_332' title='bbox 2991 2209 3312 2264; x_wconf 87' lang='lat' dir='ltr'><strong>crastinum</strong></span> <span class='ocrx_word' id='word_1_333' title='bbox 3327 2207 3810 2280; x_wconf 76' lang='lat' dir='ltr'><strong>archiepiscopus</strong></span> 
     </span>
    </p>
   </div>
   <div class='ocr_carea' id='block_1_53' title="bbox 2152 2294 3804 2368">
    <p class='ocr_par' dir='ltr' id='par_1_53' title="bbox 2152 2294 3804 2368">
     <span class='ocr_line' id='line_1_53' title="bbox 2152 2294 3804 2368; baseline 0.002 -20"><span class='ocrx_word' id='word_1_334' title='bbox 2152 2298 2253 2348; x_wconf 88' lang='lat' dir='ltr'><strong>aut</strong></span> <span class='ocrx_word' id='word_1_335' title='bbox 2282 2294 2936 2367; x_wconf 89' lang='lat' dir='ltr'><strong>episcopus,imperator</strong></span> <span class='ocrx_word' id='word_1_336' title='bbox 2964 2301 3068 2352; x_wconf 90' lang='lat' dir='ltr'><strong>aut</strong></span> <span class='ocrx_word' id='word_1_337' title='bbox 3096 2297 3496 2368; x_wconf 84' lang='lat' dir='ltr'><strong>rex,priuceps</strong></span> <span class='ocrx_word' id='word_1_338' title='bbox 3529 2300 3639 2352; x_wconf 84' lang='lat' dir='ltr'><strong>aut</strong></span> <span class='ocrx_word' id='word_1_339' title='bbox 3663 2297 3804 2365; x_wconf 81' lang='lat' dir='ltr'><strong>dux,</strong></span> 
     </span>
    </p>
   </div>
   <div class='ocr_carea' id='block_1_54' title="bbox 2149 2383 3811 2457">
    <p class='ocr_par' dir='ltr' id='par_1_54' title="bbox 2149 2383 3811 2457">
     <span class='ocr_line' id='line_1_54' title="bbox 2149 2383 3811 2457; baseline 0.004 -21"><span class='ocrx_word' id='word_1_340' title='bbox 2149 2397 2366 2447; x_wconf 88' lang='lat' dir='ltr'><strong>comes,</strong></span> <span class='ocrx_word' id='word_1_341' title='bbox 2397 2383 2950 2455; x_wconf 83' lang='lat' dir='ltr'><strong>vicecomes,judex,</strong></span> <span class='ocrx_word' id='word_1_342' title='bbox 2977 2389 3079 2440; x_wconf 85' lang='lat' dir='ltr'><strong>aut</strong></span> <span class='ocrx_word' id='word_1_343' title='bbox 3101 2384 3501 2441; x_wconf 82' lang='lat' dir='ltr'><strong>ecclesiastica</strong></span> <span class='ocrx_word' id='word_1_344' title='bbox 3531 2384 3811 2457; x_wconf 67' lang='lat' dir='ltr'><strong>qualibet</strong></span> 
     </span>
    </p>
   </div>
   <div class='ocr_carea' id='block_1_55' title="bbox 2152 2471 3801 2546">
    <p class='ocr_par' dir='ltr' id='par_1_55' title="bbox 2152 2471 3801 2546">
     <span class='ocr_line' id='line_1_55' title="bbox 2152 2471 3801 2546; baseline 0.003 -20"><span class='ocrx_word' id='word_1_345' title='bbox 2152 2471 2521 2528; x_wconf 67' lang='lat' dir='ltr'><strong>saecularisve</strong></span> <span class='ocrx_word' id='word_1_346' title='bbox 2553 2489 2801 2544; x_wconf 89' lang='lat' dir='ltr'><strong>persona</strong></span> <span class='ocrx_word' id='word_1_347' title='bbox 2833 2474 3011 2546; x_wconf 83' lang='lat' dir='ltr'><strong>hujus</strong></span> <span class='ocrx_word' id='word_1_348' title='bbox 3042 2473 3256 2530; x_wconf 91' lang='lat' dir='ltr'><strong>decreti</strong></span> <span class='ocrx_word' id='word_1_349' title='bbox 3286 2473 3564 2546; x_wconf 84' lang='lat' dir='ltr'><strong>paginam</strong></span> <span class='ocrx_word' id='word_1_350' title='bbox 3583 2473 3801 2542; x_wconf 80' lang='lat' dir='ltr'><strong>sciens,</strong></span> 
     </span>
    </p>
   </div>
   <div class='ocr_carea' id='block_1_56' title="bbox 2152 2559 3806 2628">
    <p class='ocr_par' dir='ltr' id='par_1_56' title="bbox 2152 2559 3806 2628">
     <span class='ocr_line' id='line_1_56' title="bbox 2152 2559 3806 2628; baseline 0.004 -15"><span class='ocrx_word' id='word_1_351' title='bbox 2152 2559 2297 2614; x_wconf 88' lang='lat' dir='ltr'><strong>citra</strong></span> <span class='ocrx_word' id='word_1_352' title='bbox 2326 2577 2455 2616; x_wconf 90' lang='lat' dir='ltr'><strong>eam</strong></span> <span class='ocrx_word' id='word_1_353' title='bbox 2489 2564 2706 2617; x_wconf 86' lang='lat' dir='ltr'><strong>temere</strong></span> <span class='ocrx_word' id='word_1_354' title='bbox 2733 2561 2928 2618; x_wconf 91' lang='lat' dir='ltr'><strong>venire</strong></span> <span class='ocrx_word' id='word_1_355' title='bbox 2950 2562 3540 2628; x_wconf 78' lang='lat' dir='ltr'><strong>tentaverit,secundo</strong></span> <span class='ocrx_word' id='word_1_356' title='bbox 3558 2562 3806 2620; x_wconf 66' lang='lat' dir='ltr'><strong>tertiove</strong></span> 
     </span>
    </p>
   </div>
   <div class='ocr_carea' id='block_1_57' title="bbox 2151 2649 3808 2723">
    <p class='ocr_par' dir='ltr' id='par_1_57' title="bbox 2151 2649 3808 2723">
     <span class='ocr_line' id='line_1_57' title="bbox 2151 2649 3808 2723; baseline 0.002 -19"><span class='ocrx_word' id='word_1_357' title='bbox 2151 2649 2564 2717; x_wconf 88' lang='lat' dir='ltr'><strong>commonitus,</strong></span> <span class='ocrx_word' id='word_1_358' title='bbox 2589 2651 2639 2705; x_wconf 89' lang='lat' dir='ltr'><strong>si</strong></span> <span class='ocrx_word' id='word_1_359' title='bbox 2670 2667 2783 2706; x_wconf 89' lang='lat' dir='ltr'><strong>non</strong></span> <span class='ocrx_word' id='word_1_360' title='bbox 2817 2651 3216 2707; x_wconf 72' lang='lat' dir='ltr'><strong>satisfactione</strong></span> <span class='ocrx_word' id='word_1_361' title='bbox 3245 2667 3506 2723; x_wconf 82' lang='lat' dir='ltr'><strong>congrua</strong></span> <span class='ocrx_word' id='word_1_362' title='bbox 3527 2652 3808 2708; x_wconf 83' lang='lat' dir='ltr'><strong>emenda-</strong></span> 
     </span>
    </p>
   </div>
   <div class='ocr_carea' id='block_1_58' title="bbox 2149 2739 3804 2812">
    <p class='ocr_par' dir='ltr' id='par_1_58' title="bbox 2149 2739 3804 2812">
     <span class='ocr_line' id='line_1_58' title="bbox 2149 2739 3804 2812; baseline 0.002 -19"><span class='ocrx_word' id='word_1_363' title='bbox 2149 2739 2313 2806; x_wconf 88' lang='lat' dir='ltr'><strong>verit,</strong></span> <span class='ocrx_word' id='word_1_364' title='bbox 2349 2739 2653 2810; x_wconf 86' lang='lat' dir='ltr'><strong>potestatis</strong></span> <span class='ocrx_word' id='word_1_365' title='bbox 2708 2740 3063 2812; x_wconf 89' lang='lat' dir='ltr'><strong>honorisque</strong></span> <span class='ocrx_word' id='word_1_366' title='bbox 3110 2741 3204 2795; x_wconf 90' lang='lat' dir='ltr'><strong>sui</strong></span> <span class='ocrx_word' id='word_1_367' title='bbox 3253 2739 3540 2812; x_wconf 83' lang='lat' dir='ltr'><strong>dignitate</strong></span> <span class='ocrx_word' id='word_1_368' title='bbox 3581 2745 3804 2808; x_wconf 60' lang='lat' dir='ltr'><strong>careat,</strong></span> 
     </span>
    </p>
   </div>
   <div class='ocr_carea' id='block_1_59' title="bbox 2149 2827 3804 2900">
    <p class='ocr_par' dir='ltr' id='par_1_59' title="bbox 2149 2827 3804 2900">
     <span class='ocr_line' id='line_1_59' title="bbox 2149 2827 3804 2900; baseline 0.002 -19"><span class='ocrx_word' id='word_1_369' title='bbox 2149 2843 2430 2898; x_wconf 89' lang='lat' dir='ltr'><strong>reumque</strong></span> <span class='ocrx_word' id='word_1_370' title='bbox 2462 2843 2524 2881; x_wconf 86' lang='lat' dir='ltr'><strong>se</strong></span> <span class='ocrx_word' id='word_1_371' title='bbox 2555 2827 2749 2883; x_wconf 88' lang='lat' dir='ltr'><strong>divino</strong></span> <span class='ocrx_word' id='word_1_372' title='bbox 2795 2828 3016 2899; x_wconf 89' lang='lat' dir='ltr'><strong>judicio</strong></span> <span class='ocrx_word' id='word_1_373' title='bbox 3059 2827 3304 2883; x_wconf 80' lang='lat' dir='ltr'><strong>existere</strong></span> <span class='ocrx_word' id='word_1_374' title='bbox 3351 2828 3426 2884; x_wconf 89' lang='lat' dir='ltr'><strong>de</strong></span> <span class='ocrx_word' id='word_1_375' title='bbox 3471 2832 3804 2900; x_wconf 77' lang='lat' dir='ltr'><strong>perpetrata</strong></span> 
     </span>
    </p>
   </div>
   <div class='ocr_carea' id='block_1_60' title="bbox 2148 2915 3800 2988">
    <p class='ocr_par' dir='ltr' id='par_1_60' title="bbox 2148 2915 3800 2988">
     <span class='ocr_line' id='line_1_60' title="bbox 2148 2915 3800 2988; baseline 0.004 -20"><span class='ocrx_word' id='word_1_376' title='bbox 2148 2915 2455 2987; x_wconf 86' lang='lat' dir='ltr'><strong>iniquitate</strong></span> <span class='ocrx_word' id='word_1_377' title='bbox 2485 2921 2816 2987; x_wconf 83' lang='lat' dir='ltr'><strong>cognoscat,</strong></span> <span class='ocrx_word' id='word_1_378' title='bbox 2850 2921 2908 2972; x_wconf 87' lang='lat' dir='ltr'><strong>et</strong></span> <span class='ocrx_word' id='word_1_379' title='bbox 2954 2933 2989 2970; x_wconf 85' lang='lat' dir='ltr'><strong>a</strong></span> <span class='ocrx_word' id='word_1_380' title='bbox 3033 2915 3434 2972; x_wconf 84' lang='lat' dir='ltr'><strong>sacratissimo</strong></span> <span class='ocrx_word' id='word_1_381' title='bbox 3463 2933 3704 2988; x_wconf 84' lang='lat' dir='ltr'><strong>corpore</strong></span> <span class='ocrx_word' id='word_1_382' title='bbox 3732 2935 3800 2975; x_wconf 87' lang='lat' dir='ltr'><strong>ac</strong></span> 
     </span>
    </p>
   </div>
   <div class='ocr_carea' id='block_1_61' title="bbox 2146 3003 3798 3076">
    <p class='ocr_par' dir='ltr' id='par_1_61' title="bbox 2146 3003 3798 3076">
     <span class='ocr_line' id='line_1_61' title="bbox 2146 3003 3798 3076; baseline 0.002 -17"><span class='ocrx_word' id='word_1_383' title='bbox 2146 3003 2431 3075; x_wconf 89' lang='lat' dir='ltr'><strong>sanguine</strong></span> <span class='ocrx_word' id='word_1_384' title='bbox 2469 3003 2570 3059; x_wconf 91' lang='lat' dir='ltr'><strong>Dei</strong></span> <span class='ocrx_word' id='word_1_385' title='bbox 2621 3020 2688 3058; x_wconf 89' lang='lat' dir='ltr'><strong>ac</strong></span> <span class='ocrx_word' id='word_1_386' title='bbox 2740 3003 2970 3059; x_wconf 89' lang='lat' dir='ltr'><strong>Domini</strong></span> <span class='ocrx_word' id='word_1_387' title='bbox 3003 3004 3408 3076; x_wconf 82' lang='lat' dir='ltr'><strong>Redemptoris</strong></span> <span class='ocrx_word' id='word_1_388' title='bbox 3439 3005 3625 3061; x_wconf 80' lang='lat' dir='ltr'><strong>nostri</strong></span> <span class='ocrx_word' id='word_1_389' title='bbox 3653 3005 3798 3062; x_wconf 64' lang='lat' dir='ltr'><strong>Iesu</strong></span> 
     </span>
    </p>
   </div>
   <div class='ocr_carea' id='block_1_62' title="bbox 2145 3091 3796 3164">
    <p class='ocr_par' dir='ltr' id='par_1_62' title="bbox 2145 3091 3796 3164">
     <span class='ocr_line' id='line_1_62' title="bbox 2145 3091 3796 3164; baseline 0.002 -16"><span class='ocrx_word' id='word_1_390' title='bbox 2145 3091 2357 3148; x_wconf 85' lang='lat' dir='ltr'><strong>Christi</strong></span> <span class='ocrx_word' id='word_1_391' title='bbox 2390 3091 2616 3148; x_wconf 89' lang='lat' dir='ltr'><strong>alienus</strong></span> <span class='ocrx_word' id='word_1_392' title='bbox 2651 3093 2769 3160; x_wconf 83' lang='lat' dir='ltr'><strong>fiat,</strong></span> <span class='ocrx_word' id='word_1_393' title='bbox 2804 3097 2979 3164; x_wconf 89' lang='lat' dir='ltr'><strong>atque</strong></span> <span class='ocrx_word' id='word_1_394' title='bbox 3009 3093 3068 3148; x_wconf 92' lang='lat' dir='ltr'><strong>in</strong></span> <span class='ocrx_word' id='word_1_395' title='bbox 3101 3098 3356 3149; x_wconf 82' lang='lat' dir='ltr'><strong>extremo</strong></span> <span class='ocrx_word' id='word_1_396' title='bbox 3404 3093 3672 3150; x_wconf 75' lang='lat' dir='ltr'><strong>examine</strong></span> <span class='ocrx_word' id='word_1_397' title='bbox 3711 3094 3796 3151; x_wconf 77' lang='lat' dir='ltr'><strong>di-</strong></span> 
     </span>
    </p>
   </div>
   <div class='ocr_carea' id='block_1_63' title="bbox 2146 3179 3796 3252">
    <p class='ocr_par' dir='ltr' id='par_1_63' title="bbox 2146 3179 3796 3252">
     <span class='ocr_line' id='line_1_63' title="bbox 2146 3179 3796 3252; baseline 0.002 -17"><span class='ocrx_word' id='word_1_398' title='bbox 2146 3180 2356 3236; x_wconf 73' lang='lat' dir='ltr'><strong>stricta:</strong></span> <span class='ocrx_word' id='word_1_399' title='bbox 2388 3180 2591 3236; x_wconf 88' lang='lat' dir='ltr'><strong>ultioni</strong></span> <span class='ocrx_word' id='word_1_400' title='bbox 2622 3181 2941 3252; x_wconf 88' lang='lat' dir='ltr'><strong>subjaceat.</strong></span> <span class='ocrx_word' id='word_1_401' title='bbox 2961 3179 3198 3236; x_wconf 84' lang='lat' dir='ltr'><strong>Cunctis</strong></span> <span class='ocrx_word' id='word_1_402' title='bbox 3229 3184 3424 3237; x_wconf 80' lang='lat' dir='ltr'><strong>autem</strong></span> <span class='ocrx_word' id='word_1_403' title='bbox 3447 3179 3640 3238; x_wconf 81' lang='lat' dir='ltr'><strong>eidem</strong></span> <span class='ocrx_word' id='word_1_404' title='bbox 3668 3180 3796 3238; x_wconf 81' lang='lat' dir='ltr'><strong>loco</strong></span> 
     </span>
    </p>
   </div>
   <div class='ocr_carea' id='block_1_64' title="bbox 388 3253 3798 3342">
    <p class='ocr_par' dir='ltr' id='par_1_64' title="bbox 388 3253 3798 3342">
     <span class='ocr_line' id='line_1_64' title="bbox 388 3253 3798 3342; baseline 0 -16"><span class='ocrx_word' id='word_1_405' title='bbox 388 3271 446 3326; x_wconf 88' lang='lat' dir='ltr'><strong>in</strong></span> <span class='ocrx_word' id='word_1_406' title='bbox 477 3269 771 3341; x_wconf 87' lang='lat' dir='ltr'><strong>integrum</strong></span> <span class='ocrx_word' id='word_1_407' title='bbox 793 3273 980 3325; x_wconf 90' lang='lat' dir='ltr'><strong>vestro</strong></span> <span class='ocrx_word' id='word_1_408' title='bbox 1005 3274 1448 3342; x_wconf 88' lang='lat' dir='ltr'><strong>vestrorumque</strong></span> <span class='ocrx_word' id='word_1_409' title='bbox 1469 3253 1876 3328; x_wconf 81' lang='lat' dir='ltr'><strong>successorum</strong></span> <span class='ocrx_word' id='word_1_410' title='bbox 1901 3272 2034 3329; x_wconf 88' lang='lat' dir='ltr'><strong>usui</strong></span> <span class='ocrx_word' id='word_1_411' title='bbox 2067 3253 2111 3319; x_wconf 70' lang='grc' dir='ltr'>Ο</span> <span class='ocrx_word' id='word_1_412' title='bbox 2140 3270 2304 3340; x_wconf 86' lang='lat' dir='ltr'><strong>justa</strong></span> <span class='ocrx_word' id='word_1_413' title='bbox 2333 3269 2698 3324; x_wconf 89' lang='lat' dir='ltr'><strong>servantibus</strong></span> <span class='ocrx_word' id='word_1_414' title='bbox 2729 3269 2806 3324; x_wconf 92' lang='lat' dir='ltr'><strong>sit</strong></span> <span class='ocrx_word' id='word_1_415' title='bbox 2825 3286 2938 3340; x_wconf 84' lang='lat' dir='ltr'><strong>pax</strong></span> <span class='ocrx_word' id='word_1_416' title='bbox 2952 3269 3180 3324; x_wconf 89' lang='lat' dir='ltr'><strong>Domini</strong></span> <span class='ocrx_word' id='word_1_417' title='bbox 3201 3268 3538 3325; x_wconf 73' lang='lat' dir='ltr'><strong>nostriqu</strong></span> <span class='ocrx_word' id='word_1_418' title='bbox 3555 3268 3798 3338; x_wconf 75' lang='lat' dir='ltr'><strong>Christi,</strong></span> 
     </span>
    </p>
   </div>
   <div class='ocr_carea' id='block_1_65' title="bbox 389 3358 2036 3432">
    <p class='ocr_par' dir='ltr' id='par_1_65' title="bbox 389 3358 2036 3432">
     <span class='ocr_line' id='line_1_65' title="bbox 389 3358 2036 3432; baseline 0.002 -17"><span class='ocrx_word' id='word_1_419' title='bbox 389 3375 490 3432; x_wconf 89' lang='lat' dir='ltr'><strong>per</strong></span> <span class='ocrx_word' id='word_1_420' title='bbox 518 3358 818 3430; x_wconf 66' lang='lat' dir='ltr'><strong>praesentis</strong></span> <span class='ocrx_word' id='word_1_421' title='bbox 832 3358 1043 3413; x_wconf 89' lang='lat' dir='ltr'><strong>decreti</strong></span> <span class='ocrx_word' id='word_1_422' title='bbox 1066 3359 1339 3431; x_wconf 87' lang='lat' dir='ltr'><strong>paginam</strong></span> <span class='ocrx_word' id='word_1_423' title='bbox 1355 3359 1672 3431; x_wconf 89' lang='lat' dir='ltr'><strong>apostolica</strong></span> <span class='ocrx_word' id='word_1_424' title='bbox 1691 3361 2036 3418; x_wconf 87' lang='lat' dir='ltr'><strong>auctoritate</strong></span> 
     </span>
    </p>
   </div>
   <div class='ocr_carea' id='block_1_66' title="bbox 388 3448 2038 3522">
    <p class='ocr_par' dir='ltr' id='par_1_66' title="bbox 388 3448 2038 3522">
     <span class='ocr_line' id='line_1_66' title="bbox 388 3448 2038 3522; baseline 0.002 -18"><span class='ocrx_word' id='word_1_425' title='bbox 388 3451 665 3521; x_wconf 87' lang='lat' dir='ltr'><strong>perpetuo</strong></span> <span class='ocrx_word' id='word_1_426' title='bbox 696 3448 1135 3516; x_wconf 78' lang='lat' dir='ltr'><strong>confirmamus,</strong></span> <span class='ocrx_word' id='word_1_427' title='bbox 1178 3452 1235 3503; x_wconf 92' lang='lat' dir='ltr'><strong>et</strong></span> <span class='ocrx_word' id='word_1_428' title='bbox 1281 3465 1352 3504; x_wconf 92' lang='lat' dir='ltr'><strong>ne</strong></span> <span class='ocrx_word' id='word_1_429' title='bbox 1400 3449 1532 3520; x_wconf 91' lang='lat' dir='ltr'><strong>quis</strong></span> <span class='ocrx_word' id='word_1_430' title='bbox 1581 3451 1892 3522; x_wconf 83' lang='lat' dir='ltr'><strong>episcopus</strong></span> <span class='ocrx_word' id='word_1_431' title='bbox 1937 3467 2038 3508; x_wconf 78' lang='lat' dir='ltr'><strong>eas</strong></span> 
     </span>
    </p>
   </div>
   <div class='ocr_carea' id='block_1_67' title="bbox 386 3535 2038 3612">
    <p class='ocr_par' dir='ltr' id='par_1_67' title="bbox 386 3535 2038 3612">
     <span class='ocr_line' id='line_1_67' title="bbox 386 3535 2038 3612; baseline 0.002 -20"><span class='ocrx_word' id='word_1_432' title='bbox 386 3535 659 3608; x_wconf 86' lang='lat' dir='ltr'><strong>deinceps</strong></span> <span class='ocrx_word' id='word_1_433' title='bbox 717 3536 942 3609; x_wconf 82' lang='lat' dir='ltr'><strong>exigere</strong></span> <span class='ocrx_word' id='word_1_434' title='bbox 981 3537 1215 3612; x_wconf 83' lang='lat' dir='ltr'><strong>debeat</strong></span> <span class='ocrx_word' id='word_1_435' title='bbox 1271 3538 1696 3594; x_wconf 91' lang='lat' dir='ltr'><strong>interdicimus.</strong></span> <span class='ocrx_word' id='word_1_436' title='bbox 1759 3539 2038 3596; x_wconf 69' lang='lat' dir='ltr'><strong>Praeterea</strong></span> 
     </span>
    </p>
   </div>
   <div class='ocr_carea' id='block_1_68' title="bbox 386 3623 2035 3696">
    <p class='ocr_par' dir='ltr' id='par_1_68' title="bbox 386 3623 2035 3696">
     <span class='ocr_line' id='line_1_68' title="bbox 386 3623 2035 3696; baseline 0.002 -18"><span class='ocrx_word' id='word_1_437' title='bbox 386 3623 958 3696; x_wconf 86' lang='lat' dir='ltr'><strong>quoniamlargiente</strong></span> <span class='ocrx_word' id='word_1_438' title='bbox 977 3625 1224 3680; x_wconf 89' lang='lat' dir='ltr'><strong>Domino</strong></span> <span class='ocrx_word' id='word_1_439' title='bbox 1240 3625 1394 3680; x_wconf 90' lang='lat' dir='ltr'><strong>Beati</strong></span> <span class='ocrx_word' id='word_1_440' title='bbox 1415 3625 1716 3682; x_wconf 76' lang='lat' dir='ltr'><strong>Saturnini</strong></span> <span class='ocrx_word' id='word_1_441' title='bbox 1730 3625 2035 3682; x_wconf 89' lang='lat' dir='ltr'><strong>ecclesiam</strong></span> 
     </span>
    </p>
   </div>
   <div class='ocr_carea' id='block_1_69' title="bbox 386 3711 2036 3780">
    <p class='ocr_par' dir='ltr' id='par_1_69' title="bbox 386 3711 2036 3780">
     <span class='ocr_line' id='line_1_69' title="bbox 386 3711 2036 3780; baseline 0.001 -12"><span class='ocrx_word' id='word_1_442' title='bbox 386 3711 602 3768; x_wconf 88' lang='lat' dir='ltr'><strong>nostris</strong></span> <span class='ocrx_word' id='word_1_443' title='bbox 634 3713 906 3769; x_wconf 87' lang='lat' dir='ltr'><strong>manibus</strong></span> <span class='ocrx_word' id='word_1_444' title='bbox 939 3713 1492 3780; x_wconf 88' lang='lat' dir='ltr'><strong>consecravimus,et</strong></span> <span class='ocrx_word' id='word_1_445' title='bbox 1513 3715 2036 3770; x_wconf 86' lang='lat' dir='ltr'><strong>sanximusetsan-</strong></span> 
     </span>
    </p>
   </div>
   <div class='ocr_carea' id='block_1_70' title="bbox 384 3799 2038 3873">
    <p class='ocr_par' dir='ltr' id='par_1_70' title="bbox 384 3799 2038 3873">
     <span class='ocr_line' id='line_1_70' title="bbox 384 3799 2038 3873; baseline 0.002 -18"><span class='ocrx_word' id='word_1_446' title='bbox 384 3799 574 3855; x_wconf 88' lang='lat' dir='ltr'><strong>cimus</strong></span> <span class='ocrx_word' id='word_1_447' title='bbox 605 3817 678 3855; x_wconf 89' lang='lat' dir='ltr'><strong>ne</strong></span> <span class='ocrx_word' id='word_1_448' title='bbox 708 3800 841 3870; x_wconf 89' lang='lat' dir='ltr'><strong>quis</strong></span> <span class='ocrx_word' id='word_1_449' title='bbox 881 3800 1191 3872; x_wconf 90' lang='lat' dir='ltr'><strong>episcopus</strong></span> <span class='ocrx_word' id='word_1_450' title='bbox 1239 3806 1341 3856; x_wconf 88' lang='lat' dir='ltr'><strong>aut</strong></span> <span class='ocrx_word' id='word_1_451' title='bbox 1389 3801 1863 3873; x_wconf 86' lang='lat' dir='ltr'><strong>archiepiscopus</strong></span> <span class='ocrx_word' id='word_1_452' title='bbox 1912 3804 2038 3859; x_wconf 87' lang='lat' dir='ltr'><strong>sine</strong></span> 
     </span>
    </p>
   </div>
   <div class='ocr_carea' id='block_1_71' title="bbox 387 3887 2038 3958">
    <p class='ocr_par' dir='ltr' id='par_1_71' title="bbox 387 3887 2038 3958">
     <span class='ocr_line' id='line_1_71' title="bbox 387 3887 2038 3958; baseline 0.002 -15"><span class='ocrx_word' id='word_1_453' title='bbox 387 3892 588 3943; x_wconf 90' lang='lat' dir='ltr'><strong>nostra</strong></span> <span class='ocrx_word' id='word_1_454' title='bbox 613 3887 701 3941; x_wconf 90' lang='lat' dir='ltr'><strong>vel</strong></span> <span class='ocrx_word' id='word_1_455' title='bbox 729 3887 902 3958; x_wconf 88' lang='lat' dir='ltr'><strong>legati</strong></span> <span class='ocrx_word' id='word_1_456' title='bbox 935 3888 1117 3943; x_wconf 90' lang='lat' dir='ltr'><strong>nostri</strong></span> <span class='ocrx_word' id='word_1_457' title='bbox 1142 3889 1441 3944; x_wconf 88' lang='lat' dir='ltr'><strong>audientia</strong></span> <span class='ocrx_word' id='word_1_458' title='bbox 1483 3890 1904 3946; x_wconf 88' lang='lat' dir='ltr'><strong>interdictionis</strong></span> <span class='ocrx_word' id='word_1_459' title='bbox 1950 3891 2038 3946; x_wconf 89' lang='lat' dir='ltr'><strong>vel</strong></span> 
     </span>
    </p>
   </div>
   <div class='ocr_carea' id='block_1_72' title="bbox 386 3974 2035 4049">
    <p class='ocr_par' dir='ltr' id='par_1_72' title="bbox 386 3974 2035 4049">
     <span class='ocr_line' id='line_1_72' title="bbox 386 3974 2035 4049; baseline 0.002 -18"><span class='ocrx_word' id='word_1_460' title='bbox 386 3974 1004 4032; x_wconf 75' lang='lat' dir='ltr'><strong>excommunicationis</strong></span> <span class='ocrx_word' id='word_1_461' title='bbox 1037 3975 1092 4028; x_wconf 89' lang='lat' dir='ltr'><strong>in</strong></span> <span class='ocrx_word' id='word_1_462' title='bbox 1125 3975 1318 4031; x_wconf 90' lang='lat' dir='ltr'><strong>locum</strong></span> <span class='ocrx_word' id='word_1_463' title='bbox 1353 3978 1567 4033; x_wconf 86' lang='lat' dir='ltr'><strong>audeat</strong></span> <span class='ocrx_word' id='word_1_464' title='bbox 1598 3981 1852 4049; x_wconf 89' lang='lat' dir='ltr'><strong>proferre</strong></span> <span class='ocrx_word' id='word_1_465' title='bbox 1899 3997 2035 4035; x_wconf 90' lang='lat' dir='ltr'><strong>sen-</strong></span> 
     </span>
    </p>
   </div>
   <div class='ocr_carea' id='block_1_73' title="bbox 389 4063 2040 4136">
    <p class='ocr_par' dir='ltr' id='par_1_73' title="bbox 389 4063 2040 4136">
     <span class='ocr_line' id='line_1_73' title="bbox 389 4063 2040 4136; baseline 0.002 -18"><span class='ocrx_word' id='word_1_466' title='bbox 389 4063 762 4127; x_wconf 88' lang='lat' dir='ltr'><strong>tentiam,nec</strong></span> <span class='ocrx_word' id='word_1_467' title='bbox 789 4063 961 4117; x_wconf 91' lang='lat' dir='ltr'><strong>alicui</strong></span> <span class='ocrx_word' id='word_1_468' title='bbox 996 4063 1169 4118; x_wconf 89' lang='lat' dir='ltr'><strong>liceat</strong></span> <span class='ocrx_word' id='word_1_469' title='bbox 1197 4080 1329 4120; x_wconf 90' lang='lat' dir='ltr'><strong>eum</strong></span> <span class='ocrx_word' id='word_1_470' title='bbox 1349 4064 1578 4136; x_wconf 91' lang='lat' dir='ltr'><strong>quiillic</strong></span> <span class='ocrx_word' id='word_1_471' title='bbox 1603 4066 1773 4122; x_wconf 86' lang='lat' dir='ltr'><strong>hodie</strong></span> <span class='ocrx_word' id='word_1_472' title='bbox 1793 4065 2040 4122; x_wconf 89' lang='lat' dir='ltr'><strong>habetur</strong></span> 
     </span>
    </p>
   </div>
   <div class='ocr_carea' id='block_1_74' title="bbox 386 4150 2035 4226">
    <p class='ocr_par' dir='ltr' id='par_1_74' title="bbox 386 4150 2035 4226">
     <span class='ocr_line' id='line_1_74' title="bbox 386 4150 2035 4226; baseline 0.003 -20"><span class='ocrx_word' id='word_1_473' title='bbox 386 4155 608 4207; x_wconf 89' lang='lat' dir='ltr'><strong>statum</strong></span> <span class='ocrx_word' id='word_1_474' title='bbox 638 4150 859 4206; x_wconf 89' lang='lat' dir='ltr'><strong>ordinis</strong></span> <span class='ocrx_word' id='word_1_475' title='bbox 890 4156 1286 4219; x_wconf 88' lang='lat' dir='ltr'><strong>commutare;</strong></span> <span class='ocrx_word' id='word_1_476' title='bbox 1320 4169 1424 4208; x_wconf 92' lang='lat' dir='ltr'><strong>nec</strong></span> <span class='ocrx_word' id='word_1_477' title='bbox 1446 4158 1578 4224; x_wconf 92' lang='lat' dir='ltr'><strong>post</strong></span> <span class='ocrx_word' id='word_1_478' title='bbox 1607 4155 2035 4226; x_wconf 90' lang='lat' dir='ltr'><strong>possessionem</strong></span> 
     </span>
    </p>
   </div>
   <div class='ocr_carea' id='block_1_75' title="bbox 386 4239 2036 4316">
    <p class='ocr_par' dir='ltr' id='par_1_75' title="bbox 386 4239 2036 4316">
     <span class='ocr_line' id='line_1_75' title="bbox 386 4239 2036 4316; baseline 0.002 -19"><span class='ocrx_word' id='word_1_479' title='bbox 386 4240 799 4297; x_wconf 88' lang='lat' dir='ltr'><strong>canonicorum</strong></span> <span class='ocrx_word' id='word_1_480' title='bbox 857 4239 1130 4312; x_wconf 86' lang='lat' dir='ltr'><strong>cuiquam</strong></span> <span class='ocrx_word' id='word_1_481' title='bbox 1189 4241 1435 4298; x_wconf 81' lang='lat' dir='ltr'><strong>facultas</strong></span> <span class='ocrx_word' id='word_1_482' title='bbox 1495 4241 1572 4297; x_wconf 91' lang='lat' dir='ltr'><strong>sit</strong></span> <span class='ocrx_word' id='word_1_483' title='bbox 1604 4247 1705 4298; x_wconf 90' lang='lat' dir='ltr'><strong>aut</strong></span> <span class='ocrx_word' id='word_1_484' title='bbox 1735 4245 2036 4316; x_wconf 90' lang='lat' dir='ltr'><strong>proprium</strong></span> 
     </span>
    </p>
   </div>
   <div class='ocr_carea' id='block_1_76' title="bbox 386 4328 2039 4403">
    <p class='ocr_par' dir='ltr' id='par_1_76' title="bbox 386 4328 2039 4403">
     <span class='ocr_line' id='line_1_76' title="bbox 386 4328 2039 4403; baseline 0.004 -20"><span class='ocrx_word' id='word_1_485' title='bbox 386 4329 603 4385; x_wconf 86' lang='lat' dir='ltr'><strong>habere</strong></span> <span class='ocrx_word' id='word_1_486' title='bbox 633 4333 732 4383; x_wconf 86' lang='lat' dir='ltr'><strong>aut</strong></span> <span class='ocrx_word' id='word_1_487' title='bbox 755 4329 880 4384; x_wconf 90' lang='lat' dir='ltr'><strong>sine</strong></span> <span class='ocrx_word' id='word_1_488' title='bbox 913 4328 1304 4400; x_wconf 70' lang='lat' dir='ltr'><strong>praepositivel</strong></span> <span class='ocrx_word' id='word_1_489' title='bbox 1319 4331 1784 4403; x_wconf 85' lang='lat' dir='ltr'><strong>congregationis</strong></span> <span class='ocrx_word' id='word_1_490' title='bbox 1805 4332 2039 4390; x_wconf 89' lang='lat' dir='ltr'><strong>licentia</strong></span> 
     </span>
    </p>
   </div>
   <div class='ocr_carea' id='block_1_77' title="bbox 386 4415 2037 4486">
    <p class='ocr_par' dir='ltr' id='par_1_77' title="bbox 386 4415 2037 4486">
     <span class='ocr_line' id='line_1_77' title="bbox 386 4415 2037 4486; baseline 0.004 -16"><span class='ocrx_word' id='word_1_491' title='bbox 386 4417 456 4472; x_wconf 89' lang='lat' dir='ltr'><strong>de</strong></span> <span class='ocrx_word' id='word_1_492' title='bbox 487 4416 742 4472; x_wconf 89' lang='lat' dir='ltr'><strong>claustro</strong></span> <span class='ocrx_word' id='word_1_493' title='bbox 773 4415 1090 4472; x_wconf 89' lang='lat' dir='ltr'><strong>discedere.</strong></span> <span class='ocrx_word' id='word_1_494' title='bbox 1123 4418 1284 4481; x_wconf 89' lang='lat' dir='ltr'><strong>Quod</strong></span> <span class='ocrx_word' id='word_1_495' title='bbox 1315 4418 1365 4472; x_wconf 89' lang='lat' dir='ltr'><strong>si</strong></span> <span class='ocrx_word' id='word_1_496' title='bbox 1396 4419 1752 4486; x_wconf 83' lang='lat' dir='ltr'><strong>discesserit,</strong></span> <span class='ocrx_word' id='word_1_497' title='bbox 1787 4425 1844 4475; x_wconf 88' lang='lat' dir='ltr'><strong>et</strong></span> <span class='ocrx_word' id='word_1_498' title='bbox 1874 4439 2037 4477; x_wconf 90' lang='lat' dir='ltr'><strong>com-</strong></span> 
     </span>
    </p>
   </div>
   <div class='ocr_carea' id='block_1_78' title="bbox 386 4505 2034 4579">
    <p class='ocr_par' dir='ltr' id='par_1_78' title="bbox 386 4505 2034 4579">
     <span class='ocr_line' id='line_1_78' title="bbox 386 4505 2034 4579; baseline 0.004 -19"><span class='ocrx_word' id='word_1_499' title='bbox 386 4505 648 4562; x_wconf 89' lang='lat' dir='ltr'><strong>monitus</strong></span> <span class='ocrx_word' id='word_1_500' title='bbox 679 4505 864 4561; x_wconf 89' lang='lat' dir='ltr'><strong>redire</strong></span> <span class='ocrx_word' id='word_1_501' title='bbox 897 4507 1356 4578; x_wconf 89' lang='lat' dir='ltr'><strong>comtempserit,</strong></span> <span class='ocrx_word' id='word_1_502' title='bbox 1388 4509 1681 4579; x_wconf 68' lang='lat' dir='ltr'><strong>praepositi</strong></span> <span class='ocrx_word' id='word_1_503' title='bbox 1705 4508 1952 4578; x_wconf 82' lang='lat' dir='ltr'><strong>intersit,</strong></span> <span class='ocrx_word' id='word_1_504' title='bbox 1985 4513 2034 4567; x_wconf 89' lang='lat' dir='ltr'><strong>si</strong></span> 
     </span>
    </p>
   </div>
   <div class='ocr_carea' id='block_1_79' title="bbox 387 4594 2680 4708">
    <p class='ocr_par' dir='ltr' id='par_1_79' title="bbox 387 4595 2680 4708">
     <span class='ocr_line' id='line_1_79' title="bbox 387 4595 2680 4708; baseline 0 0"><span class='ocrx_word' id='word_1_505' title='bbox 387 4595 2035 4708; x_wconf 49' lang='grc' dir='ltr'><strong>ῗὲίῖῗξξῗῗῖτῗ-ΪῘΫΞΓῘῨᾎΞυῗῘῖἿ¹ε¹ΪῖθΪηΫ-ῗξῗίῗ,ΡξίῖῗἿδ</strong></span> <span class='ocrx_word' id='word_1_506' title='bbox 2066 4619 2111 4684; x_wconf 83' lang='lat' dir='ltr'><strong>D</strong></span> <span class='ocrx_word' id='word_1_507' title='bbox 2142 4637 2380 4708; x_wconf 67' lang='lat' dir='ltr'><strong>Epistula</strong></span> <span class='ocrx_word' id='word_1_508' title='bbox 2416 4637 2620 4692; x_wconf 74' lang='lat' dir='ltr'><strong>Urbani</strong></span> <span class='ocrx_word' id='word_1_509' title='bbox 2647 4653 2680 4707; x_wconf 80' lang='grc' dir='ltr'>ρ</span> 
     </span>
    </p>
   </div>
   <div class='ocr_carea' id='block_1_80' title="bbox 386 4683 2037 4758">
    <p class='ocr_par' dir='ltr' id='par_1_80' title="bbox 386 4683 2037 4758">
     <span class='ocr_line' id='line_1_80' title="bbox 386 4683 2037 4758; baseline 0.004 -20"><span class='ocrx_word' id='word_1_510' title='bbox 386 4683 1140 4740; x_wconf 85' lang='lat' dir='ltr'><strong>interdicere.lnterdictum</strong></span> <span class='ocrx_word' id='word_1_511' title='bbox 1172 4702 1302 4740; x_wconf 85' lang='lat' dir='ltr'><strong>vero</strong></span> <span class='ocrx_word' id='word_1_512' title='bbox 1325 4685 1731 4758; x_wconf 88' lang='lat' dir='ltr'><strong>episc0porum</strong></span> <span class='ocrx_word' id='word_1_513' title='bbox 1754 4688 1840 4744; x_wconf 89' lang='lat' dir='ltr'><strong>vel</strong></span> <span class='ocrx_word' id='word_1_514' title='bbox 1863 4689 2037 4745; x_wconf 89' lang='lat' dir='ltr'><strong>abba-</strong></span> 
     </span>
    </p>
   </div>
   <div class='ocr_carea' id='block_1_81' title="bbox 388 4772 2037 4845">
    <p class='ocr_par' dir='ltr' id='par_1_81' title="bbox 388 4772 2037 4845">
     <span class='ocr_line' id='line_1_81' title="bbox 388 4772 2037 4845; baseline 0.003 -17"><span class='ocrx_word' id='word_1_515' title='bbox 388 4777 516 4828; x_wconf 86' lang='lat' dir='ltr'><strong>tum</strong></span> <span class='ocrx_word' id='word_1_516' title='bbox 528 4772 652 4829; x_wconf 90' lang='lat' dir='ltr'><strong>sine</strong></span> <span class='ocrx_word' id='word_1_517' title='bbox 669 4772 855 4844; x_wconf 90' lang='lat' dir='ltr'><strong>ipsius</strong></span> <span class='ocrx_word' id='word_1_518' title='bbox 875 4773 1259 4845; x_wconf 85' lang='lat' dir='ltr'><strong>permissione</strong></span> <span class='ocrx_word' id='word_1_519' title='bbox 1275 4773 1470 4830; x_wconf 88' lang='lat' dir='ltr'><strong>nullus</strong></span> <span class='ocrx_word' id='word_1_520' title='bbox 1491 4775 2037 4833; x_wconf 86' lang='lat' dir='ltr'><strong>absolvat.0beunte</strong></span> 
     </span>
    </p>
   </div>
   <div class='ocr_carea' id='block_1_82' title="bbox 386 4861 2035 4938">
    <p class='ocr_par' dir='ltr' id='par_1_82' title="bbox 386 4861 2035 4938">
     <span class='ocr_line' id='line_1_82' title="bbox 386 4861 2035 4938; baseline 0.003 -21"><span class='ocrx_word' id='word_1_521' title='bbox 386 4863 651 4932; x_wconf 88' lang='lat' dir='ltr'><strong>ejusdem</strong></span> <span class='ocrx_word' id='word_1_522' title='bbox 683 4861 792 4917; x_wconf 92' lang='lat' dir='ltr'><strong>loci</strong></span> <span class='ocrx_word' id='word_1_523' title='bbox 827 4863 1155 4934; x_wconf 80' lang='lat' dir='ltr'><strong>praeposito,</strong></span> <span class='ocrx_word' id='word_1_524' title='bbox 1190 4863 1387 4920; x_wconf 89' lang='lat' dir='ltr'><strong>nullus</strong></span> <span class='ocrx_word' id='word_1_525' title='bbox 1419 4864 1500 4918; x_wconf 91' lang='lat' dir='ltr'><strong>ibi</strong></span> <span class='ocrx_word' id='word_1_526' title='bbox 1521 4865 1778 4936; x_wconf 88' lang='lat' dir='ltr'><strong>qualibet</strong></span> <span class='ocrx_word' id='word_1_527' title='bbox 1799 4867 2035 4938; x_wconf 89' lang='lat' dir='ltr'><strong>subrep-</strong></span> 
     </span>
    </p>
   </div>
   <div class='ocr_carea' id='block_1_83' title="bbox 387 4949 2034 5026">
    <p class='ocr_par' dir='ltr' id='par_1_83' title="bbox 387 4949 2034 5026">
     <span class='ocr_line' id='line_1_83' title="bbox 387 4949 2034 5026; baseline 0.004 -22"><span class='ocrx_word' id='word_1_528' title='bbox 387 4949 564 5004; x_wconf 90' lang='lat' dir='ltr'><strong>tionis</strong></span> <span class='ocrx_word' id='word_1_529' title='bbox 595 4951 811 5005; x_wconf 89' lang='lat' dir='ltr'><strong>astutia</strong></span> <span class='ocrx_word' id='word_1_530' title='bbox 840 4951 925 5006; x_wconf 91' lang='lat' dir='ltr'><strong>vel</strong></span> <span class='ocrx_word' id='word_1_531' title='bbox 973 4951 1248 5007; x_wconf 91' lang='lat' dir='ltr'><strong>violentia</strong></span> <span class='ocrx_word' id='word_1_532' title='bbox 1294 4958 1683 5025; x_wconf 60' lang='lat' dir='ltr'><strong>praeponatur,</strong></span> <span class='ocrx_word' id='word_1_533' title='bbox 1718 4954 1827 5010; x_wconf 91' lang='lat' dir='ltr'><strong>nisi</strong></span> <span class='ocrx_word' id='word_1_534' title='bbox 1859 4971 2034 5026; x_wconf 92' lang='lat' dir='ltr'><strong>quem</strong></span> 
     </span>
    </p>
   </div>
   <div class='ocr_carea' id='block_1_84' title="bbox 387 5037 2034 5111">
    <p class='ocr_par' dir='ltr' id='par_1_84' title="bbox 387 5037 2034 5111">
     <span class='ocr_line' id='line_1_84' title="bbox 387 5037 2034 5111; baseline 0.004 -19"><span class='ocrx_word' id='word_1_535' title='bbox 387 5037 598 5093; x_wconf 84' lang='lat' dir='ltr'><strong>fratres</strong></span> <span class='ocrx_word' id='word_1_536' title='bbox 647 5037 942 5111; x_wconf 89' lang='lat' dir='ltr'><strong>regulares</strong></span> <span class='ocrx_word' id='word_1_537' title='bbox 991 5039 1288 5095; x_wconf 88' lang='lat' dir='ltr'><strong>communi</strong></span> <span class='ocrx_word' id='word_1_538' title='bbox 1334 5058 1620 5097; x_wconf 89' lang='lat' dir='ltr'><strong>consensu</strong></span> <span class='ocrx_word' id='word_1_539' title='bbox 1669 5041 1759 5098; x_wconf 89' lang='lat' dir='ltr'><strong>vel</strong></span> <span class='ocrx_word' id='word_1_540' title='bbox 1791 5043 2034 5098; x_wconf 86' lang='lat' dir='ltr'><strong>fratrum</strong></span> 
     </span>
    </p>
   </div>
   <div class='ocr_carea' id='block_1_85' title="bbox 387 5126 2039 5202">
    <p class='ocr_par' dir='ltr' id='par_1_85' title="bbox 387 5126 2039 5202">
     <span class='ocr_line' id='line_1_85' title="bbox 387 5126 2039 5202; baseline 0.003 -22"><span class='ocrx_word' id='word_1_541' title='bbox 387 5143 523 5198; x_wconf 90' lang='lat' dir='ltr'><strong>pars</strong></span> <span class='ocrx_word' id='word_1_542' title='bbox 551 5126 781 5182; x_wconf 90' lang='lat' dir='ltr'><strong>consilii</strong></span> <span class='ocrx_word' id='word_1_543' title='bbox 813 5128 1062 5182; x_wconf 87' lang='lat' dir='ltr'><strong>sanioris</strong></span> <span class='ocrx_word' id='word_1_544' title='bbox 1091 5131 1412 5184; x_wconf 90' lang='lat' dir='ltr'><strong>secundum</strong></span> <span class='ocrx_word' id='word_1_545' title='bbox 1443 5131 1536 5185; x_wconf 88' lang='lat' dir='ltr'><strong>Dei</strong></span> <span class='ocrx_word' id='word_1_546' title='bbox 1560 5131 1827 5186; x_wconf 89' lang='lat' dir='ltr'><strong>timorem</strong></span> <span class='ocrx_word' id='word_1_547' title='bbox 1858 5131 2039 5202; x_wconf 90' lang='lat' dir='ltr'><strong>provi-</strong></span> 
     </span>
    </p>
   </div>
   <div class='ocr_carea' id='block_1_86' title="bbox 388 5215 2034 5290">
    <p class='ocr_par' dir='ltr' id='par_1_86' title="bbox 388 5215 2034 5290">
     <span class='ocr_line' id='line_1_86' title="bbox 388 5215 2034 5290; baseline 0.003 -20"><span class='ocrx_word' id='word_1_548' title='bbox 388 5215 581 5270; x_wconf 89' lang='lat' dir='ltr'><strong>derint</strong></span> <span class='ocrx_word' id='word_1_549' title='bbox 598 5215 940 5288; x_wconf 88' lang='lat' dir='ltr'><strong>regulariter</strong></span> <span class='ocrx_word' id='word_1_550' title='bbox 953 5216 1369 5288; x_wconf 84' lang='lat' dir='ltr'><strong>eligendum.Si</strong></span> <span class='ocrx_word' id='word_1_551' title='bbox 1392 5219 1490 5290; x_wconf 85' lang='lat' dir='ltr'><strong>qui</strong></span> <span class='ocrx_word' id='word_1_552' title='bbox 1523 5237 1662 5274; x_wconf 83' lang='lat' dir='ltr'><strong>sane</strong></span> <span class='ocrx_word' id='word_1_553' title='bbox 1685 5220 1876 5274; x_wconf 89' lang='lat' dir='ltr'><strong>clerici</strong></span> <span class='ocrx_word' id='word_1_554' title='bbox 1901 5237 2034 5275; x_wconf 91' lang='lat' dir='ltr'><strong>cum</strong></span> 
     </span>
    </p>
   </div>
   <div class='ocr_carea' id='block_1_87' title="bbox 387 5303 2039 5380">
    <p class='ocr_par' dir='ltr' id='par_1_87' title="bbox 387 5303 2039 5380">
     <span class='ocr_line' id='line_1_87' title="bbox 387 5303 2039 5380; baseline 0.003 -22"><span class='ocrx_word' id='word_1_555' title='bbox 387 5303 796 5374; x_wconf 90' lang='lat' dir='ltr'><strong>episcoporum</strong></span> <span class='ocrx_word' id='word_1_556' title='bbox 843 5321 1087 5360; x_wconf 89' lang='lat' dir='ltr'><strong>suorum</strong></span> <span class='ocrx_word' id='word_1_557' title='bbox 1135 5304 1372 5362; x_wconf 89' lang='lat' dir='ltr'><strong>licentia</strong></span> <span class='ocrx_word' id='word_1_558' title='bbox 1415 5307 1810 5363; x_wconf 90' lang='lat' dir='ltr'><strong>conversionis</strong></span> <span class='ocrx_word' id='word_1_559' title='bbox 1850 5309 2039 5380; x_wconf 88' lang='lat' dir='ltr'><strong>gratia</strong></span> 
     </span>
    </p>
   </div>
   <div class='ocr_carea' id='block_1_88' title="bbox 388 5390 2038 5468">
    <p class='ocr_par' dir='ltr' id='par_1_88' title="bbox 388 5390 2038 5468">
     <span class='ocr_line' id='line_1_88' title="bbox 388 5390 2038 5468; baseline 0.005 -23"><span class='ocrx_word' id='word_1_560' title='bbox 388 5390 580 5447; x_wconf 88' lang='lat' dir='ltr'><strong>locum</strong></span> <span class='ocrx_word' id='word_1_561' title='bbox 612 5392 806 5464; x_wconf 90' lang='lat' dir='ltr'><strong>ipsum</strong></span> <span class='ocrx_word' id='word_1_562' title='bbox 837 5392 1418 5466; x_wconf 67' lang='lat' dir='ltr'><strong>adierint,praeposito</strong></span> <span class='ocrx_word' id='word_1_563' title='bbox 1449 5395 1698 5451; x_wconf 89' lang='lat' dir='ltr'><strong>liberum</strong></span> <span class='ocrx_word' id='word_1_564' title='bbox 1723 5396 1800 5451; x_wconf 90' lang='lat' dir='ltr'><strong>sit</strong></span> <span class='ocrx_word' id='word_1_565' title='bbox 1832 5405 2038 5468; x_wconf 85' lang='lat' dir='ltr'><strong>praeler</strong></span> 
     </span>
    </p>
   </div>
   <div class='ocr_carea' id='block_1_89' title="bbox 387 5482 2035 5558">
    <p class='ocr_par' dir='ltr' id='par_1_89' title="bbox 387 5482 2035 5558">
     <span class='ocr_line' id='line_1_89' title="bbox 387 5482 2035 5558; baseline 0.004 -21"><span class='ocrx_word' id='word_1_566' title='bbox 387 5496 620 5537; x_wconf 92' lang='lat' dir='ltr'><strong>omnem</strong></span> <span class='ocrx_word' id='word_1_567' title='bbox 634 5482 1165 5555; x_wconf 86' lang='lat' dir='ltr'><strong>episcopi&#39;l‘olosani</strong></span> <span class='ocrx_word' id='word_1_568' title='bbox 1185 5485 1699 5540; x_wconf 87' lang='lat' dir='ltr'><strong>contradictionem</strong></span> <span class='ocrx_word' id='word_1_569' title='bbox 1716 5485 2035 5558; x_wconf 89' lang='lat' dir='ltr'><strong>suscipere,</strong></span> 
     </span>
    </p>
   </div>
   <div class='ocr_carea' id='block_1_90' title="bbox 461 5659 1690 5732">
    <p class='ocr_par' dir='ltr' id='par_1_90' title="bbox 461 5659 1690 5732">
     <span class='ocr_line' id='line_1_90' title="bbox 461 5659 1690 5732; baseline 0.001 -18"><span class='ocrx_word' id='word_1_570' title='bbox 461 5659 572 5732; x_wconf 83' lang='grc'><strong>(47)</strong></span> <span class='ocrx_word' id='word_1_571' title='bbox 605 5659 892 5716; x_wconf 80' lang='lat' dir='ltr'><strong>Nimirum</strong></span> <span class='ocrx_word' id='word_1_572' title='bbox 918 5661 976 5719; x_wconf 91' lang='lat' dir='ltr'><strong>in</strong></span> <span class='ocrx_word' id='word_1_573' title='bbox 1009 5661 1254 5720; x_wconf 92' lang='lat' dir='ltr'><strong>concilio</strong></span> <span class='ocrx_word' id='word_1_574' title='bbox 1285 5662 1690 5718; x_wconf 86' lang='lat' dir='ltr'><strong>Nemausensi.</strong></span> 
     </span>
    </p>
   </div>
   <div class='ocr_carea' id='block_1_91' title="bbox 2145 3357 3797 3431">
    <p class='ocr_par' dir='ltr' id='par_1_91' title="bbox 2145 3357 3797 3431">
     <span class='ocr_line' id='line_1_91' title="bbox 2145 3357 3797 3431; baseline -0.001 -17"><span class='ocrx_word' id='word_1_575' title='bbox 2145 3363 2437 3430; x_wconf 89' lang='lat' dir='ltr'><strong>quatenus</strong></span> <span class='ocrx_word' id='word_1_576' title='bbox 2462 3362 2520 3413; x_wconf 89' lang='lat' dir='ltr'><strong>et</strong></span> <span class='ocrx_word' id='word_1_577' title='bbox 2545 3358 2641 3414; x_wconf 90' lang='lat' dir='ltr'><strong>hic</strong></span> <span class='ocrx_word' id='word_1_578' title='bbox 2673 3358 2927 3413; x_wconf 72' lang='lat' dir='ltr'><strong>fructum</strong></span> <span class='ocrx_word' id='word_1_579' title='bbox 2959 3359 3123 3414; x_wconf 74' lang='lat' dir='ltr'><strong>bona:</strong></span> <span class='ocrx_word' id='word_1_580' title='bbox 3154 3358 3404 3414; x_wconf 88' lang='lat' dir='ltr'><strong>actionis</strong></span> <span class='ocrx_word' id='word_1_581' title='bbox 3452 3357 3797 3431; x_wconf 79' lang='lat' dir='ltr'><strong>percipiant,</strong></span> 
     </span>
    </p>
   </div>
   <div class='ocr_carea' id='block_1_92' title="bbox 2145 3446 3801 3518">
    <p class='ocr_par' dir='ltr' id='par_1_92' title="bbox 2145 3446 3801 3518">
     <span class='ocr_line' id='line_1_92' title="bbox 2145 3446 3801 3518; baseline 0.001 -15"><span class='ocrx_word' id='word_1_582' title='bbox 2145 3451 2202 3503; x_wconf 91' lang='lat' dir='ltr'><strong>et</strong></span> <span class='ocrx_word' id='word_1_583' title='bbox 2231 3448 2384 3518; x_wconf 87' lang='lat' dir='ltr'><strong>apud</strong></span> <span class='ocrx_word' id='word_1_584' title='bbox 2415 3447 2750 3502; x_wconf 88' lang='lat' dir='ltr'><strong>districtum</strong></span> <span class='ocrx_word' id='word_1_585' title='bbox 2771 3447 3034 3518; x_wconf 89' lang='lat' dir='ltr'><strong>judicem</strong></span> <span class='ocrx_word' id='word_1_586' title='bbox 3081 3446 3320 3518; x_wconf 65' lang='lat' dir='ltr'><strong>praemia</strong></span> <span class='ocrx_word' id='word_1_587' title='bbox 3359 3451 3585 3503; x_wconf 64' lang='lat' dir='ltr'><strong>aeterne</strong></span> <span class='ocrx_word' id='word_1_588' title='bbox 3639 3447 3801 3518; x_wconf 76' lang='lat' dir='ltr'><strong>pacis</strong></span> 
     </span>
    </p>
   </div>
   <div class='ocr_carea' id='block_1_93' title="bbox 2145 3535 3678 3592">
    <p class='ocr_par' dir='ltr' id='par_1_93' title="bbox 2145 3535 3678 3592">
     <span class='ocr_line' id='line_1_93' title="bbox 2145 3535 3678 3592; baseline 0 0"><span class='ocrx_word' id='word_1_589' title='bbox 2145 3535 2463 3592; x_wconf 89' lang='lat' dir='ltr'><strong>inveniant.</strong></span> <span class='ocrx_word' id='word_1_590' title='bbox 2487 3538 2690 3591; x_wconf 88' lang='lat' dir='ltr'><strong>Amen.</strong></span> <span class='ocrx_word' id='word_1_591' title='bbox 3675 3565 3678 3568; x_wconf 89' lang='lat'><strong><em>-</em></strong></span> 
     </span>
    </p>
   </div>
   <div class='ocr_carea' id='block_1_94' title="bbox 2217 3625 3800 3696">
    <p class='ocr_par' dir='ltr' id='par_1_94' title="bbox 2217 3625 3800 3696">
     <span class='ocr_line' id='line_1_94' title="bbox 2217 3625 3800 3696; baseline 0.002 -16"><span class='ocrx_word' id='word_1_592' title='bbox 2217 3626 2432 3681; x_wconf 90' lang='lat' dir='ltr'><strong>Datum</strong></span> <span class='ocrx_word' id='word_1_593' title='bbox 2493 3626 2641 3696; x_wconf 89' lang='lat' dir='ltr'><strong>apud</strong></span> <span class='ocrx_word' id='word_1_594' title='bbox 2693 3626 2946 3680; x_wconf 89' lang='lat' dir='ltr'><strong>Montem</strong></span> <span class='ocrx_word' id='word_1_595' title='bbox 2989 3625 3290 3681; x_wconf 80' lang='lat' dir='ltr'><strong>Andaonis</strong></span> <span class='ocrx_word' id='word_1_596' title='bbox 3342 3625 3401 3680; x_wconf 91' lang='lat' dir='ltr'><strong>in</strong></span> <span class='ocrx_word' id='word_1_597' title='bbox 3443 3626 3800 3683; x_wconf 71' lang='lat' dir='ltr'><strong>monasterio</strong></span> 
     </span>
    </p>
   </div>
   <div class='ocr_carea' id='block_1_95' title="bbox 2147 3712 3799 3784">
    <p class='ocr_par' dir='ltr' id='par_1_95' title="bbox 2147 3712 3799 3784">
     <span class='ocr_line' id='line_1_95' title="bbox 2147 3712 3799 3784; baseline 0.001 -15"><span class='ocrx_word' id='word_1_598' title='bbox 2147 3714 2342 3769; x_wconf 82' lang='lat' dir='ltr'><strong>Sancti</strong></span> <span class='ocrx_word' id='word_1_599' title='bbox 2372 3714 2612 3769; x_wconf 78' lang='lat' dir='ltr'><strong>Andreae</strong></span> <span class='ocrx_word' id='word_1_600' title='bbox 2644 3730 2746 3784; x_wconf 90' lang='lat' dir='ltr'><strong>per</strong></span> <span class='ocrx_word' id='word_1_601' title='bbox 2771 3731 3011 3769; x_wconf 87' lang='lat' dir='ltr'><strong>manum</strong></span> <span class='ocrx_word' id='word_1_602' title='bbox 3042 3714 3310 3778; x_wconf 88' lang='lat' dir='ltr'><strong>Joannis,</strong></span> <span class='ocrx_word' id='word_1_603' title='bbox 3331 3713 3472 3769; x_wconf 62' lang='lat'><strong>8.11.</strong></span> <span class='ocrx_word' id='word_1_604' title='bbox 3493 3712 3799 3770; x_wconf 79' lang='lat' dir='ltr'><strong>E.d:iaconi</strong></span> 
     </span>
    </p>
   </div>
   <div class='ocr_carea' id='block_1_96' title="bbox 2146 3802 3796 3875">
    <p class='ocr_par' dir='ltr' id='par_1_96' title="bbox 2146 3802 3796 3875">
     <span class='ocr_line' id='line_1_96' title="bbox 2146 3802 3796 3875; baseline 0.002 -18"><span class='ocrx_word' id='word_1_605' title='bbox 2146 3802 2480 3869; x_wconf 88' lang='lat' dir='ltr'><strong>cardinalis,</strong></span> <span class='ocrx_word' id='word_1_606' title='bbox 2513 3820 2568 3858; x_wconf 76' lang='lat' dir='ltr'><strong>x1</strong></span> <span class='ocrx_word' id='word_1_607' title='bbox 2603 3802 2730 3859; x_wconf 87' lang='lat' dir='ltr'><strong>Kal.</strong></span> <span class='ocrx_word' id='word_1_608' title='bbox 2763 3803 3032 3875; x_wconf 90' lang='lat' dir='ltr'><strong>Augusti,</strong></span> <span class='ocrx_word' id='word_1_609' title='bbox 3065 3802 3382 3859; x_wconf 88' lang='lat' dir='ltr'><strong>indictione</strong></span> <span class='ocrx_word' id='word_1_610' title='bbox 3411 3819 3491 3868; x_wconf 79' lang='grc' dir='ltr'><strong>ιν,</strong></span> <span class='ocrx_word' id='word_1_611' title='bbox 3524 3802 3796 3860; x_wconf 70' lang='lat' dir='ltr'><strong>Incurua-</strong></span> 
     </span>
    </p>
   </div>
   <div class='ocr_carea' id='block_1_97' title="bbox 2147 3890 3799 3962">
    <p class='ocr_par' dir='ltr' id='par_1_97' title="bbox 2147 3890 3799 3962">
     <span class='ocr_line' id='line_1_97' title="bbox 2147 3890 3799 3962; baseline 0.003 -16"><span class='ocrx_word' id='word_1_612' title='bbox 2147 3890 2321 3946; x_wconf 88' lang='lat' dir='ltr'><strong>tionis</strong></span> <span class='ocrx_word' id='word_1_613' title='bbox 2367 3892 2678 3946; x_wconf 72' lang='lat' dir='ltr'><strong>Dominicae</strong></span> <span class='ocrx_word' id='word_1_614' title='bbox 2742 3909 2894 3947; x_wconf 91' lang='lat' dir='ltr'><strong>anno</strong></span> <span class='ocrx_word' id='word_1_615' title='bbox 2958 3893 3120 3959; x_wconf 90' lang='lat'><strong>1097,</strong></span> <span class='ocrx_word' id='word_1_616' title='bbox 3179 3891 3553 3962; x_wconf 72' lang='lat' dir='ltr'><strong>pontificatus</strong></span> <span class='ocrx_word' id='word_1_617' title='bbox 3601 3895 3799 3951; x_wconf 76' lang='lat' dir='ltr'><strong>autem</strong></span> 
     </span>
    </p>
   </div>
   <div class='ocr_carea' id='block_1_98' title="bbox 2147 3979 2976 4052">
    <p class='ocr_par' dir='ltr' id='par_1_98' title="bbox 2147 3979 2976 4052">
     <span class='ocr_line' id='line_1_98' title="bbox 2147 3979 2976 4052; baseline 0 -18"><span class='ocrx_word' id='word_1_618' title='bbox 2147 3979 2347 4035; x_wconf 90' lang='lat' dir='ltr'><strong>domni</strong></span> <span class='ocrx_word' id='word_1_619' title='bbox 2380 3979 2593 4036; x_wconf 87' lang='lat' dir='ltr'><strong>Urbani</strong></span> <span class='ocrx_word' id='word_1_620' title='bbox 2631 3981 2675 4035; x_wconf 91' lang='grc' dir='ltr'>ΙΙ</span> <span class='ocrx_word' id='word_1_621' title='bbox 2707 3997 2867 4052; x_wconf 72' lang='lat' dir='ltr'><strong>papa:</strong></span> <span class='ocrx_word' id='word_1_622' title='bbox 2897 3997 2976 4036; x_wconf 84' lang='lat' dir='ltr'><strong>1x.</strong></span> 
     </span>
    </p>
   </div>
   <div class='ocr_carea' id='block_1_99' title="bbox 2883 4103 3064 4159">
    <p class='ocr_par' dir='ltr' id='par_1_99' title="bbox 2883 4103 3064 4159">
     <span class='ocr_line' id='line_1_99' title="bbox 2883 4103 3064 4159; baseline -0.006 0"><span class='ocrx_word' id='word_1_623' title='bbox 2883 4103 3064 4159; x_wconf 87' lang='lat' dir='ltr'><strong>CCVI.</strong></span> 
     </span>
    </p>
   </div>
   <div class='ocr_carea' id='block_1_100' title="bbox 2145 4191 3801 4264">
    <p class='ocr_par' dir='ltr' id='par_1_100' title="bbox 2145 4191 3801 4264">
     <span class='ocr_line' id='line_1_100' title="bbox 2145 4191 3801 4264; baseline -0.002 -14"><span class='ocrx_word' id='word_1_624' title='bbox 2145 4194 2170 4218; x_wconf 81' lang='lat'>*</span> <span class='ocrx_word' id='word_1_625' title='bbox 2205 4194 2451 4250; x_wconf 80' lang='lat' dir='ltr'><strong>Urbanus</strong></span> <span class='ocrx_word' id='word_1_626' title='bbox 2480 4195 2802 4249; x_wconf 75' lang='lat' dir='ltr'><strong>monasterii</strong></span> <span class='ocrx_word' id='word_1_627' title='bbox 2829 4193 2882 4248; x_wconf 92' lang='lat' dir='ltr'><strong>S.</strong></span> <span class='ocrx_word' id='word_1_628' title='bbox 2916 4192 3148 4249; x_wconf 67' lang='lat' dir='ltr'><strong>Andreae</strong></span> <span class='ocrx_word' id='word_1_629' title='bbox 3167 4191 3552 4247; x_wconf 72' lang='lat' dir='ltr'><strong>Arem&#39;onensis</strong></span> <span class='ocrx_word' id='word_1_630' title='bbox 3568 4191 3801 4264; x_wconf 76' lang='lat' dir='ltr'><strong>privile-</strong></span> 
     </span>
    </p>
   </div>
   <div class='ocr_carea' id='block_1_101' title="bbox 2516 4265 3414 4337">
    <p class='ocr_par' dir='ltr' id='par_1_101' title="bbox 2516 4265 3414 4337">
     <span class='ocr_line' id='line_1_101' title="bbox 2516 4265 3414 4337; baseline -0.003 -17"><span class='ocrx_word' id='word_1_631' title='bbox 2516 4267 2614 4334; x_wconf 73' lang='lat' dir='ltr'><strong>gia</strong></span> <span class='ocrx_word' id='word_1_632' title='bbox 2643 4269 2695 4320; x_wconf 84' lang='lat' dir='ltr'><strong>et</strong></span> <span class='ocrx_word' id='word_1_633' title='bbox 2717 4266 3077 4337; x_wconf 73' lang='lat' dir='ltr'><strong>possessiones</strong></span> <span class='ocrx_word' id='word_1_634' title='bbox 3106 4265 3414 4333; x_wconf 80' lang='lat' dir='ltr'><strong>conﬁrmat.</strong></span> 
     </span>
    </p>
   </div>
   <div class='ocr_carea' id='block_1_102' title="bbox 2772 4352 3177 4424">
    <p class='ocr_par' dir='ltr' id='par_1_102' title="bbox 2772 4352 3177 4424">
     <span class='ocr_line' id='line_1_102' title="bbox 2772 4352 3177 4424; baseline -0.002 -17"><span class='ocrx_word' id='word_1_635' title='bbox 2772 4355 2958 4424; x_wconf 84' lang='lat' dir='ltr'><strong>(Anno</strong></span> <span class='ocrx_word' id='word_1_636' title='bbox 2994 4352 3177 4420; x_wconf 84' lang='lat'><strong>1096.)</strong></span> 
     </span>
    </p>
   </div>
   <div class='ocr_carea' id='block_1_103' title="bbox 2479 4441 3472 4514">
    <p class='ocr_par' dir='ltr' id='par_1_103' title="bbox 2479 4441 3472 4514">
     <span class='ocr_line' id='line_1_103' title="bbox 2479 4441 3472 4514; baseline -0.005 -17"><span class='ocrx_word' id='word_1_637' title='bbox 2479 4443 2783 4514; x_wconf 67' lang='lat' dir='ltr'><strong>[801mm,</strong></span> <span class='ocrx_word' id='word_1_638' title='bbox 2822 4443 2937 4498; x_wconf 76' lang='lat' dir='ltr'><strong>Vita</strong></span> <span class='ocrx_word' id='word_1_639' title='bbox 2973 4443 3195 4507; x_wconf 79' lang='lat' dir='ltr'><strong>Urbani,</strong></span> <span class='ocrx_word' id='word_1_640' title='bbox 3233 4457 3284 4511; x_wconf 72' lang='grc' dir='ltr'><strong>β.</strong></span> <span class='ocrx_word' id='word_1_641' title='bbox 3317 4441 3472 4509; x_wconf 79' lang='lat'><strong>270.]</strong></span> 
     </span>
    </p>
   </div>
   <div class='ocr_carea' id='block_1_104' title="bbox 2872 4548 3079 4604">
    <p class='ocr_par' dir='ltr' id='par_1_104' title="bbox 2872 4548 3079 4604">
     <span class='ocr_line' id='line_1_104' title="bbox 2872 4548 3079 4604; baseline -0.014 0"><span class='ocrx_word' id='word_1_642' title='bbox 2872 4548 3079 4604; x_wconf 87' lang='lat' dir='ltr'><strong>CCVII.</strong></span> 
     </span>
    </p>
   </div>
   <div class='ocr_carea' id='block_1_105' title="bbox 2684 4635 3802 4762">
    <p class='ocr_par' dir='ltr' id='par_1_105' title="bbox 2684 4635 3802 4762">
     <span class='ocr_line' id='line_1_105' title="bbox 2684 4635 3802 4762; baseline 0.005 -76"><span class='ocrx_word' id='word_1_643' title='bbox 2684 4651 2806 4762; x_wconf 57' lang='lat' dir='ltr'><strong>(8m;</strong></span> <span class='ocrx_word' id='word_1_644' title='bbox 2838 4638 2887 4692; x_wconf 90' lang='grc'><em>11</em></span> <span class='ocrx_word' id='word_1_645' title='bbox 2913 4637 2981 4692; x_wconf 85' lang='lat' dir='ltr'><strong>ad</strong></span> <span class='ocrx_word' id='word_1_646' title='bbox 3013 4637 3366 4721; x_wconf 56' lang='lat' dir='ltr'><strong>Catonianum</strong></span> <span class='ocrx_word' id='word_1_647' title='bbox 3387 4635 3690 4707; x_wconf 65' lang='lat' dir='ltr'><strong>Hrmgariz</strong></span> <span class='ocrx_word' id='word_1_648' title='bbox 3719 4652 3802 4692; x_wconf 83' lang='lat' dir='ltr'><strong>re-</strong></span> 
     </span>
     <span class='ocr_line' id='line_1_106' title="bbox 2737 4707 3802 4762; baseline 0 0"><span class='ocrx_word' id='word_1_649' title='bbox 2737 4708 3012 4762; x_wconf 78' lang='lat' dir='ltr'><strong>uzbertum</strong></span> <span class='ocrx_word' id='word_1_650' title='bbox 3055 4718 3398 4762; x_wconf 76' lang='lat' dir='ltr'><strong>antwamm.</strong></span> <span class='ocrx_word' id='word_1_651' title='bbox 3429 4708 3514 4762; x_wconf 72' lang='grc' dir='ltr'><strong>ωι</strong></span> <span class='ocrx_word' id='word_1_652' title='bbox 3553 4707 3802 4762; x_wconf 68' lang='lat' dir='ltr'><strong>Clancu-</strong></span> 
     </span>
    </p>
   </div>
   <div class='ocr_carea' id='block_1_106' title="bbox 2213 4707 3802 4834">
    <p class='ocr_par' dir='ltr' id='par_1_106' title="bbox 2213 4707 3802 4834">
     <span class='ocr_line' id='line_1_107' title="bbox 2213 4707 3802 4834; baseline 0 -72"><span class='ocrx_word' id='word_1_653' title='bbox 2213 4708 2641 4834; x_wconf 55' lang='grc' dir='ltr'><strong>ῗϐσγηῄιῐίυενδας</strong></span> <span class='ocrx_word' id='word_1_654' title='bbox 2693 4707 3012 4764; x_wconf 78' lang='lat' dir='ltr'><strong>Guz‘bertum</strong></span> <span class='ocrx_word' id='word_1_655' title='bbox 3055 4711 3398 4780; x_wconf 77' lang='lat' dir='ltr'><strong>antz&#39;papam,</strong></span> <span class='ocrx_word' id='word_1_656' title='bbox 3429 4708 3514 4763; x_wconf 73' lang='lat' dir='ltr'><strong>vel</strong></span> <span class='ocrx_word' id='word_1_657' title='bbox 3553 4707 3802 4763; x_wconf 68' lang='lat' dir='ltr'><strong>Clancu-</strong></span> 
     </span>
     <span class='ocr_line' id='line_1_108' title="bbox 2267 4796 2445 4834; baseline 0.011 -2"><span class='ocrx_word' id='word_1_658' title='bbox 2267 4796 2319 4832; x_wconf 92' lang='lat' dir='ltr'><strong>m</strong></span> <span class='ocrx_word' id='word_1_659' title='bbox 2433 4822 2445 4834; x_wconf 95' lang='lat'><strong>.</strong></span> 
     </span>
    </p>
   </div>
   <div class='ocr_carea' id='block_1_107' title="bbox 2771 4869 3174 4940">
    <p class='ocr_par' dir='ltr' id='par_1_107' title="bbox 2771 4869 3174 4940">
     <span class='ocr_line' id='line_1_109' title="bbox 2771 4869 3174 4940; baseline 0.002 -17"><span class='ocrx_word' id='word_1_660' title='bbox 2771 4869 2958 4936; x_wconf 90' lang='lat' dir='ltr'><strong>(Anno</strong></span> <span class='ocrx_word' id='word_1_661' title='bbox 2990 4869 3174 4940; x_wconf 84' lang='lat'><strong>1096.)</strong></span> 
     </span>
    </p>
   </div>
   <div class='ocr_carea' id='block_1_108' title="bbox 2145 4956 3800 5027">
    <p class='ocr_par' dir='ltr' id='par_1_108' title="bbox 2145 4956 3800 5027">
     <span class='ocr_line' id='line_1_110' title="bbox 2145 4956 3800 5027; baseline 0.001 -16"><span class='ocrx_word' id='word_1_662' title='bbox 2145 4957 2438 5027; x_wconf 60' lang='lat' dir='ltr'><strong>[Massam</strong></span> <span class='ocrx_word' id='word_1_663' title='bbox 2501 4957 2736 5011; x_wconf 74' lang='lat' dir='ltr'><strong>Histoire</strong></span> <span class='ocrx_word' id='word_1_664' title='bbox 2781 4957 2846 5013; x_wconf 82' lang='lat' dir='ltr'><strong>de</strong></span> <span class='ocrx_word' id='word_1_665' title='bbox 2892 4959 3094 5024; x_wconf 71' lang='lat' dir='ltr'><strong>Nimes,</strong></span> <span class='ocrx_word' id='word_1_666' title='bbox 3167 4957 3352 5026; x_wconf 85' lang='lat' dir='ltr'><strong>Paris,</strong></span> <span class='ocrx_word' id='word_1_667' title='bbox 3406 4957 3566 5027; x_wconf 79' lang='lat'><strong>1750,</strong></span> <span class='ocrx_word' id='word_1_668' title='bbox 3629 4956 3800 5024; x_wconf 58' lang='grc' dir='ltr'><strong>ἰπὶ-ιο,</strong></span> 
     </span>
    </p>
   </div>
   <div class='ocr_carea' id='block_1_109' title="bbox 2693 5029 3256 5098">
    <p class='ocr_par' dir='ltr' id='par_1_109' title="bbox 2693 5029 3256 5098">
     <span class='ocr_line' id='line_1_111' title="bbox 2693 5029 3256 5098; baseline 0 -16"><span class='ocrx_word' id='word_1_669' title='bbox 2693 5032 2732 5082; x_wconf 92' lang='lat' dir='ltr'><strong>t.</strong></span> <span class='ocrx_word' id='word_1_670' title='bbox 2766 5030 2806 5094; x_wconf 92' lang='grc' dir='ltr'><strong>Ι,</strong></span> <span class='ocrx_word' id='word_1_671' title='bbox 2841 5030 3108 5096; x_wconf 87' lang='lat' dir='ltr'><strong>Preuves,</strong></span> <span class='ocrx_word' id='word_1_672' title='bbox 3143 5029 3256 5098; x_wconf 67' lang='lat'><strong>45.]</strong></span> 
     </span>
    </p>
   </div>
   <div class='ocr_carea' id='block_1_110' title="bbox 2215 5132 3799 5206">
    <p class='ocr_par' dir='ltr' id='par_1_110' title="bbox 2215 5132 3799 5206">
     <span class='ocr_line' id='line_1_112' title="bbox 2215 5132 3799 5206; baseline 0.001 -18"><span class='ocrx_word' id='word_1_673' title='bbox 2215 5133 2490 5190; x_wconf 73' lang='lat' dir='ltr'><strong>URBANUS</strong></span> <span class='ocrx_word' id='word_1_674' title='bbox 2521 5133 3060 5206; x_wconf 84' lang='lat' dir='ltr'><strong>episc0pus,servus</strong></span> <span class='ocrx_word' id='word_1_675' title='bbox 3091 5151 3394 5192; x_wconf 86' lang='lat' dir='ltr'><strong>servorum</strong></span> <span class='ocrx_word' id='word_1_676' title='bbox 3420 5133 3552 5202; x_wconf 76' lang='lat' dir='ltr'><strong>Dei,</strong></span> <span class='ocrx_word' id='word_1_677' title='bbox 3583 5132 3799 5190; x_wconf 85' lang='lat' dir='ltr'><strong>dilecto</strong></span> 
     </span>
    </p>
   </div>
   <div class='ocr_carea' id='block_1_111' title="bbox 2145 5222 3799 5297">
    <p class='ocr_par' dir='ltr' id='par_1_111' title="bbox 2145 5222 3799 5297">
     <span class='ocr_line' id='line_1_113' title="bbox 2145 5222 3799 5297; baseline 0 -20"><span class='ocrx_word' id='word_1_678' title='bbox 2145 5222 2203 5277; x_wconf 93' lang='lat' dir='ltr'><strong>in</strong></span> <span class='ocrx_word' id='word_1_679' title='bbox 2237 5223 2462 5278; x_wconf 88' lang='lat' dir='ltr'><strong>Christo</strong></span> <span class='ocrx_word' id='word_1_680' title='bbox 2495 5222 2612 5278; x_wconf 85' lang='lat' dir='ltr'><strong>filio</strong></span> <span class='ocrx_word' id='word_1_681' title='bbox 2659 5223 3031 5293; x_wconf 70' lang='lat' dir='ltr'><strong>CoquANNO,</strong></span> <span class='ocrx_word' id='word_1_682' title='bbox 3065 5225 3378 5297; x_wconf 79' lang='lat' dir='ltr'><strong>magnifico</strong></span> <span class='ocrx_word' id='word_1_683' title='bbox 3430 5223 3799 5295; x_wconf 80' lang='lat' dir='ltr'><strong>Ungarorum</strong></span> 
     </span>
    </p>
   </div>
   <div class='ocr_carea' id='block_1_112' title="bbox 2148 5311 3591 5385">
    <p class='ocr_par' dir='ltr' id='par_1_112' title="bbox 2148 5311 3591 5385">
     <span class='ocr_line' id='line_1_114' title="bbox 2148 5311 3591 5385; baseline 0.001 -19"><span class='ocrx_word' id='word_1_684' title='bbox 2148 5311 2290 5383; x_wconf 89' lang='lat' dir='ltr'><strong>regi,</strong></span> <span class='ocrx_word' id='word_1_685' title='bbox 2325 5311 2578 5367; x_wconf 88' lang='lat' dir='ltr'><strong>salutem</strong></span> <span class='ocrx_word' id='word_1_686' title='bbox 2611 5316 2668 5368; x_wconf 91' lang='lat' dir='ltr'><strong>et</strong></span> <span class='ocrx_word' id='word_1_687' title='bbox 2693 5313 3073 5385; x_wconf 87' lang='lat' dir='ltr'><strong>apostolicam</strong></span> <span class='ocrx_word' id='word_1_688' title='bbox 3105 5312 3591 5370; x_wconf 80' lang='lat' dir='ltr'><strong>benedictionem.</strong></span> 
     </span>
    </p>
   </div>
   <div class='ocr_carea' id='block_1_113' title="bbox 2216 5399 3801 5474">
    <p class='ocr_par' dir='ltr' id='par_1_113' title="bbox 2216 5399 3801 5474">
     <span class='ocr_line' id='line_1_115' title="bbox 2216 5399 3801 5474; baseline -0.001 -19"><span class='ocrx_word' id='word_1_689' title='bbox 2216 5401 2534 5457; x_wconf 90' lang='lat' dir='ltr'><strong>Audientes</strong></span> <span class='ocrx_word' id='word_1_690' title='bbox 2553 5402 3049 5474; x_wconf 76' lang='lat' dir='ltr'><strong>magniﬁcentiam</strong></span> <span class='ocrx_word' id='word_1_691' title='bbox 3073 5407 3233 5459; x_wconf 81' lang='lat' dir='ltr'><strong>tuam</strong></span> <span class='ocrx_word' id='word_1_692' title='bbox 3248 5399 3678 5473; x_wconf 69' lang='lat' dir='ltr'><strong>omnipotentis</strong></span> <span class='ocrx_word' id='word_1_693' title='bbox 3699 5399 3801 5459; x_wconf 91' lang='lat' dir='ltr'><strong>Dei</strong></span> 
     </span>
    </p>
   </div>
   <div class='ocr_carea' id='block_1_114' title="bbox 2147 5490 3802 5565">
    <p class='ocr_par' dir='ltr' id='par_1_114' title="bbox 2147 5490 3802 5565">
     <span class='ocr_line' id='line_1_116' title="bbox 2147 5490 3802 5565; baseline 0 -21"><span class='ocrx_word' id='word_1_694' title='bbox 2147 5490 2531 5563; x_wconf 87' lang='lat' dir='ltr'><strong>dispositione</strong></span> <span class='ocrx_word' id='word_1_695' title='bbox 2561 5491 2631 5546; x_wconf 90' lang='lat' dir='ltr'><strong>ad</strong></span> <span class='ocrx_word' id='word_1_696' title='bbox 2665 5491 2937 5565; x_wconf 87' lang='lat' dir='ltr'><strong>Ungarici</strong></span> <span class='ocrx_word' id='word_1_697' title='bbox 2987 5492 3150 5563; x_wconf 92' lang='lat' dir='ltr'><strong>regni</strong></span> <span class='ocrx_word' id='word_1_698' title='bbox 3203 5490 3462 5563; x_wconf 89' lang='lat' dir='ltr'><strong>regimen</strong></span> <span class='ocrx_word' id='word_1_699' title='bbox 3503 5505 3634 5546; x_wconf 85' lang='lat' dir='ltr'><strong>esse</strong></span> <span class='ocrx_word' id='word_1_700' title='bbox 3665 5505 3802 5560; x_wconf 89' lang='lat' dir='ltr'><strong>pro-</strong></span> 
     </span>
    </p>
   </div>
  </div>
