  <div class='ocr_page' id='page_1' title='image "/cluster/home/n/w/nwhite01/storage/ocr_20150623/151/umn.31951002477444s/306.png"; bbox 0 0 3958 6368; ppageno 0'>
   <div class='ocr_carea' id='block_1_1' title="bbox 1375 382 2436 456">
    <p class='ocr_par' dir='ltr' id='par_1_1' title="bbox 1375 382 2436 456">
     <span class='ocr_line' id='line_1_1' title="bbox 1375 382 2436 456; baseline -0.004 -1"><span class='ocrx_word' id='word_1_1' title='bbox 1375 387 1781 456; x_wconf 75' lang='lat' dir='ltr'><strong>EPISTOLE</strong></span> <span class='ocrx_word' id='word_1_2' title='bbox 1819 383 1921 450; x_wconf 81' lang='lat' dir='ltr'><strong>ET</strong></span> <span class='ocrx_word' id='word_1_3' title='bbox 1960 382 2436 453; x_wconf 75' lang='lat' dir='ltr'><strong>PRIVILEGIA.</strong></span> 
     </span>
    </p>
   </div>
   <div class='ocr_carea' id='block_1_2' title="bbox 3478 387 3602 475">
    <p class='ocr_par' dir='ltr' id='par_1_2' title="bbox 3478 387 3602 475">
     <span class='ocr_line' id='line_1_2' title="bbox 3478 387 3602 475; baseline 0 0"><span class='ocrx_word' id='word_1_4' title='bbox 3478 387 3602 475; x_wconf 56' lang='grc'><strong>⁸8)</strong></span> 
     </span>
    </p>
   </div>
   <div class='ocr_carea' id='block_1_3' title="bbox 196 522 3594 599">
    <p class='ocr_par' dir='ltr' id='par_1_3' title="bbox 196 522 3594 599">
     <span class='ocr_line' id='line_1_3' title="bbox 196 522 3594 599; baseline 0 -21"><span class='ocrx_word' id='word_1_5' title='bbox 196 526 451 593; x_wconf 73' lang='lat' dir='ltr'><strong>vectam,</strong></span> <span class='ocrx_word' id='word_1_6' title='bbox 476 524 689 598; x_wconf 85' lang='lat' dir='ltr'><strong>gaudio</strong></span> <span class='ocrx_word' id='word_1_7' title='bbox 744 542 860 582; x_wconf 86' lang='lat' dir='ltr'><strong>non</strong></span> <span class='ocrx_word' id='word_1_8' title='bbox 913 526 1141 583; x_wconf 88' lang='lat' dir='ltr'><strong>modico</strong></span> <span class='ocrx_word' id='word_1_9' title='bbox 1195 525 1580 584; x_wconf 84' lang='lat' dir='ltr'><strong>exsultamus.</strong></span> <span class='ocrx_word' id='word_1_10' title='bbox 1632 522 1847 581; x_wconf 86' lang='lat' dir='ltr'><strong>Retulit</strong></span> <span class='ocrx_word' id='word_1_11' title='bbox 1876 526 1925 591; x_wconf 83' lang='grc' dir='ltr'>Α</span> <span class='ocrx_word' id='word_1_12' title='bbox 1960 538 2093 577; x_wconf 88' lang='lat' dir='ltr'><strong>nam</strong></span> <span class='ocrx_word' id='word_1_13' title='bbox 2124 526 2285 579; x_wconf 88' lang='lat' dir='ltr'><strong>tuam</strong></span> <span class='ocrx_word' id='word_1_14' title='bbox 2316 524 2534 592; x_wconf 85' lang='lat' dir='ltr'><strong>divina,</strong></span> <span class='ocrx_word' id='word_1_15' title='bbox 2568 530 2630 580; x_wconf 91' lang='lat' dir='ltr'><strong>ut</strong></span> <span class='ocrx_word' id='word_1_16' title='bbox 2655 526 2967 596; x_wconf 80' lang='lat' dir='ltr'><strong>credimus,</strong></span> <span class='ocrx_word' id='word_1_17' title='bbox 3000 526 3187 599; x_wconf 86' lang='lat' dir='ltr'><strong>gratia</strong></span> <span class='ocrx_word' id='word_1_18' title='bbox 3234 526 3594 591; x_wconf 75' lang='lat' dir='ltr'><strong>sublimavit.</strong></span> 
     </span>
    </p>
   </div>
   <div class='ocr_carea' id='block_1_4' title="bbox 194 611 1847 685">
    <p class='ocr_par' dir='ltr' id='par_1_4' title="bbox 194 611 1847 685">
     <span class='ocr_line' id='line_1_4' title="bbox 194 611 1847 685; baseline -0.001 -17"><span class='ocrx_word' id='word_1_19' title='bbox 194 612 361 668; x_wconf 80' lang='lat' dir='ltr'><strong>enim</strong></span> <span class='ocrx_word' id='word_1_20' title='bbox 380 612 910 673; x_wconf 76' lang='lat' dir='ltr'><strong>nobisveuerabilis</strong></span> <span class='ocrx_word' id='word_1_21' title='bbox 938 615 1097 672; x_wconf 79' lang='lat' dir='ltr'><strong>ﬁlius</strong></span> <span class='ocrx_word' id='word_1_22' title='bbox 1143 619 1343 672; x_wconf 85' lang='lat' dir='ltr'><strong>uoster</strong></span> <span class='ocrx_word' id='word_1_23' title='bbox 1373 615 1559 684; x_wconf 92' lang='lat' dir='ltr'><strong>0dilo,</strong></span> <span class='ocrx_word' id='word_1_24' title='bbox 1588 614 1654 669; x_wconf 86' lang='lat' dir='ltr'><strong>S.</strong></span> <span class='ocrx_word' id='word_1_25' title='bbox 1693 611 1847 685; x_wconf 52' lang='lat' dir='ltr'><strong>[Egi—</strong></span> 
     </span>
    </p>
   </div>
   <div class='ocr_carea' id='block_1_5' title="bbox 197 700 1848 777">
    <p class='ocr_par' dir='ltr' id='par_1_5' title="bbox 197 700 1848 777">
     <span class='ocr_line' id='line_1_5' title="bbox 197 700 1848 777; baseline -0.001 -20"><span class='ocrx_word' id='word_1_26' title='bbox 197 700 281 757; x_wconf 91' lang='lat' dir='ltr'><strong>dii</strong></span> <span class='ocrx_word' id='word_1_27' title='bbox 309 701 515 772; x_wconf 87' lang='lat' dir='ltr'><strong>abbas,</strong></span> <span class='ocrx_word' id='word_1_28' title='bbox 548 703 958 762; x_wconf 86' lang='lat' dir='ltr'><strong>strenuitatem</strong></span> <span class='ocrx_word' id='word_1_29' title='bbox 1016 709 1202 771; x_wconf 91' lang='lat' dir='ltr'><strong>tuam,</strong></span> <span class='ocrx_word' id='word_1_30' title='bbox 1260 708 1472 777; x_wconf 75' lang='lat' dir='ltr'><strong>praeter</strong></span> <span class='ocrx_word' id='word_1_31' title='bbox 1512 701 1848 759; x_wconf 68' lang='lat' dir='ltr'><strong>saecularem</strong></span> 
     </span>
    </p>
   </div>
   <div class='ocr_carea' id='block_1_6' title="bbox 195 787 1849 865">
    <p class='ocr_par' dir='ltr' id='par_1_6' title="bbox 195 787 1849 865">
     <span class='ocr_line' id='line_1_6' title="bbox 195 787 1849 865; baseline 0 -20"><span class='ocrx_word' id='word_1_32' title='bbox 195 806 318 863; x_wconf 84' lang='lat' dir='ltr'><strong>qua</strong></span> <span class='ocrx_word' id='word_1_33' title='bbox 344 788 622 862; x_wconf 63' lang='lat' dir='ltr'><strong>praecellis</strong></span> <span class='ocrx_word' id='word_1_34' title='bbox 651 791 1032 863; x_wconf 87' lang='lat' dir='ltr'><strong>industriam,</strong></span> <span class='ocrx_word' id='word_1_35' title='bbox 1064 792 1383 865; x_wconf 81' lang='lat' dir='ltr'><strong>Seripturis</strong></span> <span class='ocrx_word' id='word_1_36' title='bbox 1443 792 1619 857; x_wconf 85' lang='lat' dir='ltr'><strong>etiam</strong></span> <span class='ocrx_word' id='word_1_37' title='bbox 1668 787 1849 845; x_wconf 87' lang='lat' dir='ltr'><strong>eccle-</strong></span> 
     </span>
    </p>
   </div>
   <div class='ocr_carea' id='block_1_7' title="bbox 197 876 1850 954">
    <p class='ocr_par' dir='ltr' id='par_1_7' title="bbox 197 876 1850 954">
     <span class='ocr_line' id='line_1_7' title="bbox 197 876 1850 954; baseline -0.002 -19"><span class='ocrx_word' id='word_1_38' title='bbox 197 876 458 936; x_wconf 83' lang='lat' dir='ltr'><strong>siasticis</strong></span> <span class='ocrx_word' id='word_1_39' title='bbox 479 878 793 946; x_wconf 82' lang='lat' dir='ltr'><strong>eruditam,</strong></span> <span class='ocrx_word' id='word_1_40' title='bbox 815 883 873 937; x_wconf 90' lang='lat' dir='ltr'><strong>et</strong></span> <span class='ocrx_word' id='word_1_41' title='bbox 892 881 1056 953; x_wconf 82' lang='lat' dir='ltr'><strong>quod</strong></span> <span class='ocrx_word' id='word_1_42' title='bbox 1080 881 1457 954; x_wconf 88' lang='lat' dir='ltr'><strong>potissimum</strong></span> <span class='ocrx_word' id='word_1_43' title='bbox 1471 878 1850 951; x_wconf 87' lang='lat' dir='ltr'><strong>judiciariam</strong></span> 
     </span>
    </p>
   </div>
   <div class='ocr_carea' id='block_1_8' title="bbox 198 965 1852 1039">
    <p class='ocr_par' dir='ltr' id='par_1_8' title="bbox 198 965 1852 1039">
     <span class='ocr_line' id='line_1_8' title="bbox 198 965 1852 1039; baseline -0.001 -14"><span class='ocrx_word' id='word_1_44' title='bbox 198 967 480 1026; x_wconf 77' lang='lat' dir='ltr'><strong>condecet</strong></span> <span class='ocrx_word' id='word_1_45' title='bbox 506 971 879 1039; x_wconf 53' lang='lat' dir='ltr'><strong>potestatem,</strong></span> <span class='ocrx_word' id='word_1_46' title='bbox 928 974 1268 1029; x_wconf 80' lang='lat' dir='ltr'><strong>sanctorum</strong></span> <span class='ocrx_word' id='word_1_47' title='bbox 1314 984 1605 1027; x_wconf 88' lang='lat' dir='ltr'><strong>canonum</strong></span> <span class='ocrx_word' id='word_1_48' title='bbox 1637 965 1852 1039; x_wconf 82' lang='lat' dir='ltr'><strong>pollere</strong></span> 
     </span>
    </p>
   </div>
   <div class='ocr_carea' id='block_1_9' title="bbox 195 1054 1847 1129">
    <p class='ocr_par' dir='ltr' id='par_1_9' title="bbox 195 1054 1847 1129">
     <span class='ocr_line' id='line_1_9' title="bbox 195 1054 1847 1129; baseline -0.004 -13"><span class='ocrx_word' id='word_1_49' title='bbox 195 1057 465 1116; x_wconf 57' lang='lat' dir='ltr'><strong>abbatis.</strong></span> <span class='ocrx_word' id='word_1_50' title='bbox 508 1058 679 1115; x_wconf 81' lang='lat' dir='ltr'><strong>Unde</strong></span> <span class='ocrx_word' id='word_1_51' title='bbox 690 1061 917 1129; x_wconf 75' lang='lat' dir='ltr'><strong>oportet</strong></span> <span class='ocrx_word' id='word_1_52' title='bbox 934 1062 1014 1124; x_wconf 89' lang='lat' dir='ltr'><strong>te,</strong></span> <span class='ocrx_word' id='word_1_53' title='bbox 1046 1057 1127 1113; x_wconf 82' lang='lat' dir='ltr'><strong>illi</strong></span> <span class='ocrx_word' id='word_1_54' title='bbox 1148 1057 1209 1113; x_wconf 90' lang='lat' dir='ltr'><strong>in</strong></span> <span class='ocrx_word' id='word_1_55' title='bbox 1230 1056 1465 1113; x_wconf 80' lang='lat' dir='ltr'><strong>Christo</strong></span> <span class='ocrx_word' id='word_1_56' title='bbox 1484 1054 1847 1121; x_wconf 85' lang='lat' dir='ltr'><strong>cbarissime,</strong></span> 
     </span>
    </p>
   </div>
   <div class='ocr_carea' id='block_1_10' title="bbox 196 1142 1852 1222">
    <p class='ocr_par' dir='ltr' id='par_1_10' title="bbox 196 1142 1852 1222">
     <span class='ocr_line' id='line_1_10' title="bbox 196 1142 1852 1222; baseline -0.005 -17"><span class='ocrx_word' id='word_1_57' title='bbox 196 1165 383 1222; x_wconf 80' lang='lat' dir='ltr'><strong>supra</strong></span> <span class='ocrx_word' id='word_1_58' title='bbox 409 1152 646 1205; x_wconf 64' lang='lat' dir='ltr'><strong>caeteros</strong></span> <span class='ocrx_word' id='word_1_59' title='bbox 674 1145 885 1218; x_wconf 84' lang='lat' dir='ltr'><strong>quite</strong></span> <span class='ocrx_word' id='word_1_60' title='bbox 915 1147 974 1201; x_wconf 88' lang='lat' dir='ltr'><strong>in</strong></span> <span class='ocrx_word' id='word_1_61' title='bbox 1025 1146 1291 1217; x_wconf 84' lang='lat' dir='ltr'><strong>ejusdem</strong></span> <span class='ocrx_word' id='word_1_62' title='bbox 1354 1143 1517 1218; x_wconf 83' lang='lat' dir='ltr'><strong>regni</strong></span> <span class='ocrx_word' id='word_1_63' title='bbox 1566 1142 1852 1215; x_wconf 86' lang='lat' dir='ltr'><strong>regimine</strong></span> 
     </span>
    </p>
   </div>
   <div class='ocr_carea' id='block_1_11' title="bbox 192 1232 1852 1310">
    <p class='ocr_par' dir='ltr' id='par_1_11' title="bbox 192 1232 1852 1310">
     <span class='ocr_line' id='line_1_11' title="bbox 192 1232 1852 1310; baseline -0.005 -16"><span class='ocrx_word' id='word_1_64' title='bbox 192 1241 642 1310; x_wconf 69' lang='lat' dir='ltr'><strong>praecesserunt,</strong></span> <span class='ocrx_word' id='word_1_65' title='bbox 701 1239 823 1293; x_wconf 89' lang='lat' dir='ltr'><strong>tam</strong></span> <span class='ocrx_word' id='word_1_66' title='bbox 890 1251 995 1307; x_wconf 88' lang='lat' dir='ltr'><strong>pro</strong></span> <span class='ocrx_word' id='word_1_67' title='bbox 1024 1239 1125 1291; x_wconf 87' lang='lat' dir='ltr'><strong>tua</strong></span> <span class='ocrx_word' id='word_1_68' title='bbox 1158 1251 1337 1309; x_wconf 84' lang='lat' dir='ltr'><strong>quam</strong></span> <span class='ocrx_word' id='word_1_69' title='bbox 1378 1251 1481 1306; x_wconf 90' lang='lat' dir='ltr'><strong>pro</strong></span> <span class='ocrx_word' id='word_1_70' title='bbox 1512 1232 1852 1289; x_wconf 88' lang='lat' dir='ltr'><strong>commisso-</strong></span> 
     </span>
    </p>
   </div>
   <div class='ocr_carea' id='block_1_12' title="bbox 199 1323 1853 1400">
    <p class='ocr_par' dir='ltr' id='par_1_12' title="bbox 199 1323 1853 1400">
     <span class='ocr_line' id='line_1_12' title="bbox 199 1323 1853 1400; baseline -0.004 -17"><span class='ocrx_word' id='word_1_71' title='bbox 199 1343 334 1383; x_wconf 81' lang='lat' dir='ltr'><strong>rum</strong></span> <span class='ocrx_word' id='word_1_72' title='bbox 356 1325 460 1383; x_wconf 82' lang='lat' dir='ltr'><strong>tibi</strong></span> <span class='ocrx_word' id='word_1_73' title='bbox 478 1323 829 1400; x_wconf 81' lang='lat' dir='ltr'><strong>populorum</strong></span> <span class='ocrx_word' id='word_1_74' title='bbox 850 1323 1039 1380; x_wconf 83' lang='lat' dir='ltr'><strong>salute</strong></span> <span class='ocrx_word' id='word_1_75' title='bbox 1059 1339 1260 1380; x_wconf 89' lang='lat' dir='ltr'><strong>curam</strong></span> <span class='ocrx_word' id='word_1_76' title='bbox 1275 1323 1569 1397; x_wconf 88' lang='lat' dir='ltr'><strong>gerere.Et</strong></span> <span class='ocrx_word' id='word_1_77' title='bbox 1588 1324 1853 1394; x_wconf 89' lang='lat' dir='ltr'><strong>potentes</strong></span> 
     </span>
    </p>
   </div>
   <div class='ocr_carea' id='block_1_13' title="bbox 196 1411 1854 1485">
    <p class='ocr_par' dir='ltr' id='par_1_13' title="bbox 196 1411 1854 1485">
     <span class='ocr_line' id='line_1_13' title="bbox 196 1411 1854 1485; baseline -0.005 -13"><span class='ocrx_word' id='word_1_78' title='bbox 196 1415 382 1481; x_wconf 61' lang='lat' dir='ltr'><strong>eum,</strong></span> <span class='ocrx_word' id='word_1_79' title='bbox 440 1416 510 1470; x_wconf 90' lang='lat' dir='ltr'><strong>ut</strong></span> <span class='ocrx_word' id='word_1_80' title='bbox 548 1413 756 1470; x_wconf 70' lang='lat' dir='ltr'><strong>divina</strong></span> <span class='ocrx_word' id='word_1_81' title='bbox 811 1412 1116 1485; x_wconf 86' lang='lat' dir='ltr'><strong>Scriptura</strong></span> <span class='ocrx_word' id='word_1_82' title='bbox 1168 1411 1531 1484; x_wconf 82' lang='lat' dir='ltr'><strong>pronuntiat,</strong></span> <span class='ocrx_word' id='word_1_83' title='bbox 1591 1411 1854 1482; x_wconf 87' lang='lat' dir='ltr'><strong>potenter</strong></span> 
     </span>
    </p>
   </div>
   <div class='ocr_carea' id='block_1_14' title="bbox 190 1498 1853 1575">
    <p class='ocr_par' dir='ltr' id='par_1_14' title="bbox 190 1498 1853 1575">
     <span class='ocr_line' id='line_1_14' title="bbox 190 1498 1853 1575; baseline -0.005 -14"><span class='ocrx_word' id='word_1_84' title='bbox 190 1507 499 1560; x_wconf 65' lang='lat' dir='ltr'><strong>tormenta</strong></span> <span class='ocrx_word' id='word_1_85' title='bbox 516 1502 845 1575; x_wconf 75' lang='lat' dir='ltr'><strong>patientur;</strong></span> <span class='ocrx_word' id='word_1_86' title='bbox 864 1506 922 1556; x_wconf 87' lang='lat' dir='ltr'><strong>et</strong></span> <span class='ocrx_word' id='word_1_87' title='bbox 941 1501 1032 1558; x_wconf 91' lang='lat' dir='ltr'><strong>cui</strong></span> <span class='ocrx_word' id='word_1_88' title='bbox 1060 1500 1192 1573; x_wconf 86' lang='lat' dir='ltr'><strong>plus</strong></span> <span class='ocrx_word' id='word_1_89' title='bbox 1213 1499 1407 1567; x_wconf 88' lang='lat' dir='ltr'><strong>datur,</strong></span> <span class='ocrx_word' id='word_1_90' title='bbox 1442 1498 1577 1572; x_wconf 84' lang='lat' dir='ltr'><strong>plus</strong></span> <span class='ocrx_word' id='word_1_91' title='bbox 1596 1499 1853 1570; x_wconf 80' lang='lat' dir='ltr'><strong>profecto</strong></span> 
     </span>
    </p>
   </div>
   <div class='ocr_carea' id='block_1_15' title="bbox 194 1585 1853 1666">
    <p class='ocr_par' dir='ltr' id='par_1_15' title="bbox 194 1585 1853 1666">
     <span class='ocr_line' id='line_1_15' title="bbox 194 1585 1853 1666; baseline -0.005 -18"><span class='ocrx_word' id='word_1_92' title='bbox 194 1591 471 1666; x_wconf 66' lang='lat' dir='ltr'><strong>exigitur.</strong></span> <span class='ocrx_word' id='word_1_93' title='bbox 503 1592 673 1664; x_wconf 77' lang='lat' dir='ltr'><strong>Erige</strong></span> <span class='ocrx_word' id='word_1_94' title='bbox 725 1590 925 1663; x_wconf 80' lang='lat' dir='ltr'><strong>igitur,</strong></span> <span class='ocrx_word' id='word_1_95' title='bbox 959 1606 992 1644; x_wconf 91' lang='grc' dir='ltr'>ο</span> <span class='ocrx_word' id='word_1_96' title='bbox 1061 1606 1185 1657; x_wconf 83' lang='lat' dir='ltr'><strong>rex,</strong></span> <span class='ocrx_word' id='word_1_97' title='bbox 1243 1587 1516 1644; x_wconf 79' lang='lat' dir='ltr'><strong>vexillum</strong></span> <span class='ocrx_word' id='word_1_98' title='bbox 1556 1585 1853 1643; x_wconf 65' lang='lat' dir='ltr'><strong>catholica:</strong></span> 
     </span>
    </p>
   </div>
   <div class='ocr_carea' id='block_1_16' title="bbox 184 1675 1857 1754">
    <p class='ocr_par' dir='ltr' id='par_1_16' title="bbox 184 1675 1857 1754">
     <span class='ocr_line' id='line_1_16' title="bbox 184 1675 1857 1754; baseline -0.004 -18"><span class='ocrx_word' id='word_1_99' title='bbox 184 1681 345 1736; x_wconf 73' lang='lat' dir='ltr'><strong>:ﬂdei</strong></span> <span class='ocrx_word' id='word_1_100' title='bbox 360 1679 711 1754; x_wconf 71' lang='lat' dir='ltr'><strong>gloriosum,</strong></span> <span class='ocrx_word' id='word_1_101' title='bbox 734 1679 891 1751; x_wconf 86' lang='lat' dir='ltr'><strong>quod</strong></span> <span class='ocrx_word' id='word_1_102' title='bbox 915 1677 1293 1735; x_wconf 74' lang='lat' dir='ltr'><strong>saecularibus</strong></span> <span class='ocrx_word' id='word_1_103' title='bbox 1325 1677 1484 1749; x_wconf 87' lang='lat' dir='ltr'><strong>regni</strong></span> <span class='ocrx_word' id='word_1_104' title='bbox 1517 1676 1601 1731; x_wconf 91' lang='lat' dir='ltr'><strong>tui</strong></span> <span class='ocrx_word' id='word_1_105' title='bbox 1631 1675 1857 1731; x_wconf 85' lang='lat' dir='ltr'><strong>vexillis</strong></span> 
     </span>
    </p>
   </div>
   <div class='ocr_carea' id='block_1_17' title="bbox 201 1765 1853 1840">
    <p class='ocr_par' dir='ltr' id='par_1_17' title="bbox 201 1765 1853 1840">
     <span class='ocr_line' id='line_1_17' title="bbox 201 1765 1853 1840; baseline -0.004 -15"><span class='ocrx_word' id='word_1_106' title='bbox 201 1770 506 1826; x_wconf 74' lang='lat' dir='ltr'><strong>victoriam</strong></span> <span class='ocrx_word' id='word_1_107' title='bbox 536 1769 743 1825; x_wconf 81' lang='lat' dir='ltr'><strong>debeat</strong></span> <span class='ocrx_word' id='word_1_108' title='bbox 797 1772 854 1823; x_wconf 91' lang='lat' dir='ltr'><strong>et</strong></span> <span class='ocrx_word' id='word_1_109' title='bbox 882 1767 1129 1840; x_wconf 86' lang='lat' dir='ltr'><strong>gloriam</strong></span> <span class='ocrx_word' id='word_1_110' title='bbox 1162 1782 1521 1839; x_wconf 87' lang='lat' dir='ltr'><strong>comparare.</strong></span> <span class='ocrx_word' id='word_1_111' title='bbox 1567 1766 1699 1820; x_wconf 87' lang='lat' dir='ltr'><strong>Jam</strong></span> <span class='ocrx_word' id='word_1_112' title='bbox 1753 1765 1853 1819; x_wconf 89' lang='lat' dir='ltr'><strong>diu</strong></span> 
     </span>
    </p>
   </div>
   <div class='ocr_carea' id='block_1_18' title="bbox 1961 609 3599 688">
    <p class='ocr_par' dir='ltr' id='par_1_18' title="bbox 1961 609 3599 688">
     <span class='ocr_line' id='line_1_18' title="bbox 1961 609 3599 688; baseline 0.004 -23"><span class='ocrx_word' id='word_1_113' title='bbox 1961 609 2124 666; x_wconf 84' lang='lat' dir='ltr'><strong>Unde</strong></span> <span class='ocrx_word' id='word_1_114' title='bbox 2170 629 2279 667; x_wconf 91' lang='lat' dir='ltr'><strong>nos</strong></span> <span class='ocrx_word' id='word_1_115' title='bbox 2330 612 2569 684; x_wconf 89' lang='lat' dir='ltr'><strong>quibus,</strong></span> <span class='ocrx_word' id='word_1_116' title='bbox 2611 613 2747 670; x_wconf 90' lang='lat' dir='ltr'><strong>licet</strong></span> <span class='ocrx_word' id='word_1_117' title='bbox 2786 613 3070 687; x_wconf 87' lang='lat' dir='ltr'><strong>indignis,</strong></span> <span class='ocrx_word' id='word_1_118' title='bbox 3121 631 3224 687; x_wconf 88' lang='lat' dir='ltr'><strong>pro</strong></span> <span class='ocrx_word' id='word_1_119' title='bbox 3270 614 3599 688; x_wconf 68' lang='lat' dir='ltr'><strong>apostolica</strong></span> 
     </span>
    </p>
   </div>
   <div class='ocr_carea' id='block_1_19' title="bbox 1958 699 3600 760">
    <p class='ocr_par' dir='ltr' id='par_1_19' title="bbox 1958 699 3600 760">
     <span class='ocr_line' id='line_1_19' title="bbox 1958 699 3600 760; baseline 0.003 -5"><span class='ocrx_word' id='word_1_120' title='bbox 1958 699 2116 756; x_wconf 81' lang='lat' dir='ltr'><strong>sedis</strong></span> <span class='ocrx_word' id='word_1_121' title='bbox 2146 700 2470 757; x_wconf 87' lang='lat' dir='ltr'><strong>ministerio</strong></span> <span class='ocrx_word' id='word_1_122' title='bbox 2514 701 2902 759; x_wconf 87' lang='lat' dir='ltr'><strong>Ecclesiarum</strong></span> <span class='ocrx_word' id='word_1_123' title='bbox 2953 703 3218 759; x_wconf 89' lang='lat' dir='ltr'><strong>omnium</strong></span> <span class='ocrx_word' id='word_1_124' title='bbox 3267 703 3600 760; x_wconf 86' lang='lat' dir='ltr'><strong>sollicitudo</strong></span> 
     </span>
    </p>
   </div>
   <div class='ocr_carea' id='block_1_20' title="bbox 1958 787 3602 864">
    <p class='ocr_par' dir='ltr' id='par_1_20' title="bbox 1958 787 3602 864">
     <span class='ocr_line' id='line_1_20' title="bbox 1958 787 3602 864; baseline 0.004 -22"><span class='ocrx_word' id='word_1_125' title='bbox 1958 787 2249 859; x_wconf 83' lang='lat' dir='ltr'><strong>imminet,</strong></span> <span class='ocrx_word' id='word_1_126' title='bbox 2281 788 2419 860; x_wconf 89' lang='lat' dir='ltr'><strong>quia</strong></span> <span class='ocrx_word' id='word_1_127' title='bbox 2446 790 2660 847; x_wconf 69' lang='lat' dir='ltr'><strong>Grzeeis</strong></span> <span class='ocrx_word' id='word_1_128' title='bbox 2688 795 2749 847; x_wconf 91' lang='lat' dir='ltr'><strong>et</strong></span> <span class='ocrx_word' id='word_1_129' title='bbox 2792 793 3080 859; x_wconf 87' lang='lat' dir='ltr'><strong>barbaris,</strong></span> <span class='ocrx_word' id='word_1_130' title='bbox 3149 792 3515 864; x_wconf 77' lang='lat' dir='ltr'><strong>sapientibus</strong></span> <span class='ocrx_word' id='word_1_131' title='bbox 3544 796 3602 848; x_wconf 78' lang='lat' dir='ltr'><strong>et</strong></span> 
     </span>
    </p>
   </div>
   <div class='ocr_carea' id='block_1_21' title="bbox 1956 875 3602 953">
    <p class='ocr_par' dir='ltr' id='par_1_21' title="bbox 1956 875 3602 953">
     <span class='ocr_line' id='line_1_21' title="bbox 1956 875 3602 953; baseline 0.003 -22"><span class='ocrx_word' id='word_1_132' title='bbox 1956 875 2679 948; x_wconf 86' lang='lat' dir='ltr'><strong>insipientibusdebitores</strong></span> <span class='ocrx_word' id='word_1_133' title='bbox 2707 887 3104 947; x_wconf 84' lang='lat' dir='ltr'><strong>sumus,tuam</strong></span> <span class='ocrx_word' id='word_1_134' title='bbox 3136 896 3312 952; x_wconf 87' lang='lat' dir='ltr'><strong>super</strong></span> <span class='ocrx_word' id='word_1_135' title='bbox 3340 880 3433 937; x_wconf 90' lang='lat' dir='ltr'><strong>his</strong></span> <span class='ocrx_word' id='word_1_136' title='bbox 3461 897 3602 953; x_wconf 87' lang='lat' dir='ltr'><strong>pru-</strong></span> 
     </span>
    </p>
   </div>
   <div class='ocr_carea' id='block_1_22' title="bbox 1959 964 3601 1041">
    <p class='ocr_par' dir='ltr' id='par_1_22' title="bbox 1959 964 3601 1041">
     <span class='ocr_line' id='line_1_22' title="bbox 1959 964 3601 1041; baseline 0.003 -22"><span class='ocrx_word' id='word_1_137' title='bbox 1959 964 2218 1021; x_wconf 87' lang='lat' dir='ltr'><strong>dentiam</strong></span> <span class='ocrx_word' id='word_1_138' title='bbox 2242 965 2520 1022; x_wconf 86' lang='lat' dir='ltr'><strong>duximus</strong></span> <span class='ocrx_word' id='word_1_139' title='bbox 2537 969 2965 1024; x_wconf 88' lang='lat' dir='ltr'><strong>admonendam</strong></span> <span class='ocrx_word' id='word_1_140' title='bbox 2993 987 3005 1024; x_wconf 93' lang='lat'>:</span> <span class='ocrx_word' id='word_1_141' title='bbox 3040 969 3123 1023; x_wconf 90' lang='lat' dir='ltr'><strong>tui</strong></span> <span class='ocrx_word' id='word_1_142' title='bbox 3144 971 3398 1041; x_wconf 77' lang='lat' dir='ltr'><strong>profecto</strong></span> <span class='ocrx_word' id='word_1_143' title='bbox 3418 970 3601 1026; x_wconf 87' lang='lat' dir='ltr'><strong>animi</strong></span> 
     </span>
    </p>
   </div>
   <div class='ocr_carea' id='block_1_23' title="bbox 1957 1053 3602 1131">
    <p class='ocr_par' dir='ltr' id='par_1_23' title="bbox 1957 1053 3602 1131">
     <span class='ocr_line' id='line_1_23' title="bbox 1957 1053 3602 1131; baseline 0.005 -25"><span class='ocrx_word' id='word_1_144' title='bbox 1957 1053 2317 1109; x_wconf 81' lang='lat' dir='ltr'><strong>voluntatem</strong></span> <span class='ocrx_word' id='word_1_145' title='bbox 2347 1070 2661 1127; x_wconf 89' lang='lat' dir='ltr'><strong>agnoscere</strong></span> <span class='ocrx_word' id='word_1_146' title='bbox 2707 1061 2906 1112; x_wconf 81' lang='lat' dir='ltr'><strong>utrum</strong></span> <span class='ocrx_word' id='word_1_147' title='bbox 2939 1058 3010 1113; x_wconf 90' lang='lat' dir='ltr'><strong>ad</strong></span> <span class='ocrx_word' id='word_1_148' title='bbox 3041 1058 3289 1115; x_wconf 89' lang='lat' dir='ltr'><strong>salutem</strong></span> <span class='ocrx_word' id='word_1_149' title='bbox 3321 1059 3484 1131; x_wconf 88' lang='lat' dir='ltr'><strong>regni</strong></span> <span class='ocrx_word' id='word_1_150' title='bbox 3513 1058 3602 1115; x_wconf 91' lang='lat' dir='ltr'><strong>tui</strong></span> 
     </span>
    </p>
   </div>
   <div class='ocr_carea' id='block_1_24' title="bbox 1960 1141 3603 1219">
    <p class='ocr_par' dir='ltr' id='par_1_24' title="bbox 1960 1141 3603 1219">
     <span class='ocr_line' id='line_1_24' title="bbox 1960 1141 3603 1219; baseline 0.004 -21"><span class='ocrx_word' id='word_1_151' title='bbox 1960 1145 2017 1198; x_wconf 88' lang='lat' dir='ltr'><strong>et</strong></span> <span class='ocrx_word' id='word_1_152' title='bbox 2035 1141 2108 1197; x_wconf 90' lang='lat' dir='ltr'><strong>ad</strong></span> <span class='ocrx_word' id='word_1_153' title='bbox 2152 1142 2353 1215; x_wconf 87' lang='lat' dir='ltr'><strong>populi</strong></span> <span class='ocrx_word' id='word_1_154' title='bbox 2377 1144 2460 1198; x_wconf 89' lang='lat' dir='ltr'><strong>tui</strong></span> <span class='ocrx_word' id='word_1_155' title='bbox 2483 1146 2872 1202; x_wconf 85' lang='lat' dir='ltr'><strong>eruditionem</strong></span> <span class='ocrx_word' id='word_1_156' title='bbox 2894 1146 3227 1218; x_wconf 71' lang='lat' dir='ltr'><strong>apestolicas</strong></span> <span class='ocrx_word' id='word_1_157' title='bbox 3253 1147 3429 1216; x_wconf 84' lang='lat' dir='ltr'><strong>sedis,</strong></span> <span class='ocrx_word' id='word_1_158' title='bbox 3462 1163 3603 1219; x_wconf 90' lang='lat' dir='ltr'><strong>apo-</strong></span> 
     </span>
    </p>
   </div>
   <div class='ocr_carea' id='block_1_25' title="bbox 1959 1229 3605 1308">
    <p class='ocr_par' dir='ltr' id='par_1_25' title="bbox 1959 1229 3605 1308">
     <span class='ocr_line' id='line_1_25' title="bbox 1959 1229 3605 1308; baseline 0.005 -24"><span class='ocrx_word' id='word_1_159' title='bbox 1959 1229 2253 1287; x_wconf 89' lang='lat' dir='ltr'><strong>crisiarios</strong></span> <span class='ocrx_word' id='word_1_160' title='bbox 2282 1232 2562 1289; x_wconf 87' lang='lat' dir='ltr'><strong>destinari</strong></span> <span class='ocrx_word' id='word_1_161' title='bbox 2606 1236 2960 1291; x_wconf 87' lang='lat' dir='ltr'><strong>consentias.</strong></span> <span class='ocrx_word' id='word_1_162' title='bbox 3011 1237 3094 1290; x_wconf 87' lang='lat' dir='ltr'><strong>Ad</strong></span> <span class='ocrx_word' id='word_1_163' title='bbox 3126 1239 3295 1308; x_wconf 86' lang='lat' dir='ltr'><strong>cujus</strong></span> <span class='ocrx_word' id='word_1_164' title='bbox 3338 1235 3605 1293; x_wconf 82' lang='lat' dir='ltr'><strong>videlicet</strong></span> 
     </span>
    </p>
   </div>
   <div class='ocr_carea' id='block_1_26' title="bbox 1961 1319 3608 1397">
    <p class='ocr_par' dir='ltr' id='par_1_26' title="bbox 1961 1319 3608 1397">
     <span class='ocr_line' id='line_1_26' title="bbox 1961 1319 3608 1397; baseline 0.004 -22"><span class='ocrx_word' id='word_1_165' title='bbox 1961 1319 2154 1389; x_wconf 79' lang='lat' dir='ltr'><strong>operis</strong></span> <span class='ocrx_word' id='word_1_166' title='bbox 2176 1320 2567 1377; x_wconf 86' lang='lat' dir='ltr'><strong>ministerium</strong></span> <span class='ocrx_word' id='word_1_167' title='bbox 2594 1324 2931 1395; x_wconf 88' lang='lat' dir='ltr'><strong>supradictu</strong></span> <span class='ocrx_word' id='word_1_168' title='bbox 2942 1342 2998 1378; x_wconf 90' lang='lat' dir='ltr'><strong>m</strong></span> <span class='ocrx_word' id='word_1_169' title='bbox 3020 1324 3173 1381; x_wconf 83' lang='lat' dir='ltr'><strong>beati</strong></span> <span class='ocrx_word' id='word_1_170' title='bbox 3193 1324 3402 1397; x_wconf 60' lang='lat' dir='ltr'><strong>IEgidii</strong></span> <span class='ocrx_word' id='word_1_171' title='bbox 3434 1326 3608 1381; x_wconf 86' lang='lat' dir='ltr'><strong>abba-</strong></span> 
     </span>
    </p>
   </div>
   <div class='ocr_carea' id='block_1_27' title="bbox 1959 1410 3608 1486">
    <p class='ocr_par' dir='ltr' id='par_1_27' title="bbox 1959 1410 3608 1486">
     <span class='ocr_line' id='line_1_27' title="bbox 1959 1410 3608 1486; baseline 0.005 -25"><span class='ocrx_word' id='word_1_172' title='bbox 1959 1410 2075 1461; x_wconf 88' lang='lat' dir='ltr'><strong>tem</strong></span> <span class='ocrx_word' id='word_1_173' title='bbox 2100 1412 2529 1479; x_wconf 88' lang='lat' dir='ltr'><strong>eooperatorem</strong></span> <span class='ocrx_word' id='word_1_174' title='bbox 2561 1410 3121 1481; x_wconf 64' lang='lat' dir='ltr'><strong>prsidestinavimus.</strong></span> <span class='ocrx_word' id='word_1_175' title='bbox 3137 1412 3323 1484; x_wconf 89' lang='lat' dir='ltr'><strong>Super</strong></span> <span class='ocrx_word' id='word_1_176' title='bbox 3340 1412 3449 1469; x_wconf 90' lang='lat' dir='ltr'><strong>hoc</strong></span> <span class='ocrx_word' id='word_1_177' title='bbox 3469 1429 3608 1486; x_wconf 88' lang='lat' dir='ltr'><strong>ergo</strong></span> 
     </span>
    </p>
   </div>
   <div class='ocr_carea' id='block_1_28' title="bbox 1963 1496 3608 1574">
    <p class='ocr_par' dir='ltr' id='par_1_28' title="bbox 1963 1496 3608 1574">
     <span class='ocr_line' id='line_1_28' title="bbox 1963 1496 3608 1574; baseline 0.005 -25"><span class='ocrx_word' id='word_1_178' title='bbox 1963 1496 2192 1567; x_wconf 87' lang='lat' dir='ltr'><strong>negotio</strong></span> <span class='ocrx_word' id='word_1_179' title='bbox 2243 1501 2461 1553; x_wconf 88' lang='lat' dir='ltr'><strong>certam</strong></span> <span class='ocrx_word' id='word_1_180' title='bbox 2517 1498 2602 1553; x_wconf 88' lang='lat' dir='ltr'><strong>tui</strong></span> <span class='ocrx_word' id='word_1_181' title='bbox 2650 1500 2832 1555; x_wconf 84' lang='lat' dir='ltr'><strong>animi</strong></span> <span class='ocrx_word' id='word_1_182' title='bbox 2880 1499 3236 1555; x_wconf 81' lang='lat' dir='ltr'><strong>voluntatem</strong></span> <span class='ocrx_word' id='word_1_183' title='bbox 3283 1501 3453 1557; x_wconf 89' lang='lat' dir='ltr'><strong>nobis</strong></span> <span class='ocrx_word' id='word_1_184' title='bbox 3504 1518 3608 1574; x_wconf 89' lang='lat' dir='ltr'><strong>per</strong></span> 
     </span>
    </p>
   </div>
   <div class='ocr_carea' id='block_1_29' title="bbox 1962 1581 3605 1660">
    <p class='ocr_par' dir='ltr' id='par_1_29' title="bbox 1962 1581 3605 1660">
     <span class='ocr_line' id='line_1_29' title="bbox 1962 1581 3605 1660; baseline 0.005 -22"><span class='ocrx_word' id='word_1_185' title='bbox 1962 1581 2204 1639; x_wconf 89' lang='lat' dir='ltr'><strong>latorem</strong></span> <span class='ocrx_word' id='word_1_186' title='bbox 2240 1587 2616 1657; x_wconf 70' lang='lat' dir='ltr'><strong>praesentium</strong></span> <span class='ocrx_word' id='word_1_187' title='bbox 2665 1589 2962 1660; x_wconf 79' lang='lat' dir='ltr'><strong>rescriptis</strong></span> <span class='ocrx_word' id='word_1_188' title='bbox 3010 1589 3127 1643; x_wconf 88' lang='lat' dir='ltr'><strong>tuis</strong></span> <span class='ocrx_word' id='word_1_189' title='bbox 3174 1589 3445 1646; x_wconf 86' lang='lat' dir='ltr'><strong>intimare</strong></span> <span class='ocrx_word' id='word_1_190' title='bbox 3488 1607 3605 1646; x_wconf 88' lang='lat' dir='ltr'><strong>non</strong></span> 
     </span>
    </p>
   </div>
   <div class='ocr_carea' id='block_1_30' title="bbox 1964 1671 3605 1735">
    <p class='ocr_par' dir='ltr' id='par_1_30' title="bbox 1964 1671 3605 1735">
     <span class='ocr_line' id='line_1_30' title="bbox 1964 1671 3605 1735; baseline 0.006 -10"><span class='ocrx_word' id='word_1_191' title='bbox 1964 1671 2216 1728; x_wconf 83' lang='lat' dir='ltr'><strong>dill‘eras.</strong></span> <span class='ocrx_word' id='word_1_192' title='bbox 2235 1678 2409 1730; x_wconf 86' lang='lat' dir='ltr'><strong>Porro</strong></span> <span class='ocrx_word' id='word_1_193' title='bbox 2432 1676 2502 1730; x_wconf 88' lang='lat' dir='ltr'><strong>de</strong></span> <span class='ocrx_word' id='word_1_194' title='bbox 2530 1675 2695 1730; x_wconf 85' lang='lat' dir='ltr'><strong>nobis</strong></span> <span class='ocrx_word' id='word_1_195' title='bbox 2721 1677 2975 1731; x_wconf 71' lang='lat' dir='ltr'><strong>itatuain</strong></span> <span class='ocrx_word' id='word_1_196' title='bbox 3003 1676 3404 1734; x_wconf 83' lang='lat' dir='ltr'><strong>excellentiam</strong></span> <span class='ocrx_word' id='word_1_197' title='bbox 3426 1680 3605 1735; x_wconf 83' lang='lat' dir='ltr'><strong>confi-</strong></span> 
     </span>
    </p>
   </div>
   <div class='ocr_carea' id='block_1_31' title="bbox 1965 1761 3607 1843">
    <p class='ocr_par' dir='ltr' id='par_1_31' title="bbox 1965 1761 3607 1843">
     <span class='ocr_line' id='line_1_31' title="bbox 1965 1761 3607 1843; baseline 0.006 -28"><span class='ocrx_word' id='word_1_198' title='bbox 1965 1761 2100 1816; x_wconf 88' lang='lat' dir='ltr'><strong>dere</strong></span> <span class='ocrx_word' id='word_1_199' title='bbox 2126 1761 2489 1831; x_wconf 85' lang='lat' dir='ltr'><strong>volumus,ut</strong></span> <span class='ocrx_word' id='word_1_200' title='bbox 2518 1763 2802 1835; x_wconf 87' lang='lat' dir='ltr'><strong>quidquid</strong></span> <span class='ocrx_word' id='word_1_201' title='bbox 2823 1764 3082 1831; x_wconf 83' lang='lat' dir='ltr'><strong>honoris,</strong></span> <span class='ocrx_word' id='word_1_202' title='bbox 3107 1766 3391 1838; x_wconf 86' lang='lat' dir='ltr'><strong>quidquid</strong></span> <span class='ocrx_word' id='word_1_203' title='bbox 3417 1768 3607 1843; x_wconf 81' lang='lat' dir='ltr'><strong>digni-</strong></span> 
     </span>
    </p>
   </div>
   <div class='ocr_carea' id='block_1_32' title="bbox 203 1852 3611 1959">
    <p class='ocr_par' dir='ltr' id='par_1_32' title="bbox 203 1852 3611 1959">
     <span class='ocr_line' id='line_1_32' title="bbox 203 1852 3611 1959; baseline -0 -44"><span class='ocrx_word' id='word_1_204' title='bbox 203 1858 363 1959; x_wconf 46' lang='lat' dir='ltr'><strong>eurm</strong></span> <span class='ocrx_word' id='word_1_205' title='bbox 770 1855 970 1959; x_wconf 68' lang='lat' dir='ltr'><strong>pepuli</strong></span> <span class='ocrx_word' id='word_1_206' title='bbox 994 1872 1256 1959; x_wconf 70' lang='lat' dir='ltr'><strong>errorum</strong></span> <span class='ocrx_word' id='word_1_207' title='bbox 1280 1854 1442 1959; x_wconf 67' lang='lat' dir='ltr'><strong>devia</strong></span> <span class='ocrx_word' id='word_1_208' title='bbox 1479 1854 1663 1909; x_wconf 86' lang='lat' dir='ltr'><strong>secuti</strong></span> <span class='ocrx_word' id='word_1_209' title='bbox 1691 1858 1848 1921; x_wconf 87' lang='lat' dir='ltr'><strong>sunt,</strong></span> <span class='ocrx_word' id='word_1_210' title='bbox 1887 1894 1935 1959; x_wconf 82' lang='lat' dir='ltr'><strong>B</strong></span> <span class='ocrx_word' id='word_1_211' title='bbox 1967 1852 2103 1959; x_wconf 76' lang='lat' dir='ltr'><strong>tatis</strong></span> <span class='ocrx_word' id='word_1_212' title='bbox 2161 1854 2552 1959; x_wconf 52' lang='lat' dir='ltr'><strong>praedecessor</strong></span> <span class='ocrx_word' id='word_1_213' title='bbox 2608 1859 2768 1952; x_wconf 43' lang='lat' dir='ltr'><strong>tuus.</strong></span> <span class='ocrx_word' id='word_1_214' title='bbox 2801 1854 3133 1926; x_wconf 83' lang='lat' dir='ltr'><strong>Stephanus</strong></span> <span class='ocrx_word' id='word_1_215' title='bbox 3158 1943 3167 1953; x_wconf 39' lang='lat'><strong><em>.</em></strong></span> <span class='ocrx_word' id='word_1_216' title='bbox 3192 1855 3263 1910; x_wconf 90' lang='lat' dir='ltr'><strong>ab</strong></span> <span class='ocrx_word' id='word_1_217' title='bbox 3293 1855 3611 1929; x_wconf 89' lang='lat' dir='ltr'><strong>apostolica</strong></span> 
     </span>
    </p>
   </div>
   <div class='ocr_carea' id='block_1_33' title="bbox 203 1939 3608 2016">
    <p class='ocr_par' dir='ltr' id='par_1_33' title="bbox 203 1939 3608 2016">
     <span class='ocr_line' id='line_1_33' title="bbox 203 1939 3608 2016; baseline -0.001 -12"><span class='ocrx_word' id='word_1_218' title='bbox 203 1945 721 2004; x_wconf 69' lang='lat' dir='ltr'><strong>stdcrelictissute</strong></span> <span class='ocrx_word' id='word_1_219' title='bbox 738 1944 952 2003; x_wconf 83' lang='lat' dir='ltr'><strong>salutis</strong></span> <span class='ocrx_word' id='word_1_220' title='bbox 969 1944 1327 2016; x_wconf 83' lang='lat' dir='ltr'><strong>pastoribus,</strong></span> <span class='ocrx_word' id='word_1_221' title='bbox 1362 1942 1689 2000; x_wconf 88' lang='lat' dir='ltr'><strong>alienorum</strong></span> <span class='ocrx_word' id='word_1_222' title='bbox 1732 1957 1857 2015; x_wconf 87' lang='lat' dir='ltr'><strong>gre-</strong></span> <span class='ocrx_word' id='word_1_223' title='bbox 1887 1939 1935 1968; x_wconf 69' lang='grc' dir='ltr'>ν</span> <span class='ocrx_word' id='word_1_224' title='bbox 1969 1944 2168 1995; x_wconf 89' lang='lat' dir='ltr'><strong>nostra</strong></span> <span class='ocrx_word' id='word_1_225' title='bbox 2191 1939 2447 1996; x_wconf 86' lang='lat' dir='ltr'><strong>Ecclesia</strong></span> <span class='ocrx_word' id='word_1_226' title='bbox 2476 1941 2870 2013; x_wconf 82' lang='lat' dir='ltr'><strong>promeruisse</strong></span> <span class='ocrx_word' id='word_1_227' title='bbox 2900 1943 3289 2015; x_wconf 86' lang='lat' dir='ltr'><strong>cognoscitur,</strong></span> <span class='ocrx_word' id='word_1_228' title='bbox 3324 1947 3482 2001; x_wconf 88' lang='lat' dir='ltr'><strong>certa</strong></span> <span class='ocrx_word' id='word_1_229' title='bbox 3509 1947 3608 2002; x_wconf 90' lang='lat' dir='ltr'><strong>de-</strong></span> 
     </span>
    </p>
   </div>
   <div class='ocr_carea' id='block_1_34' title="bbox 186 2029 1856 2111">
    <p class='ocr_par' dir='ltr' id='par_1_34' title="bbox 186 2029 1856 2111">
     <span class='ocr_line' id='line_1_34' title="bbox 186 2029 1856 2111; baseline -0.001 -24"><span class='ocrx_word' id='word_1_230' title='bbox 186 2051 343 2111; x_wconf 62' lang='lat' dir='ltr'><strong>gum</strong></span> <span class='ocrx_word' id='word_1_231' title='bbox 364 2034 630 2108; x_wconf 78' lang='lat' dir='ltr'><strong>vestigiis</strong></span> <span class='ocrx_word' id='word_1_232' title='bbox 652 2033 1040 2091; x_wconf 70' lang='lat' dir='ltr'><strong>adbmserunt.</strong></span> <span class='ocrx_word' id='word_1_233' title='bbox 1069 2032 1429 2089; x_wconf 81' lang='lat' dir='ltr'><strong>Reminiscat</strong></span> <span class='ocrx_word' id='word_1_234' title='bbox 1440 2035 1583 2087; x_wconf 86' lang='lat' dir='ltr'><strong>tunc</strong></span> <span class='ocrx_word' id='word_1_235' title='bbox 1603 2029 1856 2087; x_wconf 88' lang='lat' dir='ltr'><strong>strenui-</strong></span> 
     </span>
    </p>
   </div>
   <div class='ocr_carea' id='block_1_35' title="bbox 204 2116 1857 2196">
    <p class='ocr_par' dir='ltr' id='par_1_35' title="bbox 204 2116 1857 2196">
     <span class='ocr_line' id='line_1_35' title="bbox 204 2116 1857 2196; baseline -0.007 -14"><span class='ocrx_word' id='word_1_236' title='bbox 204 2128 412 2182; x_wconf 76' lang='lat' dir='ltr'><strong>tastua</strong></span> <span class='ocrx_word' id='word_1_237' title='bbox 426 2122 690 2196; x_wconf 81' lang='lat' dir='ltr'><strong>religiosi</strong></span> <span class='ocrx_word' id='word_1_238' title='bbox 712 2120 997 2195; x_wconf 87' lang='lat' dir='ltr'><strong>principis</strong></span> <span class='ocrx_word' id='word_1_239' title='bbox 1041 2119 1343 2192; x_wconf 84' lang='lat' dir='ltr'><strong>Stephani,</strong></span> <span class='ocrx_word' id='word_1_240' title='bbox 1375 2117 1479 2190; x_wconf 86' lang='lat' dir='ltr'><strong>qui</strong></span> <span class='ocrx_word' id='word_1_241' title='bbox 1509 2117 1741 2190; x_wconf 87' lang='lat' dir='ltr'><strong>generis</strong></span> <span class='ocrx_word' id='word_1_242' title='bbox 1768 2116 1857 2171; x_wconf 88' lang='lat' dir='ltr'><strong>tui</strong></span> 
     </span>
    </p>
   </div>
   <div class='ocr_carea' id='block_1_36' title="bbox 208 2205 1857 2286">
    <p class='ocr_par' dir='ltr' id='par_1_36' title="bbox 208 2205 1857 2286">
     <span class='ocr_line' id='line_1_36' title="bbox 208 2205 1857 2286; baseline -0.007 -16"><span class='ocrx_word' id='word_1_243' title='bbox 208 2212 445 2286; x_wconf 66' lang='lat' dir='ltr'><strong>palmus</strong></span> <span class='ocrx_word' id='word_1_244' title='bbox 458 2228 497 2267; x_wconf 90' lang='lat' dir='ltr'><strong>a</strong></span> <span class='ocrx_word' id='word_1_245' title='bbox 521 2215 730 2268; x_wconf 80' lang='lat' dir='ltr'><strong>sancta</strong></span> <span class='ocrx_word' id='word_1_246' title='bbox 746 2210 1011 2266; x_wconf 74' lang='lat' dir='ltr'><strong>Romana</strong></span> <span class='ocrx_word' id='word_1_247' title='bbox 1028 2214 1087 2265; x_wconf 90' lang='lat' dir='ltr'><strong>et</strong></span> <span class='ocrx_word' id='word_1_248' title='bbox 1106 2206 1425 2280; x_wconf 88' lang='lat' dir='ltr'><strong>apostolica</strong></span> <span class='ocrx_word' id='word_1_249' title='bbox 1446 2205 1704 2261; x_wconf 85' lang='lat' dir='ltr'><strong>Ecclesia</strong></span> <span class='ocrx_word' id='word_1_250' title='bbox 1724 2205 1857 2260; x_wconf 81' lang='lat' dir='ltr'><strong>ﬁdei</strong></span> 
     </span>
    </p>
   </div>
   <div class='ocr_carea' id='block_1_37' title="bbox 207 2294 1861 2375">
    <p class='ocr_par' dir='ltr' id='par_1_37' title="bbox 207 2294 1861 2375">
     <span class='ocr_line' id='line_1_37' title="bbox 207 2294 1861 2375; baseline -0.007 -18"><span class='ocrx_word' id='word_1_251' title='bbox 207 2299 916 2375; x_wconf 68' lang='lat' dir='ltr'><strong>religionem~suscepit,et</strong></span> <span class='ocrx_word' id='word_1_252' title='bbox 945 2296 1231 2370; x_wconf 76' lang='lat' dir='ltr'><strong>regularis</strong></span> <span class='ocrx_word' id='word_1_253' title='bbox 1256 2294 1564 2368; x_wconf 88' lang='lat' dir='ltr'><strong>dignitatis</strong></span> <span class='ocrx_word' id='word_1_254' title='bbox 1583 2296 1724 2366; x_wconf 85' lang='lat' dir='ltr'><strong>jura</strong></span> <span class='ocrx_word' id='word_1_255' title='bbox 1735 2310 1861 2365; x_wconf 87' lang='lat' dir='ltr'><strong>per-</strong></span> 
     </span>
    </p>
   </div>
   <div class='ocr_carea' id='block_1_38' title="bbox 187 2382 1860 2458">
    <p class='ocr_par' dir='ltr' id='par_1_38' title="bbox 187 2382 1860 2458">
     <span class='ocr_line' id='line_1_38' title="bbox 187 2382 1860 2458; baseline -0.006 -12"><span class='ocrx_word' id='word_1_256' title='bbox 187 2389 446 2446; x_wconf 70' lang='lat' dir='ltr'><strong>meruit.</strong></span> <span class='ocrx_word' id='word_1_257' title='bbox 480 2388 715 2453; x_wconf 84' lang='lat' dir='ltr'><strong>Quanto</strong></span> <span class='ocrx_word' id='word_1_258' title='bbox 729 2387 887 2442; x_wconf 87' lang='lat' dir='ltr'><strong>enim</strong></span> <span class='ocrx_word' id='word_1_259' title='bbox 910 2386 1165 2458; x_wconf 86' lang='lat' dir='ltr'><strong>amplius</strong></span> <span class='ocrx_word' id='word_1_260' title='bbox 1183 2389 1243 2440; x_wconf 87' lang='lat' dir='ltr'><strong>te</strong></span> <span class='ocrx_word' id='word_1_261' title='bbox 1266 2383 1449 2440; x_wconf 86' lang='lat' dir='ltr'><strong>divini</strong></span> <span class='ocrx_word' id='word_1_262' title='bbox 1473 2382 1860 2454; x_wconf 88' lang='lat' dir='ltr'><strong>dispositione</strong></span> 
     </span>
    </p>
   </div>
   <div class='ocr_carea' id='block_1_39' title="bbox 188 2470 1859 2551">
    <p class='ocr_par' dir='ltr' id='par_1_39' title="bbox 188 2470 1859 2551">
     <span class='ocr_line' id='line_1_39' title="bbox 188 2470 1859 2551; baseline -0.002 -22"><span class='ocrx_word' id='word_1_263' title='bbox 188 2477 417 2551; x_wconf 23' lang='lat' dir='ltr'><strong>.jndioii</strong></span> <span class='ocrx_word' id='word_1_264' title='bbox 432 2477 505 2534; x_wconf 82' lang='lat' dir='ltr'><strong>in</strong></span> <span class='ocrx_word' id='word_1_265' title='bbox 520 2481 677 2534; x_wconf 81' lang='lat' dir='ltr'><strong>terra</strong></span> <span class='ocrx_word' id='word_1_266' title='bbox 694 2474 979 2549; x_wconf 85' lang='lat' dir='ltr'><strong>dignitate</strong></span> <span class='ocrx_word' id='word_1_267' title='bbox 1001 2478 1337 2548; x_wconf 84' lang='lat' dir='ltr'><strong>provectum</strong></span> <span class='ocrx_word' id='word_1_268' title='bbox 1368 2470 1664 2544; x_wconf 86' lang='lat' dir='ltr'><strong>intelligis,</strong></span> <span class='ocrx_word' id='word_1_269' title='bbox 1698 2475 1859 2526; x_wconf 86' lang='lat' dir='ltr'><strong>tanto</strong></span> 
     </span>
    </p>
   </div>
   <div class='ocr_carea' id='block_1_40' title="bbox 212 2559 1858 2637">
    <p class='ocr_par' dir='ltr' id='par_1_40' title="bbox 212 2559 1858 2637">
     <span class='ocr_line' id='line_1_40' title="bbox 212 2559 1858 2637; baseline -0.006 -14"><span class='ocrx_word' id='word_1_270' title='bbox 212 2565 503 2623; x_wconf 72' lang='lat' dir='ltr'><strong>humilius</strong></span> <span class='ocrx_word' id='word_1_271' title='bbox 528 2565 705 2622; x_wconf 85' lang='lat' dir='ltr'><strong>debes</strong></span> <span class='ocrx_word' id='word_1_272' title='bbox 736 2563 1041 2637; x_wconf 80' lang='lat' dir='ltr'><strong>potestatis</strong></span> <span class='ocrx_word' id='word_1_273' title='bbox 1071 2562 1276 2618; x_wconf 64' lang='lat' dir='ltr'><strong>divinas</strong></span> <span class='ocrx_word' id='word_1_274' title='bbox 1298 2559 1858 2634; x_wconf 88' lang='lat' dir='ltr'><strong>principibus,Petro</strong></span> 
     </span>
    </p>
   </div>
   <div class='ocr_carea' id='block_1_41' title="bbox 211 2646 1858 2724">
    <p class='ocr_par' dir='ltr' id='par_1_41' title="bbox 211 2646 1858 2724">
     <span class='ocr_line' id='line_1_41' title="bbox 211 2646 1858 2724; baseline -0.005 -12"><span class='ocrx_word' id='word_1_275' title='bbox 211 2655 496 2724; x_wconf 67' lang='lat' dir='ltr'><strong>ac&#39;Paulo,</strong></span> <span class='ocrx_word' id='word_1_276' title='bbox 514 2653 600 2709; x_wconf 83' lang='lat' dir='ltr'><strong>fili</strong></span> <span class='ocrx_word' id='word_1_277' title='bbox 620 2654 988 2724; x_wconf 76' lang='lat' dir='ltr'><strong>charissima,</strong></span> <span class='ocrx_word' id='word_1_278' title='bbox 1019 2650 1272 2719; x_wconf 85' lang='lat' dir='ltr'><strong>obedire,</strong></span> <span class='ocrx_word' id='word_1_279' title='bbox 1308 2654 1365 2706; x_wconf 91' lang='lat' dir='ltr'><strong>et</strong></span> <span class='ocrx_word' id='word_1_280' title='bbox 1380 2665 1584 2706; x_wconf 86' lang='lat' dir='ltr'><strong>eorum</strong></span> <span class='ocrx_word' id='word_1_281' title='bbox 1604 2646 1858 2704; x_wconf 63' lang='lat' dir='ltr'><strong>ecclesia:</strong></span> 
     </span>
    </p>
   </div>
   <div class='ocr_carea' id='block_1_42' title="bbox 210 2736 1860 2817">
    <p class='ocr_par' dir='ltr' id='par_1_42' title="bbox 210 2736 1860 2817">
     <span class='ocr_line' id='line_1_42' title="bbox 210 2736 1860 2817; baseline -0.005 -17"><span class='ocrx_word' id='word_1_282' title='bbox 210 2743 635 2817; x_wconf 79' lang='lat' dir='ltr'><strong>subje&#39;etionsm</strong></span> <span class='ocrx_word' id='word_1_283' title='bbox 666 2748 723 2799; x_wconf 83' lang='lat' dir='ltr'><strong>et</strong></span> <span class='ocrx_word' id='word_1_284' title='bbox 752 2742 1033 2799; x_wconf 88' lang='lat' dir='ltr'><strong>honorem</strong></span> <span class='ocrx_word' id='word_1_285' title='bbox 1064 2759 1099 2797; x_wconf 90' lang='lat' dir='ltr'><strong>a</strong></span> <span class='ocrx_word' id='word_1_286' title='bbox 1129 2739 1363 2813; x_wconf 70' lang='lat' dir='ltr'><strong>prazfato</strong></span> <span class='ocrx_word' id='word_1_287' title='bbox 1394 2737 1655 2811; x_wconf 89' lang='lat' dir='ltr'><strong>principe</strong></span> <span class='ocrx_word' id='word_1_288' title='bbox 1686 2736 1860 2792; x_wconf 88' lang='lat' dir='ltr'><strong>insti-</strong></span> 
     </span>
    </p>
   </div>
   <div class='ocr_carea' id='block_1_43' title="bbox 182 2824 1857 2899">
    <p class='ocr_par' dir='ltr' id='par_1_43' title="bbox 182 2824 1857 2899">
     <span class='ocr_line' id='line_1_43' title="bbox 182 2824 1857 2899; baseline -0.005 -10"><span class='ocrx_word' id='word_1_289' title='bbox 182 2836 403 2889; x_wconf 63' lang='lat' dir='ltr'><strong>tutum</strong></span> <span class='ocrx_word' id='word_1_290' title='bbox 434 2831 683 2888; x_wconf 80' lang='lat' dir='ltr'><strong>ﬁdeliter</strong></span> <span class='ocrx_word' id='word_1_291' title='bbox 710 2830 1001 2887; x_wconf 84' lang='lat' dir='ltr'><strong>exhibere.</strong></span> <span class='ocrx_word' id='word_1_292' title='bbox 1039 2829 1208 2887; x_wconf 85' lang='lat' dir='ltr'><strong>Nulla</strong></span> <span class='ocrx_word' id='word_1_293' title='bbox 1251 2834 1310 2884; x_wconf 88' lang='lat' dir='ltr'><strong>te</strong></span> <span class='ocrx_word' id='word_1_294' title='bbox 1340 2824 1857 2899; x_wconf 89' lang='lat' dir='ltr'><strong>pseudoapostolo-</strong></span> 
     </span>
    </p>
   </div>
   <div class='ocr_carea' id='block_1_44' title="bbox 208 2915 1857 2993">
    <p class='ocr_par' dir='ltr' id='par_1_44' title="bbox 208 2915 1857 2993">
     <span class='ocr_line' id='line_1_44' title="bbox 208 2915 1857 2993; baseline -0.005 -17"><span class='ocrx_word' id='word_1_295' title='bbox 208 2936 341 2976; x_wconf 69' lang='lat' dir='ltr'><strong>tum</strong></span> <span class='ocrx_word' id='word_1_296' title='bbox 367 2919 472 2993; x_wconf 88' lang='lat' dir='ltr'><strong>qui</strong></span> <span class='ocrx_word' id='word_1_297' title='bbox 501 2934 702 2977; x_wconf 75' lang='lat' dir='ltr'><strong>eorum</strong></span> <span class='ocrx_word' id='word_1_298' title='bbox 725 2917 1032 2974; x_wconf 84' lang='lat' dir='ltr'><strong>ecclesiam</strong></span> <span class='ocrx_word' id='word_1_299' title='bbox 1060 2915 1415 2984; x_wconf 87' lang='lat' dir='ltr'><strong>invaserunt,</strong></span> <span class='ocrx_word' id='word_1_300' title='bbox 1458 2931 1682 2970; x_wconf 85' lang='lat' dir='ltr'><strong>venena</strong></span> <span class='ocrx_word' id='word_1_301' title='bbox 1732 2930 1857 2970; x_wconf 91' lang='lat' dir='ltr'><strong>cor-</strong></span> 
     </span>
    </p>
   </div>
   <div class='ocr_carea' id='block_1_45' title="bbox 180 3002 1856 3081">
    <p class='ocr_par' dir='ltr' id='par_1_45' title="bbox 180 3002 1856 3081">
     <span class='ocr_line' id='line_1_45' title="bbox 180 3002 1856 3081; baseline -0.003 -19"><span class='ocrx_word' id='word_1_302' title='bbox 180 3058 187 3061; x_wconf 86' lang='lat'><strong>.</strong></span> <span class='ocrx_word' id='word_1_303' title='bbox 207 3012 487 3081; x_wconf 76' lang='lat' dir='ltr'><strong>rumpant</strong></span> <span class='ocrx_word' id='word_1_304' title='bbox 508 3025 525 3076; x_wconf 90' lang='lat'><strong>;</strong></span> <span class='ocrx_word' id='word_1_305' title='bbox 548 3006 708 3064; x_wconf 90' lang='lat' dir='ltr'><strong>nulla</strong></span> <span class='ocrx_word' id='word_1_306' title='bbox 726 3005 1122 3080; x_wconf 81' lang='lat' dir='ltr'><strong>perversitasa</strong></span> <span class='ocrx_word' id='word_1_307' title='bbox 1140 3019 1275 3059; x_wconf 86' lang='lat' dir='ltr'><strong>vera</strong></span> <span class='ocrx_word' id='word_1_308' title='bbox 1289 3002 1570 3075; x_wconf 87' lang='lat' dir='ltr'><strong>religione</strong></span> <span class='ocrx_word' id='word_1_309' title='bbox 1593 3003 1856 3058; x_wconf 78' lang='lat' dir='ltr'><strong>seducet.</strong></span> 
     </span>
    </p>
   </div>
   <div class='ocr_carea' id='block_1_46' title="bbox 209 3090 1858 3153">
    <p class='ocr_par' dir='ltr' id='par_1_46' title="bbox 209 3090 1858 3153">
     <span class='ocr_line' id='line_1_46' title="bbox 209 3090 1858 3153; baseline -0.004 0"><span class='ocrx_word' id='word_1_310' title='bbox 209 3096 325 3153; x_wconf 78' lang='lat' dir='ltr'><strong>Nec</strong></span> <span class='ocrx_word' id='word_1_311' title='bbox 345 3096 505 3153; x_wconf 85' lang='lat' dir='ltr'><strong>enim</strong></span> <span class='ocrx_word' id='word_1_312' title='bbox 522 3095 713 3152; x_wconf 76' lang='lat' dir='ltr'><strong>latere</strong></span> <span class='ocrx_word' id='word_1_313' title='bbox 740 3100 798 3151; x_wconf 91' lang='lat' dir='ltr'><strong>te</strong></span> <span class='ocrx_word' id='word_1_314' title='bbox 822 3094 1117 3150; x_wconf 90' lang='lat' dir='ltr'><strong>credimus</strong></span> <span class='ocrx_word' id='word_1_315' title='bbox 1138 3092 1586 3148; x_wconf 73' lang='lat' dir='ltr'><strong>haeresiarcham</strong></span> <span class='ocrx_word' id='word_1_316' title='bbox 1615 3090 1858 3148; x_wconf 84' lang='lat' dir='ltr'><strong>Guibcr-</strong></span> 
     </span>
    </p>
   </div>
   <div class='ocr_carea' id='block_1_47' title="bbox 204 3180 1855 3254">
    <p class='ocr_par' dir='ltr' id='par_1_47' title="bbox 204 3180 1855 3254">
     <span class='ocr_line' id='line_1_47' title="bbox 204 3180 1855 3254; baseline -0.005 -12"><span class='ocrx_word' id='word_1_317' title='bbox 204 3189 332 3241; x_wconf 75' lang='lat' dir='ltr'><strong>tum</strong></span> <span class='ocrx_word' id='word_1_318' title='bbox 355 3183 731 3242; x_wconf 52' lang='lat' dir='ltr'><strong>ab&#39;omnibus</strong></span> <span class='ocrx_word' id='word_1_319' title='bbox 770 3183 1109 3254; x_wconf 87' lang='lat' dir='ltr'><strong>ubicunque</strong></span> <span class='ocrx_word' id='word_1_320' title='bbox 1124 3180 1427 3237; x_wconf 87' lang='lat' dir='ltr'><strong>catholicis</strong></span> <span class='ocrx_word' id='word_1_321' title='bbox 1455 3181 1855 3237; x_wconf 84' lang='lat' dir='ltr'><strong>excommuni-</strong></span> 
     </span>
    </p>
   </div>
   <div class='ocr_carea' id='block_1_48' title="bbox 205 3255 1918 3347">
    <p class='ocr_par' dir='ltr' id='par_1_48' title="bbox 205 3255 1918 3347">
     <span class='ocr_line' id='line_1_48' title="bbox 205 3255 1918 3347; baseline -0.005 -16"><span class='ocrx_word' id='word_1_322' title='bbox 205 3276 405 3331; x_wconf 79' lang='lat' dir='ltr'><strong>catum</strong></span> <span class='ocrx_word' id='word_1_323' title='bbox 432 3277 610 3347; x_wconf 78' lang='lat' dir='ltr'><strong>atque</strong></span> <span class='ocrx_word' id='word_1_324' title='bbox 654 3273 1022 3340; x_wconf 87' lang='lat' dir='ltr'><strong>damnatum,</strong></span> <span class='ocrx_word' id='word_1_325' title='bbox 1080 3270 1181 3342; x_wconf 89' lang='lat' dir='ltr'><strong>qui</strong></span> <span class='ocrx_word' id='word_1_326' title='bbox 1215 3275 1418 3326; x_wconf 84' lang='lat' dir='ltr'><strong>contra</strong></span> <span class='ocrx_word' id='word_1_327' title='bbox 1463 3268 1670 3325; x_wconf 77' lang='lat' dir='ltr'><strong>divinae</strong></span> <span class='ocrx_word' id='word_1_328' title='bbox 1701 3269 1846 3341; x_wconf 85' lang='lat' dir='ltr'><strong>legis</strong></span> <span class='ocrx_word' id='word_1_329' title='bbox 1876 3255 1918 3322; x_wconf 87' lang='lat' dir='ltr'><strong>C</strong></span> 
     </span>
    </p>
   </div>
   <div class='ocr_carea' id='block_1_49' title="bbox 204 3360 1854 3433">
    <p class='ocr_par' dir='ltr' id='par_1_49' title="bbox 204 3360 1854 3433">
     <span class='ocr_line' id='line_1_49' title="bbox 204 3360 1854 3433; baseline -0.004 -13"><span class='ocrx_word' id='word_1_330' title='bbox 204 3364 375 3432; x_wconf 74' lang='lat' dir='ltr'><strong>scita,</strong></span> <span class='ocrx_word' id='word_1_331' title='bbox 406 3366 613 3419; x_wconf 81' lang='lat' dir='ltr'><strong>contra</strong></span> <span class='ocrx_word' id='word_1_332' title='bbox 666 3360 959 3433; x_wconf 85' lang='lat' dir='ltr'><strong>Evangelii</strong></span> <span class='ocrx_word' id='word_1_333' title='bbox 1004 3364 1243 3425; x_wconf 82' lang='lat' dir='ltr'><strong>statuta,</strong></span> <span class='ocrx_word' id='word_1_334' title='bbox 1276 3362 1477 3415; x_wconf 88' lang='lat' dir='ltr'><strong>contra</strong></span> <span class='ocrx_word' id='word_1_335' title='bbox 1515 3362 1854 3415; x_wconf 89' lang='lat' dir='ltr'><strong>sanctorum</strong></span> 
     </span>
    </p>
   </div>
   <div class='ocr_carea' id='block_1_50' title="bbox 205 3447 1859 3521">
    <p class='ocr_par' dir='ltr' id='par_1_50' title="bbox 205 3447 1859 3521">
     <span class='ocr_line' id='line_1_50' title="bbox 205 3447 1859 3521; baseline -0.002 -13"><span class='ocrx_word' id='word_1_336' title='bbox 205 3458 497 3510; x_wconf 79' lang='lat' dir='ltr'><strong>canonum</strong></span> <span class='ocrx_word' id='word_1_337' title='bbox 522 3450 1030 3519; x_wconf 84' lang='lat' dir='ltr'><strong>decreta,viventis</strong></span> <span class='ocrx_word' id='word_1_338' title='bbox 1052 3450 1233 3521; x_wconf 87' lang='lat' dir='ltr'><strong>patris</strong></span> <span class='ocrx_word' id='word_1_339' title='bbox 1251 3447 1552 3504; x_wconf 87' lang='lat' dir='ltr'><strong>acdomini</strong></span> <span class='ocrx_word' id='word_1_340' title='bbox 1568 3448 1757 3503; x_wconf 86' lang='lat' dir='ltr'><strong>cubile</strong></span> <span class='ocrx_word' id='word_1_341' title='bbox 1771 3465 1859 3505; x_wconf 85' lang='lat' dir='ltr'><strong>as-</strong></span> 
     </span>
    </p>
   </div>
   <div class='ocr_carea' id='block_1_51' title="bbox 207 3536 1857 3613">
    <p class='ocr_par' dir='ltr' id='par_1_51' title="bbox 207 3536 1857 3613">
     <span class='ocr_line' id='line_1_51' title="bbox 207 3536 1857 3613; baseline -0.003 -16"><span class='ocrx_word' id='word_1_342' title='bbox 207 3541 422 3609; x_wconf 80' lang='lat' dir='ltr'><strong>cendit,</strong></span> <span class='ocrx_word' id='word_1_343' title='bbox 455 3539 784 3613; x_wconf 77' lang='lat' dir='ltr'><strong>etGregorii</strong></span> <span class='ocrx_word' id='word_1_344' title='bbox 805 3537 1383 3612; x_wconf 66' lang='lat' dir='ltr'><strong>septimiapostolica}</strong></span> <span class='ocrx_word' id='word_1_345' title='bbox 1397 3536 1688 3593; x_wconf 67' lang='lat' dir='ltr'><strong>memoriaa</strong></span> <span class='ocrx_word' id='word_1_346' title='bbox 1717 3553 1857 3608; x_wconf 87' lang='lat' dir='ltr'><strong>pon-</strong></span> 
     </span>
    </p>
   </div>
   <div class='ocr_carea' id='block_1_52' title="bbox 176 3625 1852 3695">
    <p class='ocr_par' dir='ltr' id='par_1_52' title="bbox 176 3625 1852 3695">
     <span class='ocr_line' id='line_1_52' title="bbox 176 3625 1852 3695; baseline -0.001 -14"><span class='ocrx_word' id='word_1_347' title='bbox 176 3678 177 3681; x_wconf 44' lang='grc' dir='ltr'><strong>η</strong></span> <span class='ocrx_word' id='word_1_348' title='bbox 204 3630 381 3687; x_wconf 74' lang='lat' dir='ltr'><strong>tiﬂcis</strong></span> <span class='ocrx_word' id='word_1_349' title='bbox 400 3629 741 3687; x_wconf 77' lang='lat' dir='ltr'><strong>cathedram</strong></span> <span class='ocrx_word' id='word_1_350' title='bbox 769 3628 998 3695; x_wconf 84' lang='lat' dir='ltr'><strong>invasit,</strong></span> <span class='ocrx_word' id='word_1_351' title='bbox 1033 3632 1279 3683; x_wconf 86' lang='lat' dir='ltr'><strong>matrem</strong></span> <span class='ocrx_word' id='word_1_352' title='bbox 1301 3625 1559 3682; x_wconf 76' lang='lat' dir='ltr'><strong>fidelium</strong></span> <span class='ocrx_word' id='word_1_353' title='bbox 1590 3626 1852 3681; x_wconf 84' lang='lat' dir='ltr'><strong>omnium</strong></span> 
     </span>
    </p>
   </div>
   <div class='ocr_carea' id='block_1_53' title="bbox 192 3716 1857 3784">
    <p class='ocr_par' dir='ltr' id='par_1_53' title="bbox 192 3716 1857 3784">
     <span class='ocr_line' id='line_1_53' title="bbox 192 3716 1857 3784; baseline -0.004 -8"><span class='ocrx_word' id='word_1_354' title='bbox 192 3720 529 3776; x_wconf 69' lang='lat' dir='ltr'><strong>Romanam</strong></span> <span class='ocrx_word' id='word_1_355' title='bbox 560 3717 878 3776; x_wconf 75' lang='lat' dir='ltr'><strong>Ecclesium</strong></span> <span class='ocrx_word' id='word_1_356' title='bbox 927 3716 1265 3784; x_wconf 86' lang='lat' dir='ltr'><strong>incestavit;</strong></span> <span class='ocrx_word' id='word_1_357' title='bbox 1294 3717 1396 3770; x_wconf 91' lang='lat' dir='ltr'><strong>sed</strong></span> <span class='ocrx_word' id='word_1_358' title='bbox 1430 3716 1616 3771; x_wconf 85' lang='lat' dir='ltr'><strong>furem</strong></span> <span class='ocrx_word' id='word_1_359' title='bbox 1642 3730 1777 3770; x_wconf 91' lang='lat' dir='ltr'><strong>eum</strong></span> <span class='ocrx_word' id='word_1_360' title='bbox 1798 3719 1857 3770; x_wconf 91' lang='lat' dir='ltr'><strong>et</strong></span> 
     </span>
    </p>
   </div>
   <div class='ocr_carea' id='block_1_54' title="bbox 199 3802 1854 3879">
    <p class='ocr_par' dir='ltr' id='par_1_54' title="bbox 199 3802 1854 3879">
     <span class='ocr_line' id='line_1_54' title="bbox 199 3802 1854 3879; baseline -0.004 -15"><span class='ocrx_word' id='word_1_361' title='bbox 199 3808 486 3864; x_wconf 68' lang='lat' dir='ltr'><strong>latronem</strong></span> <span class='ocrx_word' id='word_1_362' title='bbox 508 3808 755 3864; x_wconf 79' lang='lat' dir='ltr'><strong>existere</strong></span> <span class='ocrx_word' id='word_1_363' title='bbox 796 3823 900 3879; x_wconf 85' lang='lat' dir='ltr'><strong>per</strong></span> <span class='ocrx_word' id='word_1_364' title='bbox 918 3806 1125 3861; x_wconf 64' lang='lat' dir='ltr'><strong>divina</strong></span> <span class='ocrx_word' id='word_1_365' title='bbox 1148 3802 1584 3861; x_wconf 80' lang='lat' dir='ltr'><strong>clariﬁcationis</strong></span> <span class='ocrx_word' id='word_1_366' title='bbox 1615 3819 1854 3859; x_wconf 87' lang='lat' dir='ltr'><strong>causam</strong></span> 
     </span>
    </p>
   </div>
   <div class='ocr_carea' id='block_1_55' title="bbox 197 3892 1852 3970">
    <p class='ocr_par' dir='ltr' id='par_1_55' title="bbox 197 3892 1852 3970">
     <span class='ocr_line' id='line_1_55' title="bbox 197 3892 1852 3970; baseline -0.002 -17"><span class='ocrx_word' id='word_1_367' title='bbox 197 3901 361 3953; x_wconf 86' lang='lat' dir='ltr'><strong>totus</strong></span> <span class='ocrx_word' id='word_1_368' title='bbox 378 3896 847 3970; x_wconf 83' lang='lat' dir='ltr'><strong>penejamorbis</strong></span> <span class='ocrx_word' id='word_1_369' title='bbox 883 3895 1166 3968; x_wconf 84' lang='lat' dir='ltr'><strong>agnoscit.</strong></span> <span class='ocrx_word' id='word_1_370' title='bbox 1212 3893 1359 3958; x_wconf 87' lang='lat' dir='ltr'><strong>Quid</strong></span> <span class='ocrx_word' id='word_1_371' title='bbox 1397 3899 1575 3949; x_wconf 76' lang='lat' dir='ltr'><strong>etiam</strong></span> <span class='ocrx_word' id='word_1_372' title='bbox 1614 3892 1672 3948; x_wconf 90' lang='lat' dir='ltr'><strong>id</strong></span> <span class='ocrx_word' id='word_1_373' title='bbox 1702 3897 1852 3949; x_wconf 87' lang='lat' dir='ltr'><strong>Hen-</strong></span> 
     </span>
    </p>
   </div>
   <div class='ocr_carea' id='block_1_56' title="bbox 199 3981 1854 4063">
    <p class='ocr_par' dir='ltr' id='par_1_56' title="bbox 199 3981 1854 4063">
     <span class='ocr_line' id='line_1_56' title="bbox 199 3981 1854 4063; baseline -0.002 -22"><span class='ocrx_word' id='word_1_374' title='bbox 199 3985 390 4041; x_wconf 84' lang='lat' dir='ltr'><strong>ricum</strong></span> <span class='ocrx_word' id='word_1_375' title='bbox 402 3986 650 4058; x_wconf 88' lang='lat' dir='ltr'><strong>hujusce</strong></span> <span class='ocrx_word' id='word_1_376' title='bbox 662 3984 1061 4063; x_wconf 80' lang='lat' dir='ltr'><strong>iniquitatiset</strong></span> <span class='ocrx_word' id='word_1_377' title='bbox 1072 3981 1544 4056; x_wconf 79' lang='lat' dir='ltr'><strong>praesumptionis</strong></span> <span class='ocrx_word' id='word_1_378' title='bbox 1556 3986 1854 4038; x_wconf 89' lang='lat' dir='ltr'><strong>auctorem</strong></span> 
     </span>
    </p>
   </div>
   <div class='ocr_carea' id='block_1_57' title="bbox 203 4071 1851 4147">
    <p class='ocr_par' dir='ltr' id='par_1_57' title="bbox 203 4071 1851 4147">
     <span class='ocr_line' id='line_1_57' title="bbox 203 4071 1851 4147; baseline -0.004 -16"><span class='ocrx_word' id='word_1_379' title='bbox 203 4073 413 4131; x_wconf 69' lang='lat' dir='ltr'><strong>divine</strong></span> <span class='ocrx_word' id='word_1_380' title='bbox 457 4073 789 4145; x_wconf 87' lang='lat' dir='ltr'><strong>majestatis</strong></span> <span class='ocrx_word' id='word_1_381' title='bbox 833 4072 1068 4144; x_wconf 89' lang='lat' dir='ltr'><strong>justitia</strong></span> <span class='ocrx_word' id='word_1_382' title='bbox 1106 4076 1347 4144; x_wconf 87' lang='lat' dir='ltr'><strong>operata</strong></span> <span class='ocrx_word' id='word_1_383' title='bbox 1375 4071 1453 4127; x_wconf 88' lang='lat' dir='ltr'><strong>sit</strong></span> <span class='ocrx_word' id='word_1_384' title='bbox 1482 4074 1538 4126; x_wconf 89' lang='lat' dir='ltr'><strong>et</strong></span> <span class='ocrx_word' id='word_1_385' title='bbox 1563 4075 1851 4147; x_wconf 75' lang='lat' dir='ltr'><strong>operetur,</strong></span> 
     </span>
    </p>
   </div>
   <div class='ocr_carea' id='block_1_58' title="bbox 200 4159 1852 4232">
    <p class='ocr_par' dir='ltr' id='par_1_58' title="bbox 200 4159 1852 4232">
     <span class='ocr_line' id='line_1_58' title="bbox 200 4159 1852 4232; baseline -0.003 -13"><span class='ocrx_word' id='word_1_386' title='bbox 200 4161 277 4219; x_wconf 87' lang='lat' dir='ltr'><strong>ad</strong></span> <span class='ocrx_word' id='word_1_387' title='bbox 295 4168 461 4220; x_wconf 87' lang='lat' dir='ltr'><strong>tuam</strong></span> <span class='ocrx_word' id='word_1_388' title='bbox 479 4161 868 4220; x_wconf 83' lang='lat' dir='ltr'><strong>existimanus</strong></span> <span class='ocrx_word' id='word_1_389' title='bbox 888 4160 1158 4218; x_wconf 89' lang='lat' dir='ltr'><strong>notitiam</strong></span> <span class='ocrx_word' id='word_1_390' title='bbox 1175 4159 1599 4232; x_wconf 73' lang='lat' dir='ltr'><strong>pervenisseJn</strong></span> <span class='ocrx_word' id='word_1_391' title='bbox 1613 4175 1852 4215; x_wconf 88' lang='lat' dir='ltr'><strong>sensum</strong></span> 
     </span>
    </p>
   </div>
   <div class='ocr_carea' id='block_1_59' title="bbox 202 4250 1850 4325">
    <p class='ocr_par' dir='ltr' id='par_1_59' title="bbox 202 4250 1850 4325">
     <span class='ocr_line' id='line_1_59' title="bbox 202 4250 1850 4325; baseline -0.002 -18"><span class='ocrx_word' id='word_1_392' title='bbox 202 4253 363 4308; x_wconf 87' lang='lat' dir='ltr'><strong>enim</strong></span> <span class='ocrx_word' id='word_1_393' title='bbox 393 4252 708 4325; x_wconf 83' lang='lat' dir='ltr'><strong>reprobum</strong></span> <span class='ocrx_word' id='word_1_394' title='bbox 736 4250 912 4308; x_wconf 84' lang='lat' dir='ltr'><strong>datus</strong></span> <span class='ocrx_word' id='word_1_395' title='bbox 942 4254 999 4306; x_wconf 90' lang='lat' dir='ltr'><strong>et</strong></span> <span class='ocrx_word' id='word_1_396' title='bbox 1029 4266 1098 4306; x_wconf 90' lang='lat' dir='ltr'><strong>ea</strong></span> <span class='ocrx_word' id='word_1_397' title='bbox 1141 4265 1270 4322; x_wconf 67' lang='lat' dir='ltr'><strong>quae</strong></span> <span class='ocrx_word' id='word_1_398' title='bbox 1315 4265 1432 4304; x_wconf 90' lang='lat' dir='ltr'><strong>non</strong></span> <span class='ocrx_word' id='word_1_399' title='bbox 1476 4250 1850 4318; x_wconf 89' lang='lat' dir='ltr'><strong>conveniunt,</strong></span> 
     </span>
    </p>
   </div>
   <div class='ocr_carea' id='block_1_60' title="bbox 204 4335 1851 4415">
    <p class='ocr_par' dir='ltr' id='par_1_60' title="bbox 204 4335 1851 4415">
     <span class='ocr_line' id='line_1_60' title="bbox 204 4335 1851 4415; baseline -0.002 -18"><span class='ocrx_word' id='word_1_400' title='bbox 204 4341 325 4397; x_wconf 88' lang='lat' dir='ltr'><strong>imo</strong></span> <span class='ocrx_word' id='word_1_401' title='bbox 355 4357 482 4415; x_wconf 71' lang='lat' dir='ltr'><strong>quas</strong></span> <span class='ocrx_word' id='word_1_402' title='bbox 508 4341 626 4397; x_wconf 84' lang='lat' dir='ltr'><strong>Deo</strong></span> <span class='ocrx_word' id='word_1_403' title='bbox 645 4346 704 4397; x_wconf 92' lang='lat' dir='ltr'><strong>et</strong></span> <span class='ocrx_word' id='word_1_404' title='bbox 732 4340 1075 4397; x_wconf 88' lang='lat' dir='ltr'><strong>hominibus</strong></span> <span class='ocrx_word' id='word_1_405' title='bbox 1123 4335 1503 4395; x_wconf 77' lang='lat' dir='ltr'><strong>exsecrabilis.</strong></span> <span class='ocrx_word' id='word_1_406' title='bbox 1548 4343 1688 4393; x_wconf 84' lang='lat' dir='ltr'><strong>sunt</strong></span> <span class='ocrx_word' id='word_1_407' title='bbox 1715 4354 1851 4411; x_wconf 90' lang='lat' dir='ltr'><strong>ope-</strong></span> 
     </span>
    </p>
   </div>
   <div class='ocr_carea' id='block_1_61' title="bbox 204 4426 1850 4503">
    <p class='ocr_par' dir='ltr' id='par_1_61' title="bbox 204 4426 1850 4503">
     <span class='ocr_line' id='line_1_61' title="bbox 204 4426 1850 4503; baseline -0.004 -16"><span class='ocrx_word' id='word_1_408' title='bbox 204 4429 627 4503; x_wconf 73' lang='lat' dir='ltr'><strong>raus,publicie</strong></span> <span class='ocrx_word' id='word_1_409' title='bbox 644 4433 735 4486; x_wconf 87' lang='lat' dir='ltr'><strong>est</strong></span> <span class='ocrx_word' id='word_1_410' title='bbox 756 4426 1426 4502; x_wconf 84' lang='lat' dir='ltr'><strong>expositusignominiis.</strong></span> <span class='ocrx_word' id='word_1_411' title='bbox 1453 4426 1515 4481; x_wconf 89' lang='lat' dir='ltr'><strong>In</strong></span> <span class='ocrx_word' id='word_1_412' title='bbox 1547 4426 1647 4482; x_wconf 90' lang='lat' dir='ltr'><strong>illo</strong></span> <span class='ocrx_word' id='word_1_413' title='bbox 1677 4426 1850 4482; x_wconf 90' lang='lat' dir='ltr'><strong>nimi-</strong></span> 
     </span>
    </p>
   </div>
   <div class='ocr_carea' id='block_1_62' title="bbox 204 4514 1850 4591">
    <p class='ocr_par' dir='ltr' id='par_1_62' title="bbox 204 4514 1850 4591">
     <span class='ocr_line' id='line_1_62' title="bbox 204 4514 1850 4591; baseline -0.002 -17"><span class='ocrx_word' id='word_1_414' title='bbox 204 4534 340 4575; x_wconf 88' lang='lat' dir='ltr'><strong>rum</strong></span> <span class='ocrx_word' id='word_1_415' title='bbox 365 4515 511 4575; x_wconf 81' lang='lat' dir='ltr'><strong>illud</strong></span> <span class='ocrx_word' id='word_1_416' title='bbox 524 4518 961 4591; x_wconf 87' lang='lat' dir='ltr'><strong>quodammodo</strong></span> <span class='ocrx_word' id='word_1_417' title='bbox 991 4516 1198 4572; x_wconf 84' lang='lat' dir='ltr'><strong>divinae</strong></span> <span class='ocrx_word' id='word_1_418' title='bbox 1219 4516 1447 4589; x_wconf 79' lang='lat' dir='ltr'><strong>Scriptu</strong></span> <span class='ocrx_word' id='word_1_419' title='bbox 1458 4533 1529 4570; x_wconf 77' lang='lat' dir='ltr'><strong>res</strong></span> <span class='ocrx_word' id='word_1_420' title='bbox 1544 4514 1850 4587; x_wconf 87' lang='lat' dir='ltr'><strong>impletum</strong></span> 
     </span>
    </p>
   </div>
   <div class='ocr_carea' id='block_1_63' title="bbox 1965 2028 3611 2107">
    <p class='ocr_par' dir='ltr' id='par_1_63' title="bbox 1965 2028 3611 2107">
     <span class='ocr_line' id='line_1_63' title="bbox 1965 2028 3611 2107; baseline 0.006 -25"><span class='ocrx_word' id='word_1_421' title='bbox 1965 2028 2192 2084; x_wconf 90' lang='lat' dir='ltr'><strong>votione</strong></span> <span class='ocrx_word' id='word_1_422' title='bbox 2235 2029 2529 2101; x_wconf 87' lang='lat' dir='ltr'><strong>exquiras,</strong></span> <span class='ocrx_word' id='word_1_423' title='bbox 2582 2030 2754 2102; x_wconf 90' lang='lat' dir='ltr'><strong>plena</strong></span> <span class='ocrx_word' id='word_1_424' title='bbox 2819 2030 3188 2088; x_wconf 83' lang='lat' dir='ltr'><strong>liberalitatis</strong></span> <span class='ocrx_word' id='word_1_425' title='bbox 3249 2032 3611 2107; x_wconf 86' lang='lat' dir='ltr'><strong>benignitate</strong></span> 
     </span>
    </p>
   </div>
   <div class='ocr_carea' id='block_1_64' title="bbox 1967 2115 3611 2195">
    <p class='ocr_par' dir='ltr' id='par_1_64' title="bbox 1967 2115 3611 2195">
     <span class='ocr_line' id='line_1_64' title="bbox 1967 2115 3611 2195; baseline 0.004 -24"><span class='ocrx_word' id='word_1_426' title='bbox 1967 2115 2274 2188; x_wconf 88' lang='lat' dir='ltr'><strong>percipias,</strong></span> <span class='ocrx_word' id='word_1_427' title='bbox 2307 2116 2626 2174; x_wconf 88' lang='lat' dir='ltr'><strong>dummodo</strong></span> <span class='ocrx_word' id='word_1_428' title='bbox 2655 2118 2715 2172; x_wconf 89' lang='lat' dir='ltr'><strong>in</strong></span> <span class='ocrx_word' id='word_1_429' title='bbox 2748 2118 2971 2174; x_wconf 89' lang='lat' dir='ltr'><strong>unitate</strong></span> <span class='ocrx_word' id='word_1_430' title='bbox 3000 2120 3264 2191; x_wconf 87' lang='lat' dir='ltr'><strong>ejusdem</strong></span> <span class='ocrx_word' id='word_1_431' title='bbox 3281 2122 3611 2195; x_wconf 68' lang='lat' dir='ltr'><strong>apostolicae</strong></span> 
     </span>
    </p>
   </div>
   <div class='ocr_carea' id='block_1_65' title="bbox 1968 2203 3611 2283">
    <p class='ocr_par' dir='ltr' id='par_1_65' title="bbox 1968 2203 3611 2283">
     <span class='ocr_line' id='line_1_65' title="bbox 1968 2203 3611 2283; baseline 0.005 -24"><span class='ocrx_word' id='word_1_432' title='bbox 1968 2203 2233 2260; x_wconf 62' lang='lat' dir='ltr'><strong>Ecclesiae</strong></span> <span class='ocrx_word' id='word_1_433' title='bbox 2266 2206 2435 2262; x_wconf 83' lang='lat' dir='ltr'><strong>ﬁrma</strong></span> <span class='ocrx_word' id='word_1_434' title='bbox 2464 2206 2781 2262; x_wconf 83' lang='lat' dir='ltr'><strong>stabilitate</strong></span> <span class='ocrx_word' id='word_1_435' title='bbox 2825 2216 3191 2280; x_wconf 84' lang='lat' dir='ltr'><strong>permaneas,</strong></span> <span class='ocrx_word' id='word_1_436' title='bbox 3235 2214 3294 2265; x_wconf 89' lang='lat' dir='ltr'><strong>et</strong></span> <span class='ocrx_word' id='word_1_437' title='bbox 3339 2210 3392 2267; x_wconf 90' lang='lat' dir='ltr'><strong>ei</strong></span> <span class='ocrx_word' id='word_1_438' title='bbox 3440 2211 3611 2283; x_wconf 80' lang='lat' dir='ltr'><strong>quid-</strong></span> 
     </span>
    </p>
   </div>
   <div class='ocr_carea' id='block_1_66' title="bbox 1967 2292 3610 2370">
    <p class='ocr_par' dir='ltr' id='par_1_66' title="bbox 1967 2292 3610 2370">
     <span class='ocr_line' id='line_1_66' title="bbox 1967 2292 3610 2370; baseline 0.006 -23"><span class='ocrx_word' id='word_1_439' title='bbox 1967 2292 2106 2364; x_wconf 91' lang='lat' dir='ltr'><strong>quid</strong></span> <span class='ocrx_word' id='word_1_440' title='bbox 2130 2292 2386 2361; x_wconf 87' lang='lat' dir='ltr'><strong>honoris,</strong></span> <span class='ocrx_word' id='word_1_441' title='bbox 2413 2294 2698 2366; x_wconf 79' lang='lat' dir='ltr'><strong>quidquid</strong></span> <span class='ocrx_word' id='word_1_442' title='bbox 2718 2297 3068 2364; x_wconf 69' lang='lat' dir='ltr'><strong>reverentiaa,</strong></span> <span class='ocrx_word' id='word_1_443' title='bbox 3094 2299 3471 2370; x_wconf 76' lang='lat' dir='ltr'><strong>rexprefatus</strong></span> <span class='ocrx_word' id='word_1_444' title='bbox 3489 2301 3610 2356; x_wconf 88' lang='lat' dir='ltr'><strong>ins-</strong></span> 
     </span>
    </p>
   </div>
   <div class='ocr_carea' id='block_1_67' title="bbox 1968 2380 3326 2455">
    <p class='ocr_par' dir='ltr' id='par_1_67' title="bbox 1968 2380 3326 2455">
     <span class='ocr_line' id='line_1_67' title="bbox 1968 2380 3326 2455; baseline 0.004 -18"><span class='ocrx_word' id='word_1_445' title='bbox 1968 2380 2148 2451; x_wconf 88' lang='lat' dir='ltr'><strong>tituit,</strong></span> <span class='ocrx_word' id='word_1_446' title='bbox 2182 2381 2340 2438; x_wconf 84' lang='lat' dir='ltr'><strong>ﬁdeli</strong></span> <span class='ocrx_word' id='word_1_447' title='bbox 2371 2382 2729 2455; x_wconf 81' lang='lat' dir='ltr'><strong>benignitate</strong></span> <span class='ocrx_word' id='word_1_448' title='bbox 2759 2384 3002 2440; x_wconf 87' lang='lat' dir='ltr'><strong>devotus</strong></span> <span class='ocrx_word' id='word_1_449' title='bbox 3031 2386 3326 2443; x_wconf 87' lang='lat' dir='ltr'><strong>exhibeas.</strong></span> 
     </span>
    </p>
   </div>
   <div class='ocr_carea' id='block_1_68' title="bbox 2038 2470 2791 2543">
    <p class='ocr_par' dir='ltr' id='par_1_68' title="bbox 2038 2470 2791 2543">
     <span class='ocr_line' id='line_1_68' title="bbox 2038 2470 2791 2543; baseline 0.001 -18"><span class='ocrx_word' id='word_1_450' title='bbox 2038 2470 2251 2526; x_wconf 88' lang='lat' dir='ltr'><strong>Datum</strong></span> <span class='ocrx_word' id='word_1_451' title='bbox 2282 2486 2338 2527; x_wconf 79' lang='lat' dir='ltr'><strong>v1</strong></span> <span class='ocrx_word' id='word_1_452' title='bbox 2370 2471 2492 2526; x_wconf 85' lang='lat' dir='ltr'><strong>Kal.</strong></span> <span class='ocrx_word' id='word_1_453' title='bbox 2524 2472 2791 2543; x_wconf 87' lang='lat' dir='ltr'><strong>Augusti.</strong></span> 
     </span>
    </p>
   </div>
   <div class='ocr_carea' id='block_1_69' title="bbox 2668 2559 2907 2615">
    <p class='ocr_par' dir='ltr' id='par_1_69' title="bbox 2668 2559 2907 2615">
     <span class='ocr_line' id='line_1_69' title="bbox 2668 2559 2907 2615; baseline 0 0"><span class='ocrx_word' id='word_1_454' title='bbox 2668 2559 2907 2615; x_wconf 80' lang='lat' dir='ltr'><strong>CCVIII.</strong></span> 
     </span>
    </p>
   </div>
   <div class='ocr_carea' id='block_1_70' title="bbox 1971 2640 3609 2732">
    <p class='ocr_par' dir='ltr' id='par_1_70' title="bbox 1971 2640 3609 2732">
     <span class='ocr_line' id='line_1_70' title="bbox 1971 2640 3609 2732; baseline -0.003 -28"><span class='ocrx_word' id='word_1_455' title='bbox 1971 2648 2179 2706; x_wconf 76' lang='lat' dir='ltr'><strong>Urbani</strong></span> <span class='ocrx_word' id='word_1_456' title='bbox 2209 2650 2283 2732; x_wconf 44' lang='lat' dir='ltr'><strong>“II</strong></span> <span class='ocrx_word' id='word_1_457' title='bbox 2582 2650 2812 2732; x_wconf 63' lang='lat' dir='ltr'><strong>epistola</strong></span> <span class='ocrx_word' id='word_1_458' title='bbox 2859 2650 3355 2732; x_wconf 47' lang='grc' dir='ltr'><strong>ᾳᾴηϐθρθὴρνάᾳχη</strong></span> <span class='ocrx_word' id='word_1_459' title='bbox 3405 2640 3609 2727; x_wconf 67' lang='grc' dir='ltr'><strong>φίεσῤ-</strong></span> 
     </span>
    </p>
   </div>
   <div class='ocr_carea' id='block_1_71' title="bbox 2036 2720 3615 2811">
    <p class='ocr_par' dir='ltr' id='par_1_71' title="bbox 2036 2720 3615 2811">
     <span class='ocr_line' id='line_1_71' title="bbox 2036 2720 3615 2811; baseline 0.007 -37"><span class='ocrx_word' id='word_1_460' title='bbox 2036 2737 2168 2811; x_wconf 57' lang='lat' dir='ltr'><strong>pum</strong></span> <span class='ocrx_word' id='word_1_461' title='bbox 2200 2721 2691 2811; x_wconf 45' lang='lat' dir='ltr'><strong>Constaptimicm‘,’</strong></span> <span class='ocrx_word' id='word_1_462' title='bbox 2707 2724 2765 2775; x_wconf 80' lang='lat' dir='ltr'><strong>ut</strong></span> <span class='ocrx_word' id='word_1_463' title='bbox 2795 2737 2829 2775; x_wconf 90' lang='lat' dir='ltr'><strong>a</strong></span> <span class='ocrx_word' id='word_1_464' title='bbox 2858 2720 3403 2811; x_wconf 59' lang='lat' dir='ltr'><strong>licitenbuchensibus</strong></span> 
     </span>
    </p>
   </div>
   <div class='ocr_carea' id='block_1_72' title="bbox 2037 2790 3612 2863">
    <p class='ocr_par' dir='ltr' id='par_1_72' title="bbox 2037 2790 3612 2863">
     <span class='ocr_line' id='line_1_72' title="bbox 2037 2790 3612 2863; baseline 0.008 -18"><span class='ocrx_word' id='word_1_465' title='bbox 2037 2790 2163 2846; x_wconf 69' lang='lat' dir='ltr'><strong>itam</strong></span> <span class='ocrx_word' id='word_1_466' title='bbox 2189 2791 2515 2847; x_wconf 82' lang='lat' dir='ltr'><strong>monachum</strong></span> <span class='ocrx_word' id='word_1_467' title='bbox 2545 2791 2995 2863; x_wconf 81' lang='lat' dir='ltr'><strong>Seufhusensibus</strong></span> <span class='ocrx_word' id='word_1_468' title='bbox 3020 2794 3301 2851; x_wconf 76' lang='lat' dir='ltr'><strong>monachis</strong></span> <span class='ocrx_word' id='word_1_469' title='bbox 3327 2790 3612 2858; x_wconf 63' lang='lat' dir='ltr'><strong>restituen-</strong></span> 
     </span>
    </p>
   </div>
   <div class='ocr_carea' id='block_1_73' title="bbox 2038 2862 2365 2918">
    <p class='ocr_par' dir='ltr' id='par_1_73' title="bbox 2038 2862 2365 2918">
     <span class='ocr_line' id='line_1_73' title="bbox 2038 2862 2365 2918; baseline 0.003 -1"><span class='ocrx_word' id='word_1_470' title='bbox 2038 2862 2170 2917; x_wconf 83' lang='lat' dir='ltr'><strong>dum</strong></span> <span class='ocrx_word' id='word_1_471' title='bbox 2196 2871 2365 2918; x_wconf 81' lang='lat' dir='ltr'><strong>curet.</strong></span> 
     </span>
    </p>
   </div>
   <div class='ocr_carea' id='block_1_74' title="bbox 2583 2934 3011 3007">
    <p class='ocr_par' dir='ltr' id='par_1_74' title="bbox 2583 2934 3011 3007">
     <span class='ocr_line' id='line_1_74' title="bbox 2583 2934 3011 3007; baseline 0.005 -19"><span class='ocrx_word' id='word_1_472' title='bbox 2583 2934 2770 3005; x_wconf 90' lang='lat' dir='ltr'><strong>(Anno</strong></span> <span class='ocrx_word' id='word_1_473' title='bbox 2828 2935 3011 3007; x_wconf 80' lang='lat'><strong>1096.)</strong></span> 
     </span>
    </p>
   </div>
   <div class='ocr_carea' id='block_1_75' title="bbox 2323 3022 3259 3098">
    <p class='ocr_par' dir='ltr' id='par_1_75' title="bbox 2323 3022 3259 3098">
     <span class='ocr_line' id='line_1_75' title="bbox 2323 3022 3259 3098; baseline 0.003 -21"><span class='ocrx_word' id='word_1_474' title='bbox 2323 3022 2475 3093; x_wconf 80' lang='lat' dir='ltr'><strong>[Psz,</strong></span> <span class='ocrx_word' id='word_1_475' title='bbox 2509 3022 2656 3079; x_wconf 84' lang='lat' dir='ltr'><strong>Thes.</strong></span> <span class='ocrx_word' id='word_1_476' title='bbox 2690 3022 2884 3078; x_wconf 82' lang='lat' dir='ltr'><strong>Anecd.</strong></span> <span class='ocrx_word' id='word_1_477' title='bbox 2909 3024 3009 3089; x_wconf 88' lang='lat' dir='ltr'><strong>VI,</strong></span> <span class='ocrx_word' id='word_1_478' title='bbox 3037 3040 3078 3093; x_wconf 86' lang='lat'><strong>1,</strong></span> <span class='ocrx_word' id='word_1_479' title='bbox 3109 3026 3259 3098; x_wconf 87' lang='lat'><strong>297.]</strong></span> 
     </span>
    </p>
   </div>
   <div class='ocr_carea' id='block_1_76' title="bbox 2037 3110 3612 3183">
    <p class='ocr_par' dir='ltr' id='par_1_76' title="bbox 2037 3110 3612 3183">
     <span class='ocr_line' id='line_1_76' title="bbox 2037 3110 3612 3183; baseline 0.005 -17"><span class='ocrx_word' id='word_1_480' title='bbox 2037 3110 2315 3166; x_wconf 80' lang='lat' dir='ltr'><strong>URBANUS</strong></span> <span class='ocrx_word' id='word_1_481' title='bbox 2354 3110 2683 3183; x_wconf 89' lang='lat' dir='ltr'><strong>episcopus,</strong></span> <span class='ocrx_word' id='word_1_482' title='bbox 2719 3127 2922 3168; x_wconf 89' lang='lat' dir='ltr'><strong>servus</strong></span> <span class='ocrx_word' id='word_1_483' title='bbox 2952 3129 3254 3169; x_wconf 87' lang='lat' dir='ltr'><strong>servorum</strong></span> <span class='ocrx_word' id='word_1_484' title='bbox 3288 3115 3411 3183; x_wconf 88' lang='lat' dir='ltr'><strong>Dei,</strong></span> <span class='ocrx_word' id='word_1_485' title='bbox 3441 3135 3612 3177; x_wconf 78' lang='lat' dir='ltr'><strong>vene-</strong></span> 
     </span>
    </p>
   </div>
   <div class='ocr_carea' id='block_1_77' title="bbox 1967 3198 3621 3286">
    <p class='ocr_par' dir='ltr' id='par_1_77' title="bbox 1967 3198 3621 3286">
     <span class='ocr_line' id='line_1_77' title="bbox 1967 3198 3621 3286; baseline 0.007 -31"><span class='ocrx_word' id='word_1_486' title='bbox 1967 3198 2139 3255; x_wconf 85' lang='lat' dir='ltr'><strong>rabili</strong></span> <span class='ocrx_word' id='word_1_487' title='bbox 2172 3199 2335 3255; x_wconf 84' lang='lat' dir='ltr'><strong>fratri</strong></span> <span class='ocrx_word' id='word_1_488' title='bbox 2364 3199 2428 3255; x_wconf 88' lang='lat' dir='ltr'><strong>G.</strong></span> <span class='ocrx_word' id='word_1_489' title='bbox 2461 3200 2912 3258; x_wconf 68' lang='lat' dir='ltr'><strong>Consmurmnst</strong></span> <span class='ocrx_word' id='word_1_490' title='bbox 2948 3202 3243 3276; x_wconf 90' lang='lat' dir='ltr'><strong>episcopo,</strong></span> <span class='ocrx_word' id='word_1_491' title='bbox 3275 3205 3528 3265; x_wconf 91' lang='lat' dir='ltr'><strong>salutem</strong></span> <span class='ocrx_word' id='word_1_492' title='bbox 3556 3224 3621 3286; x_wconf 60' lang='lat' dir='ltr'><strong>et</strong></span> 
     </span>
    </p>
   </div>
   <div class='ocr_carea' id='block_1_78' title="bbox 1964 3288 3531 3360">
    <p class='ocr_par' dir='ltr' id='par_1_78' title="bbox 1964 3288 3531 3360">
     <span class='ocr_line' id='line_1_78' title="bbox 1964 3288 3531 3360; baseline 0.001 -15"><span class='ocrx_word' id='word_1_493' title='bbox 1964 3288 2344 3360; x_wconf 88' lang='lat' dir='ltr'><strong>apostolicam</strong></span> <span class='ocrx_word' id='word_1_494' title='bbox 2380 3288 2868 3344; x_wconf 90' lang='lat' dir='ltr'><strong>benedictionem.</strong></span> <span class='ocrx_word' id='word_1_495' title='bbox 3528 3346 3531 3347; x_wconf 30' lang='grc' dir='ltr'><em>ν</em></span> 
     </span>
    </p>
   </div>
   <div class='ocr_carea' id='block_1_79' title="bbox 2037 3375 3614 3460">
    <p class='ocr_par' dir='ltr' id='par_1_79' title="bbox 2037 3375 3614 3460">
     <span class='ocr_line' id='line_1_79' title="bbox 2037 3375 3614 3460; baseline 0.008 -30"><span class='ocrx_word' id='word_1_496' title='bbox 2037 3375 2191 3431; x_wconf 89' lang='lat' dir='ltr'><strong>Inter</strong></span> <span class='ocrx_word' id='word_1_497' title='bbox 2217 3375 2655 3432; x_wconf 87' lang='lat' dir='ltr'><strong>Scafusensium</strong></span> <span class='ocrx_word' id='word_1_498' title='bbox 2677 3381 2735 3433; x_wconf 89' lang='lat' dir='ltr'><strong>et</strong></span> <span class='ocrx_word' id='word_1_499' title='bbox 2754 3377 3349 3438; x_wconf 84' lang='lat' dir='ltr'><strong>Reitenbuehensium</strong></span> <span class='ocrx_word' id='word_1_500' title='bbox 3371 3400 3614 3460; x_wconf 87' lang='lat' dir='ltr'><strong>congre-</strong></span> 
     </span>
    </p>
   </div>
   <div class='ocr_carea' id='block_1_80' title="bbox 1963 3465 3616 3543">
    <p class='ocr_par' dir='ltr' id='par_1_80' title="bbox 1963 3465 3616 3543">
     <span class='ocr_line' id='line_1_80' title="bbox 1963 3465 3616 3543; baseline 0.007 -23"><span class='ocrx_word' id='word_1_501' title='bbox 1963 3465 2226 3536; x_wconf 89' lang='lat' dir='ltr'><strong>gationes</strong></span> <span class='ocrx_word' id='word_1_502' title='bbox 2255 3481 2437 3536; x_wconf 86' lang='lat' dir='ltr'><strong>quare</strong></span> <span class='ocrx_word' id='word_1_503' title='bbox 2480 3469 2537 3519; x_wconf 93' lang='lat' dir='ltr'><strong>et</strong></span> <span class='ocrx_word' id='word_1_504' title='bbox 2568 3480 2746 3536; x_wconf 88' lang='lat' dir='ltr'><strong>quam</strong></span> <span class='ocrx_word' id='word_1_505' title='bbox 2796 3465 3027 3522; x_wconf 87' lang='lat' dir='ltr'><strong>diutina</strong></span> <span class='ocrx_word' id='word_1_506' title='bbox 3078 3468 3376 3527; x_wconf 88' lang='lat' dir='ltr'><strong>discordia</strong></span> <span class='ocrx_word' id='word_1_507' title='bbox 3419 3474 3616 3543; x_wconf 82' lang='lat' dir='ltr'><strong>fuerit,</strong></span> 
     </span>
    </p>
   </div>
   <div class='ocr_carea' id='block_1_81' title="bbox 1962 3552 3612 3628">
    <p class='ocr_par' dir='ltr' id='par_1_81' title="bbox 1962 3552 3612 3628">
     <span class='ocr_line' id='line_1_81' title="bbox 1962 3552 3612 3628; baseline 0.007 -20"><span class='ocrx_word' id='word_1_508' title='bbox 1962 3553 2311 3608; x_wconf 87' lang='lat' dir='ltr'><strong>fraternitati</strong></span> <span class='ocrx_word' id='word_1_509' title='bbox 2342 3559 2452 3608; x_wconf 70' lang='lat' dir='ltr'><strong>tuaa</strong></span> <span class='ocrx_word' id='word_1_510' title='bbox 2486 3552 2711 3624; x_wconf 87' lang='lat' dir='ltr'><strong>liquido</strong></span> <span class='ocrx_word' id='word_1_511' title='bbox 2744 3555 3125 3628; x_wconf 89' lang='lat' dir='ltr'><strong>patet.Nuper</strong></span> <span class='ocrx_word' id='word_1_512' title='bbox 3171 3573 3306 3614; x_wconf 92' lang='lat' dir='ltr'><strong>cum</strong></span> <span class='ocrx_word' id='word_1_513' title='bbox 3358 3562 3612 3619; x_wconf 89' lang='lat' dir='ltr'><strong>Turonis</strong></span> 
     </span>
    </p>
   </div>
   <div class='ocr_carea' id='block_1_82' title="bbox 1965 3641 3611 3724">
    <p class='ocr_par' dir='ltr' id='par_1_82' title="bbox 1965 3641 3611 3724">
     <span class='ocr_line' id='line_1_82' title="bbox 1965 3641 3611 3724; baseline -0.002 -27"><span class='ocrx_word' id='word_1_514' title='bbox 1965 3658 2250 3698; x_wconf 88' lang='lat' dir='ltr'><strong>essemus.</strong></span> <span class='ocrx_word' id='word_1_515' title='bbox 2287 3659 2387 3714; x_wconf 91' lang='lat' dir='ltr'><strong>per</strong></span> <span class='ocrx_word' id='word_1_516' title='bbox 2420 3641 2607 3697; x_wconf 76' lang='lat' dir='ltr'><strong>illium</strong></span> <span class='ocrx_word' id='word_1_517' title='bbox 2652 3646 2918 3698; x_wconf 90' lang='lat' dir='ltr'><strong>nostrum</strong></span> <span class='ocrx_word' id='word_1_518' title='bbox 2952 3643 3390 3718; x_wconf 85' lang='lat' dir='ltr'><strong>Manegoldum,</strong></span> <span class='ocrx_word' id='word_1_519' title='bbox 3424 3652 3611 3724; x_wconf 75' lang='lat' dir='ltr'><strong>magi-</strong></span> 
     </span>
    </p>
   </div>
   <div class='ocr_carea' id='block_1_83' title="bbox 1965 3730 3615 3803">
    <p class='ocr_par' dir='ltr' id='par_1_83' title="bbox 1965 3730 3615 3803">
     <span class='ocr_line' id='line_1_83' title="bbox 1965 3730 3615 3803; baseline 0.004 -16"><span class='ocrx_word' id='word_1_520' title='bbox 1965 3736 2153 3787; x_wconf 89' lang='lat' dir='ltr'><strong>strum</strong></span> <span class='ocrx_word' id='word_1_521' title='bbox 2184 3730 2569 3801; x_wconf 81' lang='lat' dir='ltr'><strong>scholarum,</strong></span> <span class='ocrx_word' id='word_1_522' title='bbox 2615 3730 2888 3803; x_wconf 87' lang='lat' dir='ltr'><strong>pacificos</strong></span> <span class='ocrx_word' id='word_1_523' title='bbox 2926 3747 3026 3787; x_wconf 89' lang='lat' dir='ltr'><strong>eos</strong></span> <span class='ocrx_word' id='word_1_524' title='bbox 3047 3732 3615 3794; x_wconf 84' lang='lat' dir='ltr'><strong>audieramus.Com-</strong></span> 
     </span>
    </p>
   </div>
   <div class='ocr_carea' id='block_1_84' title="bbox 1964 3808 3612 3889">
    <p class='ocr_par' dir='ltr' id='par_1_84' title="bbox 1964 3808 3612 3889">
     <span class='ocr_line' id='line_1_84' title="bbox 1964 3808 3612 3889; baseline 0.004 -13"><span class='ocrx_word' id='word_1_525' title='bbox 1964 3818 2161 3876; x_wconf 89' lang='lat' dir='ltr'><strong>munis</strong></span> <span class='ocrx_word' id='word_1_526' title='bbox 2191 3824 2387 3876; x_wconf 89' lang='lat' dir='ltr'><strong>autem</strong></span> <span class='ocrx_word' id='word_1_527' title='bbox 2401 3819 2560 3875; x_wconf 80' lang='lat' dir='ltr'><strong>filius</strong></span> <span class='ocrx_word' id='word_1_528' title='bbox 2577 3820 2888 3889; x_wconf 89' lang='lat' dir='ltr'><strong>Gerardus,</strong></span> <span class='ocrx_word' id='word_1_529' title='bbox 2907 3808 3274 3880; x_wconf 80' lang='lat' dir='ltr'><strong>Scafusensis</strong></span> <span class='ocrx_word' id='word_1_530' title='bbox 3287 3825 3612 3883; x_wconf 89' lang='lat' dir='ltr'><strong>monachus</strong></span> 
     </span>
    </p>
   </div>
   <div class='ocr_carea' id='block_1_85' title="bbox 1962 3909 3608 3986">
    <p class='ocr_par' dir='ltr' id='par_1_85' title="bbox 1962 3909 3608 3986">
     <span class='ocr_line' id='line_1_85' title="bbox 1962 3909 3608 3986; baseline 0.005 -23"><span class='ocrx_word' id='word_1_531' title='bbox 1962 3909 2225 3977; x_wconf 89' lang='lat' dir='ltr'><strong>veniens,</strong></span> <span class='ocrx_word' id='word_1_532' title='bbox 2257 3910 2524 3965; x_wconf 89' lang='lat' dir='ltr'><strong>eamdem</strong></span> <span class='ocrx_word' id='word_1_533' title='bbox 2578 3909 2732 3981; x_wconf 89' lang='lat' dir='ltr'><strong>apud</strong></span> <span class='ocrx_word' id='word_1_534' title='bbox 2765 3925 2872 3965; x_wconf 90' lang='lat' dir='ltr'><strong>nos</strong></span> <span class='ocrx_word' id='word_1_535' title='bbox 2933 3909 3231 3981; x_wconf 89' lang='lat' dir='ltr'><strong>querelam</strong></span> <span class='ocrx_word' id='word_1_536' title='bbox 3288 3912 3608 3986; x_wconf 89' lang='lat' dir='ltr'><strong>replicavit,</strong></span> 
     </span>
    </p>
   </div>
   <div class='ocr_carea' id='block_1_86' title="bbox 1963 3995 3611 4071">
    <p class='ocr_par' dir='ltr' id='par_1_86' title="bbox 1963 3995 3611 4071">
     <span class='ocr_line' id='line_1_86' title="bbox 1963 3995 3611 4071; baseline 0.004 -17"><span class='ocrx_word' id='word_1_537' title='bbox 1963 3998 2104 4071; x_wconf 91' lang='lat' dir='ltr'><strong>quia</strong></span> <span class='ocrx_word' id='word_1_538' title='bbox 2123 3996 2387 4054; x_wconf 87' lang='lat' dir='ltr'><strong>videlicet</strong></span> <span class='ocrx_word' id='word_1_539' title='bbox 2426 3995 3107 4054; x_wconf 89' lang='lat' dir='ltr'><strong>fratresillimonachum</strong></span> <span class='ocrx_word' id='word_1_540' title='bbox 3139 4001 3380 4059; x_wconf 89' lang='lat' dir='ltr'><strong>reddere</strong></span> <span class='ocrx_word' id='word_1_541' title='bbox 3410 4002 3611 4060; x_wconf 89' lang='lat' dir='ltr'><strong>nolue-</strong></span> 
     </span>
    </p>
   </div>
   <div class='ocr_carea' id='block_1_87' title="bbox 1962 4086 3611 4158">
    <p class='ocr_par' dir='ltr' id='par_1_87' title="bbox 1962 4086 3611 4158">
     <span class='ocr_line' id='line_1_87' title="bbox 1962 4086 3611 4158; baseline 0.003 -15"><span class='ocrx_word' id='word_1_542' title='bbox 1962 4091 2119 4145; x_wconf 90' lang='lat' dir='ltr'><strong>runt.</strong></span> <span class='ocrx_word' id='word_1_543' title='bbox 2153 4087 2501 4143; x_wconf 89' lang='lat' dir='ltr'><strong>Mandamus</strong></span> <span class='ocrx_word' id='word_1_544' title='bbox 2532 4087 2730 4158; x_wconf 89' lang='lat' dir='ltr'><strong>itaque</strong></span> <span class='ocrx_word' id='word_1_545' title='bbox 2761 4086 3058 4149; x_wconf 88' lang='lat' dir='ltr'><strong>dilectioni</strong></span> <span class='ocrx_word' id='word_1_546' title='bbox 3086 4092 3200 4145; x_wconf 75' lang='lat' dir='ltr'><strong>tuas</strong></span> <span class='ocrx_word' id='word_1_547' title='bbox 3234 4094 3298 4145; x_wconf 90' lang='lat' dir='ltr'><strong>ut</strong></span> <span class='ocrx_word' id='word_1_548' title='bbox 3328 4091 3400 4147; x_wconf 91' lang='lat' dir='ltr'><strong>ad</strong></span> <span class='ocrx_word' id='word_1_549' title='bbox 3432 4092 3611 4149; x_wconf 82' lang='lat' dir='ltr'><strong>refor-</strong></span> 
     </span>
    </p>
   </div>
   <div class='ocr_carea' id='block_1_88' title="bbox 1962 4175 3610 4253">
    <p class='ocr_par' dir='ltr' id='par_1_88' title="bbox 1962 4175 3610 4253">
     <span class='ocr_line' id='line_1_88' title="bbox 1962 4175 3610 4253; baseline 0.002 -20"><span class='ocrx_word' id='word_1_550' title='bbox 1962 4177 2239 4233; x_wconf 86' lang='lat' dir='ltr'><strong>mandam</strong></span> <span class='ocrx_word' id='word_1_551' title='bbox 2277 4175 2428 4231; x_wconf 90' lang='lat' dir='ltr'><strong>inter</strong></span> <span class='ocrx_word' id='word_1_552' title='bbox 2486 4175 2647 4248; x_wconf 88' lang='lat' dir='ltr'><strong>ipsos</strong></span> <span class='ocrx_word' id='word_1_553' title='bbox 2698 4176 3068 4233; x_wconf 89' lang='lat' dir='ltr'><strong>concordiam</strong></span> <span class='ocrx_word' id='word_1_554' title='bbox 3125 4193 3261 4234; x_wconf 89' lang='lat' dir='ltr'><strong>cum</strong></span> <span class='ocrx_word' id='word_1_555' title='bbox 3320 4177 3610 4253; x_wconf 83' lang='lat' dir='ltr'><strong>religiosis</strong></span> 
     </span>
    </p>
   </div>
   <div class='ocr_carea' id='block_1_89' title="bbox 1961 4252 3612 4342">
    <p class='ocr_par' dir='ltr' id='par_1_89' title="bbox 1961 4252 3612 4342">
     <span class='ocr_line' id='line_1_89' title="bbox 1961 4252 3612 4342; baseline 0.003 -21"><span class='ocrx_word' id='word_1_556' title='bbox 1961 4266 2152 4322; x_wconf 90' lang='lat' dir='ltr'><strong>adhuc</strong></span> <span class='ocrx_word' id='word_1_557' title='bbox 2183 4264 2470 4337; x_wconf 88' lang='lat' dir='ltr'><strong>invigiles.</strong></span> <span class='ocrx_word' id='word_1_558' title='bbox 2497 4264 2659 4328; x_wconf 88' lang='lat' dir='ltr'><strong>Quod</strong></span> <span class='ocrx_word' id='word_1_559' title='bbox 2690 4252 2944 4321; x_wconf 75' lang='lat' dir='ltr'><strong>simodo</strong></span> <span class='ocrx_word' id='word_1_560' title='bbox 2974 4266 3211 4324; x_wconf 90' lang='lat' dir='ltr'><strong>obedire</strong></span> <span class='ocrx_word' id='word_1_561' title='bbox 3227 4252 3612 4342; x_wconf 86' lang='lat' dir='ltr'><strong>comtempse-</strong></span> 
     </span>
    </p>
   </div>
   <div class='ocr_carea' id='block_1_90' title="bbox 1960 4353 3607 4431">
    <p class='ocr_par' dir='ltr' id='par_1_90' title="bbox 1960 4353 3607 4431">
     <span class='ocr_line' id='line_1_90' title="bbox 1960 4353 3607 4431; baseline 0.004 -21"><span class='ocrx_word' id='word_1_562' title='bbox 1960 4356 2102 4425; x_wconf 90' lang='lat' dir='ltr'><strong>rint,</strong></span> <span class='ocrx_word' id='word_1_563' title='bbox 2132 4358 2190 4411; x_wconf 88' lang='lat' dir='ltr'><strong>et</strong></span> <span class='ocrx_word' id='word_1_564' title='bbox 2247 4360 2377 4426; x_wconf 91' lang='lat' dir='ltr'><strong>post</strong></span> <span class='ocrx_word' id='word_1_565' title='bbox 2434 4357 2770 4410; x_wconf 88' lang='lat' dir='ltr'><strong>nostrarum</strong></span> <span class='ocrx_word' id='word_1_566' title='bbox 2819 4353 3149 4413; x_wconf 89' lang='lat' dir='ltr'><strong>litterarum</strong></span> <span class='ocrx_word' id='word_1_567' title='bbox 3209 4358 3607 4431; x_wconf 88' lang='lat' dir='ltr'><strong>acceptionem</strong></span> 
     </span>
    </p>
   </div>
   <div class='ocr_carea' id='block_1_91' title="bbox 1961 4442 3610 4518">
    <p class='ocr_par' dir='ltr' id='par_1_91' title="bbox 1961 4442 3610 4518">
     <span class='ocr_line' id='line_1_91' title="bbox 1961 4442 3610 4518; baseline 0.003 -19"><span class='ocrx_word' id='word_1_568' title='bbox 1961 4444 2113 4499; x_wconf 85' lang='lat' dir='ltr'><strong>infra</strong></span> <span class='ocrx_word' id='word_1_569' title='bbox 2140 4443 2265 4499; x_wconf 90' lang='lat' dir='ltr'><strong>dies</strong></span> <span class='ocrx_word' id='word_1_570' title='bbox 2295 4460 2407 4497; x_wconf 88' lang='lat' dir='ltr'><strong>xxx</strong></span> <span class='ocrx_word' id='word_1_571' title='bbox 2436 4442 2789 4498; x_wconf 89' lang='lat' dir='ltr'><strong>monachum</strong></span> <span class='ocrx_word' id='word_1_572' title='bbox 2820 4443 2988 4500; x_wconf 91' lang='lat' dir='ltr'><strong>illum</strong></span> <span class='ocrx_word' id='word_1_573' title='bbox 3020 4461 3123 4517; x_wconf 89' lang='lat' dir='ltr'><strong>pro</strong></span> <span class='ocrx_word' id='word_1_574' title='bbox 3164 4462 3280 4518; x_wconf 92' lang='lat' dir='ltr'><strong>quo</strong></span> <span class='ocrx_word' id='word_1_575' title='bbox 3326 4445 3482 4503; x_wconf 90' lang='lat' dir='ltr'><strong>inter</strong></span> <span class='ocrx_word' id='word_1_576' title='bbox 3510 4463 3610 4504; x_wconf 90' lang='lat' dir='ltr'><strong>eos</strong></span> 
     </span>
    </p>
   </div>
   <div class='ocr_carea' id='block_1_92' title="bbox 1958 4531 3609 4607">
    <p class='ocr_par' dir='ltr' id='par_1_92' title="bbox 1958 4531 3609 4607">
     <span class='ocr_line' id='line_1_92' title="bbox 1958 4531 3609 4607; baseline 0.003 -19"><span class='ocrx_word' id='word_1_577' title='bbox 1958 4531 2251 4588; x_wconf 90' lang='lat' dir='ltr'><strong>discordia</strong></span> <span class='ocrx_word' id='word_1_578' title='bbox 2272 4531 2470 4601; x_wconf 89' lang='lat' dir='ltr'><strong>crevit,</strong></span> <span class='ocrx_word' id='word_1_579' title='bbox 2503 4531 2840 4587; x_wconf 82' lang='lat' dir='ltr'><strong>Seat‘useusi</strong></span> <span class='ocrx_word' id='word_1_580' title='bbox 2864 4532 3059 4588; x_wconf 90' lang='lat' dir='ltr'><strong>abbati</strong></span> <span class='ocrx_word' id='word_1_581' title='bbox 3081 4550 3199 4591; x_wconf 92' lang='lat' dir='ltr'><strong>non</strong></span> <span class='ocrx_word' id='word_1_582' title='bbox 3220 4536 3609 4607; x_wconf 89' lang='lat' dir='ltr'><strong>restituerint,</strong></span> 
     </span>
    </p>
   </div>
   <div class='ocr_carea' id='block_1_93' title="bbox 198 4604 1761 4691">
    <p class='ocr_par' dir='ltr' id='par_1_93' title="bbox 198 4604 1761 4680">
     <span class='ocr_line' id='line_1_93' title="bbox 198 4604 1761 4680; baseline -0.003 -17"><span class='ocrx_word' id='word_1_583' title='bbox 198 4607 433 4665; x_wconf 83' lang='lat' dir='ltr'><strong>videtur</strong></span> <span class='ocrx_word' id='word_1_584' title='bbox 471 4606 749 4680; x_wconf 83' lang='lat' dir='ltr'><strong>elogium,</strong></span> <span class='ocrx_word' id='word_1_585' title='bbox 786 4630 814 4657; x_wconf 84' lang='lat'><strong>«</strong></span> <span class='ocrx_word' id='word_1_586' title='bbox 865 4604 1013 4673; x_wconf 86' lang='lat' dir='ltr'><strong>Quid</strong></span> <span class='ocrx_word' id='word_1_587' title='bbox 1044 4604 1310 4678; x_wconf 89' lang='lat' dir='ltr'><strong>superbit</strong></span> <span class='ocrx_word' id='word_1_588' title='bbox 1348 4611 1502 4661; x_wconf 90' lang='lat' dir='ltr'><strong>terra</strong></span> <span class='ocrx_word' id='word_1_589' title='bbox 1531 4608 1589 4660; x_wconf 89' lang='lat' dir='ltr'><strong>et</strong></span> <span class='ocrx_word' id='word_1_590' title='bbox 1616 4605 1761 4660; x_wconf 87' lang='lat' dir='ltr'><strong>cinis</strong></span> 
     </span>
    </p>
   </div>
   <div class='ocr_carea' id='block_1_94' title="bbox 1970 4604 3533 4691">
    <p class='ocr_par' dir='ltr' id='par_1_94' title="bbox 1970 4618 3533 4691">
     <span class='ocr_line' id='line_1_94' title="bbox 1970 4618 3533 4691; baseline 0.002 -12"><span class='ocrx_word' id='word_1_591' title='bbox 1970 4638 2058 4679; x_wconf 70' lang='lat' dir='ltr'><strong>eos</strong></span> <span class='ocrx_word' id='word_1_592' title='bbox 2088 4618 2362 4691; x_wconf 87' lang='lat' dir='ltr'><strong>deinceps</strong></span> <span class='ocrx_word' id='word_1_593' title='bbox 2379 4624 2580 4675; x_wconf 88' lang='lat' dir='ltr'><strong>nostra</strong></span> <span class='ocrx_word' id='word_1_594' title='bbox 2599 4619 2889 4675; x_wconf 89' lang='lat' dir='ltr'><strong>sententia</strong></span> <span class='ocrx_word' id='word_1_595' title='bbox 2918 4621 3146 4679; x_wconf 90' lang='lat' dir='ltr'><strong>noveris</strong></span> <span class='ocrx_word' id='word_1_596' title='bbox 3178 4622 3533 4681; x_wconf 87' lang='lat' dir='ltr'><strong>interdictos.</strong></span> 
     </span>
    </p>
   </div>
   <div class='ocr_carea' id='block_1_95' title="bbox 200 4694 1851 4769">
    <p class='ocr_par' dir='ltr' id='par_1_95' title="bbox 200 4694 1851 4769">
     <span class='ocr_line' id='line_1_95' title="bbox 200 4694 1851 4769; baseline -0.001 -17"><span class='ocrx_word' id='word_1_597' title='bbox 200 4697 342 4769; x_wconf 81' lang='lat' dir='ltr'><strong>quia</strong></span> <span class='ocrx_word' id='word_1_598' title='bbox 371 4697 433 4752; x_wconf 92' lang='lat' dir='ltr'><strong>in</strong></span> <span class='ocrx_word' id='word_1_599' title='bbox 463 4696 580 4754; x_wconf 79' lang='lat' dir='ltr'><strong>vita</strong></span> <span class='ocrx_word' id='word_1_600' title='bbox 606 4711 717 4752; x_wconf 85' lang='lat' dir='ltr'><strong>sua</strong></span> <span class='ocrx_word' id='word_1_601' title='bbox 746 4694 982 4768; x_wconf 85' lang='lat' dir='ltr'><strong>projicit</strong></span> <span class='ocrx_word' id='word_1_602' title='bbox 1036 4694 1243 4749; x_wconf 88' lang='lat' dir='ltr'><strong>intima</strong></span> <span class='ocrx_word' id='word_1_603' title='bbox 1296 4711 1424 4749; x_wconf 88' lang='lat' dir='ltr'><strong>sua.</strong></span> <span class='ocrx_word' id='word_1_604' title='bbox 1474 4694 1592 4765; x_wconf 88' lang='lat' dir='ltr'><strong>Ipsi</strong></span> <span class='ocrx_word' id='word_1_605' title='bbox 1633 4695 1851 4767; x_wconf 90' lang='lat' dir='ltr'><strong>quippe</strong></span> 
     </span>
    </p>
   </div>
   <div class='ocr_carea' id='block_1_96' title="bbox 198 4783 1850 4858">
    <p class='ocr_par' dir='ltr' id='par_1_96' title="bbox 198 4783 1850 4858">
     <span class='ocr_line' id='line_1_96' title="bbox 198 4783 1850 4858; baseline -0.003 -16"><span class='ocrx_word' id='word_1_606' title='bbox 198 4800 348 4858; x_wconf 81' lang='lat' dir='ltr'><strong>quos</strong></span> <span class='ocrx_word' id='word_1_607' title='bbox 378 4786 619 4842; x_wconf 87' lang='lat' dir='ltr'><strong>intimos</strong></span> <span class='ocrx_word' id='word_1_608' title='bbox 649 4785 956 4851; x_wconf 89' lang='lat' dir='ltr'><strong>habuerat,</strong></span> <span class='ocrx_word' id='word_1_609' title='bbox 999 4798 1147 4856; x_wconf 89' lang='lat' dir='ltr'><strong>quos</strong></span> <span class='ocrx_word' id='word_1_610' title='bbox 1177 4788 1459 4854; x_wconf 89' lang='lat' dir='ltr'><strong>tanquam</strong></span> <span class='ocrx_word' id='word_1_611' title='bbox 1492 4799 1600 4838; x_wconf 90' lang='lat' dir='ltr'><strong>sua</strong></span> <span class='ocrx_word' id='word_1_612' title='bbox 1631 4783 1850 4838; x_wconf 85' lang='lat' dir='ltr'><strong>viscera</strong></span> 
     </span>
    </p>
   </div>
   <div class='ocr_carea' id='block_1_97' title="bbox 2030 4708 3391 4780">
    <p class='ocr_par' dir='ltr' id='par_1_97' title="bbox 2030 4708 3391 4780">
     <span class='ocr_line' id='line_1_97' title="bbox 2030 4708 3391 4780; baseline 0.001 -14"><span class='ocrx_word' id='word_1_613' title='bbox 2030 4711 2176 4766; x_wconf 88' lang='lat' dir='ltr'><strong>Data</strong></span> <span class='ocrx_word' id='word_1_614' title='bbox 2202 4725 2281 4764; x_wconf 81' lang='lat' dir='ltr'><strong>v11</strong></span> <span class='ocrx_word' id='word_1_615' title='bbox 2314 4708 2394 4763; x_wconf 88' lang='lat' dir='ltr'><strong>Id.</strong></span> <span class='ocrx_word' id='word_1_616' title='bbox 2427 4710 2573 4780; x_wconf 88' lang='lat' dir='ltr'><strong>Aug.</strong></span> <span class='ocrx_word' id='word_1_617' title='bbox 2617 4708 2769 4779; x_wconf 89' lang='lat' dir='ltr'><strong>apud</strong></span> <span class='ocrx_word' id='word_1_618' title='bbox 2803 4709 3016 4764; x_wconf 90' lang='lat' dir='ltr'><strong>Forum</strong></span> <span class='ocrx_word' id='word_1_619' title='bbox 3046 4708 3391 4768; x_wconf 87' lang='lat' dir='ltr'><strong>Cholcherii.</strong></span> 
     </span>
    </p>
   </div>
   <div class='ocr_carea' id='block_1_98' title="bbox 2691 4796 2872 4851">
    <p class='ocr_par' dir='ltr' id='par_1_98' title="bbox 2691 4796 2872 4851">
     <span class='ocr_line' id='line_1_98' title="bbox 2691 4796 2872 4851; baseline 0 0"><span class='ocrx_word' id='word_1_620' title='bbox 2691 4796 2872 4851; x_wconf 85' lang='lat' dir='ltr'><strong>CCIX.</strong></span> 
     </span>
    </p>
   </div>
   <div class='ocr_carea' id='block_1_99' title="bbox 196 4871 3603 4962">
    <p class='ocr_par' dir='ltr' id='par_1_99' title="bbox 196 4871 3603 4962">
     <span class='ocr_line' id='line_1_99' title="bbox 196 4871 3603 4962; baseline 0.002 -31"><span class='ocrx_word' id='word_1_621' title='bbox 196 4874 499 4948; x_wconf 86' lang='lat' dir='ltr'><strong>diligebat,</strong></span> <span class='ocrx_word' id='word_1_622' title='bbox 533 4892 648 4932; x_wconf 87' lang='lat' dir='ltr'><strong>non</strong></span> <span class='ocrx_word' id='word_1_623' title='bbox 686 4879 917 4931; x_wconf 87' lang='lat' dir='ltr'><strong>tantum</strong></span> <span class='ocrx_word' id='word_1_624' title='bbox 964 4871 1301 4962; x_wconf 85' lang='lat' dir='ltr'><strong>familiares,</strong></span> <span class='ocrx_word' id='word_1_625' title='bbox 1357 4872 1459 4928; x_wconf 90' lang='lat' dir='ltr'><strong>sed</strong></span> <span class='ocrx_word' id='word_1_626' title='bbox 1508 4872 1633 4945; x_wconf 90' lang='lat' dir='ltr'><strong>ipse</strong></span> <span class='ocrx_word' id='word_1_627' title='bbox 1662 4872 1841 4962; x_wconf 83' lang='lat' dir='ltr'><strong>etiam</strong></span> <span class='ocrx_word' id='word_1_628' title='bbox 1951 4888 2205 4961; x_wconf 58' lang='lat' dir='ltr'><strong>Ejusdem</strong></span> <span class='ocrx_word' id='word_1_629' title='bbox 2231 4901 2393 4960; x_wconf 65' lang='grc' dir='ltr'><em>ραρεε</em></span> <span class='ocrx_word' id='word_1_630' title='bbox 2410 4884 3238 4962; x_wconf 33' lang='grc' dir='ltr'><strong>ερὼροια-αά-Οάαινίεαγηλδθα</strong></span> <span class='ocrx_word' id='word_1_631' title='bbox 3266 4888 3603 4962; x_wconf 58' lang='lat' dir='ltr'><strong>(matricum,</strong></span> 
     </span>
    </p>
   </div>
   <div class='ocr_carea' id='block_1_100' title="bbox 195 4961 1842 5039">
    <p class='ocr_par' dir='ltr' id='par_1_100' title="bbox 195 4961 1842 5039">
     <span class='ocr_line' id='line_1_100' title="bbox 195 4961 1842 5039; baseline -0.002 -19"><span class='ocrx_word' id='word_1_632' title='bbox 195 4964 379 5031; x_wconf 72' lang='lat' dir='ltr'><strong>ﬁlius,</strong></span> <span class='ocrx_word' id='word_1_633' title='bbox 410 4974 519 5039; x_wconf 78' lang='lat' dir='ltr'><strong>pro</strong></span> <span class='ocrx_word' id='word_1_634' title='bbox 554 4962 680 5020; x_wconf 87' lang='lat' dir='ltr'><strong>suis</strong></span> <span class='ocrx_word' id='word_1_635' title='bbox 708 4979 844 5019; x_wconf 90' lang='lat' dir='ltr'><strong>eum</strong></span> <span class='ocrx_word' id='word_1_636' title='bbox 867 4961 1405 5018; x_wconf 86' lang='lat' dir='ltr'><strong>abominationibus</strong></span> <span class='ocrx_word' id='word_1_637' title='bbox 1434 4961 1738 5029; x_wconf 85' lang='lat' dir='ltr'><strong>exsecrati,</strong></span> <span class='ocrx_word' id='word_1_638' title='bbox 1771 4962 1842 5018; x_wconf 90' lang='lat' dir='ltr'><strong>ab</strong></span> 
     </span>
    </p>
   </div>
   <div class='ocr_carea' id='block_1_101' title="bbox 194 5049 1841 5126">
    <p class='ocr_par' dir='ltr' id='par_1_101' title="bbox 194 5049 1841 5126">
     <span class='ocr_line' id='line_1_101' title="bbox 194 5049 1841 5126; baseline -0.001 -17"><span class='ocrx_word' id='word_1_639' title='bbox 194 5054 326 5126; x_wconf 88' lang='lat' dir='ltr'><strong>ejus</strong></span> <span class='ocrx_word' id='word_1_640' title='bbox 341 5068 407 5109; x_wconf 88' lang='lat' dir='ltr'><strong>se</strong></span> <span class='ocrx_word' id='word_1_641' title='bbox 427 5052 718 5109; x_wconf 82' lang='lat' dir='ltr'><strong>consortio</strong></span> <span class='ocrx_word' id='word_1_642' title='bbox 758 5054 1222 5125; x_wconf 85' lang='lat' dir='ltr'><strong>sequestrarunt.</strong></span> <span class='ocrx_word' id='word_1_643' title='bbox 1252 5050 1383 5105; x_wconf 86' lang='lat' dir='ltr'><strong>Jam</strong></span> <span class='ocrx_word' id='word_1_644' title='bbox 1416 5067 1518 5121; x_wconf 89' lang='lat' dir='ltr'><strong>per</strong></span> <span class='ocrx_word' id='word_1_645' title='bbox 1546 5049 1646 5105; x_wconf 90' lang='lat' dir='ltr'><strong>Dei</strong></span> <span class='ocrx_word' id='word_1_646' title='bbox 1670 5052 1841 5107; x_wconf 90' lang='lat' dir='ltr'><strong>mise—</strong></span> 
     </span>
    </p>
   </div>
   <div class='ocr_carea' id='block_1_102' title="bbox 194 5137 1845 5214">
    <p class='ocr_par' dir='ltr' id='par_1_102' title="bbox 194 5137 1845 5214">
     <span class='ocr_line' id='line_1_102' title="bbox 194 5137 1845 5214; baseline -0.001 -15"><span class='ocrx_word' id='word_1_647' title='bbox 194 5141 512 5199; x_wconf 78' lang='lat' dir='ltr'><strong>ricordiam</strong></span> <span class='ocrx_word' id='word_1_648' title='bbox 538 5142 911 5214; x_wconf 81' lang='lat' dir='ltr'><strong>etjudicium</strong></span> <span class='ocrx_word' id='word_1_649' title='bbox 950 5138 1332 5213; x_wconf 85' lang='lat' dir='ltr'><strong>principalem</strong></span> <span class='ocrx_word' id='word_1_650' title='bbox 1362 5137 1525 5195; x_wconf 90' lang='lat' dir='ltr'><strong>illam</strong></span> <span class='ocrx_word' id='word_1_651' title='bbox 1556 5141 1718 5213; x_wconf 88' lang='lat' dir='ltr'><strong>regni</strong></span> <span class='ocrx_word' id='word_1_652' title='bbox 1751 5140 1845 5197; x_wconf 91' lang='lat' dir='ltr'><strong>sui</strong></span> 
     </span>
    </p>
   </div>
   <div class='ocr_carea' id='block_1_103' title="bbox 194 5228 1842 5304">
    <p class='ocr_par' dir='ltr' id='par_1_103' title="bbox 194 5228 1842 5304">
     <span class='ocr_line' id='line_1_103' title="bbox 194 5228 1842 5304; baseline -0.002 -15"><span class='ocrx_word' id='word_1_653' title='bbox 194 5235 424 5304; x_wconf 77' lang='lat' dir='ltr'><strong>partem</strong></span> <span class='ocrx_word' id='word_1_654' title='bbox 450 5246 554 5304; x_wconf 87' lang='lat' dir='ltr'><strong>per</strong></span> <span class='ocrx_word' id='word_1_655' title='bbox 573 5246 751 5303; x_wconf 81' lang='lat' dir='ltr'><strong>quam</strong></span> <span class='ocrx_word' id='word_1_656' title='bbox 770 5230 1043 5291; x_wconf 79' lang='lat' dir='ltr'><strong>Romanae</strong></span> <span class='ocrx_word' id='word_1_657' title='bbox 1063 5229 1327 5286; x_wconf 70' lang='lat' dir='ltr'><strong>Ecclesiae</strong></span> <span class='ocrx_word' id='word_1_658' title='bbox 1349 5228 1667 5284; x_wconf 87' lang='lat' dir='ltr'><strong>incubabat</strong></span> <span class='ocrx_word' id='word_1_659' title='bbox 1698 5230 1842 5286; x_wconf 89' lang='lat' dir='ltr'><strong>ami-</strong></span> 
     </span>
    </p>
   </div>
   <div class='ocr_carea' id='block_1_104' title="bbox 194 5316 1844 5391">
    <p class='ocr_par' dir='ltr' id='par_1_104' title="bbox 194 5316 1844 5391">
     <span class='ocr_line' id='line_1_104' title="bbox 194 5316 1844 5391; baseline -0.001 -14"><span class='ocrx_word' id='word_1_660' title='bbox 194 5321 294 5378; x_wconf 85' lang='lat' dir='ltr'><strong>sit.</strong></span> <span class='ocrx_word' id='word_1_661' title='bbox 323 5320 484 5378; x_wconf 84' lang='lat' dir='ltr'><strong>Inter</strong></span> <span class='ocrx_word' id='word_1_662' title='bbox 537 5319 646 5377; x_wconf 79' lang='lat' dir='ltr'><strong>has</strong></span> <span class='ocrx_word' id='word_1_663' title='bbox 703 5318 1003 5376; x_wconf 62' lang='lat' dir='ltr'><strong>diabolica</strong></span> <span class='ocrx_word' id='word_1_664' title='bbox 1059 5316 1482 5391; x_wconf 80' lang='lat' dir='ltr'><strong>persecutionis</strong></span> <span class='ocrx_word' id='word_1_665' title='bbox 1538 5318 1844 5390; x_wconf 88' lang='lat' dir='ltr'><strong>procellas,</strong></span> 
     </span>
    </p>
   </div>
   <div class='ocr_carea' id='block_1_105' title="bbox 187 5405 1843 5483">
    <p class='ocr_par' dir='ltr' id='par_1_105' title="bbox 187 5405 1843 5483">
     <span class='ocr_line' id='line_1_105' title="bbox 187 5405 1843 5483; baseline -0.001 -17"><span class='ocrx_word' id='word_1_666' title='bbox 187 5409 318 5481; x_wconf 78' lang='lat' dir='ltr'><strong>jam</strong></span> <span class='ocrx_word' id='word_1_667' title='bbox 334 5409 436 5465; x_wconf 85' lang='lat' dir='ltr'><strong>diu</strong></span> <span class='ocrx_word' id='word_1_668' title='bbox 454 5423 702 5483; x_wconf 80' lang='lat' dir='ltr'><strong>regnum</strong></span> <span class='ocrx_word' id='word_1_669' title='bbox 734 5413 906 5466; x_wconf 83' lang='lat' dir='ltr'><strong>tuum</strong></span> <span class='ocrx_word' id='word_1_670' title='bbox 938 5409 1013 5465; x_wconf 88' lang='lat' dir='ltr'><strong>ab</strong></span> <span class='ocrx_word' id='word_1_671' title='bbox 1037 5407 1365 5481; x_wconf 68' lang='lat' dir='ltr'><strong>apostolicis</strong></span> <span class='ocrx_word' id='word_1_672' title='bbox 1387 5405 1543 5463; x_wconf 88' lang='lat' dir='ltr'><strong>sedis</strong></span> <span class='ocrx_word' id='word_1_673' title='bbox 1573 5407 1843 5464; x_wconf 88' lang='lat' dir='ltr'><strong>obedien-</strong></span> 
     </span>
    </p>
   </div>
   <div class='ocr_carea' id='block_1_106' title="bbox 191 5494 1848 5570">
    <p class='ocr_par' dir='ltr' id='par_1_106' title="bbox 191 5494 1848 5570">
     <span class='ocr_line' id='line_1_106' title="bbox 191 5494 1848 5570; baseline 0 -17"><span class='ocrx_word' id='word_1_674' title='bbox 191 5498 552 5565; x_wconf 78' lang='lat' dir='ltr'><strong>tiadaecivit,</strong></span> <span class='ocrx_word' id='word_1_675' title='bbox 584 5502 641 5553; x_wconf 89' lang='lat' dir='ltr'><strong>et</strong></span> <span class='ocrx_word' id='word_1_676' title='bbox 651 5497 864 5555; x_wconf 76' lang='lat' dir='ltr'><strong>erroris</strong></span> <span class='ocrx_word' id='word_1_677' title='bbox 877 5498 1056 5570; x_wconf 86' lang='lat' dir='ltr'><strong>hujus</strong></span> <span class='ocrx_word' id='word_1_678' title='bbox 1077 5496 1441 5570; x_wconf 86' lang='lat' dir='ltr'><strong>principibus</strong></span> <span class='ocrx_word' id='word_1_679' title='bbox 1458 5494 1848 5565; x_wconf 87' lang='lat' dir='ltr'><strong>administris,</strong></span> 
     </span>
    </p>
   </div>
   <div class='ocr_carea' id='block_1_107' title="bbox 194 5586 1846 5660">
    <p class='ocr_par' dir='ltr' id='par_1_107' title="bbox 194 5586 1846 5660">
     <span class='ocr_line' id='line_1_107' title="bbox 194 5586 1846 5660; baseline 0 -17"><span class='ocrx_word' id='word_1_680' title='bbox 194 5587 462 5646; x_wconf 87' lang='lat' dir='ltr'><strong>deditum</strong></span> <span class='ocrx_word' id='word_1_681' title='bbox 494 5603 597 5660; x_wconf 87' lang='lat' dir='ltr'><strong>per</strong></span> <span class='ocrx_word' id='word_1_682' title='bbox 620 5586 843 5645; x_wconf 78' lang='lat' dir='ltr'><strong>latioris</strong></span> <span class='ocrx_word' id='word_1_683' title='bbox 894 5587 999 5643; x_wconf 68' lang='lat' dir='ltr'><strong>vim</strong></span> <span class='ocrx_word' id='word_1_684' title='bbox 1028 5586 1195 5643; x_wconf 90' lang='lat' dir='ltr'><strong>devia</strong></span> <span class='ocrx_word' id='word_1_685' title='bbox 1242 5586 1550 5643; x_wconf 88' lang='lat' dir='ltr'><strong>seductum</strong></span> <span class='ocrx_word' id='word_1_686' title='bbox 1590 5588 1699 5642; x_wconf 90' lang='lat' dir='ltr'><strong>est.</strong></span> <span class='ocrx_word' id='word_1_687' title='bbox 1731 5587 1846 5643; x_wconf 88' lang='lat' dir='ltr'><strong>Nec</strong></span> 
     </span>
    </p>
   </div>
   <div class='ocr_carea' id='block_1_108' title="bbox 194 5674 1848 5757">
    <p class='ocr_par' dir='ltr' id='par_1_108' title="bbox 194 5674 1848 5757">
     <span class='ocr_line' id='line_1_108' title="bbox 194 5674 1848 5757; baseline -0.001 -20"><span class='ocrx_word' id='word_1_688' title='bbox 194 5677 434 5738; x_wconf 77' lang='lat' dir='ltr'><strong>tandem</strong></span> <span class='ocrx_word' id='word_1_689' title='bbox 453 5676 527 5738; x_wconf 85' lang='lat' dir='ltr'><strong>ad</strong></span> <span class='ocrx_word' id='word_1_690' title='bbox 549 5676 681 5757; x_wconf 84' lang='lat' dir='ltr'><strong>ejus</strong></span> <span class='ocrx_word' id='word_1_691' title='bbox 696 5675 897 5755; x_wconf 86' lang='lat' dir='ltr'><strong>populi</strong></span> <span class='ocrx_word' id='word_1_692' title='bbox 918 5674 1183 5738; x_wconf 81' lang='lat' dir='ltr'><strong>velamen</strong></span> <span class='ocrx_word' id='word_1_693' title='bbox 1213 5674 1615 5748; x_wconf 83' lang='lat' dir='ltr'><strong>auferendum,</strong></span> <span class='ocrx_word' id='word_1_694' title='bbox 1649 5689 1848 5751; x_wconf 73' lang='lat' dir='ltr'><strong>perso~</strong></span> 
     </span>
    </p>
   </div>
   <div class='ocr_carea' id='block_1_109' title="bbox 2052 4956 3496 5033">
    <p class='ocr_par' dir='ltr' id='par_1_109' title="bbox 2052 4956 3496 5033">
     <span class='ocr_line' id='line_1_109' title="bbox 2052 4956 3496 5033; baseline -0.006 -19"><span class='ocrx_word' id='word_1_695' title='bbox 2052 4956 2412 5033; x_wconf 70' lang='lat' dir='ltr'><strong>praepositum</strong></span> <span class='ocrx_word' id='word_1_696' title='bbox 2436 4956 2979 5014; x_wconf 72' lang='lat' dir='ltr'><strong>Reitenbuchensem.</strong></span> <span class='ocrx_word' id='word_1_697' title='bbox 3014 4991 3079 5000; x_wconf 93' lang='lat'><strong><em>—</em></strong></span> <span class='ocrx_word' id='word_1_698' title='bbox 3108 4961 3182 5017; x_wconf 78' lang='lat' dir='ltr'><strong>De</strong></span> <span class='ocrx_word' id='word_1_699' title='bbox 3201 4960 3388 5018; x_wconf 77' lang='lat' dir='ltr'><strong>eadem</strong></span> <span class='ocrx_word' id='word_1_700' title='bbox 3416 4978 3496 5020; x_wconf 73' lang='grc' dir='ltr'><em>νε,</em></span> 
     </span>
    </p>
   </div>
   <div class='ocr_carea' id='block_1_110' title="bbox 2569 5046 2983 5119">
    <p class='ocr_par' dir='ltr' id='par_1_110' title="bbox 2569 5046 2983 5119">
     <span class='ocr_line' id='line_1_110' title="bbox 2569 5046 2983 5119; baseline 0.005 -19"><span class='ocrx_word' id='word_1_701' title='bbox 2569 5046 2756 5119; x_wconf 88' lang='lat' dir='ltr'><strong>(Anno</strong></span> <span class='ocrx_word' id='word_1_702' title='bbox 2802 5048 2983 5119; x_wconf 86' lang='grc'><strong>1096.)</strong></span> 
     </span>
    </p>
   </div>
   <div class='ocr_carea' id='block_1_111' title="bbox 2374 5136 3178 5210">
    <p class='ocr_par' dir='ltr' id='par_1_111' title="bbox 2374 5136 3178 5210">
     <span class='ocr_line' id='line_1_111' title="bbox 2374 5136 3178 5210; baseline 0.004 -19"><span class='ocrx_word' id='word_1_703' title='bbox 2374 5136 2524 5208; x_wconf 78' lang='lat' dir='ltr'><strong>[Psz,</strong></span> <span class='ocrx_word' id='word_1_704' title='bbox 2555 5137 2652 5192; x_wconf 77' lang='lat' dir='ltr'><strong>ubi</strong></span> <span class='ocrx_word' id='word_1_705' title='bbox 2693 5153 2879 5209; x_wconf 87' lang='lat' dir='ltr'><strong>supra,</strong></span> <span class='ocrx_word' id='word_1_706' title='bbox 2920 5153 2978 5210; x_wconf 90' lang='lat' dir='ltr'><strong>p.</strong></span> <span class='ocrx_word' id='word_1_707' title='bbox 3033 5138 3178 5206; x_wconf 90' lang='lat'><strong>298.]</strong></span> 
     </span>
    </p>
   </div>
   <div class='ocr_carea' id='block_1_112' title="bbox 2025 5226 3603 5298">
    <p class='ocr_par' dir='ltr' id='par_1_112' title="bbox 2025 5226 3603 5298">
     <span class='ocr_line' id='line_1_112' title="bbox 2025 5226 3603 5298; baseline 0.002 -14"><span class='ocrx_word' id='word_1_708' title='bbox 2025 5227 2299 5285; x_wconf 65' lang='lat' dir='ltr'><strong>Uasmus</strong></span> <span class='ocrx_word' id='word_1_709' title='bbox 2320 5226 2650 5298; x_wconf 88' lang='lat' dir='ltr'><strong>episcopus,</strong></span> <span class='ocrx_word' id='word_1_710' title='bbox 2679 5242 2885 5282; x_wconf 84' lang='lat' dir='ltr'><strong>servus</strong></span> <span class='ocrx_word' id='word_1_711' title='bbox 2908 5242 3206 5284; x_wconf 89' lang='lat' dir='ltr'><strong>servorum</strong></span> <span class='ocrx_word' id='word_1_712' title='bbox 3219 5228 3341 5297; x_wconf 91' lang='lat' dir='ltr'><strong>Dei,</strong></span> <span class='ocrx_word' id='word_1_713' title='bbox 3374 5229 3603 5288; x_wconf 83' lang='lat' dir='ltr'><strong>dilectis</strong></span> 
     </span>
    </p>
   </div>
   <div class='ocr_carea' id='block_1_113' title="bbox 1953 5314 3602 5390">
    <p class='ocr_par' dir='ltr' id='par_1_113' title="bbox 1953 5314 3602 5390">
     <span class='ocr_line' id='line_1_113' title="bbox 1953 5314 3602 5390; baseline 0.001 -15"><span class='ocrx_word' id='word_1_714' title='bbox 1953 5318 2093 5375; x_wconf 84' lang='lat' dir='ltr'><strong>filiis</strong></span> <span class='ocrx_word' id='word_1_715' title='bbox 2121 5316 2186 5373; x_wconf 90' lang='grc' dir='ltr'><strong>Ο.</strong></span> <span class='ocrx_word' id='word_1_716' title='bbox 2220 5314 2552 5388; x_wconf 69' lang='lat' dir='ltr'><strong>praeposito,</strong></span> <span class='ocrx_word' id='word_1_717' title='bbox 2585 5315 2658 5370; x_wconf 86' lang='grc' dir='ltr'><strong>Μ.</strong></span> <span class='ocrx_word' id='word_1_718' title='bbox 2713 5316 2931 5372; x_wconf 89' lang='lat' dir='ltr'><strong>decano</strong></span> <span class='ocrx_word' id='word_1_719' title='bbox 2980 5316 3602 5390; x_wconf 85' lang='lat' dir='ltr'><strong>Reitenbuchensium,</strong></span> 
     </span>
    </p>
   </div>
   <div class='ocr_carea' id='block_1_114' title="bbox 1955 5402 3208 5476">
    <p class='ocr_par' dir='ltr' id='par_1_114' title="bbox 1955 5402 3208 5476">
     <span class='ocr_line' id='line_1_114' title="bbox 1955 5402 3208 5476; baseline 0.001 -12"><span class='ocrx_word' id='word_1_720' title='bbox 1955 5406 2202 5464; x_wconf 74' lang='lat' dir='ltr'><strong>salutem</strong></span> <span class='ocrx_word' id='word_1_721' title='bbox 2233 5410 2290 5461; x_wconf 91' lang='lat' dir='ltr'><strong>et</strong></span> <span class='ocrx_word' id='word_1_722' title='bbox 2318 5402 2697 5476; x_wconf 87' lang='lat' dir='ltr'><strong>apostolicam</strong></span> <span class='ocrx_word' id='word_1_723' title='bbox 2717 5405 3208 5465; x_wconf 89' lang='lat' dir='ltr'><strong>benedictionem.</strong></span> 
     </span>
    </p>
   </div>
   <div class='ocr_carea' id='block_1_115' title="bbox 2023 5491 3602 5554">
    <p class='ocr_par' dir='ltr' id='par_1_115' title="bbox 2023 5491 3602 5554">
     <span class='ocr_line' id='line_1_115' title="bbox 2023 5491 3602 5554; baseline 0.001 -2"><span class='ocrx_word' id='word_1_724' title='bbox 2023 5493 2384 5552; x_wconf 87' lang='lat' dir='ltr'><strong>Jamdudum</strong></span> <span class='ocrx_word' id='word_1_725' title='bbox 2415 5491 2783 5549; x_wconf 87' lang='lat' dir='ltr'><strong>dilectionem</strong></span> <span class='ocrx_word' id='word_1_726' title='bbox 2806 5500 3059 5552; x_wconf 89' lang='lat' dir='ltr'><strong>vestram</strong></span> <span class='ocrx_word' id='word_1_727' title='bbox 3077 5496 3276 5554; x_wconf 89' lang='lat' dir='ltr'><strong>missis</strong></span> <span class='ocrx_word' id='word_1_728' title='bbox 3304 5512 3372 5552; x_wconf 92' lang='lat' dir='ltr'><strong>ac</strong></span> <span class='ocrx_word' id='word_1_729' title='bbox 3400 5494 3602 5553; x_wconf 87' lang='lat' dir='ltr'><strong>remis-</strong></span> 
     </span>
    </p>
   </div>
   <div class='ocr_carea' id='block_1_116' title="bbox 1955 5580 3599 5658">
    <p class='ocr_par' dir='ltr' id='par_1_116' title="bbox 1955 5580 3599 5658">
     <span class='ocr_line' id='line_1_116' title="bbox 1955 5580 3599 5658; baseline -0.001 -16"><span class='ocrx_word' id='word_1_730' title='bbox 1955 5585 2038 5642; x_wconf 91' lang='lat' dir='ltr'><strong>sis</strong></span> <span class='ocrx_word' id='word_1_731' title='bbox 2065 5583 2273 5640; x_wconf 85' lang='lat' dir='ltr'><strong>litteris</strong></span> <span class='ocrx_word' id='word_1_732' title='bbox 2303 5580 2586 5638; x_wconf 87' lang='lat' dir='ltr'><strong>exhortati</strong></span> <span class='ocrx_word' id='word_1_733' title='bbox 2616 5598 2824 5639; x_wconf 90' lang='lat' dir='ltr'><strong>sumus</strong></span> <span class='ocrx_word' id='word_1_734' title='bbox 2856 5585 3440 5655; x_wconf 85' lang='lat' dir='ltr'><strong>exhortationibus,et</strong></span> <span class='ocrx_word' id='word_1_735' title='bbox 3467 5601 3599 5658; x_wconf 82' lang='lat' dir='ltr'><strong>pre-</strong></span> 
     </span>
    </p>
   </div>
   <div class='ocr_carea' id='block_1_117' title="bbox 1957 5671 3599 5749">
    <p class='ocr_par' dir='ltr' id='par_1_117' title="bbox 1957 5671 3599 5749">
     <span class='ocr_line' id='line_1_117' title="bbox 1957 5671 3599 5749; baseline 0.002 -14"><span class='ocrx_word' id='word_1_736' title='bbox 1957 5690 2053 5735; x_wconf 82' lang='lat' dir='ltr'><strong>eos</strong></span> <span class='ocrx_word' id='word_1_737' title='bbox 2081 5671 2426 5749; x_wconf 80' lang='lat' dir='ltr'><strong>adjecimus,</strong></span> <span class='ocrx_word' id='word_1_738' title='bbox 2482 5674 2550 5731; x_wconf 90' lang='lat' dir='ltr'><strong>ut</strong></span> <span class='ocrx_word' id='word_1_739' title='bbox 2604 5687 2741 5733; x_wconf 88' lang='lat' dir='ltr'><strong>cum</strong></span> <span class='ocrx_word' id='word_1_740' title='bbox 2791 5674 3106 5735; x_wconf 85' lang='lat' dir='ltr'><strong>venerabili</strong></span> <span class='ocrx_word' id='word_1_741' title='bbox 3157 5672 3599 5739; x_wconf 70' lang='lat' dir='ltr'><strong>Scarussnsium</strong></span> 
     </span>
    </p>
   </div>
  </div>
