3958 6394
331 395 454 465 483

1635 392 1704 452 Β.
1750 387 2044 452 URBANI
2089 388 2142 449 ΙΙ
2184 388 2440 452 ΡΑΡΕ.

3531 363 3755 445 ‘48s

333 529 542 585 abbate
582 525 668 582 vel
720 525 1168 599 congregatione
1195 525 1251 580 in
1280 541 1479 596 pacem
1503 524 1786 593 integram
1827 523 1972 576 rcdi—
2007 525 2057 587 Α
2089 539 2284 578 amore
2315 523 2662 586 corroboret,
2697 527 2752 578 et
2783 522 2856 577 ab
2888 521 3174 579 universis
3207 520 3458 593 peccatis
3497 523 3555 575 et
3583 534 3762 574 erro--

333 615 496 683 retis,
529 615 797 670 restituto
847 613 930 670 eis
979 615 1154 668 fratre
1197 629 1369 684 quem
1395 630 1462 666 ex
1491 629 1692 667 eorum
1725 610 1980 666 claustro

333 703 555 760 dolosis
583 701 1176 758 circumventionibus
1235 699 1539 756 eduxistis.
1599 699 1716 754 Vos
1759 704 1979 764 autem,

333 793 492 866 quod
517 791 854 864 religionem
892 794 1139 845 vestram
1179 787 1420 844 minime
1450 787 1662 852 decuit,
1695 797 1751 843 et
1779 803 1982 858 preces

333 885 566 937 nostras
613 879 936 950 sprevistis,
969 881 1026 933 et
1068 877 1468 933 auctoritatem
1525 877 1584 931 in
1625 877 1794 931 nobis
1825 875 1980 931 sedis

334 967 666 1041 apostolica:
696 965 1170 1038 parvipendistis.
1227 965 1378 1032 Quin
1433 964 1609 1020 etiam
1641 965 1846 1031 Deum,
1880 963 1980 1036 qui

332 1057 590 1113 charitas
621 1061 729 1118 est,
783 1055 1130 1122 offendistis,
1165 1071 1298 1110 cum
1358 1053 1661 1126 religiosos
1714 1053 1868 1108 viros
1907 1053 1980 1108 ad

330 1143 859 1202 reconciliationem
889 1147 1144 1199 vestram
1177 1147 1578 1215 congregatos,
1606 1141 1978 1198 etvenerabi-

332 1232 447 1290 lem
477 1231 914 1290 Scafusensium
947 1231 1239 1299 abbatem,
1277 1230 1400 1288 solo
1432 1229 1736 1286 charitatis
1763 1229 1980 1286 intuitu

330 1321 392 1377 in
421 1326 732 1394 conspectu
764 1325 957 1376 vestro
989 1318 1386 1386 humiliatum,
1423 1319 1664 1374 irridere
1685 1323 1741 1374 et
1769 1335 1979 1390 propo-

333 1410 445 1467 sita
480 1409 940 1482 praesumpsistis
997 1407 1414 1480 pollicitatione
1471 1407 1732 1464 frustari.
1792 1408 1979 1472 Quam

330 1497 734 1554 inobedientize
753 1501 811 1552 et
831 1495 1156 1552 dolositatis
1181 1495 1436 1568 culpam,
1485 1513 1602 1568 qua
1631 1496 1980 1552 deberemus

331 1585 672 1643 austeritate
703 1585 993 1657 persequi,
1024 1590 1278 1640 vestram
1311 1585 1572 1656 ipsorum
1607 1585 1981 1656 prudentiam

330 1675 390 1730 in
422 1675 616 1730 cordis
645 1673 846 1728 tabula
867 1673 1057 1746 legere
1101 1691 1216 1728 non
1239 1673 1738 1729 difﬁdimus.Post
1768 1672 1978 1727 harum

331 1764 513 1837 igitur
541 1761 866 1818 litterarum
899 1763 1319 1834 acceptionem,
1369 1761 1480 1816 nisi
1529 1763 1681 1815 infra
1719 1761 1844 1816 dies
1870 1779 1982 1815 xxx

2093 611 2255 667 ribus
2269 611 2570 666 absolutos
2591 612 2662 666 ad
2687 628 2931 666 summa:
2956 610 3260 667 charitatis
3271 616 3337 666 et
3347 625 3492 665 verm
3505 607 3745 681 pietatis

2090 700 2368 770 perducat
2400 699 2700 756 intuitum.

2161 789 2308 844 Data
2335 789 2653 860 Papiae,xm
2685 789 2806 844 Kal.
2841 789 3040 844 Octob.

2824 893 2998 950 CCXI.

2093 983 2300 1039 Urbani
2329 983 2380 1038 ΙΙ
2426 997 2590 1053 papa?
2637 981 2806 1046 bulla,
2842 998 2950 1054 qua
2977 981 3312 1037 mom'alibus
3358 979 3742 1054 cremoumsi-

2161 1055 2260 1108 bus
2289 1051 2512 1109 Sancti—
2534 1056 2771 1110 Joannis
2827 1051 3216 1122 Evangelistte,
3260 1053 3450 1108 omnia
3504 1051 3745 1106 illarum

2152 1125 2288 1196 jura
2315 1127 2618 1196 conﬁrmat.

2709 1215 2896 1285 (Anno
2931 1214 3115 1284 1096.)

2407 1303 2761 1374 [MunATon1,
2793 1303 2979 1373 Antiq.
3012 1303 3137 1358 Ital.
3173 1301 3246 1369 V,
3271 1301 3420 1367 809.]

2160 1409 2780 1480 Uaeanusepiscopus,
2814 1425 3015 1464 servus
3037 1423 3338 1464 servorum
3359 1407 3481 1475 Dei,
3512 1405 3742 1462 dilectas

2089 1497 2220 1552 ﬁlim
2251 1497 2483 1562 GISILE,
2516 1497 2824 1554 abbatissa
2881 1495 3222 1552 monasterii
3251 1495 3448 1551 Sancti
3493 1493 3745 1551 Joannis

2088 1586 2466 1660 Evangelistm
2522 1603 2690 1641 secus
2719 1589 3084 1651 Cremonam,
3135 1589 3193 1640 et
3223 1587 3354 1656 post
3383 1599 3513 1640 eam
3558 1598 3734 1656 regu-

2089 1673 2288 1730 lariter
2315 1674 2376 1729 in
2397 1675 2596 1730 eodem
2629 1673 2753 1730 loco
2785 1673 3216 1728 substituendis
3254 1672 3314 1728 in
3366 1675 3742 1744 perpetuum.

2165 1763 2524 1818 Desiderium
2579 1763 2732 1833 quod
2766 1763 2835 1817 ad
2881 1761 3222 1834 religiosum
3281 1760 3647 1834 propositum
3681 1763 3746 1816 et

331 1853 519 1910 eidem
551 1851 748 1907 abbati
771 1851 1530 1918 satist'eceritis,divinorum
1547 1850 1822 1922 deinceps
1853 1850 1980 1905 ofﬁ-
2011 1886 2060 1950 B
2090 1852 2419 1906 animarum
2451 1851 2703 1907 salutem
2733 1851 3025 1922 pertinere
3054 1853 3439 1914 monstratur,
3500 1854 3743 1904 auctore

331 1941 698 2000 ciorum......

331 2101 572 2174 Epistola
612 2101 828 2174 Urbani
867 2100 916 2174 Π
951 2027 1634 2174 ρᾳρεὲϐιῖξίβοῃοῃὶθζῳθδ.
1687 2130 1748 2174 —_-
1781 2101 1982 2174 Eorum

401 2173 558 2243 ﬁdem
605 2171 814 2226 laudat.
859 2169 1117 2226 Omnibus
1172 2171 1267 2240 qui
1291 2241 1296 2243 _
1325 2169 1462 2224 bello
1494 2171 1980 2243 Hierosolymitano

402 2241 774 2314 inter/norint,
798 2248 1142 2314 peccatorum
1171 2241 1389 2295 veniam
1416 2241 1690 2312 proponit.

939 2331 1126 2399 (Anno
1158 2330 1341 2400 1096.)

332 2403 606 2478 [SAVIOLI,
652 2401 856 2456 Annali
914 2399 1548 2542 Botiognesi'.37B]assano,
1597 2401 1752 2467 1784,
1788 2400 1870 2455 in-
1900 2401 1976 2467 4ο,

1027 2513 1041 2537 ,
1075 2489 1137 2536 n,
1288 2513 1300 2524 .

403 2562 682 2618 UBBANUS
704 2559 1035 2632 episcopus,
1068 2577 1272 2615 servus
1288 2575 1587 2616 servorum
1609 2559 1730 2625 Dei,
1752 2559 1980 2616 dilectis

331 2649 470 2706 ﬁliis
506 2648 808 2721 catholicis
828 2647 886 2702 in
911 2647 1315 2720 clero,populo
1347 2648 1694 2704 Bononiensi
1727 2648 1976 2704 salutem

332 2744 390 2795 et
418 2737 800 2811 apostolicam
833 2736 1317 2792 benedictionem.

403 2825 653 2882 Bonitati
683 2829 884 2880 vestrze
914 2825 1134 2896 gratias
1165 2825 1396 2897 agimus
1455 2826 1607 2896 quod
1638 2825 1790 2881 inter
1819 2825 1977 2880 schi-

335 2914 612 2972 smaticos
633 2916 688 2968 et
708 2913 1354 2982 hasreticosconstituti,
1381 2913 1621 2986 quidam
1657 2931 1887 2986 semper
1917 2913 1976 2969 in

333 3003 448 3058 ﬁde
481 2999 766 3058 catholica
795 3001 1221 3073 permansistis,
1265 3001 1502 3074 quidam
1564 3019 1696 3058 vero
1745 3019 1847 3074 per
1875 3002 1975 3057 Dei

333 3089 582 3163 gratiam
626 3090 866 3146 veritate
897 3094 1195 3162 comperta
1224 3096 1281 3145 et
1312 3106 1574 3146 errorum
1606 3091 1772 3146 devia
1799 3090 1975 3146 dimi-

333 3179 516 3246 sistis,
549 3181 606 3235 et
625 3178 753 3250 jam
783 3195 908 3250 quae
933 3177 1230 3234 catholica
1252 3178 1387 3234 ﬁdei
1413 3183 1552 3234 sunt
1571 3179 1796 3252 sapitis.
1832 3180 1974 3236 Hor-

2090 1941 2205 1996 Deo
2227 1940 2352 1995 sine
2375 1939 2572 2011 aliqua
2592 1945 2682 1994 est
2701 1939 2975 1994 dilatione
3005 1939 3440 2012 complendum.
3470 1937 3614 1993 Tuis
3633 1936 3744 2010 igi-

2088 2033 2360 2084 turtuaru
2371 2044 2545 2099 mque
2558 2045 2688 2083 soro
2696 2045 2759 2083 ru
2769 2045 2823 2082 m
2845 2029 2994 2084 votis
3012 2019 3346 2100 apostolica;
3361 2025 3740 2098 benignitatis

2089 2134 2260 2174 aures
2293 2122 2533 2188 paterno
2565 2115 2918 2171 inclinamus
2951 2115 3184 2183 affectu,
3224 2121 3282 2172 et
3311 2115 3466 2171 beati
3495 2114 3744 2170 Joannis

2089 2205 2468 2278 Evangelistae
2501 2205 2944 2272 monasterium,
2991 2205 3084 2260 cui
3115 2209 3350 2260 auctore
3393 2203 3510 2260 Deo
3540 2202 3742 2275 presi-

2089 2295 2223 2349 dere
2271 2293 2652 2366 dignosceris,
2708 2294 2980 2349 Romane
3030 2291 3393 2348 auctoritatis
3440 2289 3744 2364 privilegio

2089 2381 2716 2446 communimus.Quod
2746 2381 3013 2437 videlicet
3041 2381 3464 2437 monasterium
3499 2384 3744 2436 Bernar-

2089 2471 2201 2525 dus
2218 2486 2433 2536 comes,
2456 2476 2513 2525 et
2541 2487 2686 2525 uxor
2711 2471 2841 2541 ejus
2859 2470 3049 2537 Berta,
3083 2469 3422 2542 sumptibus
3453 2469 3578 2525 suis
3605 2468 3744 2524 aedi-

2089 2559 2425 2623 ficaverunt,
2459 2563 2516 2613 et
2547 2559 2604 2613 in
2652 2575 2865 2614 manus
2915 2557 3395 2614 reverentissime:
3442 2556 3740 2613 memoriae

2088 2647 2345 2718 Gregorii
2364 2645 3072 2718 septimi,praedecessoris
3091 2646 3274 2702 nostri
3289 2647 3474 2711 ,beato
3501 2645 3670 2700 Petro
3683 2648 3742 2701 et

2087 2741 2302 2792 sanctae
2333 2736 2460 2805 ejus
2493 2735 2765 2790 Romanae
2797 2735 3064 2791 Ecclesia:
3117 2733 3476 2790 obtulerunt.
3517 2733 3737 2789 Statui-

2087 2841 2221 2880 mus
2237 2841 2374 2896 ergo
2395 2829 2462 2879 ut
2481 2840 2846 2896 quaecunque
2861 2824 3014 2879 bona
3039 2823 3227 2879 eidem
3245 2823 3370 2879 loco
3399 2839 3504 2894 per
3531 2839 3738 2907 supra-

2085 2913 2271 2968 dictos
2287 2911 2530 2967 comites
2551 2910 2638 2966 vel
2655 2911 2852 2967 ﬁdeles
2873 2911 3169 2984 quoslibet
3184 2913 3255 2967 de
3269 2927 3374 2967 suo
3383 2911 3519 2982 jure
3529 2909 3741 2967 oblata

2085 3000 2335 3067 sunt,vel
2369 3001 2428 3054 in
2458 3001 2724 3056 futurum
2753 2999 3036 3072 largiente
3067 3000 3313 3056 Domino
3369 2999 3563 3055 offerri
3592 3016 3738 3055 con-

2083 3090 2298 3161 tigerit,
2330 3089 2492 3144 vobis
2521 3094 2578 3143 et
2606 3089 2680 3144 iis
2729 3106 2856 3160 quae
2891 3094 3018 3161 post
3046 3106 3148 3145 vos
3178 3105 3538 3144 successum
3570 3091 3732 3156 sunt,

2087 3179 2256 3234 firma
2283 3193 2514 3248 semper
2545 3177 2885 3249 illibataque
2913 3182 3313 3249 permaneant.
3356 3176 3738 3232 Deceruimus

333 3273 677 3340 tamurergo
693 3267 747 3322 in
774 3267 1020 3322 Domino
1039 3266 1430 3336 dilectissimi,
1455 3276 1519 3322 ut
1544 3269 1598 3322 in
1621 3267 1984 3326 veritatisvia
2012 3251 2056 3317 C
2091 3283 2226 3338 ergo
2248 3271 2314 3322 ut
2335 3265 2480 3320 nulli
2493 3265 2730 3320 omnino
2746 3265 3053 3320 hominum
3075 3265 3526 3322 liceateumdem
3540 3264 3738 3320 locum

329 3355 571 3413 viriliter
599 3355 870 3412 incidatis
902 3359 959 3409 et
999 3355 1170 3410 bonis
1199 3355 1379 3411 initiis
1429 3356 1696 3412 meliores
1728 3360 1971 3412 eventus

333 3445 546 3500 addere
577 3445 922 3516 procuretis.
956 3445 1080 3498 Non
1131 3443 1286 3500 enim
1319 3444 1418 3516 qui
1451 3446 1709 3516 coeperit,
1743 3445 1843 3500 sed
1875 3445 1977 3517 qui

331 3533 780 3606 perseveraverit
801 3533 1058 3605 usquein
1083 3533 1258 3588 ﬁnem
1281 3533 1376 3588 hic
1391 3533 1587 3590 salvus
1601 3533 1982 3590 erit.Venera—

332 3621 507 3677 bilem
527 3621 762 3677 fratrem
778 3625 1043 3677 nostrum
1065 3625 1122 3676 et
1150 3621 1561 3694 coepiscopum
1594 3623 1974 3690 Bernardum,

331 3725 503 3780 quem
535 3715 824 3782 pastorem
848 3710 1012 3766 vobis
1034 3727 1136 3780 per
1153 3727 1364 3766 manus
1386 3715 1614 3767 nostras
1635 3711 1829 3766 divina
1848 3729 1979 3783 pro-

328 3798 585 3854 videntia
600 3797 860 3855 conferre
877 3798 1116 3870 dignata
1130 3803 1236 3866 est,
1272 3799 1544 3855 charitati
1557 3805 1762 3856 vestra:
1791 3805 1979 3855 atten-

330 3887 451 3943 tius
467 3887 953 3942 commendamus
975 3890 1040 3940 ut
1087 3887 1134 3941 si
1159 3887 1343 3942 Deum
1380 3887 1621 3961 diligitis
1643 3889 1700 3944 in
1735 3889 1862 3959 ejus
1894 3889 1980 3942 vi-

332 3974 490 4030 cario
523 3975 866 4030 ostendatis.
901 3975 1029 4046 Ipse
1049 3975 1203 4030 enim
1221 3975 1644 4049 dehujusmodi
1667 3976 1842 4033 dixit:
1877 3978 1983 4045 Qui

329 4079 422 4119 vos
453 4063 628 4127 audit,
653 4079 739 4118 me
767 4063 941 4118 audit.
977 4063 1301 4120 Nonnullos
1337 4070 1563 4121 vestros
1616 4065 1675 4120 in
1709 4066 1982 4121 Hierusa-

333 4151 449 4207 lem
485 4151 661 4208 eundi
695 4150 1051 4207 desiderium
1093 4153 1428 4224 concepisse
1460 4154 1792 4210 audivimus
1823 4155 1979 4226 quod

332 4240 502 4297 nobis
521 4239 840 4312 plurimum
863 4239 1221 4312 complacere
1248 4241 1760 4299 noveritis.Sciatis
1785 4247 1982 4299 autem

332 4329 418 4386 eis
447 4329 722 4385 omnibus
745 4329 844 4402 qui
877 4327 1016 4384 illuc
1047 4347 1160 4386 non
1195 4329 1408 4387 terreni
1440 4331 1729 4387 commodi
1760 4331 1984 4404 cupidi-

333 4420 472 4485 tate,
506 4419 606 4474 sed
627 4435 730 4490 pro
757 4417 880 4473 sola
921 4417 1128 4474 anima:
1146 4437 1265 4474 suae
1297 4419 1982 4476 saluteetEcclesizelibe-

336 4507 563 4562 ratione
585 4507 826 4579 profecti
849 4507 1487 4580 fuerint,p(enitentiam
1505 4513 1689 4564 totam
1721 4514 1982 4581 peccato-

2087 3360 2305 3410 temere
2325 3353 2657 3425 pertubare,
2688 3359 2788 3409 aut
2803 3353 2854 3408 ei
2887 3354 3155 3409 subbitas
3203 3353 3604 3426 possessiones
3635 3369 3740 3410 au-

2087 3444 2255 3510 ferre,
2289 3441 2665 3509 minuere,vel
2695 3443 3020 3497 temerariis
3034 3441 3434 3498 vexationibus
3461 3441 3740 3514 fatigare;

2087 3533 2188 3588 sed
2207 3531 2407 3587 omnia
2426 3531 2654 3603 integra
2675 3537 3090 3586 conserventur
3137 3547 3340 3594 earum
3358 3547 3462 3603 pro
3484 3545 3740 3602 quarum

2088 3620 2510 3676 sustentatione
2526 3625 2586 3676 et
2615 3619 3036 3692 gubernatione
3066 3636 3344 3676 concessa
3364 3619 3739 3685 sunt,usibus

2088 3709 2442 3765 omnimodis
2472 3709 2812 3780 profutura;
2848 3708 3007 3764 salva
3037 3709 3319 3764 canonica
3340 3708 3576 3780 justitia
3603 3707 3738 3764 Cre-

2089 3797 2388 3854 monensis
2417 3797 2696 3868 episcopi,
2755 3797 3048 3868 siquidem
3081 3795 3406 3852 catholicus
3456 3796 3653 3866 fuerit,
3685 3800 3746 3850 et

2091 3885 2563 3942 communionem
2579 3891 2636 3940 et
2656 3887 2904 3958 gratiam
2927 3885 3256 3958 apostolicae
3273 3886 3430 3941 sedis
3447 3885 3740 3940 habuerit.

2089 3975 2190 4032 Cui
2212 3980 2408 4030 tamen
2422 3973 2660 4030 omnino
2681 3991 2794 4030 non
2809 3973 2979 4030 liceat
2993 3975 3146 4029 idem
3163 3973 3586 4031 monasterium
3604 3989 3748 4046 pror-

2090 4081 2348 4136 gravare,
2379 4068 2482 4118 aut
2503 4063 2862 4119 exactionem
2883 4063 2971 4119 vel
2994 4063 3636 4134 consuetudinem,qure
3665 4061 3741 4117 li-

2090 4153 2300 4208 bertati
2329 4156 2386 4207 et
2407 4152 2586 4224 quieti
2609 4154 2942 4209 monasticae
2959 4150 3634 4221 uoceat,sororibusillic
3653 4151 3741 4206 vi-

2089 4241 2358 4298 ventibus
2379 4241 2814 4314 irrogare.Sane
2839 4241 2909 4297 ad
2939 4241 3222 4314 indicium
3245 4240 3430 4312 hujus
3454 4243 3740 4312 perceptae

2091 4348 2126 4386 a
2148 4331 2409 4386 Romana
2429 4329 2685 4385 Ecclesia
2705 4329 3102 4402 protectionis,
3137 4345 3240 4402 per
3267 4345 3450 4386 annos
3475 4327 3745 4401 singulos

2091 4417 2542 4475 Mediolanensis
2573 4424 2818 4474 monetae
2848 4419 3118 4475 denarios
3165 4417 3476 4474 duodecim
3513 4421 3744 4473 Latera-

2093 4507 2259 4564 nensi
2289 4505 2503 4580 palatio
2520 4505 2945 4578 persolvetis.Si
2972 4507 3104 4580 quis
3126 4507 3306 4580 igitur
3329 4507 3389 4562 in
3420 4505 3746 4563 crastinum

338 4613 470 4650 rum
503 4596 574 4652 de
603 4596 1026 4667 quibusveram
1055 4601 1112 4652 et
1126 4597 1441 4668 perfectam
1464 4596 1888 4653 confessionem
1905 4599 1982 4653 fe-
2013 4615 2060 4680 ι)
2094 4595 2569 4668 archiepiscopus
2625 4600 2728 4650 aut
2754 4594 3084 4667 episcopus,
3144 4595 3460 4668 imperator
3493 4601 3596 4650 aut.
3625 4611 3745 4659 rex,

334 4684 518 4740 cerint
536 4702 638 4757 per
678 4685 1097 4757 omnipotentis
1112 4684 1687 4740 Dcimisericordiam
1709 4691 1766 4742 et
1798 4687 1985 4743 Eccle-

254 4776 266 4783 ’
336 4773 744 4830 siacatholicaa
762 4791 981 4846 preces,
1017 4779 1136 4828 tam
1173 4777 1372 4828 nostra
1391 4790 1568 4844 quam
1591 4774 1854 4830 omnium
1889 4792 1986 4847 pe-

337 4879 410 4918 ne
443 4863 1012 4936 archiepiscoporum
1045 4867 1101 4916 et
1131 4863 1538 4934 episcoporum
1562 4862 1662 4933 qui
1695 4863 1754 4918 in
1787 4863 1990 4920 Galliis

339 4955 476 5006 sunt
490 4951 708 5006 auctori
719 4957 834 5008 tate
847 4951 1266 5021 dimittimus,q
1279 4949 1512 5004 ueniam
1529 4967 1620 5006 res
1643 4955 1700 5006 et
1712 4969 1990 5023 personas

339 5057 478 5095 suas
495 5056 598 5110 pro
621 5040 718 5095 Dci
770 5047 824 5096 et
847 5039 1094 5112 proximi
1136 5037 1416 5092 charitate
1449 5045 1862 5110 exposuerunt,
1895 5059 1991 5096 ne-

340 5145 454 5201 que
470 5128 694 5184 clericis
709 5145 861 5196 vero,
896 5143 1083 5199 neque
1109 5125 1414 5182 monachis
1437 5127 1564 5182 sine
1586 5128 1991 5201 episcoporum

336 5217 426 5273 vel
457 5217 734 5274 abbatum
756 5217 989 5273 licentia
1013 5215 1152 5270 illuc
1191 5215 1373 5269 eundi
1406 5217 1778 5273 concedimus
1811 5219 1991 5273 falcu-

339 5310 539 5362 tatem.
573 5307 748 5362 Porro
797 5305 1053 5379 episcopi
1093 5320 1232 5359 cura
1251 5302 1325 5358 sit
1350 5320 1422 5360 ne
1439 5305 1825 5376 parochianos
1853 5323 1994 5363 suos

344 5396 471 5451 sine
489 5395 834 5452 clericorum
854 5393 1102 5450 concilio
1125 5396 1180 5448 et
1199 5391 1522 5464 provisione
1547 5394 1865 5452 dimittant.
1899 5397 1997 5452 Ju-

345 5483 588 5540 venibus
609 5483 784 5541 etiam
809 5481 1136 5554 conjugatis
1148 5481 1572 5553 providendum
1597 5488 1997 5541 estnetemere

344 5574 701 5640 tantumiter
715 5571 842 5627 sine
869 5570 1239 5626 conuiventia
1261 5588 1506 5626 uxorum
1528 5589 1771 5628 suarum
1793 5590 1996 5648 aggre-

349 5661 604 5726 diantur.
661 5659 1042 5741 Omnipotens
1099 5661 1254 5724 Deus
1303 5659 1364 5721 in
1423 5677 1528 5722 suo
1559 5678 1662 5724 vos
1690 5662 1899 5722 timore
1941 5668 2002 5729 et

2093 4685 2366 4758 princeps
2391 4687 2493 4740 aut
2513 4685 3422 4756 dux,comes,vicecomes,judex,
3443 4687 3546 4740 aut
3573 4683 3752 4740 eccle-

2099 4773 2336 4829 siastica
2365 4771 2636 4844 quaelibet
2657 4772 3020 4828 saecularisve
3053 4789 3322 4846 persona,
3355 4772 3506 4828 hanc
3537 4778 3749 4828 nostra

2099 4861 2532 4918 constitutionis
2562 4861 2839 4933 paginam
2887 4861 3098 4929 sciens,
3129 4866 3333 4918 contra
3371 4877 3500 4917 eam
3531 4866 3750 4918 temere

2097 4950 2292 5007 venire
2351 4949 2680 5014 tentaverit,
2753 4951 3008 5006 secundo
3071 4951 3310 5007 tertiove
3371 4951 3753 5020 commonita,

2099 5039 2149 5095 si
2181 5057 2292 5093 non
2325 5037 2672 5093 satisfecerit
2699 5039 3106 5096 emendatione
3130 5055 3409 5112 congrua,
3442 5039 3756 5112 potestatis

2100 5127 2458 5198 honorisque
2479 5125 2570 5181 sui
2592 5126 2876 5198 dignitate
2908 5131 3118 5195 careat,
3155 5143 3432 5200 reamque
3461 5144 3525 5184 se
3553 5127 3751 5183 divino

2093 5214 2316 5288 judicio
2364 5213 2608 5270 existere
2624 5215 2696 5270 de
2713 5220 3043 5287 perpetrata
3073 5217 3381 5288 iniquitate
3411 5221 3748 5288 cognoscat,

2103 5311 2160 5361 et
2181 5323 2214 5360 a
2238 5301 2632 5361 sacratissimo
2689 5319 2926 5376 corpore
2941 5309 2998 5360 et
3014 5305 3299 5378 sanguine
3321 5303 3418 5361 Dei
3437 5309 3496 5360 et
3518 5304 3751 5360 Domini

2104 5411 2169 5450 ac
2189 5391 2592 5464 Redemptoris
2614 5393 2796 5448 nostri
2817 5397 2849 5448 J
2854 5411 2957 5450 esu
2979 5393 3191 5449 Christi
3211 5393 3403 5450 aliena
3421 5393 3543 5462 ﬁat,
3572 5399 3748 5466 atque

2105 5483 2163 5539 in
2195 5487 2451 5539 extremo
2508 5480 2772 5537 examine
2827 5481 3104 5538 districta
3163 5480 3374 5538 ultioni
3425 5481 3746 5553 subjaceat.

2105 5572 2550 5628 Cunctisautem
2571 5569 2762 5625 eidem
2787 5570 3090 5642 locojusta
3133 5570 3501 5627 servantibus
3532 5571 3612 5626 sit
3642 5587 3753 5642 pax

2105 5659 2338 5722 Domini
2365 5658 2550 5720 nostri
2565 5658 2708 5719 Jesu
2729 5660 2942 5721 Christi
2971 5664 3264 5738 quatenus
3286 5663 3346 5720 et
3373 5658 3468 5719 hic
3497 5658 3752 5721 fructum
