3958 6358
96 5664 115 5701 4

153 377 277 442 486

1330 373 1732 445 EPISTOLAE
1772 379 1876 446 ET
1916 376 2396 447 PBIVILEGIA.

3433 388 3552 452 486

152 513 320 570 bona;
350 512 599 570 actionis
627 512 969 587 percipiant,
993 518 1050 570 et
1078 516 1234 589 apud
1265 516 1596 573 districtum
1639 516 1800 587 judi-
1830 522 1883 585 Α
1914 516 2079 571 rabili
2128 518 2287 573 fratri
2322 518 2571 585 lluoom,
2625 518 2991 577 Cluniacensi
3040 520 3255 589 abbati,
3307 524 3554 595 ejusque

153 618 279 659 cem
311 601 550 675 praamia
580 606 807 661 aeternae
834 603 995 677 pacis
1024 604 1339 661 inveniant.

1915 606 2351 663 successoribus
2380 606 2726 680 regulariter
2766 608 3194 667 substituendis
3251 611 3309 666 in
3354 628 3554 685 perpe-

227 664 343 763 Ego
376 690 672 758 UBBANUS,
703 664 1000 749 catholicae
1022 692 1291 750 Ecclesiae
1321 693 1653 766 episcopus,
1673 664 1808 750 sub-
1910 697 2099 749 tuum.

151 795 385 853 scripsi.
1308 840 1312 844 ,

229 872 440 924 Datum
469 869 762 925 Cremonae
777 886 881 943 per
901 887 1144 927 manum
1167 870 1435 938 Joannis,
1462 874 1676 927 sanctae
1702 871 1809 927 Ro-

154 974 342 1014 mana:
398 957 666 1014 Ecclesia:
694 958 927 1015 diaconi
966 959 1303 1020 cardinalis.
1351 977 1467 1016 xvn
1517 959 1807 1014 Kalendas

153 1045 523 1113 Novembris,
556 1045 874 1104 indictione
914 1065 967 1117 v,
1021 1048 1445 1105 lncarnationis
1496 1048 1807 1104 Dominicis

156 1151 312 1191 anno
327 1136 489 1202 1096,
501 1135 878 1209 pontiﬁcatus
895 1141 1091 1193 autem
1111 1137 1313 1194 domni
1326 1137 1543 1193 Urbani
1566 1137 1809 1193 secundi

155 1240 321 1297 papae
353 1240 530 1281 nono.

882 1330 1085 1388 CCXII.

160 1420 371 1478 Urbani
399 1421 453 1475 ΙΙ
488 1421 716 1491 epistola
757 1420 829 1475 ad
864 1421 1122 1476 Alea-ium
1153 1420 1811 1492 Constantinopolitanum

234 1492 645 1564 imperatorem.
667 1522 737 1532 —
765 1493 840 1548 De
867 1492 1209 1564 expeditione
1226 1494 1282 1548 in
1318 1500 1518 1548 terram
1544 1502 1810 1558 sanetam,

228 1570 281 1618 et
305 1562 373 1617 de
401 1578 559 1618 cmce
587 1562 954 1634 mcipiendal

785 1651 974 1723 (Anno
1007 1652 1188 1723 1096.)

589 1740 821 1810 [MANSI,
851 1740 1055 1796 Concil.
1093 1741 1203 1809 XX,
1234 1742 1384 1811 060.]

1984 783 2130 838 Cum
2161 784 2426 839 omnium
2454 785 2716 843 ﬁdelium
2749 788 3131 859 petitionibus
3156 795 3213 846 et
3244 790 3560 847 necessita-

1913 871 2073 926 tibus
2104 872 2419 929 subvenire‘
2441 873 2648 930 debeat
2677 876 3004 949 apostolicae
3033 878 3334 935 charitatis
3351 880 3557 953 gratia,

1917 960 2100 1015 multo
2131 960 2319 1033 magis
2342 960 2434 1016 his
2463 967 2552 1017 est
2580 962 2969 1035 impertienda
2998 967 3126 1037 ejus
3159 967 3419 1025 beneﬁcii
3442 970 3562 1025 cle-

1918 1050 2154 1116 mentia,
2188 1066 2336 1121 quos
2386 1049 2764 1123 singulariter
2806 1053 2958 1109 ﬁlios
3004 1071 3063 1109 se
3111 1056 3325 1128 gaudet
3348 1057 3562 1115 habere

1919 1137 2183 1193 Romana
2213 1142 2399 1193 mater
2428 1138 2701 1195 Ecclesia.
2736 1141 2893 1196 Inter
2935 1159 3082 1214 quos
3124 1144 3396 1216 quoniam
3429 1146 3565 1202 Clu-

1918 1225 2213 1281 niacensis
2263 1228 2657 1299 congregatio,
2709 1229 2906 1286 divino
2959 1231 3313 1289 charismate
3344 1235 3565 1292 ceteris

1919 1315 2147 1370 imbuta
2176 1314 2427 1387 plenius,
2462 1320 2527 1371 ut
2556 1316 2702 1372 alter
2724 1318 2810 1373 sol
2844 1320 3024 1375 enitet
3046 1321 3104 1375 in
3134 1322 3477 1389 terris,adeo
3504 1328 3569 1380 ut

1918 1403 2012 1458 his
2045 1419 2200 1458 nunc
2252 1405 2534 1475 temporis
2582 1405 2692 1481 ipsi
2746 1408 2941 1479 potius
2986 1410 3291 1466 conveniat
3337 1414 3493 1483 quod
3535 1431 3570 1469 a

1919 1491 2167 1549 Domino
2196 1492 2418 1547 dictum
2465 1496 2571 1559 est,
2609 1494 2705 1548 Vos
2724 1497 2852 1549 estis
2885 1496 2985 1550 lux
3011 1498 3224 1565 mundi,
3257 1515 3323 1554 eo
3354 1500 3563 1572 magis,

1920 1597 1953 1636 o
1984 1580 2328 1636 charissima
2359 1580 2536 1636 frater
2578 1582 2762 1655 Hugo,
2806 1583 3185 1641 sublimitatis
3234 1588 3573 1659 apostolica!

1921 1668 2239 1724 auctoritas
2269 1669 2496 1742 cogitur
2525 1671 2779 1742 praebere
2810 1673 3020 1728 vestris
3060 1661 3563 1745 petitionibus'as-

1922 1772 2199 1824 sensum;
2231 1773 2364 1811 eum
2397 1758 2573 1813 etiam
2599 1776 2697 1830 pro
2712 1761 3101 1815 sanctimonia
3123 1763 3248 1818 vitae
3262 1765 3569 1823 desideriis

234 1845 517 1902 UBBANUS
546 1847 861 1913 secundus,
916 1847 1214 1903 Romanus
1260 1846 1538 1919 pontifex,
1570 1848 1805 1916 ALEXIO,
1850 1886 1896 1951 Β
1924 1845 2133 1900 vestris
2163 1860 2363 1916 parere
2378 1846 2647 1901 novimus
2666 1849 2973 1903 Auctorem
2996 1851 3279 1906 omnium.
3298 1853 3374 1907 Ea
3397 1870 3568 1927 prop-

159 1934 811 2007 ConstantinOpolitano
835 1935 1194 2009 imperatori,
1228 1941 1337 1992 etc.

234 2024 384 2080 Cum
419 2028 704 2081 statutum
740 2022 944 2080 fuisset
964 2025 1036 2079 ad
1066 2024 1300 2080 Clarum
1332 2030 1589 2081 montem
1613 2027 1819 2079 Arver-

170 2113 282 2169 nizs
314 2117 382 2169 ut
412 2111 991 2169 communibusvotis
1037 2113 1256 2169 bellum
1298 2114 1574 2169 adversus
1621 2114 1818 2169 Sarra-

172 2217 353 2258 cenos
392 2204 711 2274 gereretur,
737 2205 902 2258 tanta
942 2201 1249 2257 hominum
1288 2202 1603 2257 multitudo
1651 2219 1821 2258 cruce

170 2288 405 2364 signata
431 2293 539 2359 est,
571 2292 637 2345 ut
682 2290 754 2345 ad
798 2293 1055 2345 trecenta
1092 2290 1397 2346 hominum
1441 2289 1625 2345 millia
1646 2308 1822 2347 censa

164 2377 638 2434 fuerint.Ducum
669 2382 863 2434 autem
896 2378 1354 2434 fortissimorum
1385 2383 1585 2435 tantus
1625 2379 1819 2447 ardor,

163 2470 231 2521 ut
259 2466 333 2522 de
379 2467 782 2538 recuperanda
825 2466 1223 2539 Hierosolyma
1273 2466 1528 2523 multum
1587 2484 1821 2540 sperare

163 2554 509 2611 debeamus.
524 2554 755 2610 Primus
769 2555 1033 2610 omnium
1057 2555 1261 2611 Petrus
1280 2555 1521 2612 eremita
1549 2556 1818 2611 innume-

164 2642 455 2700 rabilibus
485 2660 548 2699 se
575 2644 784 2700 ducem
814 2643 1081 2715 praebuit,
1104 2642 1197 2699 cui
1216 2645 1595 2712 Godefredus,
1620 2645 1822 2701 Eusta-

164 2732 340 2788 chius
368 2736 427 2787 et
441 2730 765 2788 Balduinus
791 2730 1272 2799 fratres,Bolionii
1293 2733 1628 2799 comites,se
1658 2734 1820 2789 addi-

166 2821 665 2891 derunt,majores
696 2820 870 2875 etiam
904 2820 1101 2892 copias
1123 2826 1491 2893 paraverunt.
1526 2822 1671 2877 Hine
1718 2827 1823 2878 Po-

166 2908 396 2965 diensis
419 2907 727 2982 episcopus
758 2908 894 2964 belli
941 2910 1079 2975 dux,
1109 2914 1166 2965 et
1215 2910 1584 2966 Raimundus
1626 2910 1822 2966 Sancti

170 2996 386 3071 ΔΞςίἀῆ
409 3013 626 3066 comes,
650 2997 787 3053 inde
811 2998 977 3070 Hugo
992 2998 1272 3069 Magnus,
1296 2998 1545 3071 Philippi
1577 3000 1821 3055 Franco-

170 3102 305 3141 rum
334 3085 763 3158 regisfrater,et
784 3087 1074 3141 Robertus
1103 3086 1560 3155 Northmanniae,
1593 3088 1643 3143 ei
1679 3087 1825 3142 alter

171 3174 466 3232 Robertus
497 3172 799 3242 Flandriaz,
834 3180 889 3229 et
917 3175 1246 3247 Stephanus
1279 3175 1517 3231 Carnuti
1556 3176 1817 3231 comites.

1930 1933 2636 2005 terquidqnidlibertatis,
2671 1936 2951 2021 quidquid
2980 1938 3261 2008 tuitionis,
3284 1941 3569 2014 quidquid

1929 2022 2296 2078 auctoritatis
2317 2024 2767 2095 praedecessores
2796 2025 2977 2080 nostri
3008 2026 3276 2083 Ecclesiae
3299 2030 3571 2089 Romanae

1929 2111 2256 2182 pontiﬁces,
2290 2112 2609 2183 praesertim
2644 2112 2973 2184 apostolica;
3022 2117 3315 2173 memoria:
3357 2118 3572 2194 Grego-

1929 2199 2053 2254 rius
2079 2199 2200 2269 VII,
2232 2205 2422 2255 vestro
2456 2202 2809 2257 monasterio
2836 2207 2891 2258 et
2920 2203 3062 2259 locis
3092 2206 3161 2261 ad
3198 2206 3254 2261 id
3286 2208 3574 2279 pertinen-

1929 2287 2088 2343 tibus
2137 2288 2527 2344 contulerunt.
2574 2290 2690 2345 Nos
2739 2307 2971 2364 quoque
3018 2295 3288 2365 praesenti
3344 2298 3573 2356 decreto

1930 2381 2165 2432 auctore
2195 2382 2307 2432 Deo
2340 2378 2777 2447 confirmamus,
2807 2380 3026 2435 scilicet
3045 2386 3107 2436 ut
3135 2389 3346 2441 cuncta
3374 2386 3498 2443 loca
3518 2392 3575 2444 et

1930 2466 2288 2520 monasteria
2315 2466 2387 2520 ad
2415 2465 2793 2522 Cluniacense
2840 2470 3168 2526 coenobium
3200 2473 3570 2546 pertinentia,

1931 2571 2057 2626 quae
2106 2555 2178 2608 ab
2226 2553 2521 2625 aliquibus
2579 2555 2850 2611 ﬁdelibus
2896 2556 3261 2625 Christianis,
3312 2562 3581 2634 regibus,

1929 2641 2238 2715 episcopis,
2259 2642 2847 2709 ducibus,comitibus
2867 2662 2966 2700 seu
2990 2647 3571 2720 principibus,eidem

1930 2731 2055 2786 loco
2088 2735 2224 2786 sunt
2252 2736 2613 2798 concessa,et
2643 2731 2714 2786 ab
2734 2734 3201 2791 antecessoribus
3229 2737 3347 2793 tuis
3379 2741 3574 2812 acqui-

1930 2820 2125 2884 sita,et
2156 2836 2516 2891 quaecunque
2555 2821 2625 2875 ad
2660 2821 2928 2877 eumdem
2962 2822 3152 2878 locum
3185 2824 3378 2898 aliquo
3399 2830 3574 2886 modo

1930 2908 2221 2980 pertinere
2241 2908 2531 2977 videntur,
2559 2908 2646 2964 vel
2678 2909 2736 2963 in
2769 2914 3071 2982 posterum
3107 2913 3422 2984 dabuntur,
3456 2918 3575 2975 sive

1931 3002 2122 3062 terrae,
2154 2997 2274 3052 sive
2305 2997 2580 3061 ecclesiae,
2633 2998 2752 3053 sive
2798 2999 3057 3067 decima»,
3109 3008 3166 3057 et
3212 3019 3575 3078 quaecunque

1932 3103 2421 3158 quorumcunque
2458 3086 2738 3143 beneﬁcia
2789 3087 3072 3157 ﬁdelium,
3118 3091 3339 3164 absque
3397 3093 3575 3153 ullius

1932 3175 2393 3229 contradictione
2426 3191 2559 3230 cum
2594 3192 2805 3248 magna
2835 3177 3029 3248 quiete
3076 3184 3130 3234 et
3173 3182 3482 3240 securitate
3511 3189 3575 3242 tu

167 3263 320 3329 Quid
371 3263 563 3318 dicam
595 3264 666 3319 de
697 3263 1030 3332 Boamundo
1071 3264 1197 3334 ipso
1247 3264 1347 3335 qui
1380 3265 1602 3336 ingenti
1634 3266 1816 3320 animi
1849 3249 1892 3316 C
1930 3268 1987 3319 et
2017 3264 2101 3319 tui
2137 3264 2503 3335 possideatis,
2547 3269 2602 3320 et
2647 3281 2749 3336 per
2796 3270 2851 3321 te
2902 3268 3156 3325 universi
3207 3287 3577 3331 successores

166 3351 657 3424 magnanimitate
687 3352 758 3408 iis
788 3369 851 3408 se
870 3352 1137 3407 comitem
1161 3351 1425 3423 adjunxit
1444 3370 1576 3408 cum
1603 3358 1822 3425 septem

168 3438 437 3496 millibus
469 3440 703 3496 delectae
736 3440 1067 3511 juventulis
1110 3441 1338 3509 Italicae,
1400 3441 1600 3497 relicta
1658 3444 1821 3499 fratri

168 3544 366 3585 rerum
382 3529 647 3584 omnium
663 3545 946 3600 cura,quo
960 3545 1094 3584 cum
1123 3530 1223 3583 diu
1242 3529 1391 3585 bello
1408 3531 1825 3587 contenderat?

170 3617 252 3673 Ad
284 3616 395 3672 hos
426 3616 564 3673 belli
613 3617 900 3672 maximos
943 3622 1262 3689 apparatus
1312 3634 1494 3673 unum
1544 3618 1691 3673 illud
1720 3619 1825 3675 im-

171 3706 382 3779 primis
412 3708 503 3761 est
531 3706 948 3772 necessarium,
983 3711 1047 3761 ut
1073 3712 1172 3761 tuo
1221 3708 1490 3778 praesidio
1531 3724 1822 3764 commea-

173 3800 357 3866 tuque
377 3798 555 3850 tanta:
584 3795 762 3867 copiae
793 3796 1278 3861 iuventur.0uare
1303 3796 1376 3851 ab
1407 3801 1461 3850 te
1484 3802 1615 3868 peto
1646 3800 1825 3870 majo-

177 3898 301 3938 rem
334 3882 393 3937 in
424 3883 760 3950 modum,ut
787 3883 1238 3955 quibuscunque
1262 3884 1435 3939 rebus
1454 3885 1671 3956 poteris
1691 3887 1822 3957 jus-

177 3970 409 4028 tissimo
428 3970 579 4027 bello
606 3972 977 4044 gloriosoque
998 3972 1368 4028 faveas.lllud
1385 3978 1603 4043 autem,
1618 3979 1824 4030 tamet-

181 4059 231 4115 si
261 4076 380 4115 non
412 4059 674 4116 dubitem
707 4061 812 4116 abs
842 4066 897 4115 te
929 4065 1197 4116 curatum
1228 4060 1321 4128 iri,
1353 4060 1504 4117 volui
1541 4067 1733 4118 tamen
1766 4069 1824 4120 te

176 4162 283 4221 per
309 4146 535 4205 litteras
564 4154 796 4205 nostras
825 4149 973 4205 seire
1001 4149 1059 4205 id
1085 4148 1226 4204 mihi
1257 4154 1314 4205 et
1334 4151 1613 4206 universze
1634 4152 1825 4209 Chris-

175 4235 351 4294 tiante
379 4236 1232 4319 reipublicaajucungissimum
1264 4241 1404 4295 fore.
1439 4239 1598 4296 Vale.

246 4326 465 4394 Romae,
494 4329 605 4383 etc.

885 4416 1118 4472 CCXIII.

179 4502 387 4560 Urbani
411 4504 640 4575 epistola
661 4505 731 4559 ad
754 4504 1050 4560 Gerardum
1077 4506 1523 4561 Tanvamzensem.
1559 4536 1623 4547 —
1650 4507 1822 4563 Cano-

350 4592 488 4631 num
517 4580 908 4648 contemptores
936 4577 1482 4633 “communicandos
1510 4593 1643 4633 esse.

631 4664 810 4737 (Intra
840 4682 1060 4720 annum
1089 4666 1373 4734 1088-97.)

617 4757 753 4821 μνο,
776 4755 1008 4820 Deerat,
1044 4771 1120 4822 IV,
1152 4771 1201 4809 e.
1233 4754 1383 4823 219.]

243 4858 547 4915 Canonum
578 4865 1012 4932 contemptores
1042 4860 1584 4916 excommunicandi
1618 4866 1757 4917 sunt
1771 4865 1828 4917 et

175 4947 519 5015 damnandi,
550 4949 1027 5021 quandoquidem
1071 4966 1105 5004 a
1134 4949 1320 5004 sacris
1371 4948 1572 5005 altaris
1610 4956 1823 5023 myste—

176 5036 276 5092 riis
305 5041 400 5093 est
427 5038 815 5094 removendus
841 5038 939 5110 qui
974 5038 1156 5092 sacris
1187 5054 1302 5092 non
1334 5038 1457 5092 vult
1477 5039 1708 5094 obedire
1730 5056 1822 5094 ca-

177 5124 448 5181 nonibus.

883 5214 1110 5272 CCXIV.

182 5302 431 5361 Urbanus
459 5305 778 5360 monasterii
809 5304 1188 5377 Cluniacensi:
1218 5305 1487 5360 libertates
1511 5312 1563 5360 et
1586 5305 1822 5377 privile-

634 5377 728 5446 gia
755 5375 1043 5446 conﬁrmat
1065 5379 1352 5449 augetque.

796 5465 985 5538 (Anno
1015 5465 1199 5535 1097.)

569 5552 850 5624 [Biblwtlu
886 5553 1158 5622 Cluniae.,
1191 5570 1250 5626 p.
1282 5554 1430 5624 520.]

248 5655 527 5720 URBANUB
557 5658 888 5738 episcopus,
927 5675 1132 5721 servus
1164 5675 1463 5720 servorum
1495 5658 1619 5734 Dei,
1649 5675 1819 5724 vene-

1932 3352 2017 3407 tui
2051 3352 2109 3406 in
2142 3357 2508 3424 perpetuum.
2541 3353 2772 3408 Necnon
2820 3355 2931 3410 sub
2978 3356 3156 3412 divini
3190 3360 3400 3429 judieii
3444 3380 3576 3436 pro-

1933 3440 2312 3511 mulgatione,
2344 3446 2400 3495 et
2448 3442 2907 3510 conﬁrmatione,
2954 3448 3008 3498 et
3059 3448 3448 3506 anathematis
3487 3452 3573 3507 in-

1932 3529 2274 3584 terdictione
2331 3528 2772 3585 corroborantes
2833 3532 3196 3591 decrevimus
3255 3542 3319 3591 ut
3376 3538 3577 3597 nullus

1932 3617 2263 3689 episcopus,
2288 3634 2389 3672 seu
2422 3617 2667 3688 quilibet
2715 3621 3046 3677 sacerdotes
3076 3622 3133 3677 in
3167 3626 3371 3681 eodem
3403 3644 3577 3685 vene-

1932 3704 2099 3760 rabili
2132 3705 2414 3771 coenobio,
2447 3722 2634 3777 neque
2679 3707 2916 3763 omnino
2947 3707 3006 3762 in
3049 3709 3244 3782 aliquo
3286 3712 3410 3769 loco
3442 3714 3578 3772 huic

1930 3794 2165 3850 subdito
2197 3810 2301 3866 pro
2340 3793 2537 3865 aliqua
2576 3794 2940 3852 ordinatione
2982 3814 3083 3853 seu
3144 3805 3579 3863 consecratione

1931 3883 2156 3951 altaris,
2191 3882 2277 3939 vel
2312 3883 2592 3952 ecclesiae,
2632 3885 3123 3957 presbyterorum,
3169 3890 3258 3945 vel
3297 3892 3577 3951 diacono-

1932 3989 2063 4027 rum
2097 3972 2531 4044 missarumque
2561 3973 2968 4042 celebratione,
2995 3976 3105 4033 nisi
3126 3979 3198 4034 ab
3223 3980 3433 4037 abbate
3449 3983 3579 4054 ejus

1932 4060 2200 4129 coenobii,
2260 4059 2349 4115 vel
2409 4061 2700 4132 prioribus
2764 4063 2952 4119 eidem
3008 4068 3269 4123 ccenobio
3328 4070 3580 4129 subditis

1931 4150 2211 4206 invitatus
2237 4148 2633 4214 t‘uerit,venire
2662 4151 2733 4206 ad
2767 4154 3057 4223 agendum
3096 4162 3431 4228 prtesumat.
3466 4160 3578 4217 Sed

1930 4239 2100 4294 liceat
2120 4238 2427 4294 monachis
2447 4237 2568 4294 tuis
2588 4239 2919 4313 ubicunque
2941 4244 3581 4321 positis,cujuscunque

1922 4327 2217 4383 voluerint
2232 4328 2616 4393 ordinationis
2648 4331 2894 4401 gradum
2923 4333 3219 4405 suscipere
3248 4335 3581 4410 ubicunque

1931 4416 2038 4470 tibi
2095 4420 2154 4471 et
2208 4415 2340 4471 aliis
2393 4416 2723 4488 vestrisque
2781 4422 3216 4477 successoribus
3274 4423 3577 4496 placuerit.

1932 4504 2340 4559 Interdicimus
2359 4508 2556 4559 autem
2579 4505 2691 4559 sub
2713 4505 2891 4561 simili
2916 4509 3306 4569 anathematis
3326 4514 3583 4585 promul-

1857 4615 1902 4680 ι)
1932 4591 2188 4665 gatione,
2224 4597 2289 4647 ut
2332 4609 2518 4664 neque
2565 4593 2932 4661 Cluniacum,
2965 4614 3154 4668 neque
3212 4599 3338 4656 loca
3392 4604 3464 4657 ad
3520 4603 3578 4659 id

1936 4680 2289 4753 pertinentia
2318 4680 2653 4752 ubicunque
2696 4682 2953 4755 episcopi
2985 4684 3070 4740 vel
3121 4688 3438 4746 sacerdotis
3480 4692 3578 4747 de-

1935 4769 2266 4840 primantur
2295 4768 2720 4824 interdictionis
2750 4769 2939 4839 titulo,
2968 4789 3069 4828 seu
3111 4779 3578 4835 excommunica-

1934 4858 2114 4913 tionis
2142 4856 2374 4914 vinculo
2421 4858 2509 4915 vel
2557 4857 2971 4915 anathematis.
3004 4862 3128 4918 Non
3169 4864 3327 4921 enim
3358 4868 3581 4940 patitur

1935 4948 2093 5003 sedis
2124 4952 2335 5003 sanctm
2366 4948 2696 5021 apostolica:
2728 4950 3063 5017 auctoritas,
3097 4958 3161 5008 ut
3191 4952 3349 5012 illius
3379 4960 3577 5030 cujus-

1933 5054 2164 5108 cunque
2187 5054 2445 5109 personae
2479 5038 2837 5111 obligatione
2866 5042 3278 5112 proscindatur
3308 5063 3341 5101 a
3371 5063 3433 5104 se
3462 5048 3581 5104 cui-

1932 5124 2074 5181 libet
2102 5142 2379 5182 concessa
2403 5126 2689 5183 libertatis
2721 5130 3128 5201 potestas.Non
3160 5131 3342 5206 igitur
3371 5135 3578 5194 fratres

1932 5215 2019 5270 tui
2053 5221 2109 5272 et
2139 5215 2432 5282 monachi,
2464 5215 2821 5288 ubicunque,
2870 5220 3273 5294 cujuscunque
3322 5223 3578 5297 episcOpi

1928 5303 2016 5359 vel
2050 5304 2495 5373 maledictionis,
2526 5304 2617 5361 vel
2664 5310 3307 5380 excommunicationis,
3353 5330 3456 5368 seu
3484 5313 3578 5369 in-

1931 5393 2295 5449 terdictionis
2323 5392 2555 5449 vinculo
2583 5398 2893 5449 teneantur
2922 5398 3162 5454 astricti.

2000 5483 2162 5549 Quod
2196 5483 2244 5538 si
2264 5482 2398 5555 quis
2416 5482 2606 5539 sciens
2628 5483 2777 5539 hanc
2789 5491 3048 5541 nostram
3070 5488 3577 5561 paginam,eontra

1929 5571 2080 5628 hanc
2110 5572 2296 5629 facere
2326 5572 2787 5645 praesumpserit,
2833 5576 3176 5632 auctoritate
3214 5577 3368 5634 beati
3398 5578 3571 5647 Petri,

1929 5660 2024 5721 cui
2047 5660 2326 5722 Conditor
2350 5661 2615 5722 omnium
2662 5660 2883 5740 ligandi
2913 5668 3088 5744 atque
3118 5664 3375 5727 solvendi
3405 5671 3573 5744 pote-
