  <div class='ocr_page' id='page_1' title='image "/cluster/home/n/w/nwhite01/storage/ocr_20150623/151/umn.31951002477444s/309.png"; bbox 0 0 3958 6362; ppageno 0'>
   <div class='ocr_carea' id='block_1_1' title="bbox 380 355 499 420">
    <p class='ocr_par' dir='ltr' id='par_1_1' title="bbox 380 355 499 420">
     <span class='ocr_line' id='line_1_1' title="bbox 380 355 499 420; baseline -0.034 0"><span class='ocrx_word' id='word_1_1' title='bbox 380 355 499 420; x_wconf 76' lang='grc'>487</span> 
     </span>
    </p>
   </div>
   <div class='ocr_carea' id='block_1_2' title="bbox 1673 354 2474 431">
    <p class='ocr_par' dir='ltr' id='par_1_2' title="bbox 1673 354 2474 431">
     <span class='ocr_line' id='line_1_2' title="bbox 1673 354 2474 431; baseline -0.004 -10"><span class='ocrx_word' id='word_1_2' title='bbox 1673 356 1747 421; x_wconf 90' lang='grc' dir='ltr'><strong>Β.</strong></span> <span class='ocrx_word' id='word_1_3' title='bbox 1793 354 2084 422; x_wconf 81' lang='lat' dir='ltr'>URBANI</span> <span class='ocrx_word' id='word_1_4' title='bbox 2122 355 2179 427; x_wconf 80' lang='grc' dir='ltr'>ΙΙ</span> <span class='ocrx_word' id='word_1_5' title='bbox 2224 357 2474 431; x_wconf 66' lang='grc' dir='ltr'>ΡΑΡᾸΕ.</span> 
     </span>
    </p>
   </div>
   <div class='ocr_carea' id='block_1_3' title="bbox 3677 352 3869 431">
    <p class='ocr_par' dir='ltr' id='par_1_3' title="bbox 3677 352 3869 431">
     <span class='ocr_line' id='line_1_3' title="bbox 3677 352 3869 431; baseline 0 -53"><span class='ocrx_word' id='word_1_6' title='bbox 3677 352 3804 431; x_wconf 51' lang='grc' dir='ltr'>ω</span> <span class='ocrx_word' id='word_1_7' title='bbox 3865 374 3869 378; x_wconf 77' lang='lat'>.</span> 
     </span>
    </p>
   </div>
   <div class='ocr_carea' id='block_1_4' title="bbox 383 486 3803 563">
    <p class='ocr_par' dir='ltr' id='par_1_4' title="bbox 383 486 3803 563">
     <span class='ocr_line' id='line_1_4' title="bbox 383 486 3803 563; baseline -0.001 -18"><span class='ocrx_word' id='word_1_8' title='bbox 383 495 592 545; x_wconf 68' lang='lat' dir='ltr'>etatem</span> <span class='ocrx_word' id='word_1_9' title='bbox 624 490 942 558; x_wconf 85' lang='lat' dir='ltr'>commisit,</span> <span class='ocrx_word' id='word_1_10' title='bbox 976 489 1220 547; x_wconf 85' lang='lat' dir='ltr'>ecclesia</span> <span class='ocrx_word' id='word_1_11' title='bbox 1249 495 1443 547; x_wconf 86' lang='lat' dir='ltr'>vestra</span> <span class='ocrx_word' id='word_1_12' title='bbox 1485 495 1540 547; x_wconf 85' lang='lat' dir='ltr'>et</span> <span class='ocrx_word' id='word_1_13' title='bbox 1587 493 1698 563; x_wconf 85' lang='lat' dir='ltr'>ipsi</span> <span class='ocrx_word' id='word_1_14' title='bbox 1759 492 2025 546; x_wconf 79' lang='lat' dir='ltr'>monachi</span> <span class='ocrx_word' id='word_1_15' title='bbox 2060 492 2111 556; x_wconf 82' lang='grc' dir='ltr'><strong>Α</strong></span> <span class='ocrx_word' id='word_1_16' title='bbox 2146 491 2215 544; x_wconf 88' lang='lat' dir='ltr'>rit</span> <span class='ocrx_word' id='word_1_17' title='bbox 2248 492 2555 562; x_wconf 71' lang='lat' dir='ltr'>cpiscopus</span> <span class='ocrx_word' id='word_1_18' title='bbox 2605 492 2940 547; x_wconf 83' lang='lat' dir='ltr'>advocetur.</span> <span class='ocrx_word' id='word_1_19' title='bbox 2985 491 3262 549; x_wconf 81' lang='lat' dir='ltr'>Praeterea</span> <span class='ocrx_word' id='word_1_20' title='bbox 3291 486 3707 547; x_wconf 81' lang='lat' dir='ltr'>constituimus</span> <span class='ocrx_word' id='word_1_21' title='bbox 3738 488 3803 543; x_wconf 89' lang='lat' dir='ltr'>ut</span> 
     </span>
    </p>
   </div>
   <div class='ocr_carea' id='block_1_5' title="bbox 381 579 2033 651">
    <p class='ocr_par' dir='ltr' id='par_1_5' title="bbox 381 579 2033 651">
     <span class='ocr_line' id='line_1_5' title="bbox 381 579 2033 651; baseline 0 -17"><span class='ocrx_word' id='word_1_22' title='bbox 381 579 779 636; x_wconf 78' lang='lat' dir='ltr'>absolvantur.</span> <span class='ocrx_word' id='word_1_23' title='bbox 818 581 886 635; x_wconf 82' lang='lat' dir='ltr'>Et</span> <span class='ocrx_word' id='word_1_24' title='bbox 932 579 985 635; x_wconf 88' lang='lat' dir='ltr'>is</span> <span class='ocrx_word' id='word_1_25' title='bbox 1033 579 1368 651; x_wconf 89' lang='lat' dir='ltr'>quicunque</span> <span class='ocrx_word' id='word_1_26' title='bbox 1427 581 1521 646; x_wconf 88' lang='lat' dir='ltr'>sit,</span> <span class='ocrx_word' id='word_1_27' title='bbox 1558 581 1656 651; x_wconf 88' lang='lat' dir='ltr'>qui</span> <span class='ocrx_word' id='word_1_28' title='bbox 1705 581 2033 651; x_wconf 76' lang='lat' dir='ltr'>apostolicae</span> 
     </span>
    </p>
   </div>
   <div class='ocr_carea' id='block_1_6' title="bbox 2146 574 3803 645">
    <p class='ocr_par' dir='ltr' id='par_1_6' title="bbox 2146 574 3803 645">
     <span class='ocr_line' id='line_1_6' title="bbox 2146 574 3803 645; baseline 0.002 -12"><span class='ocrx_word' id='word_1_29' title='bbox 2146 580 2290 634; x_wconf 81' lang='lat' dir='ltr'>nulli</span> <span class='ocrx_word' id='word_1_30' title='bbox 2323 580 2562 635; x_wconf 86' lang='lat' dir='ltr'>omnino</span> <span class='ocrx_word' id='word_1_31' title='bbox 2594 580 2900 635; x_wconf 86' lang='lat' dir='ltr'>hominum</span> <span class='ocrx_word' id='word_1_32' title='bbox 2943 578 3113 637; x_wconf 87' lang='lat' dir='ltr'>liceat</span> <span class='ocrx_word' id='word_1_33' title='bbox 3160 585 3417 645; x_wconf 83' lang='lat' dir='ltr'>vestrum</span> <span class='ocrx_word' id='word_1_34' title='bbox 3469 574 3803 637; x_wconf 61' lang='lat' dir='ltr'>venerabile</span> 
     </span>
    </p>
   </div>
   <div class='ocr_carea' id='block_1_7' title="bbox 381 665 3798 737">
    <p class='ocr_par' dir='ltr' id='par_1_7' title="bbox 381 665 3798 737">
     <span class='ocr_line' id='line_1_7' title="bbox 381 665 3798 737; baseline -0.001 -15"><span class='ocrx_word' id='word_1_35' title='bbox 381 667 539 723; x_wconf 90' lang='lat' dir='ltr'>sedis</span> <span class='ocrx_word' id='word_1_36' title='bbox 567 666 750 722; x_wconf 77' lang='lat' dir='ltr'>filium</span> <span class='ocrx_word' id='word_1_37' title='bbox 776 666 1114 737; x_wconf 83' lang='lat' dir='ltr'>ligare,sive</span> <span class='ocrx_word' id='word_1_38' title='bbox 1132 668 1478 723; x_wconf 88' lang='lat' dir='ltr'>maledicere</span> <span class='ocrx_word' id='word_1_39' title='bbox 1508 673 1709 724; x_wconf 90' lang='lat' dir='ltr'>contra</span> <span class='ocrx_word' id='word_1_40' title='bbox 1738 669 2034 723; x_wconf 89' lang='lat' dir='ltr'>decretum</span> <span class='ocrx_word' id='word_1_41' title='bbox 2142 668 2468 724; x_wconf 76' lang='lat' dir='ltr'>cmnobium</span> <span class='ocrx_word' id='word_1_42' title='bbox 2495 672 2550 724; x_wconf 88' lang='lat' dir='ltr'>et</span> <span class='ocrx_word' id='word_1_43' title='bbox 2600 668 2727 724; x_wconf 85' lang='lat' dir='ltr'>loca</span> <span class='ocrx_word' id='word_1_44' title='bbox 2770 668 2820 723; x_wconf 92' lang='lat' dir='ltr'>ei</span> <span class='ocrx_word' id='word_1_45' title='bbox 2872 668 3109 735; x_wconf 86' lang='lat' dir='ltr'>subdita</span> <span class='ocrx_word' id='word_1_46' title='bbox 3164 671 3383 733; x_wconf 84' lang='lat' dir='ltr'>temere</span> <span class='ocrx_word' id='word_1_47' title='bbox 3434 665 3798 737; x_wconf 86' lang='lat' dir='ltr'>perturbare,</span> 
     </span>
    </p>
   </div>
   <div class='ocr_carea' id='block_1_8' title="bbox 380 754 2032 829">
    <p class='ocr_par' dir='ltr' id='par_1_8' title="bbox 380 754 2032 829">
     <span class='ocr_line' id='line_1_8' title="bbox 380 754 2032 829; baseline -0.001 -18"><span class='ocrx_word' id='word_1_48' title='bbox 380 760 648 813; x_wconf 85' lang='lat' dir='ltr'>nostrum</span> <span class='ocrx_word' id='word_1_49' title='bbox 705 754 972 822; x_wconf 88' lang='lat' dir='ltr'>voluerit,</span> <span class='ocrx_word' id='word_1_50' title='bbox 1017 754 1425 813; x_wconf 87' lang='lat' dir='ltr'>maledictione</span> <span class='ocrx_word' id='word_1_51' title='bbox 1484 755 2032 829; x_wconf 64' lang='lat' dir='ltr'>perpetualigetur,</span> 
     </span>
    </p>
   </div>
   <div class='ocr_carea' id='block_1_9' title="bbox 380 843 2030 917">
    <p class='ocr_par' dir='ltr' id='par_1_9' title="bbox 380 843 2030 917">
     <span class='ocr_line' id='line_1_9' title="bbox 380 843 2030 917; baseline -0.001 -16"><span class='ocrx_word' id='word_1_52' title='bbox 380 843 924 911; x_wconf 85' lang='lat' dir='ltr'>anathematizetur,</span> <span class='ocrx_word' id='word_1_53' title='bbox 957 844 1397 900; x_wconf 84' lang='lat' dir='ltr'>condemnetur.</span> <span class='ocrx_word' id='word_1_54' title='bbox 1431 845 1491 901; x_wconf 91' lang='lat' dir='ltr'>Si</span> <span class='ocrx_word' id='word_1_55' title='bbox 1540 862 1657 917; x_wconf 88' lang='lat' dir='ltr'>qua</span> <span class='ocrx_word' id='word_1_56' title='bbox 1705 861 1834 901; x_wconf 88' lang='lat' dir='ltr'>vero</span> <span class='ocrx_word' id='word_1_57' title='bbox 1875 861 2030 900; x_wconf 88' lang='lat' dir='ltr'>com-</span> 
     </span>
    </p>
   </div>
   <div class='ocr_carea' id='block_1_10' title="bbox 379 932 2031 1006">
    <p class='ocr_par' dir='ltr' id='par_1_10' title="bbox 379 932 2031 1006">
     <span class='ocr_line' id='line_1_10' title="bbox 379 932 2031 1006; baseline -0.001 -17"><span class='ocrx_word' id='word_1_58' title='bbox 379 938 584 1005; x_wconf 78' lang='lat' dir='ltr'>petens</span> <span class='ocrx_word' id='word_1_59' title='bbox 636 936 784 989; x_wconf 81' lang='lat' dir='ltr'>ratio</span> <span class='ocrx_word' id='word_1_60' title='bbox 814 933 1093 988; x_wconf 88' lang='lat' dir='ltr'>adversus</span> <span class='ocrx_word' id='word_1_61' title='bbox 1141 932 1465 1006; x_wconf 86' lang='lat' dir='ltr'>quidquam</span> <span class='ocrx_word' id='word_1_62' title='bbox 1504 934 1766 1001; x_wconf 89' lang='lat' dir='ltr'>moverit,</span> <span class='ocrx_word' id='word_1_63' title='bbox 1821 937 1879 988; x_wconf 93' lang='lat' dir='ltr'>et</span> <span class='ocrx_word' id='word_1_64' title='bbox 1922 933 2031 988; x_wconf 93' lang='lat' dir='ltr'>hoc</span> 
     </span>
    </p>
   </div>
   <div class='ocr_carea' id='block_1_11' title="bbox 378 1019 2029 1093">
    <p class='ocr_par' dir='ltr' id='par_1_11' title="bbox 378 1019 2029 1093">
     <span class='ocr_line' id='line_1_11' title="bbox 378 1019 2029 1093; baseline 0 -16"><span class='ocrx_word' id='word_1_65' title='bbox 378 1021 546 1077; x_wconf 92' lang='lat' dir='ltr'>aliter</span> <span class='ocrx_word' id='word_1_66' title='bbox 573 1019 950 1077; x_wconf 81' lang='lat' dir='ltr'>determinari</span> <span class='ocrx_word' id='word_1_67' title='bbox 980 1021 1071 1077; x_wconf 86' lang='lat' dir='ltr'>vel</span> <span class='ocrx_word' id='word_1_68' title='bbox 1102 1021 1346 1077; x_wconf 82' lang='lat' dir='ltr'>difﬁniri</span> <span class='ocrx_word' id='word_1_69' title='bbox 1368 1022 1715 1093; x_wconf 85' lang='lat' dir='ltr'>nequiverit,</span> <span class='ocrx_word' id='word_1_70' title='bbox 1735 1021 2029 1093; x_wconf 85' lang='lat' dir='ltr'>judicium</span> 
     </span>
    </p>
   </div>
   <div class='ocr_carea' id='block_1_12' title="bbox 379 1109 2030 1183">
    <p class='ocr_par' dir='ltr' id='par_1_12' title="bbox 379 1109 2030 1183">
     <span class='ocr_line' id='line_1_12' title="bbox 379 1109 2030 1183; baseline 0 -18"><span class='ocrx_word' id='word_1_71' title='bbox 379 1109 789 1182; x_wconf 88' lang='lat' dir='ltr'>apostolicum,</span> <span class='ocrx_word' id='word_1_72' title='bbox 824 1109 979 1180; x_wconf 92' lang='lat' dir='ltr'>quod</span> <span class='ocrx_word' id='word_1_73' title='bbox 1031 1110 1180 1166; x_wconf 91' lang='lat' dir='ltr'>nulli</span> <span class='ocrx_word' id='word_1_74' title='bbox 1231 1110 1631 1183; x_wconf 64' lang='lat' dir='ltr'>prajudicium</span> <span class='ocrx_word' id='word_1_75' title='bbox 1675 1110 2030 1182; x_wconf 64' lang='lat' dir='ltr'>praetendere</span> 
     </span>
    </p>
   </div>
   <div class='ocr_carea' id='block_1_13' title="bbox 377 1196 2029 1272">
    <p class='ocr_par' dir='ltr' id='par_1_13' title="bbox 377 1196 2029 1272">
     <span class='ocr_line' id='line_1_13' title="bbox 377 1196 2029 1272; baseline -0.001 -19"><span class='ocrx_word' id='word_1_76' title='bbox 377 1198 804 1269; x_wconf 88' lang='lat' dir='ltr'>patitur,super</span> <span class='ocrx_word' id='word_1_77' title='bbox 832 1196 941 1252; x_wconf 88' lang='lat' dir='ltr'>hoc</span> <span class='ocrx_word' id='word_1_78' title='bbox 973 1197 1261 1269; x_wconf 83' lang='lat' dir='ltr'>patienter</span> <span class='ocrx_word' id='word_1_79' title='bbox 1288 1198 1668 1272; x_wconf 67' lang='lat' dir='ltr'>praestoletur,</span> <span class='ocrx_word' id='word_1_80' title='bbox 1702 1204 1760 1254; x_wconf 88' lang='lat' dir='ltr'>et</span> <span class='ocrx_word' id='word_1_81' title='bbox 1788 1197 2029 1253; x_wconf 91' lang='lat' dir='ltr'>humili-</span> 
     </span>
    </p>
   </div>
   <div class='ocr_carea' id='block_1_14' title="bbox 376 1285 2025 1365">
    <p class='ocr_par' dir='ltr' id='par_1_14' title="bbox 376 1285 2025 1365">
     <span class='ocr_line' id='line_1_14' title="bbox 376 1285 2025 1365; baseline -0.001 -22"><span class='ocrx_word' id='word_1_82' title='bbox 376 1289 466 1343; x_wconf 84' lang='lat' dir='ltr'>ter</span> <span class='ocrx_word' id='word_1_83' title='bbox 492 1285 1051 1365; x_wconf 78' lang='lat' dir='ltr'>requiratur.Lioeat</span> <span class='ocrx_word' id='word_1_84' title='bbox 1081 1303 1315 1358; x_wconf 90' lang='lat' dir='ltr'>quoque</span> <span class='ocrx_word' id='word_1_85' title='bbox 1344 1286 1507 1343; x_wconf 81' lang='lat' dir='ltr'>vobis</span> <span class='ocrx_word' id='word_1_86' title='bbox 1528 1302 1632 1343; x_wconf 91' lang='lat' dir='ltr'>ceu</span> <span class='ocrx_word' id='word_1_87' title='bbox 1663 1285 1944 1342; x_wconf 86' lang='lat' dir='ltr'>fratribus</span> <span class='ocrx_word' id='word_1_88' title='bbox 1966 1285 2025 1341; x_wconf 90' lang='lat' dir='ltr'>in</span> 
     </span>
    </p>
   </div>
   <div class='ocr_carea' id='block_1_15' title="bbox 376 1372 2027 1447">
    <p class='ocr_par' dir='ltr' id='par_1_15' title="bbox 376 1372 2027 1447">
     <span class='ocr_line' id='line_1_15' title="bbox 376 1372 2027 1447; baseline -0.001 -16"><span class='ocrx_word' id='word_1_89' title='bbox 376 1373 639 1433; x_wconf 87' lang='lat' dir='ltr'>ecclesiis</span> <span class='ocrx_word' id='word_1_90' title='bbox 669 1372 876 1428; x_wconf 88' lang='lat' dir='ltr'>vestris</span> <span class='ocrx_word' id='word_1_91' title='bbox 906 1375 1276 1446; x_wconf 85' lang='lat' dir='ltr'>presbyteros</span> <span class='ocrx_word' id='word_1_92' title='bbox 1326 1374 1561 1447; x_wconf 85' lang='lat' dir='ltr'>eligere,</span> <span class='ocrx_word' id='word_1_93' title='bbox 1604 1375 1686 1429; x_wconf 90' lang='lat' dir='ltr'>ita</span> <span class='ocrx_word' id='word_1_94' title='bbox 1731 1379 1928 1430; x_wconf 89' lang='lat' dir='ltr'>tamen</span> <span class='ocrx_word' id='word_1_95' title='bbox 1960 1378 2027 1430; x_wconf 89' lang='lat' dir='ltr'>ut</span> 
     </span>
    </p>
   </div>
   <div class='ocr_carea' id='block_1_16' title="bbox 376 1461 2025 1535">
    <p class='ocr_par' dir='ltr' id='par_1_16' title="bbox 376 1461 2025 1535">
     <span class='ocr_line' id='line_1_16' title="bbox 376 1461 2025 1535; baseline 0.001 -17"><span class='ocrx_word' id='word_1_96' title='bbox 376 1464 451 1518; x_wconf 92' lang='lat' dir='ltr'>ab</span> <span class='ocrx_word' id='word_1_97' title='bbox 478 1461 786 1534; x_wconf 84' lang='lat' dir='ltr'>episcopis,</span> <span class='ocrx_word' id='word_1_98' title='bbox 819 1461 909 1517; x_wconf 89' lang='lat' dir='ltr'>vel</span> <span class='ocrx_word' id='word_1_99' title='bbox 930 1462 1005 1517; x_wconf 92' lang='lat' dir='ltr'>ab</span> <span class='ocrx_word' id='word_1_100' title='bbox 1027 1462 1432 1535; x_wconf 79' lang='lat' dir='ltr'>episcOpomm</span> <span class='ocrx_word' id='word_1_101' title='bbox 1450 1462 1681 1519; x_wconf 90' lang='lat' dir='ltr'>vicariis</span> <span class='ocrx_word' id='word_1_102' title='bbox 1693 1464 2025 1519; x_wconf 88' lang='lat' dir='ltr'>animarum</span> 
     </span>
    </p>
   </div>
   <div class='ocr_carea' id='block_1_17' title="bbox 374 1549 2023 1625">
    <p class='ocr_par' dir='ltr' id='par_1_17' title="bbox 374 1549 2023 1625">
     <span class='ocr_line' id='line_1_17' title="bbox 374 1549 2023 1625; baseline 0.001 -20"><span class='ocrx_word' id='word_1_103' title='bbox 374 1567 574 1606; x_wconf 90' lang='lat' dir='ltr'>curam</span> <span class='ocrx_word' id='word_1_104' title='bbox 605 1551 828 1622; x_wconf 85' lang='lat' dir='ltr'>absque</span> <span class='ocrx_word' id='word_1_105' title='bbox 852 1549 1162 1607; x_wconf 85' lang='lat' dir='ltr'>venalitate</span> <span class='ocrx_word' id='word_1_106' title='bbox 1194 1552 1538 1625; x_wconf 84' lang='lat' dir='ltr'>suscipiant,</span> <span class='ocrx_word' id='word_1_107' title='bbox 1571 1569 1717 1623; x_wconf 89' lang='lat' dir='ltr'>quas</span> <span class='ocrx_word' id='word_1_108' title='bbox 1764 1551 1815 1607; x_wconf 92' lang='lat' dir='ltr'>si</span> <span class='ocrx_word' id='word_1_109' title='bbox 1864 1568 2023 1606; x_wconf 86' lang='lat' dir='ltr'>com-</span> 
     </span>
    </p>
   </div>
   <div class='ocr_carea' id='block_1_18' title="bbox 375 1638 2024 1711">
    <p class='ocr_par' dir='ltr' id='par_1_18' title="bbox 375 1638 2024 1711">
     <span class='ocr_line' id='line_1_18' title="bbox 375 1638 2024 1711; baseline 0 -15"><span class='ocrx_word' id='word_1_110' title='bbox 375 1640 603 1696; x_wconf 89' lang='lat' dir='ltr'>mittere</span> <span class='ocrx_word' id='word_1_111' title='bbox 632 1638 899 1711; x_wconf 86' lang='lat' dir='ltr'>illi,quod</span> <span class='ocrx_word' id='word_1_112' title='bbox 932 1640 1107 1705; x_wconf 88' lang='lat' dir='ltr'>absit,</span> <span class='ocrx_word' id='word_1_113' title='bbox 1141 1656 1209 1695; x_wconf 82' lang='lat' dir='ltr'>ex</span> <span class='ocrx_word' id='word_1_114' title='bbox 1238 1640 1523 1711; x_wconf 86' lang='lat' dir='ltr'>pravitate</span> <span class='ocrx_word' id='word_1_115' title='bbox 1554 1639 1867 1705; x_wconf 90' lang='lat' dir='ltr'>noluerint,</span> <span class='ocrx_word' id='word_1_116' title='bbox 1886 1644 2024 1696; x_wconf 90' lang='lat' dir='ltr'>tunc</span> 
     </span>
    </p>
   </div>
   <div class='ocr_carea' id='block_1_19' title="bbox 376 1727 2025 1802">
    <p class='ocr_par' dir='ltr' id='par_1_19' title="bbox 376 1727 2025 1802">
     <span class='ocr_line' id='line_1_19' title="bbox 376 1727 2025 1802; baseline 0.001 -20"><span class='ocrx_word' id='word_1_117' title='bbox 376 1728 696 1802; x_wconf 79' lang='lat' dir='ltr'>presbyteri</span> <span class='ocrx_word' id='word_1_118' title='bbox 743 1744 812 1782; x_wconf 77' lang='lat' dir='ltr'>ex</span> <span class='ocrx_word' id='word_1_119' title='bbox 858 1727 1189 1799; x_wconf 74' lang='lat' dir='ltr'>apostolicis</span> <span class='ocrx_word' id='word_1_120' title='bbox 1239 1728 1395 1784; x_wconf 89' lang='lat' dir='ltr'>sedis</span> <span class='ocrx_word' id='word_1_121' title='bbox 1444 1729 1802 1801; x_wconf 83' lang='lat' dir='ltr'>benignitate</span> <span class='ocrx_word' id='word_1_122' title='bbox 1832 1728 2025 1784; x_wconf 84' lang='lat' dir='ltr'>ofﬁcia</span> 
     </span>
    </p>
   </div>
   <div class='ocr_carea' id='block_1_20' title="bbox 373 1816 2018 1889">
    <p class='ocr_par' dir='ltr' id='par_1_20' title="bbox 373 1816 2018 1889">
     <span class='ocr_line' id='line_1_20' title="bbox 373 1816 2018 1889; baseline 0.001 -17"><span class='ocrx_word' id='word_1_123' title='bbox 373 1816 706 1873; x_wconf 84' lang='lat' dir='ltr'>celebrandi</span> <span class='ocrx_word' id='word_1_124' title='bbox 728 1816 1020 1872; x_wconf 87' lang='lat' dir='ltr'>licentiam</span> <span class='ocrx_word' id='word_1_125' title='bbox 1040 1816 1848 1889; x_wconf 78' lang='lat' dir='ltr'>assequentur.Ecclesiarum</span> <span class='ocrx_word' id='word_1_126' title='bbox 1866 1834 2018 1883; x_wconf 91' lang='lat' dir='ltr'>vero,</span> 
     </span>
    </p>
   </div>
   <div class='ocr_carea' id='block_1_21' title="bbox 372 1904 2017 1978">
    <p class='ocr_par' dir='ltr' id='par_1_21' title="bbox 372 1904 2017 1978">
     <span class='ocr_line' id='line_1_21' title="bbox 372 1904 2017 1978; baseline -0.001 -15"><span class='ocrx_word' id='word_1_127' title='bbox 372 1922 475 1963; x_wconf 91' lang='lat' dir='ltr'>seu</span> <span class='ocrx_word' id='word_1_128' title='bbox 507 1904 780 1961; x_wconf 82' lang='lat' dir='ltr'>altarium</span> <span class='ocrx_word' id='word_1_129' title='bbox 813 1905 1279 1963; x_wconf 88' lang='lat' dir='ltr'>consecrationes</span> <span class='ocrx_word' id='word_1_130' title='bbox 1328 1908 1399 1962; x_wconf 88' lang='lat' dir='ltr'>ab</span> <span class='ocrx_word' id='word_1_131' title='bbox 1449 1906 1737 1978; x_wconf 89' lang='lat' dir='ltr'>episcopis</span> <span class='ocrx_word' id='word_1_132' title='bbox 1785 1905 1843 1961; x_wconf 92' lang='lat' dir='ltr'>in</span> <span class='ocrx_word' id='word_1_133' title='bbox 1874 1922 2017 1977; x_wconf 90' lang='lat' dir='ltr'>quo-</span> 
     </span>
    </p>
   </div>
   <div class='ocr_carea' id='block_1_22' title="bbox 370 1993 2017 2061">
    <p class='ocr_par' dir='ltr' id='par_1_22' title="bbox 370 1993 2017 2061">
     <span class='ocr_line' id='line_1_22' title="bbox 370 1993 2017 2061; baseline 0.001 -12"><span class='ocrx_word' id='word_1_134' title='bbox 370 2011 503 2050; x_wconf 92' lang='lat' dir='ltr'>rum</span> <span class='ocrx_word' id='word_1_135' title='bbox 533 1993 878 2049; x_wconf 70' lang='lat' dir='ltr'>dimcesibus</span> <span class='ocrx_word' id='word_1_136' title='bbox 908 1999 1069 2061; x_wconf 90' lang='lat' dir='ltr'>sunt,</span> <span class='ocrx_word' id='word_1_137' title='bbox 1121 1993 1382 2051; x_wconf 89' lang='lat' dir='ltr'>locorum</span> <span class='ocrx_word' id='word_1_138' title='bbox 1434 1998 1763 2050; x_wconf 88' lang='lat' dir='ltr'>vestrorum</span> <span class='ocrx_word' id='word_1_139' title='bbox 1808 1994 2017 2051; x_wconf 84' lang='lat' dir='ltr'>fratres</span> 
     </span>
    </p>
   </div>
   <div class='ocr_carea' id='block_1_23' title="bbox 370 2081 2015 2156">
    <p class='ocr_par' dir='ltr' id='par_1_23' title="bbox 370 2081 2015 2156">
     <span class='ocr_line' id='line_1_23' title="bbox 370 2081 2015 2156; baseline -0.001 -17"><span class='ocrx_word' id='word_1_140' title='bbox 370 2083 689 2156; x_wconf 88' lang='lat' dir='ltr'>accipiant;</span> <span class='ocrx_word' id='word_1_141' title='bbox 723 2081 1013 2154; x_wconf 85' lang='lat' dir='ltr'>siquidem</span> <span class='ocrx_word' id='word_1_142' title='bbox 1044 2084 1226 2153; x_wconf 77' lang='lat' dir='ltr'>gratis</span> <span class='ocrx_word' id='word_1_143' title='bbox 1254 2100 1320 2139; x_wconf 88' lang='lat' dir='ltr'>ac</span> <span class='ocrx_word' id='word_1_144' title='bbox 1349 2083 1476 2139; x_wconf 88' lang='lat' dir='ltr'>sine</span> <span class='ocrx_word' id='word_1_145' title='bbox 1508 2082 1790 2154; x_wconf 88' lang='lat' dir='ltr'>pravitate</span> <span class='ocrx_word' id='word_1_146' title='bbox 1820 2082 2015 2138; x_wconf 88' lang='lat' dir='ltr'>volue-</span> 
     </span>
    </p>
   </div>
   <div class='ocr_carea' id='block_1_24' title="bbox 369 2170 2018 2243">
    <p class='ocr_par' dir='ltr' id='par_1_24' title="bbox 369 2170 2018 2243">
     <span class='ocr_line' id='line_1_24' title="bbox 369 2170 2018 2243; baseline -0.001 -17"><span class='ocrx_word' id='word_1_147' title='bbox 369 2172 488 2227; x_wconf 89' lang='lat' dir='ltr'>rint</span> <span class='ocrx_word' id='word_1_148' title='bbox 517 2170 1085 2243; x_wconf 83' lang='lat' dir='ltr'>exhibere.Alioquin</span> <span class='ocrx_word' id='word_1_149' title='bbox 1116 2190 1149 2228; x_wconf 89' lang='lat' dir='ltr'>a</span> <span class='ocrx_word' id='word_1_150' title='bbox 1180 2170 1484 2237; x_wconf 89' lang='lat' dir='ltr'>catholico,</span> <span class='ocrx_word' id='word_1_151' title='bbox 1539 2187 1714 2243; x_wconf 89' lang='lat' dir='ltr'>quem</span> <span class='ocrx_word' id='word_1_152' title='bbox 1747 2170 2018 2227; x_wconf 86' lang='lat' dir='ltr'>malueri-</span> 
     </span>
    </p>
   </div>
   <div class='ocr_carea' id='block_1_25' title="bbox 368 2260 2016 2333">
    <p class='ocr_par' dir='ltr' id='par_1_25' title="bbox 368 2260 2016 2333">
     <span class='ocr_line' id='line_1_25' title="bbox 368 2260 2016 2333; baseline 0 -18"><span class='ocrx_word' id='word_1_153' title='bbox 368 2261 462 2325; x_wconf 87' lang='lat' dir='ltr'>tis,</span> <span class='ocrx_word' id='word_1_154' title='bbox 497 2260 764 2333; x_wconf 89' lang='lat' dir='ltr'>episcopo</span> <span class='ocrx_word' id='word_1_155' title='bbox 795 2261 1303 2316; x_wconf 87' lang='lat' dir='ltr'>consecrationum</span> <span class='ocrx_word' id='word_1_156' title='bbox 1353 2260 1617 2331; x_wconf 89' lang='lat' dir='ltr'>ipsarum</span> <span class='ocrx_word' id='word_1_157' title='bbox 1650 2264 2016 2316; x_wconf 89' lang='lat' dir='ltr'>sacramenta</span> 
     </span>
    </p>
   </div>
   <div class='ocr_carea' id='block_1_26' title="bbox 369 2348 716 2421">
    <p class='ocr_par' dir='ltr' id='par_1_26' title="bbox 369 2348 716 2421">
     <span class='ocr_line' id='line_1_26' title="bbox 369 2348 716 2421; baseline -0.006 -16"><span class='ocrx_word' id='word_1_158' title='bbox 369 2348 716 2421; x_wconf 88' lang='lat' dir='ltr'>suscipiant.</span> 
     </span>
    </p>
   </div>
   <div class='ocr_carea' id='block_1_27' title="bbox 435 2435 2013 2509">
    <p class='ocr_par' dir='ltr' id='par_1_27' title="bbox 435 2435 2013 2509">
     <span class='ocr_line' id='line_1_27' title="bbox 435 2435 2013 2509; baseline -0.002 -15"><span class='ocrx_word' id='word_1_159' title='bbox 435 2437 813 2495; x_wconf 89' lang='lat' dir='ltr'>Decernimus</span> <span class='ocrx_word' id='word_1_160' title='bbox 841 2437 1016 2492; x_wconf 91' lang='lat' dir='ltr'>etiam</span> <span class='ocrx_word' id='word_1_161' title='bbox 1049 2435 1207 2492; x_wconf 90' lang='lat' dir='ltr'>illius</span> <span class='ocrx_word' id='word_1_162' title='bbox 1238 2436 1406 2506; x_wconf 78' lang='lat' dir='ltr'>cuius</span> <span class='ocrx_word' id='word_1_163' title='bbox 1436 2436 1580 2506; x_wconf 87' lang='lat' dir='ltr'>vice,</span> <span class='ocrx_word' id='word_1_164' title='bbox 1613 2437 1880 2509; x_wconf 88' lang='lat' dir='ltr'>quamvis</span> <span class='ocrx_word' id='word_1_165' title='bbox 1920 2437 2013 2491; x_wconf 92' lang='lat' dir='ltr'>in-</span> 
     </span>
    </p>
   </div>
   <div class='ocr_carea' id='block_1_28' title="bbox 365 2524 2013 2601">
    <p class='ocr_par' dir='ltr' id='par_1_28' title="bbox 365 2524 2013 2601">
     <span class='ocr_line' id='line_1_28' title="bbox 365 2524 2013 2601; baseline -0.001 -19"><span class='ocrx_word' id='word_1_166' title='bbox 365 2526 548 2601; x_wconf 81' lang='lat' dir='ltr'>digni,</span> <span class='ocrx_word' id='word_1_167' title='bbox 580 2525 964 2600; x_wconf 83' lang='lat' dir='ltr'>fungimur,et</span> <span class='ocrx_word' id='word_1_168' title='bbox 994 2524 1333 2582; x_wconf 82' lang='lat' dir='ltr'>auctoritate</span> <span class='ocrx_word' id='word_1_169' title='bbox 1380 2525 1697 2594; x_wconf 89' lang='lat' dir='ltr'>sancimus,</span> <span class='ocrx_word' id='word_1_170' title='bbox 1748 2530 1815 2581; x_wconf 85' lang='lat' dir='ltr'>ut</span> <span class='ocrx_word' id='word_1_171' title='bbox 1856 2526 2013 2582; x_wconf 90' lang='lat' dir='ltr'>idem</span> 
     </span>
    </p>
   </div>
   <div class='ocr_carea' id='block_1_29' title="bbox 363 2613 2010 2671">
    <p class='ocr_par' dir='ltr' id='par_1_29' title="bbox 363 2613 2010 2671">
     <span class='ocr_line' id='line_1_29' title="bbox 363 2613 2010 2671; baseline 0 -1"><span class='ocrx_word' id='word_1_172' title='bbox 363 2616 527 2671; x_wconf 92' lang='lat' dir='ltr'>locus</span> <span class='ocrx_word' id='word_1_173' title='bbox 584 2619 641 2671; x_wconf 92' lang='lat' dir='ltr'>et</span> <span class='ocrx_word' id='word_1_174' title='bbox 696 2614 823 2671; x_wconf 87' lang='lat' dir='ltr'>loca</span> <span class='ocrx_word' id='word_1_175' title='bbox 877 2614 925 2669; x_wconf 91' lang='lat' dir='ltr'>ei</span> <span class='ocrx_word' id='word_1_176' title='bbox 987 2613 1224 2670; x_wconf 89' lang='lat' dir='ltr'>subdita</span> <span class='ocrx_word' id='word_1_177' title='bbox 1290 2615 1565 2669; x_wconf 88' lang='lat' dir='ltr'>omnibus</span> <span class='ocrx_word' id='word_1_178' title='bbox 1631 2615 1703 2670; x_wconf 92' lang='lat' dir='ltr'>ob</span> <span class='ocrx_word' id='word_1_179' title='bbox 1759 2613 2010 2670; x_wconf 90' lang='lat' dir='ltr'>salutem</span> 
     </span>
    </p>
   </div>
   <div class='ocr_carea' id='block_1_30' title="bbox 363 2702 2011 2776">
    <p class='ocr_par' dir='ltr' id='par_1_30' title="bbox 363 2702 2011 2776">
     <span class='ocr_line' id='line_1_30' title="bbox 363 2702 2011 2776; baseline 0.001 -17"><span class='ocrx_word' id='word_1_180' title='bbox 363 2703 836 2776; x_wconf 80' lang='lat' dir='ltr'>confugientibus</span> <span class='ocrx_word' id='word_1_181' title='bbox 869 2702 989 2758; x_wconf 91' lang='lat' dir='ltr'>sint</span> <span class='ocrx_word' id='word_1_182' title='bbox 1017 2702 1433 2758; x_wconf 78' lang='lat' dir='ltr'>misericordiae</span> <span class='ocrx_word' id='word_1_183' title='bbox 1462 2702 1650 2771; x_wconf 91' lang='lat' dir='ltr'>sinus,</span> <span class='ocrx_word' id='word_1_184' title='bbox 1688 2703 1808 2757; x_wconf 91' lang='lat' dir='ltr'>sint</span> <span class='ocrx_word' id='word_1_185' title='bbox 1831 2703 2011 2760; x_wconf 87' lang='lat' dir='ltr'>totius</span> 
     </span>
    </p>
   </div>
   <div class='ocr_carea' id='block_1_31' title="bbox 363 2789 2008 2865">
    <p class='ocr_par' dir='ltr' id='par_1_31' title="bbox 363 2789 2008 2865">
     <span class='ocr_line' id='line_1_31' title="bbox 363 2789 2008 2865; baseline 0.001 -19"><span class='ocrx_word' id='word_1_186' title='bbox 363 2791 595 2865; x_wconf 90' lang='lat' dir='ltr'>pietatis</span> <span class='ocrx_word' id='word_1_187' title='bbox 652 2795 710 2846; x_wconf 90' lang='lat' dir='ltr'>et</span> <span class='ocrx_word' id='word_1_188' title='bbox 739 2789 948 2847; x_wconf 89' lang='lat' dir='ltr'>salutis</span> <span class='ocrx_word' id='word_1_189' title='bbox 996 2795 1238 2863; x_wconf 91' lang='lat' dir='ltr'>portus;</span> <span class='ocrx_word' id='word_1_190' title='bbox 1271 2792 1535 2848; x_wconf 86' lang='lat' dir='ltr'>obtineat</span> <span class='ocrx_word' id='word_1_191' title='bbox 1583 2792 1641 2845; x_wconf 91' lang='lat' dir='ltr'>in</span> <span class='ocrx_word' id='word_1_192' title='bbox 1696 2792 1768 2846; x_wconf 91' lang='lat' dir='ltr'>iis</span> <span class='ocrx_word' id='word_1_193' title='bbox 1813 2791 2008 2847; x_wconf 90' lang='lat' dir='ltr'>locum</span> 
     </span>
    </p>
   </div>
   <div class='ocr_carea' id='block_1_32' title="bbox 354 2877 2005 2952">
    <p class='ocr_par' dir='ltr' id='par_1_32' title="bbox 354 2877 2005 2952">
     <span class='ocr_line' id='line_1_32' title="bbox 354 2877 2005 2952; baseline -0.001 -15"><span class='ocrx_word' id='word_1_194' title='bbox 354 2883 578 2952; x_wconf 89' lang='lat' dir='ltr'>justus,</span> <span class='ocrx_word' id='word_1_195' title='bbox 612 2896 716 2935; x_wconf 90' lang='lat' dir='ltr'>nec</span> <span class='ocrx_word' id='word_1_196' title='bbox 764 2877 1081 2950; x_wconf 89' lang='lat' dir='ltr'>repellatur</span> <span class='ocrx_word' id='word_1_197' title='bbox 1127 2880 1405 2951; x_wconf 81' lang='lat' dir='ltr'>pcenitere</span> <span class='ocrx_word' id='word_1_198' title='bbox 1450 2878 1648 2935; x_wconf 90' lang='lat' dir='ltr'>volens</span> <span class='ocrx_word' id='word_1_199' title='bbox 1700 2880 2005 2952; x_wconf 89' lang='lat' dir='ltr'>injustus;</span> 
     </span>
    </p>
   </div>
   <div class='ocr_carea' id='block_1_33' title="bbox 362 2966 2009 3041">
    <p class='ocr_par' dir='ltr' id='par_1_33' title="bbox 362 2966 2009 3041">
     <span class='ocr_line' id='line_1_33' title="bbox 362 2966 2009 3041; baseline 0 -17"><span class='ocrx_word' id='word_1_200' title='bbox 362 2968 688 3041; x_wconf 66' lang='lat' dir='ltr'>prabeatur</span> <span class='ocrx_word' id='word_1_201' title='bbox 715 2966 1125 3023; x_wconf 88' lang='lat' dir='ltr'>innocentibus</span> <span class='ocrx_word' id='word_1_202' title='bbox 1155 2967 1410 3024; x_wconf 90' lang='lat' dir='ltr'>charitas</span> <span class='ocrx_word' id='word_1_203' title='bbox 1437 2972 1654 3024; x_wconf 69' lang='lat' dir='ltr'>mutua:</span> <span class='ocrx_word' id='word_1_204' title='bbox 1686 2969 2009 3025; x_wconf 85' lang='lat' dir='ltr'>fraternita-</span> 
     </span>
    </p>
   </div>
   <div class='ocr_carea' id='block_1_34' title="bbox 360 3056 2008 3130">
    <p class='ocr_par' dir='ltr' id='par_1_34' title="bbox 360 3056 2008 3130">
     <span class='ocr_line' id='line_1_34' title="bbox 360 3056 2008 3130; baseline 0.001 -18"><span class='ocrx_word' id='word_1_205' title='bbox 360 3058 460 3127; x_wconf 89' lang='lat' dir='ltr'>tis,</span> <span class='ocrx_word' id='word_1_206' title='bbox 493 3073 608 3112; x_wconf 90' lang='lat' dir='ltr'>non</span> <span class='ocrx_word' id='word_1_207' title='bbox 636 3059 878 3128; x_wconf 84' lang='lat' dir='ltr'>negetur</span> <span class='ocrx_word' id='word_1_208' title='bbox 904 3056 1140 3113; x_wconf 78' lang='lat' dir='ltr'>oll&#39;cnsis</span> <span class='ocrx_word' id='word_1_209' title='bbox 1171 3072 1306 3129; x_wconf 88' lang='lat' dir='ltr'>spes</span> <span class='ocrx_word' id='word_1_210' title='bbox 1335 3056 1543 3114; x_wconf 90' lang='lat' dir='ltr'>salutis</span> <span class='ocrx_word' id='word_1_211' title='bbox 1566 3061 1622 3112; x_wconf 91' lang='lat' dir='ltr'>et</span> <span class='ocrx_word' id='word_1_212' title='bbox 1642 3057 2008 3130; x_wconf 85' lang='lat' dir='ltr'>indulgentia</span> 
     </span>
    </p>
   </div>
   <div class='ocr_carea' id='block_1_35' title="bbox 361 3142 2007 3218">
    <p class='ocr_par' dir='ltr' id='par_1_35' title="bbox 361 3142 2007 3218">
     <span class='ocr_line' id='line_1_35' title="bbox 361 3142 2007 3218; baseline 0.002 -19"><span class='ocrx_word' id='word_1_213' title='bbox 361 3144 690 3217; x_wconf 89' lang='lat' dir='ltr'>pietatis.Et</span> <span class='ocrx_word' id='word_1_214' title='bbox 718 3143 767 3199; x_wconf 92' lang='lat' dir='ltr'>si</span> <span class='ocrx_word' id='word_1_215' title='bbox 799 3142 1010 3215; x_wconf 85' lang='lat' dir='ltr'>aliquis</span> <span class='ocrx_word' id='word_1_216' title='bbox 1037 3147 1212 3200; x_wconf 89' lang='lat' dir='ltr'>etiam</span> <span class='ocrx_word' id='word_1_217' title='bbox 1262 3146 1665 3217; x_wconf 83' lang='lat' dir='ltr'>cujuscunque</span> <span class='ocrx_word' id='word_1_218' title='bbox 1714 3143 2007 3218; x_wconf 86' lang='lat' dir='ltr'>obligatus</span> 
     </span>
    </p>
   </div>
   <div class='ocr_carea' id='block_1_36' title="bbox 361 3217 2078 3291">
    <p class='ocr_par' dir='ltr' id='par_1_36' title="bbox 361 3217 2078 3291">
     <span class='ocr_line' id='line_1_36' title="bbox 361 3217 2078 3291; baseline 0.001 -1"><span class='ocrx_word' id='word_1_219' title='bbox 361 3233 732 3290; x_wconf 86' lang='lat' dir='ltr'>anathemate</span> <span class='ocrx_word' id='word_1_220' title='bbox 779 3233 1046 3288; x_wconf 89' lang='lat' dir='ltr'>eumdem</span> <span class='ocrx_word' id='word_1_221' title='bbox 1105 3232 1299 3288; x_wconf 89' lang='lat' dir='ltr'>locum</span> <span class='ocrx_word' id='word_1_222' title='bbox 1350 3233 1440 3290; x_wconf 85' lang='lat' dir='ltr'>vel</span> <span class='ocrx_word' id='word_1_223' title='bbox 1497 3234 1620 3288; x_wconf 84' lang='lat' dir='ltr'>loca</span> <span class='ocrx_word' id='word_1_224' title='bbox 1673 3233 1727 3290; x_wconf 92' lang='lat' dir='ltr'>ei</span> <span class='ocrx_word' id='word_1_225' title='bbox 1770 3217 2004 3291; x_wconf 80' lang='lat' dir='ltr'>subdita</span> <span class='ocrx_word' id='word_1_226' title='bbox 2035 3217 2078 3284; x_wconf 71' lang='grc' dir='ltr'>Ο</span> 
     </span>
    </p>
   </div>
   <div class='ocr_carea' id='block_1_37' title="bbox 360 3321 2007 3395">
    <p class='ocr_par' dir='ltr' id='par_1_37' title="bbox 360 3321 2007 3395">
     <span class='ocr_line' id='line_1_37' title="bbox 360 3321 2007 3395; baseline 0.001 -17"><span class='ocrx_word' id='word_1_227' title='bbox 360 3321 806 3395; x_wconf 84' lang='lat' dir='ltr'>expetierit,sive</span> <span class='ocrx_word' id='word_1_228' title='bbox 833 3338 937 3394; x_wconf 91' lang='lat' dir='ltr'>pro</span> <span class='ocrx_word' id='word_1_229' title='bbox 969 3321 1227 3395; x_wconf 89' lang='lat' dir='ltr'>corporis</span> <span class='ocrx_word' id='word_1_230' title='bbox 1259 3322 1580 3395; x_wconf 87' lang='lat' dir='ltr'>sepultura,</span> <span class='ocrx_word' id='word_1_231' title='bbox 1612 3340 1711 3378; x_wconf 88' lang='lat' dir='ltr'>seu</span> <span class='ocrx_word' id='word_1_232' title='bbox 1766 3323 2007 3380; x_wconf 82' lang='lat' dir='ltr'>alterius</span> 
     </span>
    </p>
   </div>
   <div class='ocr_carea' id='block_1_38' title="bbox 365 3409 2010 3484">
    <p class='ocr_par' dir='ltr' id='par_1_38' title="bbox 365 3409 2010 3484">
     <span class='ocr_line' id='line_1_38' title="bbox 365 3409 2010 3484; baseline 0 -17"><span class='ocrx_word' id='word_1_233' title='bbox 365 3410 633 3467; x_wconf 87' lang='lat' dir='ltr'>utilitatis</span> <span class='ocrx_word' id='word_1_234' title='bbox 658 3426 723 3466; x_wconf 89' lang='lat' dir='ltr'>ac</span> <span class='ocrx_word' id='word_1_235' title='bbox 752 3409 962 3466; x_wconf 86' lang='lat' dir='ltr'>salutis</span> <span class='ocrx_word' id='word_1_236' title='bbox 992 3411 1201 3482; x_wconf 85' lang='lat' dir='ltr'>gratia,</span> <span class='ocrx_word' id='word_1_237' title='bbox 1225 3410 1468 3466; x_wconf 91' lang='lat' dir='ltr'>minime</span> <span class='ocrx_word' id='word_1_238' title='bbox 1485 3428 1518 3466; x_wconf 91' lang='lat' dir='ltr'>a</span> <span class='ocrx_word' id='word_1_239' title='bbox 1550 3412 1716 3467; x_wconf 87' lang='lat' dir='ltr'>venia</span> <span class='ocrx_word' id='word_1_240' title='bbox 1736 3417 1792 3466; x_wconf 90' lang='lat' dir='ltr'>et</span> <span class='ocrx_word' id='word_1_241' title='bbox 1811 3415 2010 3484; x_wconf 88' lang='lat' dir='ltr'>optata</span> 
     </span>
    </p>
   </div>
   <div class='ocr_carea' id='block_1_39' title="bbox 361 3498 2005 3567">
    <p class='ocr_par' dir='ltr' id='par_1_39' title="bbox 361 3498 2005 3567">
     <span class='ocr_line' id='line_1_39' title="bbox 361 3498 2005 3567; baseline 0 -12"><span class='ocrx_word' id='word_1_242' title='bbox 361 3498 757 3555; x_wconf 86' lang='lat' dir='ltr'>misericordia</span> <span class='ocrx_word' id='word_1_243' title='bbox 813 3498 1175 3567; x_wconf 83' lang='lat' dir='ltr'>excludatur,</span> <span class='ocrx_word' id='word_1_244' title='bbox 1237 3500 1337 3555; x_wconf 91' lang='lat' dir='ltr'>sed</span> <span class='ocrx_word' id='word_1_245' title='bbox 1406 3498 1531 3557; x_wconf 91' lang='lat' dir='ltr'>oleo</span> <span class='ocrx_word' id='word_1_246' title='bbox 1599 3500 2005 3556; x_wconf 88' lang='lat' dir='ltr'>medicamenti</span> 
     </span>
    </p>
   </div>
   <div class='ocr_carea' id='block_1_40' title="bbox 361 3587 2010 3661">
    <p class='ocr_par' dir='ltr' id='par_1_40' title="bbox 361 3587 2010 3661">
     <span class='ocr_line' id='line_1_40' title="bbox 361 3587 2010 3661; baseline 0.001 -17"><span class='ocrx_word' id='word_1_247' title='bbox 361 3587 636 3644; x_wconf 86' lang='lat' dir='ltr'>salutaris</span> <span class='ocrx_word' id='word_1_248' title='bbox 691 3587 975 3644; x_wconf 72' lang='lat' dir='ltr'>fovendus</span> <span class='ocrx_word' id='word_1_249' title='bbox 1038 3587 1367 3661; x_wconf 84' lang='lat' dir='ltr'>benigniter</span> <span class='ocrx_word' id='word_1_250' title='bbox 1420 3587 1728 3661; x_wconf 83' lang='lat' dir='ltr'>obligetur,</span> <span class='ocrx_word' id='word_1_251' title='bbox 1778 3590 1917 3661; x_wconf 88' lang='lat' dir='ltr'>quia</span> <span class='ocrx_word' id='word_1_252' title='bbox 1952 3594 2010 3645; x_wconf 93' lang='lat' dir='ltr'>et</span> 
     </span>
    </p>
   </div>
   <div class='ocr_carea' id='block_1_41' title="bbox 353 3676 2010 3750">
    <p class='ocr_par' dir='ltr' id='par_1_41' title="bbox 353 3676 2010 3750">
     <span class='ocr_line' id='line_1_41' title="bbox 353 3676 2010 3750; baseline 0.001 -17"><span class='ocrx_word' id='word_1_253' title='bbox 353 3678 585 3749; x_wconf 90' lang='lat' dir='ltr'>justum</span> <span class='ocrx_word' id='word_1_254' title='bbox 617 3677 701 3734; x_wconf 91' lang='lat' dir='ltr'>sic</span> <span class='ocrx_word' id='word_1_255' title='bbox 731 3680 911 3745; x_wconf 90' lang='lat' dir='ltr'>est,ut</span> <span class='ocrx_word' id='word_1_256' title='bbox 937 3676 997 3731; x_wconf 91' lang='lat' dir='ltr'>in</span> <span class='ocrx_word' id='word_1_257' title='bbox 1028 3677 1201 3732; x_wconf 92' lang='lat' dir='ltr'>domo</span> <span class='ocrx_word' id='word_1_258' title='bbox 1232 3677 1468 3748; x_wconf 89' lang='lat' dir='ltr'>pietatis</span> <span class='ocrx_word' id='word_1_259' title='bbox 1492 3682 1549 3732; x_wconf 91' lang='lat' dir='ltr'>et</span> <span class='ocrx_word' id='word_1_260' title='bbox 1570 3679 1729 3749; x_wconf 86' lang='lat' dir='ltr'>ju‘sto</span> <span class='ocrx_word' id='word_1_261' title='bbox 1760 3679 2010 3750; x_wconf 83' lang='lat' dir='ltr'>praebea-</span> 
     </span>
    </p>
   </div>
   <div class='ocr_carea' id='block_1_42' title="bbox 359 3764 2007 3833">
    <p class='ocr_par' dir='ltr' id='par_1_42' title="bbox 359 3764 2007 3833">
     <span class='ocr_line' id='line_1_42' title="bbox 359 3764 2007 3833; baseline 0 -10"><span class='ocrx_word' id='word_1_262' title='bbox 359 3773 458 3823; x_wconf 89' lang='lat' dir='ltr'>tur</span> <span class='ocrx_word' id='word_1_263' title='bbox 513 3764 746 3823; x_wconf 90' lang='lat' dir='ltr'>dilectio</span> <span class='ocrx_word' id='word_1_264' title='bbox 804 3769 1016 3822; x_wconf 66' lang='lat' dir='ltr'>sanctae</span> <span class='ocrx_word' id='word_1_265' title='bbox 1077 3764 1478 3833; x_wconf 87' lang='lat' dir='ltr'>fraternitatis,</span> <span class='ocrx_word' id='word_1_266' title='bbox 1534 3772 1592 3822; x_wconf 92' lang='lat' dir='ltr'>et</span> <span class='ocrx_word' id='word_1_267' title='bbox 1649 3766 1721 3822; x_wconf 91' lang='lat' dir='ltr'>ad</span> <span class='ocrx_word' id='word_1_268' title='bbox 1778 3768 2007 3823; x_wconf 88' lang='lat' dir='ltr'>veniam</span> 
     </span>
    </p>
   </div>
   <div class='ocr_carea' id='block_1_43' title="bbox 362 3854 2007 3927">
    <p class='ocr_par' dir='ltr' id='par_1_43' title="bbox 362 3854 2007 3927">
     <span class='ocr_line' id='line_1_43' title="bbox 362 3854 2007 3927; baseline -0.001 -16"><span class='ocrx_word' id='word_1_269' title='bbox 362 3854 719 3926; x_wconf 87' lang='lat' dir='ltr'>confugienti</span> <span class='ocrx_word' id='word_1_270' title='bbox 756 3854 1041 3927; x_wconf 86' lang='lat' dir='ltr'>peccatori</span> <span class='ocrx_word' id='word_1_271' title='bbox 1094 3870 1208 3908; x_wconf 90' lang='lat' dir='ltr'>non</span> <span class='ocrx_word' id='word_1_272' title='bbox 1243 3859 1486 3926; x_wconf 86' lang='lat' dir='ltr'>negetur</span> <span class='ocrx_word' id='word_1_273' title='bbox 1515 3855 2007 3912; x_wconf 90' lang='lat' dir='ltr'>medicamentum</span> 
     </span>
    </p>
   </div>
   <div class='ocr_carea' id='block_1_44' title="bbox 361 3940 2006 4015">
    <p class='ocr_par' dir='ltr' id='par_1_44' title="bbox 361 3940 2006 4015">
     <span class='ocr_line' id='line_1_44' title="bbox 361 3940 2006 4015; baseline -0.001 -17"><span class='ocrx_word' id='word_1_274' title='bbox 361 3941 736 4015; x_wconf 75' lang='lat' dir='ltr'>indulgentia:</span> <span class='ocrx_word' id='word_1_275' title='bbox 793 3946 851 3995; x_wconf 89' lang='lat' dir='ltr'>et</span> <span class='ocrx_word' id='word_1_276' title='bbox 906 3940 1135 3998; x_wconf 90' lang='lat' dir='ltr'>salutis.</span> <span class='ocrx_word' id='word_1_277' title='bbox 1194 3941 1282 3996; x_wconf 90' lang='lat' dir='ltr'>Sit</span> <span class='ocrx_word' id='word_1_278' title='bbox 1348 3946 1543 3997; x_wconf 88' lang='lat' dir='ltr'>autem</span> <span class='ocrx_word' id='word_1_279' title='bbox 1598 3944 1875 3999; x_wconf 90' lang='lat' dir='ltr'>omnibus</span> <span class='ocrx_word' id='word_1_280' title='bbox 1924 3943 2006 3999; x_wconf 92' lang='lat' dir='ltr'>ibi</span> 
     </span>
    </p>
   </div>
   <div class='ocr_carea' id='block_1_45' title="bbox 362 4028 2004 4104">
    <p class='ocr_par' dir='ltr' id='par_1_45' title="bbox 362 4028 2004 4104">
     <span class='ocr_line' id='line_1_45' title="bbox 362 4028 2004 4104; baseline 0 -17"><span class='ocrx_word' id='word_1_281' title='bbox 362 4029 808 4087; x_wconf 86' lang='lat' dir='ltr'>advenientibus</span> <span class='ocrx_word' id='word_1_282' title='bbox 838 4045 1012 4084; x_wconf 90' lang='lat' dir='ltr'>causa</span> <span class='ocrx_word' id='word_1_283' title='bbox 1060 4028 1268 4085; x_wconf 89' lang='lat' dir='ltr'>salutis</span> <span class='ocrx_word' id='word_1_284' title='bbox 1294 4030 1389 4086; x_wconf 90' lang='lat' dir='ltr'>hic</span> <span class='ocrx_word' id='word_1_285' title='bbox 1427 4037 1484 4086; x_wconf 92' lang='lat' dir='ltr'>et</span> <span class='ocrx_word' id='word_1_286' title='bbox 1521 4031 1583 4086; x_wconf 90' lang='lat' dir='ltr'>in</span> <span class='ocrx_word' id='word_1_287' title='bbox 1635 4036 2004 4104; x_wconf 89' lang='lat' dir='ltr'>perpetuum,</span> 
     </span>
    </p>
   </div>
   <div class='ocr_carea' id='block_1_46' title="bbox 361 4116 2006 4193">
    <p class='ocr_par' dir='ltr' id='par_1_46' title="bbox 361 4116 2006 4193">
     <span class='ocr_line' id='line_1_46' title="bbox 361 4116 2006 4193; baseline 0.001 -19"><span class='ocrx_word' id='word_1_288' title='bbox 361 4118 567 4175; x_wconf 67' lang='lat' dir='ltr'>divinae</span> <span class='ocrx_word' id='word_1_289' title='bbox 598 4116 989 4173; x_wconf 89' lang='lat' dir='ltr'>miserationis</span> <span class='ocrx_word' id='word_1_290' title='bbox 1020 4121 1076 4174; x_wconf 91' lang='lat' dir='ltr'>et</span> <span class='ocrx_word' id='word_1_291' title='bbox 1106 4118 1338 4189; x_wconf 87' lang='lat' dir='ltr'>pietatis</span> <span class='ocrx_word' id='word_1_292' title='bbox 1368 4120 1745 4193; x_wconf 88' lang='lat' dir='ltr'>refugium,et</span> <span class='ocrx_word' id='word_1_293' title='bbox 1773 4126 2006 4192; x_wconf 87' lang='lat' dir='ltr'>aposto-</span> 
     </span>
    </p>
   </div>
   <div class='ocr_carea' id='block_1_47' title="bbox 358 4205 2006 4280">
    <p class='ocr_par' dir='ltr' id='par_1_47' title="bbox 358 4205 2006 4280">
     <span class='ocr_line' id='line_1_47' title="bbox 358 4205 2006 4280; baseline 0.001 -18"><span class='ocrx_word' id='word_1_294' title='bbox 358 4206 484 4263; x_wconf 69' lang='lat' dir='ltr'>licis</span> <span class='ocrx_word' id='word_1_295' title='bbox 513 4205 936 4262; x_wconf 89' lang='lat' dir='ltr'>benedictionis</span> <span class='ocrx_word' id='word_1_296' title='bbox 965 4210 1024 4262; x_wconf 90' lang='lat' dir='ltr'>et</span> <span class='ocrx_word' id='word_1_297' title='bbox 1052 4205 1435 4264; x_wconf 87' lang='lat' dir='ltr'>absolutionis</span> <span class='ocrx_word' id='word_1_298' title='bbox 1466 4208 1823 4280; x_wconf 82' lang='lat' dir='ltr'>praesidium.</span> <span class='ocrx_word' id='word_1_299' title='bbox 1846 4208 2006 4264; x_wconf 87' lang='lat' dir='ltr'>Hanc</span> 
     </span>
    </p>
   </div>
   <div class='ocr_carea' id='block_1_48' title="bbox 359 4294 2007 4369">
    <p class='ocr_par' dir='ltr' id='par_1_48' title="bbox 359 4294 2007 4369">
     <span class='ocr_line' id='line_1_48' title="bbox 359 4294 2007 4369; baseline 0.001 -18"><span class='ocrx_word' id='word_1_300' title='bbox 359 4296 536 4352; x_wconf 89' lang='lat' dir='ltr'>etiam</span> <span class='ocrx_word' id='word_1_301' title='bbox 565 4294 729 4350; x_wconf 88' lang='lat' dir='ltr'>vobis</span> <span class='ocrx_word' id='word_1_302' title='bbox 760 4294 1196 4367; x_wconf 80' lang='lat' dir='ltr'>praerogativam</span> <span class='ocrx_word' id='word_1_303' title='bbox 1229 4297 1608 4353; x_wconf 89' lang='lat' dir='ltr'>concedimus</span> <span class='ocrx_word' id='word_1_304' title='bbox 1636 4299 1703 4351; x_wconf 90' lang='lat' dir='ltr'>ut</span> <span class='ocrx_word' id='word_1_305' title='bbox 1736 4295 2007 4369; x_wconf 89' lang='lat' dir='ltr'>quisquis</span> 
     </span>
    </p>
   </div>
   <div class='ocr_carea' id='block_1_49' title="bbox 360 4382 2008 4456">
    <p class='ocr_par' dir='ltr' id='par_1_49' title="bbox 360 4382 2008 4456">
     <span class='ocr_line' id='line_1_49' title="bbox 360 4382 2008 4456; baseline 0.001 -16"><span class='ocrx_word' id='word_1_306' title='bbox 360 4385 433 4440; x_wconf 83' lang='lat' dir='ltr'>ad</span> <span class='ocrx_word' id='word_1_307' title='bbox 464 4400 568 4440; x_wconf 90' lang='lat' dir='ltr'>vos</span> <span class='ocrx_word' id='word_1_308' title='bbox 598 4382 769 4439; x_wconf 89' lang='lat' dir='ltr'>alieni</span> <span class='ocrx_word' id='word_1_309' title='bbox 803 4384 1133 4440; x_wconf 85' lang='lat' dir='ltr'>monasterii</span> <span class='ocrx_word' id='word_1_310' title='bbox 1164 4385 1489 4441; x_wconf 91' lang='lat' dir='ltr'>monachus</span> <span class='ocrx_word' id='word_1_311' title='bbox 1518 4401 1621 4456; x_wconf 90' lang='lat' dir='ltr'>pro</span> <span class='ocrx_word' id='word_1_312' title='bbox 1652 4385 1777 4441; x_wconf 69' lang='lat' dir='ltr'>vita:</span> <span class='ocrx_word' id='word_1_313' title='bbox 1809 4385 2008 4442; x_wconf 89' lang='lat' dir='ltr'>melio-</span> 
     </span>
    </p>
   </div>
   <div class='ocr_carea' id='block_1_50' title="bbox 360 4472 2006 4545">
    <p class='ocr_par' dir='ltr' id='par_1_50' title="bbox 360 4472 2006 4545">
     <span class='ocr_line' id='line_1_50' title="bbox 360 4472 2006 4545; baseline 0.001 -16"><span class='ocrx_word' id='word_1_314' title='bbox 360 4475 584 4530; x_wconf 88' lang='lat' dir='ltr'>ratione</span> <span class='ocrx_word' id='word_1_315' title='bbox 658 4472 974 4541; x_wconf 86' lang='lat' dir='ltr'>transierit,</span> <span class='ocrx_word' id='word_1_316' title='bbox 1044 4473 1285 4531; x_wconf 87' lang='lat' dir='ltr'>licenter</span> <span class='ocrx_word' id='word_1_317' title='bbox 1354 4472 1691 4545; x_wconf 89' lang='lat' dir='ltr'>recipiatur,</span> <span class='ocrx_word' id='word_1_318' title='bbox 1767 4475 2006 4532; x_wconf 89' lang='lat' dir='ltr'>remotis</span> 
     </span>
    </p>
   </div>
   <div class='ocr_carea' id='block_1_51' title="bbox 359 4561 2080 4652">
    <p class='ocr_par' dir='ltr' id='par_1_51' title="bbox 359 4561 2080 4652">
     <span class='ocr_line' id='line_1_51' title="bbox 359 4561 2080 4652; baseline 0.001 -34"><span class='ocrx_word' id='word_1_319' title='bbox 359 4562 572 4636; x_wconf 89' lang='lat' dir='ltr'>prioris</span> <span class='ocrx_word' id='word_1_320' title='bbox 620 4561 727 4618; x_wconf 91' lang='lat' dir='ltr'>loci</span> <span class='ocrx_word' id='word_1_321' title='bbox 786 4563 1193 4634; x_wconf 88' lang='lat' dir='ltr'>querimoniis,</span> <span class='ocrx_word' id='word_1_322' title='bbox 1253 4568 1338 4630; x_wconf 86' lang='lat' dir='ltr'>ut,</span> <span class='ocrx_word' id='word_1_323' title='bbox 1397 4561 1679 4635; x_wconf 87' lang='lat' dir='ltr'>largiente</span> <span class='ocrx_word' id='word_1_324' title='bbox 1735 4564 2000 4634; x_wconf 91' lang='lat' dir='ltr'>Domino,</span> <span class='ocrx_word' id='word_1_325' title='bbox 2031 4586 2080 4652; x_wconf 83' lang='lat' dir='ltr'><strong>D</strong></span> 
     </span>
    </p>
   </div>
   <div class='ocr_carea' id='block_1_52' title="bbox 358 4651 2005 4725">
    <p class='ocr_par' dir='ltr' id='par_1_52' title="bbox 358 4651 2005 4725">
     <span class='ocr_line' id='line_1_52' title="bbox 358 4651 2005 4725; baseline 0.001 -17"><span class='ocrx_word' id='word_1_326' title='bbox 358 4651 567 4708; x_wconf 87' lang='lat' dir='ltr'>salutis</span> <span class='ocrx_word' id='word_1_327' title='bbox 598 4667 775 4725; x_wconf 90' lang='lat' dir='ltr'>quam</span> <span class='ocrx_word' id='word_1_328' title='bbox 807 4668 1065 4723; x_wconf 85' lang='lat' dir='ltr'>quaerere</span> <span class='ocrx_word' id='word_1_329' title='bbox 1118 4653 1352 4707; x_wconf 89' lang='lat' dir='ltr'>videtur</span> <span class='ocrx_word' id='word_1_330' title='bbox 1392 4652 1547 4723; x_wconf 88' lang='lat' dir='ltr'>apud</span> <span class='ocrx_word' id='word_1_331' title='bbox 1593 4666 1695 4708; x_wconf 84' lang='lat' dir='ltr'>vos</span> <span class='ocrx_word' id='word_1_332' title='bbox 1746 4653 2005 4725; x_wconf 90' lang='lat' dir='ltr'>potiatur</span> 
     </span>
    </p>
   </div>
   <div class='ocr_carea' id='block_1_53' title="bbox 357 4739 2001 4813">
    <p class='ocr_par' dir='ltr' id='par_1_53' title="bbox 357 4739 2001 4813">
     <span class='ocr_line' id='line_1_53' title="bbox 357 4739 2001 4813; baseline 0.002 -17"><span class='ocrx_word' id='word_1_333' title='bbox 357 4741 585 4797; x_wconf 75' lang='lat' dir='ltr'>effectu.</span> <span class='ocrx_word' id='word_1_334' title='bbox 616 4739 866 4796; x_wconf 80' lang='lat' dir='ltr'>Clericos</span> <span class='ocrx_word' id='word_1_335' title='bbox 898 4757 1131 4813; x_wconf 90' lang='lat' dir='ltr'>quoque</span> <span class='ocrx_word' id='word_1_336' title='bbox 1162 4739 1478 4813; x_wconf 85' lang='lat' dir='ltr'>regulares,</span> <span class='ocrx_word' id='word_1_337' title='bbox 1512 4757 1661 4812; x_wconf 91' lang='lat' dir='ltr'>quos</span> <span class='ocrx_word' id='word_1_338' title='bbox 1692 4743 2001 4800; x_wconf 88' lang='lat' dir='ltr'>canonicos</span> 
     </span>
    </p>
   </div>
   <div class='ocr_carea' id='block_1_54' title="bbox 355 4829 1998 4903">
    <p class='ocr_par' dir='ltr' id='par_1_54' title="bbox 355 4829 1998 4903">
     <span class='ocr_line' id='line_1_54' title="bbox 355 4829 1998 4903; baseline -0.001 -16"><span class='ocrx_word' id='word_1_339' title='bbox 355 4834 580 4894; x_wconf 87' lang='lat' dir='ltr'>vocant,</span> <span class='ocrx_word' id='word_1_340' title='bbox 615 4829 717 4901; x_wconf 91' lang='lat' dir='ltr'>qui</span> <span class='ocrx_word' id='word_1_341' title='bbox 747 4830 836 4886; x_wconf 90' lang='lat' dir='ltr'>vel</span> <span class='ocrx_word' id='word_1_342' title='bbox 881 4829 941 4884; x_wconf 92' lang='lat' dir='ltr'>in</span> <span class='ocrx_word' id='word_1_343' title='bbox 973 4829 1114 4886; x_wconf 88' lang='lat' dir='ltr'>locis</span> <span class='ocrx_word' id='word_1_344' title='bbox 1156 4830 1280 4885; x_wconf 90' lang='lat' dir='ltr'>suis</span> <span class='ocrx_word' id='word_1_345' title='bbox 1326 4829 1537 4884; x_wconf 88' lang='lat' dir='ltr'>salvari</span> <span class='ocrx_word' id='word_1_346' title='bbox 1584 4847 1698 4886; x_wconf 90' lang='lat' dir='ltr'>non</span> <span class='ocrx_word' id='word_1_347' title='bbox 1732 4837 1998 4903; x_wconf 87' lang='lat' dir='ltr'>possunt,</span> 
     </span>
    </p>
   </div>
   <div class='ocr_carea' id='block_1_55' title="bbox 355 4918 2000 4991">
    <p class='ocr_par' dir='ltr' id='par_1_55' title="bbox 355 4918 2000 4991">
     <span class='ocr_line' id='line_1_55' title="bbox 355 4918 2000 4991; baseline 0.001 -18"><span class='ocrx_word' id='word_1_348' title='bbox 355 4919 447 4975; x_wconf 88' lang='lat' dir='ltr'>vel</span> <span class='ocrx_word' id='word_1_349' title='bbox 499 4935 601 4991; x_wconf 91' lang='lat' dir='ltr'>pro</span> <span class='ocrx_word' id='word_1_350' title='bbox 658 4919 1104 4975; x_wconf 85' lang='lat' dir='ltr'>necessitatibus</span> <span class='ocrx_word' id='word_1_351' title='bbox 1134 4919 1205 4974; x_wconf 88' lang='lat' dir='ltr'>ad</span> <span class='ocrx_word' id='word_1_352' title='bbox 1251 4918 1377 4974; x_wconf 90' lang='lat' dir='ltr'>loca</span> <span class='ocrx_word' id='word_1_353' title='bbox 1406 4923 1596 4974; x_wconf 87' lang='lat' dir='ltr'>vestra</span> <span class='ocrx_word' id='word_1_354' title='bbox 1637 4920 2000 4991; x_wconf 84' lang='lat' dir='ltr'>confugiunt,</span> 
     </span>
    </p>
   </div>
   <div class='ocr_carea' id='block_1_56' title="bbox 355 5007 2001 5080">
    <p class='ocr_par' dir='ltr' id='par_1_56' title="bbox 355 5007 2001 5080">
     <span class='ocr_line' id='line_1_56' title="bbox 355 5007 2001 5080; baseline 0.001 -17"><span class='ocrx_word' id='word_1_355' title='bbox 355 5007 733 5080; x_wconf 87' lang='lat' dir='ltr'>suscipiendi,</span> <span class='ocrx_word' id='word_1_356' title='bbox 766 5012 824 5062; x_wconf 92' lang='lat' dir='ltr'>et</span> <span class='ocrx_word' id='word_1_357' title='bbox 853 5013 1109 5062; x_wconf 86' lang='lat' dir='ltr'>vestrum</span> <span class='ocrx_word' id='word_1_358' title='bbox 1146 5007 1503 5078; x_wconf 87' lang='lat' dir='ltr'>propositum</span> <span class='ocrx_word' id='word_1_359' title='bbox 1543 5008 1887 5064; x_wconf 75' lang='lat' dir='ltr'>admittendi</span> <span class='ocrx_word' id='word_1_360' title='bbox 1935 5008 2001 5064; x_wconf 85' lang='lat' dir='ltr'>li-</span> 
     </span>
    </p>
   </div>
   <div class='ocr_carea' id='block_1_57' title="bbox 356 5095 2000 5169">
    <p class='ocr_par' dir='ltr' id='par_1_57' title="bbox 356 5095 2000 5169">
     <span class='ocr_line' id='line_1_57' title="bbox 356 5095 2000 5169; baseline 0.001 -17"><span class='ocrx_word' id='word_1_361' title='bbox 356 5097 607 5152; x_wconf 89' lang='lat' dir='ltr'>centiam</span> <span class='ocrx_word' id='word_1_362' title='bbox 642 5097 1031 5168; x_wconf 87' lang='lat' dir='ltr'>impertimur.</span> <span class='ocrx_word' id='word_1_363' title='bbox 1054 5095 1430 5151; x_wconf 90' lang='lat' dir='ltr'>Deeernimus</span> <span class='ocrx_word' id='word_1_364' title='bbox 1460 5100 1755 5169; x_wconf 63' lang='lat' dir='ltr'>praeterea,</span> <span class='ocrx_word' id='word_1_365' title='bbox 1789 5103 1846 5153; x_wconf 88' lang='lat' dir='ltr'>et</span> <span class='ocrx_word' id='word_1_366' title='bbox 1874 5115 2000 5153; x_wconf 87' lang='lat' dir='ltr'>om-</span> 
     </span>
    </p>
   </div>
   <div class='ocr_carea' id='block_1_58' title="bbox 355 5183 1998 5255">
    <p class='ocr_par' dir='ltr' id='par_1_58' title="bbox 355 5183 1998 5255">
     <span class='ocr_line' id='line_1_58' title="bbox 355 5183 1998 5255; baseline 0.002 -14"><span class='ocrx_word' id='word_1_367' title='bbox 355 5186 494 5242; x_wconf 89' lang='lat' dir='ltr'>nino</span> <span class='ocrx_word' id='word_1_368' title='bbox 520 5185 952 5251; x_wconf 89' lang='lat' dir='ltr'>constituimus,</span> <span class='ocrx_word' id='word_1_369' title='bbox 986 5189 1050 5240; x_wconf 92' lang='lat' dir='ltr'>ut</span> <span class='ocrx_word' id='word_1_370' title='bbox 1078 5184 1337 5255; x_wconf 75' lang='lat' dir='ltr'>przedicti</span> <span class='ocrx_word' id='word_1_371' title='bbox 1369 5183 1476 5240; x_wconf 93' lang='lat' dir='ltr'>loci</span> <span class='ocrx_word' id='word_1_372' title='bbox 1500 5185 1748 5242; x_wconf 90' lang='lat' dir='ltr'>obeunte</span> <span class='ocrx_word' id='word_1_373' title='bbox 1770 5187 1998 5254; x_wconf 88' lang='lat' dir='ltr'>abbate,</span> 
     </span>
    </p>
   </div>
   <div class='ocr_carea' id='block_1_59' title="bbox 355 5273 2002 5344">
    <p class='ocr_par' dir='ltr' id='par_1_59' title="bbox 355 5273 2002 5344">
     <span class='ocr_line' id='line_1_59' title="bbox 355 5273 2002 5344; baseline 0 -13"><span class='ocrx_word' id='word_1_374' title='bbox 355 5292 471 5331; x_wconf 89' lang='lat' dir='ltr'>non</span> <span class='ocrx_word' id='word_1_375' title='bbox 501 5273 583 5330; x_wconf 89' lang='lat' dir='ltr'>ibi</span> <span class='ocrx_word' id='word_1_376' title='bbox 613 5274 1096 5343; x_wconf 88' lang='lat' dir='ltr'>alicujuscunque</span> <span class='ocrx_word' id='word_1_377' title='bbox 1114 5288 1370 5344; x_wconf 77' lang='lat' dir='ltr'>personae</span> <span class='ocrx_word' id='word_1_378' title='bbox 1391 5273 1662 5331; x_wconf 90' lang='lat' dir='ltr'>violentia</span> <span class='ocrx_word' id='word_1_379' title='bbox 1689 5277 2002 5332; x_wconf 87' lang='lat' dir='ltr'>constitua-</span> 
     </span>
    </p>
   </div>
   <div class='ocr_carea' id='block_1_60' title="bbox 352 5360 1999 5435">
    <p class='ocr_par' dir='ltr' id='par_1_60' title="bbox 352 5360 1999 5435">
     <span class='ocr_line' id='line_1_60' title="bbox 352 5360 1999 5435; baseline 0.002 -16"><span class='ocrx_word' id='word_1_380' title='bbox 352 5368 452 5420; x_wconf 92' lang='lat' dir='ltr'>tur</span> <span class='ocrx_word' id='word_1_381' title='bbox 471 5362 853 5428; x_wconf 90' lang='lat' dir='ltr'>ordinandus,</span> <span class='ocrx_word' id='word_1_382' title='bbox 887 5361 989 5416; x_wconf 91' lang='lat' dir='ltr'>sed</span> <span class='ocrx_word' id='word_1_383' title='bbox 1020 5362 1092 5416; x_wconf 89' lang='lat' dir='ltr'>ab</span> <span class='ocrx_word' id='word_1_384' title='bbox 1122 5360 1252 5433; x_wconf 91' lang='lat' dir='ltr'>ipsa</span> <span class='ocrx_word' id='word_1_385' title='bbox 1288 5364 1733 5435; x_wconf 86' lang='lat' dir='ltr'>congregatione</span> <span class='ocrx_word' id='word_1_386' title='bbox 1777 5365 1883 5420; x_wconf 89' lang='lat' dir='ltr'>loci</span> <span class='ocrx_word' id='word_1_387' title='bbox 1916 5382 1999 5422; x_wconf 87' lang='lat' dir='ltr'>se-</span> 
     </span>
    </p>
   </div>
   <div class='ocr_carea' id='block_1_61' title="bbox 355 5449 1999 5526">
    <p class='ocr_par' dir='ltr' id='par_1_61' title="bbox 355 5449 1999 5526">
     <span class='ocr_line' id='line_1_61' title="bbox 355 5449 1999 5526; baseline 0.001 -18"><span class='ocrx_word' id='word_1_388' title='bbox 355 5452 613 5508; x_wconf 92' lang='lat' dir='ltr'>cundum</span> <span class='ocrx_word' id='word_1_389' title='bbox 667 5451 939 5506; x_wconf 88' lang='lat' dir='ltr'>timorem</span> <span class='ocrx_word' id='word_1_390' title='bbox 972 5450 1071 5505; x_wconf 86' lang='lat' dir='ltr'>Dei</span> <span class='ocrx_word' id='word_1_391' title='bbox 1103 5454 1160 5506; x_wconf 93' lang='lat' dir='ltr'>et</span> <span class='ocrx_word' id='word_1_392' title='bbox 1186 5449 1614 5508; x_wconf 85' lang='lat' dir='ltr'>institutionem</span> <span class='ocrx_word' id='word_1_393' title='bbox 1644 5452 1999 5526; x_wconf 86' lang='lat' dir='ltr'>legislatoris</span> 
     </span>
    </p>
   </div>
   <div class='ocr_carea' id='block_1_62' title="bbox 356 5537 1995 5614">
    <p class='ocr_par' dir='ltr' id='par_1_62' title="bbox 356 5537 1995 5614">
     <span class='ocr_line' id='line_1_62' title="bbox 356 5537 1995 5614; baseline 0.001 -17"><span class='ocrx_word' id='word_1_394' title='bbox 356 5538 845 5608; x_wconf 88' lang='lat' dir='ltr'>Benedicti,Pater</span> <span class='ocrx_word' id='word_1_395' title='bbox 873 5537 975 5609; x_wconf 90' lang='lat' dir='ltr'>qui</span> <span class='ocrx_word' id='word_1_396' title='bbox 1005 5537 1116 5594; x_wconf 90' lang='lat' dir='ltr'>sibi</span> <span class='ocrx_word' id='word_1_397' title='bbox 1156 5555 1402 5612; x_wconf 65' lang='lat' dir='ltr'>praeesse</span> <span class='ocrx_word' id='word_1_398' title='bbox 1449 5540 1679 5609; x_wconf 90' lang='lat' dir='ltr'>debeat,</span> <span class='ocrx_word' id='word_1_399' title='bbox 1724 5542 1995 5614; x_wconf 89' lang='lat' dir='ltr'>eligatur,</span> 
     </span>
    </p>
   </div>
   <div class='ocr_carea' id='block_1_63' title="bbox 356 5626 1998 5708">
    <p class='ocr_par' dir='ltr' id='par_1_63' title="bbox 356 5626 1998 5708">
     <span class='ocr_line' id='line_1_63' title="bbox 356 5626 1998 5708; baseline 0.002 -18"><span class='ocrx_word' id='word_1_400' title='bbox 356 5634 531 5708; x_wconf 86' lang='lat' dir='ltr'>atque</span> <span class='ocrx_word' id='word_1_401' title='bbox 541 5628 615 5687; x_wconf 88' lang='lat' dir='ltr'>ad</span> <span class='ocrx_word' id='word_1_402' title='bbox 637 5641 771 5686; x_wconf 86' lang='lat' dir='ltr'>eum</span> <span class='ocrx_word' id='word_1_403' title='bbox 784 5626 1177 5690; x_wconf 86' lang='lat' dir='ltr'>ordinandum</span> <span class='ocrx_word' id='word_1_404' title='bbox 1192 5628 1617 5707; x_wconf 87' lang='lat' dir='ltr'>qualiscunque</span> <span class='ocrx_word' id='word_1_405' title='bbox 1629 5629 1749 5690; x_wconf 86' lang='lat' dir='ltr'>illis</span> <span class='ocrx_word' id='word_1_406' title='bbox 1769 5630 1998 5706; x_wconf 86' lang='lat' dir='ltr'>placue-</span> 
     </span>
    </p>
   </div>
   <div class='ocr_carea' id='block_1_64' title="bbox 2141 754 3802 829">
    <p class='ocr_par' dir='ltr' id='par_1_64' title="bbox 2141 754 3802 829">
     <span class='ocr_line' id='line_1_64' title="bbox 2141 754 3802 829; baseline -0.001 -17"><span class='ocrx_word' id='word_1_407' title='bbox 2141 757 2242 812; x_wconf 90' lang='lat' dir='ltr'>sed</span> <span class='ocrx_word' id='word_1_408' title='bbox 2273 773 2475 812; x_wconf 90' lang='lat' dir='ltr'>eorum</span> <span class='ocrx_word' id='word_1_409' title='bbox 2506 755 2783 825; x_wconf 68' lang='lat' dir='ltr'>ecclesiae,</span> <span class='ocrx_word' id='word_1_410' title='bbox 2808 757 3065 826; x_wconf 62' lang='lat' dir='ltr'>decimae,</span> <span class='ocrx_word' id='word_1_411' title='bbox 3100 754 3503 829; x_wconf 89' lang='lat' dir='ltr'>possessiones</span> <span class='ocrx_word' id='word_1_412' title='bbox 3546 758 3605 822; x_wconf 82' lang='lat' dir='ltr'>et</span> <span class='ocrx_word' id='word_1_413' title='bbox 3642 755 3802 821; x_wconf 74' lang='lat' dir='ltr'>bona</span> 
     </span>
    </p>
   </div>
   <div class='ocr_carea' id='block_1_65' title="bbox 2140 842 3796 917">
    <p class='ocr_par' dir='ltr' id='par_1_65' title="bbox 2140 842 3796 917">
     <span class='ocr_line' id='line_1_65' title="bbox 2140 842 3796 917; baseline -0.002 -18"><span class='ocrx_word' id='word_1_414' title='bbox 2140 848 2363 912; x_wconf 64' lang='lat' dir='ltr'>caetera,</span> <span class='ocrx_word' id='word_1_415' title='bbox 2394 862 2520 917; x_wconf 76' lang='lat' dir='ltr'>quae</span> <span class='ocrx_word' id='word_1_416' title='bbox 2548 862 2651 917; x_wconf 91' lang='lat' dir='ltr'>pro</span> <span class='ocrx_word' id='word_1_417' title='bbox 2682 845 3014 915; x_wconf 81' lang='lat' dir='ltr'>animarum</span> <span class='ocrx_word' id='word_1_418' title='bbox 3048 844 3378 915; x_wconf 86' lang='lat' dir='ltr'>salutejam</span> <span class='ocrx_word' id='word_1_419' title='bbox 3398 842 3609 901; x_wconf 79' lang='lat' dir='ltr'>donata</span> <span class='ocrx_word' id='word_1_420' title='bbox 3629 844 3796 910; x_wconf 83' lang='lat' dir='ltr'>sunt,</span> 
     </span>
    </p>
   </div>
   <div class='ocr_carea' id='block_1_66' title="bbox 2137 929 3795 1002">
    <p class='ocr_par' dir='ltr' id='par_1_66' title="bbox 2137 929 3795 1002">
     <span class='ocr_line' id='line_1_66' title="bbox 2137 929 3795 1002; baseline 0.002 -14"><span class='ocrx_word' id='word_1_421' title='bbox 2137 933 2226 990; x_wconf 91' lang='lat' dir='ltr'>vel</span> <span class='ocrx_word' id='word_1_422' title='bbox 2253 933 2313 989; x_wconf 92' lang='lat' dir='ltr'>in</span> <span class='ocrx_word' id='word_1_423' title='bbox 2345 935 2633 1001; x_wconf 85' lang='lat' dir='ltr'>luturum,</span> <span class='ocrx_word' id='word_1_424' title='bbox 2665 934 2912 990; x_wconf 89' lang='lat' dir='ltr'>Domino</span> <span class='ocrx_word' id='word_1_425' title='bbox 2946 935 3281 1000; x_wconf 88' lang='lat' dir='ltr'>miserante,</span> <span class='ocrx_word' id='word_1_426' title='bbox 3299 931 3502 988; x_wconf 87' lang='lat' dir='ltr'>donari</span> <span class='ocrx_word' id='word_1_427' title='bbox 3526 929 3795 1002; x_wconf 72' lang='lat' dir='ltr'>conﬁge:-</span> 
     </span>
    </p>
   </div>
   <div class='ocr_carea' id='block_1_67' title="bbox 2139 1018 3794 1094">
    <p class='ocr_par' dir='ltr' id='par_1_67' title="bbox 2139 1018 3794 1094">
     <span class='ocr_line' id='line_1_67' title="bbox 2139 1018 3794 1094; baseline 0 -17"><span class='ocrx_word' id='word_1_428' title='bbox 2139 1022 2414 1091; x_wconf 85' lang='lat' dir='ltr'>rit,firma</span> <span class='ocrx_word' id='word_1_429' title='bbox 2442 1023 2608 1079; x_wconf 89' lang='lat' dir='ltr'>vobis</span> <span class='ocrx_word' id='word_1_430' title='bbox 2636 1021 2959 1094; x_wconf 86' lang='lat' dir='ltr'>vestrisque</span> <span class='ocrx_word' id='word_1_431' title='bbox 3002 1021 3437 1081; x_wconf 87' lang='lat' dir='ltr'>successoribus</span> <span class='ocrx_word' id='word_1_432' title='bbox 3478 1023 3536 1076; x_wconf 89' lang='lat' dir='ltr'>et</span> <span class='ocrx_word' id='word_1_433' title='bbox 3560 1018 3794 1090; x_wconf 75' lang='lat' dir='ltr'>illibata</span> 
     </span>
    </p>
   </div>
   <div class='ocr_carea' id='block_1_68' title="bbox 2108 1107 3793 1185">
    <p class='ocr_par' dir='ltr' id='par_1_68' title="bbox 2108 1107 3793 1185">
     <span class='ocr_line' id='line_1_68' title="bbox 2108 1107 3793 1185; baseline -0.002 -19"><span class='ocrx_word' id='word_1_434' title='bbox 2108 1148 2111 1152; x_wconf 90' lang='lat'><strong><em>-</em></strong></span> <span class='ocrx_word' id='word_1_435' title='bbox 2136 1110 2605 1183; x_wconf 90' lang='lat' dir='ltr'>permaneant.Si</span> <span class='ocrx_word' id='word_1_436' title='bbox 2637 1128 2749 1181; x_wconf 87' lang='lat' dir='ltr'>qua</span> <span class='ocrx_word' id='word_1_437' title='bbox 2778 1111 2960 1185; x_wconf 88' lang='lat' dir='ltr'>igitur</span> <span class='ocrx_word' id='word_1_438' title='bbox 2988 1110 3382 1167; x_wconf 86' lang='lat' dir='ltr'>ecclesiastica</span> <span class='ocrx_word' id='word_1_439' title='bbox 3420 1107 3793 1177; x_wconf 69' lang='lat' dir='ltr'>saecularist</span> 
     </span>
    </p>
   </div>
   <div class='ocr_carea' id='block_1_69' title="bbox 2138 1196 3792 1271">
    <p class='ocr_par' dir='ltr' id='par_1_69' title="bbox 2138 1196 3792 1271">
     <span class='ocr_line' id='line_1_69' title="bbox 2138 1196 3792 1271; baseline -0.001 -17"><span class='ocrx_word' id='word_1_440' title='bbox 2138 1216 2389 1271; x_wconf 88' lang='lat' dir='ltr'>persona</span> <span class='ocrx_word' id='word_1_441' title='bbox 2411 1199 2563 1256; x_wconf 89' lang='lat' dir='ltr'>hanc</span> <span class='ocrx_word' id='word_1_442' title='bbox 2585 1205 2849 1257; x_wconf 89' lang='lat' dir='ltr'>nostram</span> <span class='ocrx_word' id='word_1_443' title='bbox 2868 1199 3344 1257; x_wconf 90' lang='lat' dir='ltr'>constitutionem</span> <span class='ocrx_word' id='word_1_444' title='bbox 3366 1196 3792 1267; x_wconf 81' lang='lat' dir='ltr'>sciens,contra</span> 
     </span>
    </p>
   </div>
   <div class='ocr_carea' id='block_1_70' title="bbox 2136 1278 3787 1359">
    <p class='ocr_par' dir='ltr' id='par_1_70' title="bbox 2136 1278 3787 1359">
     <span class='ocr_line' id='line_1_70' title="bbox 2136 1278 3787 1359; baseline -0.002 -14"><span class='ocrx_word' id='word_1_445' title='bbox 2136 1304 2265 1345; x_wconf 89' lang='lat' dir='ltr'>eam</span> <span class='ocrx_word' id='word_1_446' title='bbox 2314 1292 2532 1343; x_wconf 90' lang='lat' dir='ltr'>temere</span> <span class='ocrx_word' id='word_1_447' title='bbox 2588 1289 2782 1344; x_wconf 90' lang='lat' dir='ltr'>venire</span> <span class='ocrx_word' id='word_1_448' title='bbox 2840 1287 3165 1353; x_wconf 85' lang='lat' dir='ltr'>tentaverit,</span> <span class='ocrx_word' id='word_1_449' title='bbox 3227 1286 3483 1345; x_wconf 91' lang='lat' dir='ltr'>secundo</span> <span class='ocrx_word' id='word_1_450' title='bbox 3542 1278 3787 1359; x_wconf 79' lang='lat' dir='ltr'>tertiove</span> 
     </span>
    </p>
   </div>
   <div class='ocr_carea' id='block_1_71' title="bbox 2135 1374 3787 1448">
    <p class='ocr_par' dir='ltr' id='par_1_71' title="bbox 2135 1374 3787 1448">
     <span class='ocr_line' id='line_1_71' title="bbox 2135 1374 3787 1448; baseline -0.002 -14"><span class='ocrx_word' id='word_1_451' title='bbox 2135 1378 2509 1444; x_wconf 85' lang='lat' dir='ltr'>commonita,</span> <span class='ocrx_word' id='word_1_452' title='bbox 2542 1378 2593 1433; x_wconf 89' lang='lat' dir='ltr'>si</span> <span class='ocrx_word' id='word_1_453' title='bbox 2624 1394 2740 1433; x_wconf 91' lang='lat' dir='ltr'>non</span> <span class='ocrx_word' id='word_1_454' title='bbox 2788 1376 3187 1435; x_wconf 85' lang='lat' dir='ltr'>satisfactione</span> <span class='ocrx_word' id='word_1_455' title='bbox 3226 1391 3487 1448; x_wconf 88' lang='lat' dir='ltr'>congrua</span> <span class='ocrx_word' id='word_1_456' title='bbox 3513 1374 3787 1435; x_wconf 87' lang='lat' dir='ltr'>emenda-</span> 
     </span>
    </p>
   </div>
   <div class='ocr_carea' id='block_1_72' title="bbox 2133 1464 3787 1537">
    <p class='ocr_par' dir='ltr' id='par_1_72' title="bbox 2133 1464 3787 1537">
     <span class='ocr_line' id='line_1_72' title="bbox 2133 1464 3787 1537; baseline -0.001 -17"><span class='ocrx_word' id='word_1_457' title='bbox 2133 1466 2300 1533; x_wconf 89' lang='lat' dir='ltr'>verit,</span> <span class='ocrx_word' id='word_1_458' title='bbox 2351 1465 2654 1537; x_wconf 87' lang='lat' dir='ltr'>potestatis</span> <span class='ocrx_word' id='word_1_459' title='bbox 2697 1465 3052 1537; x_wconf 91' lang='lat' dir='ltr'>honorisque</span> <span class='ocrx_word' id='word_1_460' title='bbox 3098 1466 3188 1521; x_wconf 89' lang='lat' dir='ltr'>sui</span> <span class='ocrx_word' id='word_1_461' title='bbox 3236 1464 3518 1537; x_wconf 75' lang='lat' dir='ltr'>dignitate</span> <span class='ocrx_word' id='word_1_462' title='bbox 3567 1467 3787 1529; x_wconf 85' lang='lat' dir='ltr'>careat,</span> 
     </span>
    </p>
   </div>
   <div class='ocr_carea' id='block_1_73' title="bbox 2134 1553 3787 1625">
    <p class='ocr_par' dir='ltr' id='par_1_73' title="bbox 2134 1553 3787 1625">
     <span class='ocr_line' id='line_1_73' title="bbox 2134 1553 3787 1625; baseline -0.001 -16"><span class='ocrx_word' id='word_1_463' title='bbox 2134 1570 2411 1625; x_wconf 87' lang='lat' dir='ltr'>reamque</span> <span class='ocrx_word' id='word_1_464' title='bbox 2442 1570 2505 1609; x_wconf 90' lang='lat' dir='ltr'>se</span> <span class='ocrx_word' id='word_1_465' title='bbox 2554 1554 2747 1609; x_wconf 91' lang='lat' dir='ltr'>divino</span> <span class='ocrx_word' id='word_1_466' title='bbox 2779 1553 2995 1624; x_wconf 81' lang='lat' dir='ltr'>judicio</span> <span class='ocrx_word' id='word_1_467' title='bbox 3043 1554 3287 1610; x_wconf 85' lang='lat' dir='ltr'>existere</span> <span class='ocrx_word' id='word_1_468' title='bbox 3336 1553 3407 1609; x_wconf 86' lang='lat' dir='ltr'>de</span> <span class='ocrx_word' id='word_1_469' title='bbox 3452 1556 3787 1624; x_wconf 85' lang='lat' dir='ltr'>perpetrata</span> 
     </span>
    </p>
   </div>
   <div class='ocr_carea' id='block_1_74' title="bbox 2132 1641 3786 1714">
    <p class='ocr_par' dir='ltr' id='par_1_74' title="bbox 2132 1641 3786 1714">
     <span class='ocr_line' id='line_1_74' title="bbox 2132 1641 3786 1714; baseline -0.001 -18"><span class='ocrx_word' id='word_1_470' title='bbox 2132 1642 2442 1713; x_wconf 89' lang='lat' dir='ltr'>iniquitate</span> <span class='ocrx_word' id='word_1_471' title='bbox 2472 1646 2802 1714; x_wconf 88' lang='lat' dir='ltr'>cognoscat,</span> <span class='ocrx_word' id='word_1_472' title='bbox 2836 1647 2894 1697; x_wconf 91' lang='lat' dir='ltr'>et</span> <span class='ocrx_word' id='word_1_473' title='bbox 2941 1659 2976 1697; x_wconf 87' lang='lat' dir='ltr'>a</span> <span class='ocrx_word' id='word_1_474' title='bbox 3018 1641 3392 1697; x_wconf 90' lang='lat' dir='ltr'>sanctissimo</span> <span class='ocrx_word' id='word_1_475' title='bbox 3439 1656 3678 1712; x_wconf 92' lang='lat' dir='ltr'>corpore</span> <span class='ocrx_word' id='word_1_476' title='bbox 3726 1642 3786 1695; x_wconf 90' lang='lat' dir='ltr'>et</span> 
     </span>
    </p>
   </div>
   <div class='ocr_carea' id='block_1_75' title="bbox 2131 1726 3783 1803">
    <p class='ocr_par' dir='ltr' id='par_1_75' title="bbox 2131 1726 3783 1803">
     <span class='ocr_line' id='line_1_75' title="bbox 2131 1726 3783 1803; baseline -0.002 -17"><span class='ocrx_word' id='word_1_477' title='bbox 2131 1730 2417 1802; x_wconf 89' lang='lat' dir='ltr'>sanguine</span> <span class='ocrx_word' id='word_1_478' title='bbox 2448 1730 2572 1796; x_wconf 88' lang='lat' dir='ltr'>Dei,</span> <span class='ocrx_word' id='word_1_479' title='bbox 2613 1735 2670 1786; x_wconf 93' lang='lat' dir='ltr'>et</span> <span class='ocrx_word' id='word_1_480' title='bbox 2699 1730 2931 1785; x_wconf 89' lang='lat' dir='ltr'>Domini</span> <span class='ocrx_word' id='word_1_481' title='bbox 2978 1729 3382 1803; x_wconf 88' lang='lat' dir='ltr'>Redemptoris</span> <span class='ocrx_word' id='word_1_482' title='bbox 3426 1726 3610 1784; x_wconf 89' lang='lat' dir='ltr'>nostri</span> <span class='ocrx_word' id='word_1_483' title='bbox 3636 1726 3783 1783; x_wconf 85' lang='lat' dir='ltr'>Jesu</span> 
     </span>
    </p>
   </div>
   <div class='ocr_carea' id='block_1_76' title="bbox 2130 1816 3781 1891">
    <p class='ocr_par' dir='ltr' id='par_1_76' title="bbox 2130 1816 3781 1891">
     <span class='ocr_line' id='line_1_76' title="bbox 2130 1816 3781 1891; baseline -0.001 -17"><span class='ocrx_word' id='word_1_484' title='bbox 2130 1819 2348 1875; x_wconf 86' lang='lat' dir='ltr'>Christi</span> <span class='ocrx_word' id='word_1_485' title='bbox 2390 1818 2580 1875; x_wconf 90' lang='lat' dir='ltr'>aliena</span> <span class='ocrx_word' id='word_1_486' title='bbox 2609 1819 2731 1886; x_wconf 85' lang='lat' dir='ltr'>ﬁat,</span> <span class='ocrx_word' id='word_1_487' title='bbox 2765 1825 2940 1891; x_wconf 87' lang='lat' dir='ltr'>atque</span> <span class='ocrx_word' id='word_1_488' title='bbox 2982 1819 3040 1874; x_wconf 91' lang='lat' dir='ltr'>in</span> <span class='ocrx_word' id='word_1_489' title='bbox 3074 1824 3330 1875; x_wconf 82' lang='lat' dir='ltr'>extremo</span> <span class='ocrx_word' id='word_1_490' title='bbox 3360 1816 3627 1875; x_wconf 87' lang='lat' dir='ltr'>examine</span> <span class='ocrx_word' id='word_1_491' title='bbox 3655 1817 3781 1873; x_wconf 87' lang='lat' dir='ltr'>dis-</span> 
     </span>
    </p>
   </div>
   <div class='ocr_carea' id='block_1_77' title="bbox 2129 1906 3848 1979">
    <p class='ocr_par' dir='ltr' id='par_1_77' title="bbox 2129 1906 3848 1979">
     <span class='ocr_line' id='line_1_77' title="bbox 2129 1906 3848 1979; baseline 0.003 -16"><span class='ocrx_word' id='word_1_492' title='bbox 2129 1909 2311 1964; x_wconf 83' lang='lat' dir='ltr'>trictae</span> <span class='ocrx_word' id='word_1_493' title='bbox 2341 1907 2546 1963; x_wconf 90' lang='lat' dir='ltr'>ultioni</span> <span class='ocrx_word' id='word_1_494' title='bbox 2576 1907 2895 1979; x_wconf 81' lang='lat' dir='ltr'>subjaceat.</span> <span class='ocrx_word' id='word_1_495' title='bbox 2928 1908 3166 1965; x_wconf 87' lang='lat' dir='ltr'>Cunctis</span> <span class='ocrx_word' id='word_1_496' title='bbox 3187 1908 3356 1977; x_wconf 88' lang='lat' dir='ltr'>justa</span> <span class='ocrx_word' id='word_1_497' title='bbox 3376 1906 3567 1963; x_wconf 89' lang='lat' dir='ltr'>eidem</span> <span class='ocrx_word' id='word_1_498' title='bbox 3587 1922 3787 1968; x_wconf 58' lang='grc' dir='ltr'>ωηο-κ</span> <span class='ocrx_word' id='word_1_499' title='bbox 3842 1923 3848 1928; x_wconf 87' lang='grc'><em>’</em></span> 
     </span>
    </p>
   </div>
   <div class='ocr_carea' id='block_1_78' title="bbox 2128 1994 3780 2069">
    <p class='ocr_par' dir='ltr' id='par_1_78' title="bbox 2128 1994 3780 2069">
     <span class='ocr_line' id='line_1_78' title="bbox 2128 1994 3780 2069; baseline -0.002 -16"><span class='ocrx_word' id='word_1_500' title='bbox 2128 1997 2224 2053; x_wconf 91' lang='lat' dir='ltr'>bio</span> <span class='ocrx_word' id='word_1_501' title='bbox 2255 1996 2496 2068; x_wconf 90' lang='lat' dir='ltr'>suisque</span> <span class='ocrx_word' id='word_1_502' title='bbox 2524 1996 2667 2052; x_wconf 92' lang='lat' dir='ltr'>locis</span> <span class='ocrx_word' id='word_1_503' title='bbox 2689 1997 3058 2053; x_wconf 89' lang='lat' dir='ltr'>servantibus</span> <span class='ocrx_word' id='word_1_504' title='bbox 3088 1997 3166 2053; x_wconf 90' lang='lat' dir='ltr'>sit</span> <span class='ocrx_word' id='word_1_505' title='bbox 3194 2014 3306 2069; x_wconf 82' lang='lat' dir='ltr'>pax</span> <span class='ocrx_word' id='word_1_506' title='bbox 3327 1995 3558 2051; x_wconf 88' lang='lat' dir='ltr'>Domini</span> <span class='ocrx_word' id='word_1_507' title='bbox 3589 1994 3780 2059; x_wconf 84' lang='lat' dir='ltr'>nostri</span> 
     </span>
    </p>
   </div>
   <div class='ocr_carea' id='block_1_79' title="bbox 2123 2083 3779 2157">
    <p class='ocr_par' dir='ltr' id='par_1_79' title="bbox 2123 2083 3779 2157">
     <span class='ocr_line' id='line_1_79' title="bbox 2123 2083 3779 2157; baseline -0.002 -15"><span class='ocrx_word' id='word_1_508' title='bbox 2123 2086 2264 2142; x_wconf 90' lang='lat' dir='ltr'>Jesu</span> <span class='ocrx_word' id='word_1_509' title='bbox 2294 2085 2529 2153; x_wconf 81' lang='lat' dir='ltr'>Christi,</span> <span class='ocrx_word' id='word_1_510' title='bbox 2562 2090 2855 2157; x_wconf 89' lang='lat' dir='ltr'>quatenus</span> <span class='ocrx_word' id='word_1_511' title='bbox 2884 2085 2979 2141; x_wconf 91' lang='lat' dir='ltr'>hic</span> <span class='ocrx_word' id='word_1_512' title='bbox 3026 2086 3284 2143; x_wconf 83' lang='lat' dir='ltr'>fructum</span> <span class='ocrx_word' id='word_1_513' title='bbox 3332 2084 3495 2141; x_wconf 77' lang='lat' dir='ltr'>bonae</span> <span class='ocrx_word' id='word_1_514' title='bbox 3525 2083 3779 2155; x_wconf 71' lang='lat' dir='ltr'>actionis</span> 
     </span>
    </p>
   </div>
   <div class='ocr_carea' id='block_1_80' title="bbox 2125 2170 3778 2247">
    <p class='ocr_par' dir='ltr' id='par_1_80' title="bbox 2125 2170 3778 2247">
     <span class='ocr_line' id='line_1_80' title="bbox 2125 2170 3778 2247; baseline -0.001 -17"><span class='ocrx_word' id='word_1_515' title='bbox 2125 2174 2469 2247; x_wconf 89' lang='lat' dir='ltr'>percipiant,</span> <span class='ocrx_word' id='word_1_516' title='bbox 2518 2178 2576 2229; x_wconf 92' lang='lat' dir='ltr'>et</span> <span class='ocrx_word' id='word_1_517' title='bbox 2626 2175 2779 2245; x_wconf 93' lang='lat' dir='ltr'>apud</span> <span class='ocrx_word' id='word_1_518' title='bbox 2843 2173 3176 2230; x_wconf 88' lang='lat' dir='ltr'>districtum</span> <span class='ocrx_word' id='word_1_519' title='bbox 3225 2172 3487 2247; x_wconf 87' lang='lat' dir='ltr'>judicem</span> <span class='ocrx_word' id='word_1_520' title='bbox 3534 2170 3778 2246; x_wconf 67' lang='lat' dir='ltr'>praemia</span> 
     </span>
    </p>
   </div>
   <div class='ocr_carea' id='block_1_81' title="bbox 2124 2261 3118 2334">
    <p class='ocr_par' dir='ltr' id='par_1_81' title="bbox 2124 2261 3118 2334">
     <span class='ocr_line' id='line_1_81' title="bbox 2124 2261 3118 2334; baseline -0.001 -16"><span class='ocrx_word' id='word_1_521' title='bbox 2124 2267 2345 2318; x_wconf 61' lang='lat' dir='ltr'>aeternae</span> <span class='ocrx_word' id='word_1_522' title='bbox 2376 2262 2537 2334; x_wconf 91' lang='lat' dir='ltr'>pacis</span> <span class='ocrx_word' id='word_1_523' title='bbox 2568 2261 2885 2317; x_wconf 90' lang='lat' dir='ltr'>inveniant.</span> <span class='ocrx_word' id='word_1_524' title='bbox 2916 2263 3118 2317; x_wconf 89' lang='lat' dir='ltr'>Amen.</span> 
     </span>
    </p>
   </div>
   <div class='ocr_carea' id='block_1_82' title="bbox 2194 2349 3685 2419">
    <p class='ocr_par' dir='ltr' id='par_1_82' title="bbox 2194 2349 3685 2419">
     <span class='ocr_line' id='line_1_82' title="bbox 2194 2349 3685 2419; baseline -0.002 -13"><span class='ocrx_word' id='word_1_525' title='bbox 2194 2351 2404 2406; x_wconf 90' lang='lat' dir='ltr'>Datum</span> <span class='ocrx_word' id='word_1_526' title='bbox 2437 2349 2705 2406; x_wconf 89' lang='lat' dir='ltr'>Laterani</span> <span class='ocrx_word' id='word_1_527' title='bbox 2736 2367 2771 2405; x_wconf 92' lang='lat' dir='ltr'>v</span> <span class='ocrx_word' id='word_1_528' title='bbox 2801 2351 2935 2405; x_wconf 89' lang='lat' dir='ltr'>Idus</span> <span class='ocrx_word' id='word_1_529' title='bbox 2964 2350 3251 2419; x_wconf 87' lang='lat' dir='ltr'>Januarii,</span> <span class='ocrx_word' id='word_1_530' title='bbox 3285 2349 3602 2406; x_wconf 87' lang='lat' dir='ltr'>indictione</span> <span class='ocrx_word' id='word_1_531' title='bbox 3630 2366 3685 2405; x_wconf 91' lang='lat' dir='ltr'>v.</span> 
     </span>
    </p>
   </div>
   <div class='ocr_carea' id='block_1_83' title="bbox 2841 2455 3041 2512">
    <p class='ocr_par' dir='ltr' id='par_1_83' title="bbox 2841 2455 3041 2512">
     <span class='ocr_line' id='line_1_83' title="bbox 2841 2455 3041 2512; baseline 0 -2"><span class='ocrx_word' id='word_1_532' title='bbox 2841 2455 3041 2512; x_wconf 88' lang='lat' dir='ltr'>CCXV.</span> 
     </span>
    </p>
   </div>
   <div class='ocr_carea' id='block_1_84' title="bbox 2126 2542 3771 2617">
    <p class='ocr_par' dir='ltr' id='par_1_84' title="bbox 2126 2542 3771 2617">
     <span class='ocr_line' id='line_1_84' title="bbox 2126 2542 3771 2617; baseline -0.002 -16"><span class='ocrx_word' id='word_1_533' title='bbox 2126 2547 2332 2602; x_wconf 82' lang='lat' dir='ltr'>Urbani</span> <span class='ocrx_word' id='word_1_534' title='bbox 2372 2546 2422 2600; x_wconf 88' lang='lat' dir='ltr'><strong><em>II</em></strong></span> <span class='ocrx_word' id='word_1_535' title='bbox 2445 2562 2605 2617; x_wconf 64' lang='lat' dir='ltr'>papz</span> <span class='ocrx_word' id='word_1_536' title='bbox 2632 2545 2857 2616; x_wconf 75' lang='lat' dir='ltr'>epistola</span> <span class='ocrx_word' id='word_1_537' title='bbox 2884 2544 2955 2617; x_wconf 79' lang='lat' dir='ltr'>ad</span> <span class='ocrx_word' id='word_1_538' title='bbox 3005 2545 3215 2617; x_wconf 80' lang='lat' dir='ltr'>clerum</span> <span class='ocrx_word' id='word_1_539' title='bbox 3256 2553 3306 2601; x_wconf 75' lang='lat' dir='ltr'>et</span> <span class='ocrx_word' id='word_1_540' title='bbox 3328 2542 3603 2616; x_wconf 78' lang='lat' dir='ltr'>populum</span> <span class='ocrx_word' id='word_1_541' title='bbox 3641 2543 3771 2598; x_wconf 77' lang='lat' dir='ltr'>Tra-</span> 
     </span>
    </p>
   </div>
   <div class='ocr_carea' id='block_1_85' title="bbox 2699 2616 3181 2673">
    <p class='ocr_par' dir='ltr' id='par_1_85' title="bbox 2699 2616 3181 2673">
     <span class='ocr_line' id='line_1_85' title="bbox 2699 2616 3181 2673; baseline 0.002 -3"><span class='ocrx_word' id='word_1_542' title='bbox 2699 2617 2885 2673; x_wconf 78' lang='lat' dir='ltr'>nensis</span> <span class='ocrx_word' id='word_1_543' title='bbox 2909 2616 3181 2671; x_wconf 70' lang='lat' dir='ltr'>Ecclesiae.</span> 
     </span>
    </p>
   </div>
   <div class='ocr_carea' id='block_1_86' title="bbox 2742 2702 3146 2776">
    <p class='ocr_par' dir='ltr' id='par_1_86' title="bbox 2742 2702 3146 2776">
     <span class='ocr_line' id='line_1_86' title="bbox 2742 2702 3146 2776; baseline -0.007 -16"><span class='ocrx_word' id='word_1_544' title='bbox 2742 2706 2930 2776; x_wconf 87' lang='lat' dir='ltr'>(Anno</span> <span class='ocrx_word' id='word_1_545' title='bbox 2969 2702 3146 2766; x_wconf 69' lang='lat'>1097.)</span> 
     </span>
    </p>
   </div>
   <div class='ocr_carea' id='block_1_87' title="bbox 2395 2793 3488 2865">
    <p class='ocr_par' dir='ltr' id='par_1_87' title="bbox 2395 2793 3488 2865">
     <span class='ocr_line' id='line_1_87' title="bbox 2395 2793 3488 2865; baseline -0.002 -16"><span class='ocrx_word' id='word_1_546' title='bbox 2395 2795 2549 2865; x_wconf 86' lang='lat' dir='ltr'>[Acta</span> <span class='ocrx_word' id='word_1_547' title='bbox 2570 2798 2902 2859; x_wconf 72' lang='lat' dir='ltr'>sanctorum,</span> <span class='ocrx_word' id='word_1_548' title='bbox 2931 2797 2973 2849; x_wconf 88' lang='lat' dir='ltr'>t.</span> <span class='ocrx_word' id='word_1_549' title='bbox 3006 2793 3029 2849; x_wconf 94' lang='grc' dir='ltr'>Ι</span> <span class='ocrx_word' id='word_1_550' title='bbox 3059 2793 3222 2862; x_wconf 89' lang='lat' dir='ltr'>Jun.,</span> <span class='ocrx_word' id='word_1_551' title='bbox 3248 2809 3305 2865; x_wconf 92' lang='lat' dir='ltr'>p.</span> <span class='ocrx_word' id='word_1_552' title='bbox 3336 2793 3488 2863; x_wconf 71' lang='lat'><strong>249.]</strong></span> 
     </span>
    </p>
   </div>
   <div class='ocr_carea' id='block_1_88' title="bbox 2191 2879 3770 2955">
    <p class='ocr_par' dir='ltr' id='par_1_88' title="bbox 2191 2879 3770 2955">
     <span class='ocr_line' id='line_1_88' title="bbox 2191 2879 3770 2955; baseline -0.001 -16"><span class='ocrx_word' id='word_1_553' title='bbox 2191 2884 2463 2939; x_wconf 65' lang='lat' dir='ltr'>Uaeaxus</span> <span class='ocrx_word' id='word_1_554' title='bbox 2495 2883 2824 2955; x_wconf 89' lang='lat' dir='ltr'>episcopus,</span> <span class='ocrx_word' id='word_1_555' title='bbox 2857 2898 3060 2938; x_wconf 90' lang='lat' dir='ltr'>servus</span> <span class='ocrx_word' id='word_1_556' title='bbox 3104 2897 3404 2939; x_wconf 88' lang='lat' dir='ltr'>servorum</span> <span class='ocrx_word' id='word_1_557' title='bbox 3448 2880 3571 2947; x_wconf 89' lang='lat' dir='ltr'>Dei,</span> <span class='ocrx_word' id='word_1_558' title='bbox 3614 2879 3770 2938; x_wconf 90' lang='lat' dir='ltr'>clero</span> 
     </span>
    </p>
   </div>
   <div class='ocr_carea' id='block_1_89' title="bbox 2117 2968 3765 3042">
    <p class='ocr_par' dir='ltr' id='par_1_89' title="bbox 2117 2968 3765 3042">
     <span class='ocr_line' id='line_1_89' title="bbox 2117 2968 3765 3042; baseline -0.001 -15"><span class='ocrx_word' id='word_1_559' title='bbox 2117 2978 2174 3027; x_wconf 90' lang='lat' dir='ltr'>et</span> <span class='ocrx_word' id='word_1_560' title='bbox 2203 2972 2415 3037; x_wconf 89' lang='lat' dir='ltr'>ordini,</span> <span class='ocrx_word' id='word_1_561' title='bbox 2447 2970 2747 3027; x_wconf 90' lang='lat' dir='ltr'>nobilibus</span> <span class='ocrx_word' id='word_1_562' title='bbox 2773 2975 2830 3026; x_wconf 89' lang='lat' dir='ltr'>et</span> <span class='ocrx_word' id='word_1_563' title='bbox 2869 2969 3026 3042; x_wconf 90' lang='lat' dir='ltr'>plebi</span> <span class='ocrx_word' id='word_1_564' title='bbox 3066 2970 3243 3026; x_wconf 89' lang='lat' dir='ltr'>Trani</span> <span class='ocrx_word' id='word_1_565' title='bbox 3287 2968 3765 3037; x_wconf 86' lang='lat' dir='ltr'>consistentibus,</span> 
     </span>
    </p>
   </div>
   <div class='ocr_carea' id='block_1_90' title="bbox 2116 3058 3370 3131">
    <p class='ocr_par' dir='ltr' id='par_1_90' title="bbox 2116 3058 3370 3131">
     <span class='ocr_line' id='line_1_90' title="bbox 2116 3058 3370 3131; baseline -0.004 -14"><span class='ocrx_word' id='word_1_566' title='bbox 2116 3061 2365 3117; x_wconf 81' lang='lat' dir='ltr'>salutem</span> <span class='ocrx_word' id='word_1_567' title='bbox 2397 3065 2453 3116; x_wconf 89' lang='lat' dir='ltr'>et</span> <span class='ocrx_word' id='word_1_568' title='bbox 2483 3060 2863 3131; x_wconf 88' lang='lat' dir='ltr'>apostolicam</span> <span class='ocrx_word' id='word_1_569' title='bbox 2884 3058 3370 3114; x_wconf 88' lang='lat' dir='ltr'>benedictionem.</span> 
     </span>
    </p>
   </div>
   <div class='ocr_carea' id='block_1_91' title="bbox 2187 3145 3772 3221">
    <p class='ocr_par' dir='ltr' id='par_1_91' title="bbox 2187 3145 3772 3221">
     <span class='ocr_line' id='line_1_91' title="bbox 2187 3145 3772 3221; baseline -0.001 -16"><span class='ocrx_word' id='word_1_570' title='bbox 2187 3150 2334 3205; x_wconf 88' lang='lat' dir='ltr'>Cum</span> <span class='ocrx_word' id='word_1_571' title='bbox 2364 3148 2645 3221; x_wconf 87' lang='lat' dir='ltr'>largiente</span> <span class='ocrx_word' id='word_1_572' title='bbox 2674 3147 2918 3203; x_wconf 91' lang='lat' dir='ltr'>Domino</span> <span class='ocrx_word' id='word_1_573' title='bbox 2939 3162 3124 3218; x_wconf 89' lang='lat' dir='ltr'>nuper</span> <span class='ocrx_word' id='word_1_574' title='bbox 3147 3163 3282 3202; x_wconf 89' lang='lat' dir='ltr'>cum</span> <span class='ocrx_word' id='word_1_575' title='bbox 3309 3162 3523 3219; x_wconf 77' lang='lat' dir='ltr'>magna</span> <span class='ocrx_word' id='word_1_576' title='bbox 3545 3145 3772 3218; x_wconf 85' lang='lat' dir='ltr'>episco-</span> 
     </span>
    </p>
   </div>
   <div class='ocr_carea' id='block_1_92' title="bbox 2114 3234 3765 3312">
    <p class='ocr_par' dir='ltr' id='par_1_92' title="bbox 2114 3234 3765 3312">
     <span class='ocr_line' id='line_1_92' title="bbox 2114 3234 3765 3312; baseline -0.001 -18"><span class='ocrx_word' id='word_1_577' title='bbox 2114 3255 2322 3312; x_wconf 91' lang='lat' dir='ltr'>porum</span> <span class='ocrx_word' id='word_1_578' title='bbox 2354 3238 2750 3309; x_wconf 90' lang='lat' dir='ltr'>abbatumque</span> <span class='ocrx_word' id='word_1_579' title='bbox 2783 3236 3111 3308; x_wconf 87' lang='lat' dir='ltr'>frequentia</span> <span class='ocrx_word' id='word_1_580' title='bbox 3141 3234 3418 3308; x_wconf 81' lang='lat' dir='ltr'>synodale</span> <span class='ocrx_word' id='word_1_581' title='bbox 3445 3234 3765 3292; x_wconf 88' lang='lat' dir='ltr'>concilium</span> 
     </span>
    </p>
   </div>
   <div class='ocr_carea' id='block_1_93' title="bbox 2115 3324 3762 3401">
    <p class='ocr_par' dir='ltr' id='par_1_93' title="bbox 2115 3324 3762 3401">
     <span class='ocr_line' id='line_1_93' title="bbox 2115 3324 3762 3401; baseline -0.002 -18"><span class='ocrx_word' id='word_1_582' title='bbox 2115 3344 2441 3400; x_wconf 89' lang='lat' dir='ltr'>ageremus,</span> <span class='ocrx_word' id='word_1_583' title='bbox 2473 3324 2818 3381; x_wconf 84' lang='lat' dir='ltr'>venerabilis</span> <span class='ocrx_word' id='word_1_584' title='bbox 2862 3324 3040 3380; x_wconf 89' lang='lat' dir='ltr'>frater</span> <span class='ocrx_word' id='word_1_585' title='bbox 3069 3328 3268 3380; x_wconf 86' lang='lat' dir='ltr'>noster</span> <span class='ocrx_word' id='word_1_586' title='bbox 3313 3324 3634 3401; x_wconf 78' lang='lat' dir='ltr'>Bisantius,</span> <span class='ocrx_word' id='word_1_587' title='bbox 3664 3340 3762 3379; x_wconf 87' lang='lat' dir='ltr'>ve-</span> 
     </span>
    </p>
   </div>
   <div class='ocr_carea' id='block_1_94' title="bbox 2116 3411 3757 3486">
    <p class='ocr_par' dir='ltr' id='par_1_94' title="bbox 2116 3411 3757 3486">
     <span class='ocr_line' id='line_1_94' title="bbox 2116 3411 3757 3486; baseline -0.003 -14"><span class='ocrx_word' id='word_1_588' title='bbox 2116 3421 2248 3472; x_wconf 64' lang='lat' dir='ltr'>strm</span> <span class='ocrx_word' id='word_1_589' title='bbox 2278 3414 2527 3472; x_wconf 89' lang='lat' dir='ltr'>civitatis</span> <span class='ocrx_word' id='word_1_590' title='bbox 2552 3412 3402 3486; x_wconf 90' lang='lat' dir='ltr'>archiepiscopus,venerabilis</span> <span class='ocrx_word' id='word_1_591' title='bbox 3417 3411 3757 3479; x_wconf 83' lang='lat' dir='ltr'>viriNicolai</span> 
     </span>
    </p>
   </div>
   <div class='ocr_carea' id='block_1_95' title="bbox 2115 3498 3761 3577">
    <p class='ocr_par' dir='ltr' id='par_1_95' title="bbox 2115 3498 3761 3577">
     <span class='ocr_line' id='line_1_95' title="bbox 2115 3498 3761 3577; baseline -0.004 -17"><span class='ocrx_word' id='word_1_592' title='bbox 2115 3504 2238 3577; x_wconf 92' lang='lat' dir='ltr'>(qui</span> <span class='ocrx_word' id='word_1_593' title='bbox 2259 3504 2412 3576; x_wconf 92' lang='lat' dir='ltr'>apud</span> <span class='ocrx_word' id='word_1_594' title='bbox 2443 3520 2544 3559; x_wconf 91' lang='lat' dir='ltr'>vos</span> <span class='ocrx_word' id='word_1_595' title='bbox 2559 3501 2905 3574; x_wconf 88' lang='lat' dir='ltr'>Peregrinus</span> <span class='ocrx_word' id='word_1_596' title='bbox 2934 3501 3292 3572; x_wconf 88' lang='lat' dir='ltr'>nominatur)</span> <span class='ocrx_word' id='word_1_597' title='bbox 3332 3498 3618 3559; x_wconf 81' lang='lat' dir='ltr'>nonnulla</span> <span class='ocrx_word' id='word_1_598' title='bbox 3648 3499 3761 3555; x_wconf 85' lang='lat' dir='ltr'>mi-</span> 
     </span>
    </p>
   </div>
   <div class='ocr_carea' id='block_1_96' title="bbox 2116 3589 3765 3662">
    <p class='ocr_par' dir='ltr' id='par_1_96' title="bbox 2116 3589 3765 3662">
     <span class='ocr_line' id='line_1_96' title="bbox 2116 3589 3765 3662; baseline -0.002 -14"><span class='ocrx_word' id='word_1_599' title='bbox 2116 3593 2315 3650; x_wconf 88' lang='lat' dir='ltr'>racula</span> <span class='ocrx_word' id='word_1_600' title='bbox 2337 3609 2531 3649; x_wconf 91' lang='lat' dir='ltr'>coram</span> <span class='ocrx_word' id='word_1_601' title='bbox 2564 3592 2833 3647; x_wconf 90' lang='lat' dir='ltr'>universo</span> <span class='ocrx_word' id='word_1_602' title='bbox 2864 3589 3107 3646; x_wconf 91' lang='lat' dir='ltr'>concilio</span> <span class='ocrx_word' id='word_1_603' title='bbox 3151 3589 3365 3662; x_wconf 90' lang='lat' dir='ltr'>scripto</span> <span class='ocrx_word' id='word_1_604' title='bbox 3416 3589 3575 3646; x_wconf 90' lang='lat' dir='ltr'>edita</span> <span class='ocrx_word' id='word_1_605' title='bbox 3617 3589 3765 3646; x_wconf 88' lang='lat' dir='ltr'>reci-</span> 
     </span>
    </p>
   </div>
   <div class='ocr_carea' id='block_1_97' title="bbox 2114 3678 3763 3749">
    <p class='ocr_par' dir='ltr' id='par_1_97' title="bbox 2114 3678 3763 3749">
     <span class='ocr_line' id='line_1_97' title="bbox 2114 3678 3763 3749; baseline -0.003 -11"><span class='ocrx_word' id='word_1_606' title='bbox 2114 3684 2277 3743; x_wconf 80' lang='lat' dir='ltr'>tavit.</span> <span class='ocrx_word' id='word_1_607' title='bbox 2309 3687 2367 3738; x_wconf 92' lang='lat' dir='ltr'>et</span> <span class='ocrx_word' id='word_1_608' title='bbox 2393 3681 2663 3737; x_wconf 89' lang='lat' dir='ltr'>eumdem</span> <span class='ocrx_word' id='word_1_609' title='bbox 2697 3680 2799 3736; x_wconf 92' lang='lat' dir='ltr'>Dei</span> <span class='ocrx_word' id='word_1_610' title='bbox 2829 3678 3506 3747; x_wconf 85' lang='lat' dir='ltr'>hominem,auctoritate</span> <span class='ocrx_word' id='word_1_611' title='bbox 3537 3681 3763 3749; x_wconf 86' lang='lat' dir='ltr'>nostra,</span> 
     </span>
    </p>
   </div>
   <div class='ocr_carea' id='block_1_98' title="bbox 2112 3766 3760 3841">
    <p class='ocr_par' dir='ltr' id='par_1_98' title="bbox 2112 3766 3760 3841">
     <span class='ocr_line' id='line_1_98' title="bbox 2112 3766 3760 3841; baseline -0.002 -14"><span class='ocrx_word' id='word_1_612' title='bbox 2112 3772 2174 3827; x_wconf 90' lang='lat' dir='ltr'>in</span> <span class='ocrx_word' id='word_1_613' title='bbox 2206 3777 2541 3828; x_wconf 88' lang='lat' dir='ltr'>sanctorum</span> <span class='ocrx_word' id='word_1_614' title='bbox 2592 3767 2853 3841; x_wconf 88' lang='lat' dir='ltr'>catalogo</span> <span class='ocrx_word' id='word_1_615' title='bbox 2900 3766 3277 3824; x_wconf 90' lang='lat' dir='ltr'>annumerari</span> <span class='ocrx_word' id='word_1_616' title='bbox 3327 3767 3760 3823; x_wconf 76' lang='lat' dir='ltr'>instantissime</span> 
     </span>
    </p>
   </div>
   <div class='ocr_carea' id='block_1_99' title="bbox 2115 3854 3769 3933">
    <p class='ocr_par' dir='ltr' id='par_1_99' title="bbox 2115 3854 3769 3933">
     <span class='ocr_line' id='line_1_99' title="bbox 2115 3854 3769 3933; baseline -0.004 -17"><span class='ocrx_word' id='word_1_617' title='bbox 2115 3859 2449 3933; x_wconf 87' lang='lat' dir='ltr'>postulavit.</span> <span class='ocrx_word' id='word_1_618' title='bbox 2483 3863 2600 3914; x_wconf 93' lang='lat' dir='ltr'>Nos</span> <span class='ocrx_word' id='word_1_619' title='bbox 2650 3856 2828 3930; x_wconf 89' lang='lat' dir='ltr'>igitur</span> <span class='ocrx_word' id='word_1_620' title='bbox 2869 3874 3108 3913; x_wconf 90' lang='lat' dir='ltr'>causam</span> <span class='ocrx_word' id='word_1_621' title='bbox 3156 3857 3346 3927; x_wconf 90' lang='lat' dir='ltr'>ipsam</span> <span class='ocrx_word' id='word_1_622' title='bbox 3377 3855 3567 3912; x_wconf 90' lang='lat' dir='ltr'>eidem</span> <span class='ocrx_word' id='word_1_623' title='bbox 3597 3854 3769 3913; x_wconf 84' lang='lat' dir='ltr'>fratri</span> 
     </span>
    </p>
   </div>
   <div class='ocr_carea' id='block_1_100' title="bbox 2114 3943 3769 4017">
    <p class='ocr_par' dir='ltr' id='par_1_100' title="bbox 2114 3943 3769 4017">
     <span class='ocr_line' id='line_1_100' title="bbox 2114 3943 3769 4017; baseline -0.004 -12"><span class='ocrx_word' id='word_1_624' title='bbox 2114 3954 2313 4005; x_wconf 91' lang='lat' dir='ltr'>nostro</span> <span class='ocrx_word' id='word_1_625' title='bbox 2344 3946 2780 4012; x_wconf 81' lang='lat' dir='ltr'>commisimus,</span> <span class='ocrx_word' id='word_1_626' title='bbox 2813 3947 2885 4002; x_wconf 95' lang='lat' dir='ltr'>de</span> <span class='ocrx_word' id='word_1_627' title='bbox 2904 3946 3034 4017; x_wconf 84' lang='lat' dir='ltr'>ejus</span> <span class='ocrx_word' id='word_1_628' title='bbox 3066 3945 3349 4001; x_wconf 84' lang='lat' dir='ltr'>nimirum</span> <span class='ocrx_word' id='word_1_629' title='bbox 3379 3943 3671 4016; x_wconf 85' lang='lat' dir='ltr'>probitate</span> <span class='ocrx_word' id='word_1_630' title='bbox 3700 3960 3769 4001; x_wconf 88' lang='lat' dir='ltr'>ac</span> 
     </span>
    </p>
   </div>
   <div class='ocr_carea' id='block_1_101' title="bbox 2116 4032 3767 4106">
    <p class='ocr_par' dir='ltr' id='par_1_101' title="bbox 2116 4032 3767 4106">
     <span class='ocr_line' id='line_1_101' title="bbox 2116 4032 3767 4106; baseline -0.003 -12"><span class='ocrx_word' id='word_1_631' title='bbox 2116 4037 2360 4095; x_wconf 89' lang='lat' dir='ltr'>scientia</span> <span class='ocrx_word' id='word_1_632' title='bbox 2390 4035 2538 4092; x_wconf 91' lang='lat' dir='ltr'>nihil</span> <span class='ocrx_word' id='word_1_633' title='bbox 2568 4036 2929 4102; x_wconf 65' lang='lat' dir='ltr'>haesitantes,</span> <span class='ocrx_word' id='word_1_634' title='bbox 2967 4040 3030 4089; x_wconf 90' lang='lat' dir='ltr'>ut</span> <span class='ocrx_word' id='word_1_635' title='bbox 3060 4035 3213 4106; x_wconf 89' lang='lat' dir='ltr'>quod</span> <span class='ocrx_word' id='word_1_636' title='bbox 3247 4034 3299 4089; x_wconf 93' lang='lat' dir='ltr'>ei</span> <span class='ocrx_word' id='word_1_637' title='bbox 3331 4032 3622 4090; x_wconf 87' lang='lat' dir='ltr'>revelante</span> <span class='ocrx_word' id='word_1_638' title='bbox 3651 4032 3767 4089; x_wconf 82' lang='lat' dir='ltr'>Do-</span> 
     </span>
    </p>
   </div>
   <div class='ocr_carea' id='block_1_102' title="bbox 2115 4122 3767 4191">
    <p class='ocr_par' dir='ltr' id='par_1_102' title="bbox 2115 4122 3767 4191">
     <span class='ocr_line' id='line_1_102' title="bbox 2115 4122 3767 4191; baseline -0.002 -9"><span class='ocrx_word' id='word_1_639' title='bbox 2115 4127 2274 4182; x_wconf 90' lang='lat' dir='ltr'>mino</span> <span class='ocrx_word' id='word_1_640' title='bbox 2303 4124 2495 4181; x_wconf 90' lang='lat' dir='ltr'>visum</span> <span class='ocrx_word' id='word_1_641' title='bbox 2526 4124 2719 4191; x_wconf 89' lang='lat' dir='ltr'>fuerit,</span> <span class='ocrx_word' id='word_1_642' title='bbox 2745 4124 3050 4180; x_wconf 90' lang='lat' dir='ltr'>maturiori</span> <span class='ocrx_word' id='word_1_643' title='bbox 3100 4122 3517 4180; x_wconf 88' lang='lat' dir='ltr'>deliberatione</span> <span class='ocrx_word' id='word_1_644' title='bbox 3547 4122 3767 4185; x_wconf 79' lang='lat' dir='ltr'>consti-</span> 
     </span>
    </p>
   </div>
   <div class='ocr_carea' id='block_1_103' title="bbox 2115 4210 3766 4286">
    <p class='ocr_par' dir='ltr' id='par_1_103' title="bbox 2115 4210 3766 4286">
     <span class='ocr_line' id='line_1_103' title="bbox 2115 4210 3766 4286; baseline -0.002 -14"><span class='ocrx_word' id='word_1_645' title='bbox 2115 4221 2273 4284; x_wconf 88' lang='lat' dir='ltr'>tuat;</span> <span class='ocrx_word' id='word_1_646' title='bbox 2308 4215 2378 4271; x_wconf 92' lang='lat' dir='ltr'>ad</span> <span class='ocrx_word' id='word_1_647' title='bbox 2409 4214 2644 4270; x_wconf 89' lang='lat' dir='ltr'>laudem</span> <span class='ocrx_word' id='word_1_648' title='bbox 2673 4216 2729 4269; x_wconf 90' lang='lat' dir='ltr'>et</span> <span class='ocrx_word' id='word_1_649' title='bbox 2752 4212 2998 4286; x_wconf 88' lang='lat' dir='ltr'>gloriam</span> <span class='ocrx_word' id='word_1_650' title='bbox 3028 4211 3189 4268; x_wconf 90' lang='lat' dir='ltr'>illius</span> <span class='ocrx_word' id='word_1_651' title='bbox 3238 4212 3337 4284; x_wconf 92' lang='lat' dir='ltr'>qui</span> <span class='ocrx_word' id='word_1_652' title='bbox 3368 4210 3629 4284; x_wconf 86' lang='lat' dir='ltr'>gratuita.</span> <span class='ocrx_word' id='word_1_653' title='bbox 3655 4211 3766 4269; x_wconf 82' lang='lat' dir='ltr'>mi-</span> 
     </span>
    </p>
   </div>
   <div class='ocr_carea' id='block_1_104' title="bbox 2115 4294 3768 4374">
    <p class='ocr_par' dir='ltr' id='par_1_104' title="bbox 2115 4294 3768 4374">
     <span class='ocr_line' id='line_1_104' title="bbox 2115 4294 3768 4374; baseline -0.001 -14"><span class='ocrx_word' id='word_1_654' title='bbox 2115 4304 2432 4361; x_wconf 89' lang='lat' dir='ltr'>sericordia</span> <span class='ocrx_word' id='word_1_655' title='bbox 2479 4301 2732 4359; x_wconf 81' lang='lat' dir='ltr'>famulos</span> <span class='ocrx_word' id='word_1_656' title='bbox 2776 4319 2913 4358; x_wconf 90' lang='lat' dir='ltr'>suos</span> <span class='ocrx_word' id='word_1_657' title='bbox 2968 4294 3211 4357; x_wconf 76' lang='lat' dir='ltr'>miriﬁce</span> <span class='ocrx_word' id='word_1_658' title='bbox 3258 4301 3587 4374; x_wconf 85' lang='lat' dir='ltr'>gratiﬁcare</span> <span class='ocrx_word' id='word_1_659' title='bbox 3634 4318 3768 4359; x_wconf 82' lang='lat' dir='ltr'>con-</span> 
     </span>
    </p>
   </div>
   <div class='ocr_carea' id='block_1_105' title="bbox 2114 4393 2320 4450">
    <p class='ocr_par' dir='ltr' id='par_1_105' title="bbox 2114 4393 2320 4450">
     <span class='ocr_line' id='line_1_105' title="bbox 2114 4393 2320 4450; baseline -0.015 0"><span class='ocrx_word' id='word_1_660' title='bbox 2114 4393 2320 4450; x_wconf 91' lang='lat' dir='ltr'>suevit.</span> 
     </span>
    </p>
   </div>
   <div class='ocr_carea' id='block_1_106' title="bbox 2823 4478 3044 4535">
    <p class='ocr_par' dir='ltr' id='par_1_106' title="bbox 2823 4478 3044 4535">
     <span class='ocr_line' id='line_1_106' title="bbox 2823 4478 3044 4535; baseline 0.005 -2"><span class='ocrx_word' id='word_1_661' title='bbox 2823 4478 3044 4535; x_wconf 84' lang='lat' dir='ltr'>CCXVI.</span> 
     </span>
    </p>
   </div>
   <div class='ocr_carea' id='block_1_107' title="bbox 2209 4567 3675 4642">
    <p class='ocr_par' dir='ltr' id='par_1_107' title="bbox 2209 4567 3675 4642">
     <span class='ocr_line' id='line_1_107' title="bbox 2209 4567 3675 4642; baseline -0.003 -15"><span class='ocrx_word' id='word_1_662' title='bbox 2209 4571 2413 4628; x_wconf 80' lang='lat' dir='ltr'>Urbani</span> <span class='ocrx_word' id='word_1_663' title='bbox 2440 4571 2491 4626; x_wconf 89' lang='grc' dir='ltr'><em>ΙΙ</em></span> <span class='ocrx_word' id='word_1_664' title='bbox 2519 4569 2751 4642; x_wconf 67' lang='lat' dir='ltr'>epistola</span> <span class='ocrx_word' id='word_1_665' title='bbox 2779 4567 2863 4642; x_wconf 85' lang='lat' dir='ltr'>ad_</span> <span class='ocrx_word' id='word_1_666' title='bbox 2890 4572 3179 4636; x_wconf 77' lang='lat' dir='ltr'>Hugoncm</span> <span class='ocrx_word' id='word_1_667' title='bbox 3204 4567 3675 4639; x_wconf 78' lang='lat' dir='ltr'>archiepiscopum</span> 
     </span>
    </p>
   </div>
   <div class='ocr_carea' id='block_1_108' title="bbox 2714 4638 3143 4711">
    <p class='ocr_par' dir='ltr' id='par_1_108' title="bbox 2714 4638 3143 4711">
     <span class='ocr_line' id='line_1_108' title="bbox 2714 4638 3143 4711; baseline 0 -17"><span class='ocrx_word' id='word_1_668' title='bbox 2714 4638 3143 4711; x_wconf 76' lang='lat' dir='ltr'>Lugdunensem.</span> 
     </span>
    </p>
   </div>
   <div class='ocr_carea' id='block_1_109' title="bbox 2723 4726 3135 4799">
    <p class='ocr_par' dir='ltr' id='par_1_109' title="bbox 2723 4726 3135 4799">
     <span class='ocr_line' id='line_1_109' title="bbox 2723 4726 3135 4799; baseline 0.002 -18"><span class='ocrx_word' id='word_1_669' title='bbox 2723 4728 2909 4799; x_wconf 87' lang='lat' dir='ltr'>(Anno</span> <span class='ocrx_word' id='word_1_670' title='bbox 2950 4726 3135 4799; x_wconf 68' lang='lat'>4097.)</span> 
     </span>
    </p>
   </div>
   <div class='ocr_carea' id='block_1_110' title="bbox 2364 4815 3505 4891">
    <p class='ocr_par' dir='ltr' id='par_1_110' title="bbox 2364 4815 3505 4891">
     <span class='ocr_line' id='line_1_110' title="bbox 2364 4815 3505 4891; baseline -0.003 -18"><span class='ocrx_word' id='word_1_671' title='bbox 2364 4818 2620 4891; x_wconf 80' lang='lat' dir='ltr'>[BALUZ.,</span> <span class='ocrx_word' id='word_1_672' title='bbox 2653 4817 2875 4873; x_wconf 67' lang='lat' dir='ltr'>Misce”.</span> <span class='ocrx_word' id='word_1_673' title='bbox 2909 4815 3047 4872; x_wconf 89' lang='lat' dir='ltr'>edit.</span> <span class='ocrx_word' id='word_1_674' title='bbox 3082 4817 3221 4872; x_wconf 93' lang='lat' dir='ltr'>Luc.</span> <span class='ocrx_word' id='word_1_675' title='bbox 3257 4816 3327 4885; x_wconf 91' lang='lat' dir='ltr'>II,</span> <span class='ocrx_word' id='word_1_676' title='bbox 3362 4815 3505 4884; x_wconf 89' lang='grc'>180.]</span> 
     </span>
    </p>
   </div>
   <div class='ocr_carea' id='block_1_111' title="bbox 2187 4922 3764 4996">
    <p class='ocr_par' dir='ltr' id='par_1_111' title="bbox 2187 4922 3764 4996">
     <span class='ocr_line' id='line_1_111' title="bbox 2187 4922 3764 4996; baseline -0.001 -15"><span class='ocrx_word' id='word_1_677' title='bbox 2187 4927 2462 4982; x_wconf 55' lang='lat' dir='ltr'>[insanus</span> <span class='ocrx_word' id='word_1_678' title='bbox 2493 4925 2822 4996; x_wconf 90' lang='lat' dir='ltr'>episcopus,</span> <span class='ocrx_word' id='word_1_679' title='bbox 2850 4940 3053 4979; x_wconf 90' lang='lat' dir='ltr'>servus</span> <span class='ocrx_word' id='word_1_680' title='bbox 3084 4940 3382 4979; x_wconf 90' lang='lat' dir='ltr'>servorum</span> <span class='ocrx_word' id='word_1_681' title='bbox 3432 4922 3551 4993; x_wconf 88' lang='lat' dir='ltr'>Dei,</span> <span class='ocrx_word' id='word_1_682' title='bbox 3589 4940 3764 4981; x_wconf 79' lang='lat' dir='ltr'>vene-</span> 
     </span>
    </p>
   </div>
   <div class='ocr_carea' id='block_1_112' title="bbox 2113 5012 3762 5086">
    <p class='ocr_par' dir='ltr' id='par_1_112' title="bbox 2113 5012 3762 5086">
     <span class='ocr_line' id='line_1_112' title="bbox 2113 5012 3762 5086; baseline -0.003 -14"><span class='ocrx_word' id='word_1_683' title='bbox 2113 5015 2280 5072; x_wconf 86' lang='lat' dir='ltr'>rabili</span> <span class='ocrx_word' id='word_1_684' title='bbox 2314 5016 2476 5070; x_wconf 87' lang='lat' dir='ltr'>fratri</span> <span class='ocrx_word' id='word_1_685' title='bbox 2506 5020 2562 5068; x_wconf 90' lang='lat' dir='ltr'>et</span> <span class='ocrx_word' id='word_1_686' title='bbox 2582 5013 2920 5085; x_wconf 81' lang='lat' dir='ltr'>coepiscopo</span> <span class='ocrx_word' id='word_1_687' title='bbox 2951 5013 3199 5079; x_wconf 74' lang='lat' dir='ltr'>Hueom,</span> <span class='ocrx_word' id='word_1_688' title='bbox 3232 5012 3560 5086; x_wconf 66' lang='lat' dir='ltr'>apostolicae</span> <span class='ocrx_word' id='word_1_689' title='bbox 3602 5012 3762 5079; x_wconf 84' lang='lat' dir='ltr'>sedis</span> 
     </span>
    </p>
   </div>
   <div class='ocr_carea' id='block_1_113' title="bbox 2052 5100 3611 5177">
    <p class='ocr_par' dir='ltr' id='par_1_113' title="bbox 2052 5100 3611 5177">
     <span class='ocr_line' id='line_1_113' title="bbox 2052 5100 3611 5177; baseline -0.004 -16"><span class='ocrx_word' id='word_1_690' title='bbox 2052 5154 2068 5169; x_wconf 67' lang='lat'>,</span> <span class='ocrx_word' id='word_1_691' title='bbox 2110 5106 2322 5177; x_wconf 83' lang='lat' dir='ltr'>legato,</span> <span class='ocrx_word' id='word_1_692' title='bbox 2356 5103 2607 5158; x_wconf 90' lang='lat' dir='ltr'>salutem</span> <span class='ocrx_word' id='word_1_693' title='bbox 2631 5107 2688 5157; x_wconf 91' lang='lat' dir='ltr'>et</span> <span class='ocrx_word' id='word_1_694' title='bbox 2718 5100 3094 5173; x_wconf 89' lang='lat' dir='ltr'>apostolicam</span> <span class='ocrx_word' id='word_1_695' title='bbox 3127 5101 3611 5159; x_wconf 86' lang='lat' dir='ltr'>benedictionem.</span> 
     </span>
    </p>
   </div>
   <div class='ocr_carea' id='block_1_114' title="bbox 2180 5189 3759 5264">
    <p class='ocr_par' dir='ltr' id='par_1_114' title="bbox 2180 5189 3759 5264">
     <span class='ocr_line' id='line_1_114' title="bbox 2180 5189 3759 5264; baseline -0.001 -16"><span class='ocrx_word' id='word_1_696' title='bbox 2180 5193 2341 5258; x_wconf 88' lang='lat' dir='ltr'>Quod</span> <span class='ocrx_word' id='word_1_697' title='bbox 2355 5194 2423 5249; x_wconf 93' lang='lat' dir='ltr'>de</span> <span class='ocrx_word' id='word_1_698' title='bbox 2435 5190 2784 5264; x_wconf 90' lang='lat' dir='ltr'>Guapicensi</span> <span class='ocrx_word' id='word_1_699' title='bbox 2802 5207 2904 5248; x_wconf 89' lang='lat' dir='ltr'>seu</span> <span class='ocrx_word' id='word_1_700' title='bbox 2918 5190 3114 5249; x_wconf 87' lang='lat' dir='ltr'>Diensi</span> <span class='ocrx_word' id='word_1_701' title='bbox 3137 5189 3495 5263; x_wconf 91' lang='lat' dir='ltr'>coepiscopis</span> <span class='ocrx_word' id='word_1_702' title='bbox 3507 5190 3759 5263; x_wconf 89' lang='lat' dir='ltr'>pruden-</span> 
     </span>
    </p>
   </div>
   <div class='ocr_carea' id='block_1_115' title="bbox 2108 5279 3757 5354">
    <p class='ocr_par' dir='ltr' id='par_1_115' title="bbox 2108 5279 3757 5354">
     <span class='ocr_line' id='line_1_115' title="bbox 2108 5279 3757 5354; baseline -0.001 -16"><span class='ocrx_word' id='word_1_703' title='bbox 2108 5283 2251 5338; x_wconf 90' lang='lat' dir='ltr'>tiam</span> <span class='ocrx_word' id='word_1_704' title='bbox 2264 5286 2425 5338; x_wconf 92' lang='lat' dir='ltr'>tuam</span> <span class='ocrx_word' id='word_1_705' title='bbox 2439 5282 2629 5354; x_wconf 87' lang='lat' dir='ltr'>egisse</span> <span class='ocrx_word' id='word_1_706' title='bbox 2646 5279 2987 5353; x_wconf 86' lang='lat' dir='ltr'>signiﬁcasti</span> <span class='ocrx_word' id='word_1_707' title='bbox 3009 5280 3177 5336; x_wconf 87' lang='lat' dir='ltr'>nobis</span> <span class='ocrx_word' id='word_1_708' title='bbox 3189 5280 3504 5336; x_wconf 88' lang='lat' dir='ltr'>admodum</span> <span class='ocrx_word' id='word_1_709' title='bbox 3521 5283 3757 5352; x_wconf 86' lang='lat' dir='ltr'>gratum</span> 
     </span>
    </p>
   </div>
   <div class='ocr_carea' id='block_1_116' title="bbox 2108 5368 3759 5442">
    <p class='ocr_par' dir='ltr' id='par_1_116' title="bbox 2108 5368 3759 5442">
     <span class='ocr_line' id='line_1_116' title="bbox 2108 5368 3759 5442; baseline -0.002 -15"><span class='ocrx_word' id='word_1_710' title='bbox 2108 5376 2277 5438; x_wconf 88' lang='lat' dir='ltr'>est,et</span> <span class='ocrx_word' id='word_1_711' title='bbox 2302 5370 2349 5427; x_wconf 90' lang='lat' dir='ltr'>si</span> <span class='ocrx_word' id='word_1_712' title='bbox 2372 5372 2499 5442; x_wconf 88' lang='lat' dir='ltr'>jam</span> <span class='ocrx_word' id='word_1_713' title='bbox 2529 5368 2785 5441; x_wconf 88' lang='lat' dir='ltr'>amplius</span> <span class='ocrx_word' id='word_1_714' title='bbox 2813 5372 3009 5424; x_wconf 84' lang='lat' dir='ltr'>actum</span> <span class='ocrx_word' id='word_1_715' title='bbox 3047 5374 3220 5437; x_wconf 91' lang='lat' dir='ltr'>esset,</span> <span class='ocrx_word' id='word_1_716' title='bbox 3254 5368 3479 5441; x_wconf 86' lang='lat' dir='ltr'>gratius</span> <span class='ocrx_word' id='word_1_717' title='bbox 3508 5368 3759 5424; x_wconf 88' lang='lat' dir='ltr'>habere-</span> 
     </span>
    </p>
   </div>
   <div class='ocr_carea' id='block_1_117' title="bbox 2108 5456 3758 5529">
    <p class='ocr_par' dir='ltr' id='par_1_117' title="bbox 2108 5456 3758 5529">
     <span class='ocr_line' id='line_1_117' title="bbox 2108 5456 3758 5529; baseline -0.002 -13"><span class='ocrx_word' id='word_1_718' title='bbox 2108 5477 2260 5527; x_wconf 91' lang='lat' dir='ltr'>mus,</span> <span class='ocrx_word' id='word_1_719' title='bbox 2294 5464 2359 5515; x_wconf 91' lang='lat' dir='ltr'>ut</span> <span class='ocrx_word' id='word_1_720' title='bbox 2387 5464 2443 5514; x_wconf 91' lang='lat' dir='ltr'>et</span> <span class='ocrx_word' id='word_1_721' title='bbox 2470 5457 2794 5529; x_wconf 90' lang='lat' dir='ltr'>Guapensis</span> <span class='ocrx_word' id='word_1_722' title='bbox 2827 5456 2898 5512; x_wconf 87' lang='lat' dir='ltr'>ab</span> <span class='ocrx_word' id='word_1_723' title='bbox 2928 5457 3260 5514; x_wconf 89' lang='lat' dir='ltr'>incubantis</span> <span class='ocrx_word' id='word_1_724' title='bbox 3294 5456 3451 5529; x_wconf 92' lang='lat' dir='ltr'>porci</span> <span class='ocrx_word' id='word_1_725' title='bbox 3483 5456 3758 5513; x_wconf 82' lang='lat' dir='ltr'>faucibus</span> 
     </span>
    </p>
   </div>
   <div class='ocr_carea' id='block_1_118' title="bbox 2105 5546 3754 5619">
    <p class='ocr_par' dir='ltr' id='par_1_118' title="bbox 2105 5546 3754 5619">
     <span class='ocr_line' id='line_1_118' title="bbox 2105 5546 3754 5619; baseline -0.002 -12"><span class='ocrx_word' id='word_1_726' title='bbox 2105 5553 2485 5619; x_wconf 91' lang='lat' dir='ltr'>erueretur,et</span> <span class='ocrx_word' id='word_1_727' title='bbox 2503 5546 2730 5603; x_wconf 91' lang='lat' dir='ltr'>Diensis</span> <span class='ocrx_word' id='word_1_728' title='bbox 2756 5551 2986 5619; x_wconf 90' lang='lat' dir='ltr'>pastore</span> <span class='ocrx_word' id='word_1_729' title='bbox 3007 5562 3183 5619; x_wconf 91' lang='lat' dir='ltr'>quem</span> <span class='ocrx_word' id='word_1_730' title='bbox 3209 5546 3754 5619; x_wconf 89' lang='lat' dir='ltr'>appetitfrueretur.</span> 
     </span>
    </p>
   </div>
   <div class='ocr_carea' id='block_1_119' title="bbox 2104 5634 3759 5712">
    <p class='ocr_par' dir='ltr' id='par_1_119' title="bbox 2104 5634 3759 5712">
     <span class='ocr_line' id='line_1_119' title="bbox 2104 5634 3759 5712; baseline -0.002 -13"><span class='ocrx_word' id='word_1_731' title='bbox 2104 5641 2171 5700; x_wconf 91' lang='lat' dir='ltr'>In</span> <span class='ocrx_word' id='word_1_732' title='bbox 2202 5638 2457 5699; x_wconf 84' lang='lat' dir='ltr'>Ecclesia</span> <span class='ocrx_word' id='word_1_733' title='bbox 2486 5636 2880 5697; x_wconf 85' lang='lat' dir='ltr'>Lemovciensi</span> <span class='ocrx_word' id='word_1_734' title='bbox 2898 5635 2981 5696; x_wconf 86' lang='lat' dir='ltr'>nil</span> <span class='ocrx_word' id='word_1_735' title='bbox 3029 5635 3336 5712; x_wconf 83' lang='lat' dir='ltr'>potestatis</span> <span class='ocrx_word' id='word_1_736' title='bbox 3356 5634 3759 5697; x_wconf 84' lang='lat' dir='ltr'>confratrino-</span> 
     </span>
    </p>
   </div>
  </div>
