3958 6390
147 407 272 488 189

1332 431 1738 493 ΕΡΙΞΤΟΕᾸΞ
1781 431 1881 493 ET
1923 432 2394 495 PRIVILEGIA.

3437 418 3558 495 490

153 564 272 615 stro
294 561 360 614 A.
386 567 493 616 nos
532 560 763 617 dedisse
807 577 1144 632 cognoscas,
1181 562 1294 617 nisi
1353 564 1506 634 quod
1562 579 1696 618 cum
1722 565 1794 620 ab
1823 567 1877 632 Α
1908 565 2252 638 perveniens
2274 567 2697 621 monasterium
2719 548 3321 642 quodGlannafolium
3344 565 3557 621 dicitur

155 649 278 720 ipso
301 665 404 720 pro
426 650 628 705 eadem
662 650 921 706 Ecclesia
960 667 1322 724 rogaremur,
1355 656 1419 707 ut
1441 654 1594 724 apud
1619 653 1798 708 comi-

146 742 265 793 tem
281 739 644 794 Lemovicem
661 739 990 796 consuleret
1004 757 1106 812 pro
1122 740 1390 812 ampliori
1407 740 1802 798 familiaritate

151 827 550 899 praecipimus.
569 827 920 885 Electionem
951 829 1132 901 igitur
1157 831 1275 885 sive
1302 831 1799 886 consecrationem

148 915 268 971 illic
292 933 409 972 non
434 918 570 987 jure
601 917 816 974 factam
834 936 941 974 nos
973 919 1210 990 quidem
1242 918 1466 974 irritam
1490 919 1796 986 habemus,

149 1005 249 1061 sed
280 1005 475 1061 adhuc
511 1000 871 1062 sententiam
902 1025 1006 1080 pro
1063 1025 1179 1063 non
1231 1009 1559 1080 spernenda
1598 1009 1797 1064 domui

149 1094 334 1166 patris
347 1095 532 1150 nostri
547 1095 948 1151 Cluniacensis
968 1097 1195 1152 abbatis
1215 1096 1602 1168 postulatione
1618 1097 1800 1152 distu-

149 1182 347 1240 limus.
376 1183 730 1256 Suppliciter
745 1185 900 1240 enim
937 1186 1350 1241 exoravitnein
1375 1185 1796 1241 fratremillum

149 1273 524 1346 impatienter
545 1275 996 1347 ageremus.Nos
1018 1276 1287 1330 autemin
1310 1275 1470 1331 nullo
1489 1275 1796 1348 legationis

149 1366 260 1418 tuae
271 1363 374 1434 jus
392 1367 667 1434 operante
684 1363 928 1419 Domino
943 1364 1300 1430 minuemus,
1325 1369 1382 1420 et
1398 1381 1522 1436 quae
1542 1363 1797 1420 dictante

141 1450 378 1520 justitia
400 1452 518 1506 oris
556 1461 929 1524 nequaquam
951 1470 1054 1524 per
1093 1470 1200 1509 nos
1236 1470 1343 1509 suo
1379 1455 1582 1509 robore
1603 1470 1793 1509 cessa-

149 1540 314 1596 bunt.
349 1540 430 1596 De
454 1540 857 1598 Aurelianensi
890 1543 1043 1615 quod
1074 1543 1330 1599 statuisti
1363 1547 1421 1598 et
1452 1560 1558 1599 nos
1590 1543 1794 1599 statui-

147 1629 605 1701 mus,siq‘uidem
633 1647 758 1702 quae
790 1632 859 1686 de
889 1647 955 1687 eo
976 1636 1096 1688 tam
1126 1633 1281 1705 apud
1309 1649 1415 1688 nos
1435 1649 1615 1704 quam
1641 1632 1795 1703 apud

146 1724 200 1773 te
223 1717 478 1791 allegata
509 1724 649 1774 sunt
679 1736 812 1775 vera
844 1737 971 1777 esse
1018 1721 1365 1776 constiterit.
1401 1722 1564 1787 Quod
1598 1725 1795 1776 autem

147 1807 216 1864 de
245 1807 682 1863 Senonensibus
714 1808 939 1865 clericis
981 1809 1293 1882 postulasti
1326 1809 1603 1865 libentius
1633 1826 1794 1865 exse-

146 1913 416 1967 quemur,
451 1896 500 1951 si
532 1897 725 1952 clerici
754 1898 864 1969 ipsi
912 1915 1015 1970 pro
1061 1898 1227 1954 electi
1259 1898 1351 1953 sui
1382 1915 1559 1954 causa
1585 1899 1657 1954 ad
1687 1914 1795 1953 nos

146 1986 288 2040 forte
321 1986 706 2058 pervenerint.
735 1988 816 2042 De
847 1986 1179 2044 Belvacensi
1225 1987 1400 2043 etiam
1435 1989 1591 2060 quod
1622 1986 1796 2060 egisti

145 2073 315 2130 nobis
336 2075 576 2131 omnino
600 2093 715 2131 non
738 2075 1025 2148 displicet,
1045 2077 1182 2149 quia
1204 2094 1308 2148 pro
1329 2076 1595 2148 personis
1619 2073 1795 2132 nullis

143 2167 377 2220 sanctos
399 2177 653 2219 canones
678 2164 949 2220 volumus
971 2169 1071 2220 aut
1091 2165 1333 2237 impune
1357 2167 1672 2237 praestante
1692 2165 1798 2220 Do-

146 2251 302 2307 mino
336 2252 596 2324 patimur
627 2251 976 2308 canculcari.
1012 2254 1118 2309 Pro
1167 2271 1345 2310 causa
1395 2253 1797 2310 Cluniacensis

145 2341 487 2397 monasterii
520 2341 927 2396 strenuitatem
961 2345 1124 2397 tuam
1155 2341 1466 2398 sollicitam
1499 2341 1794 2410 volumus,

145 2434 211 2485 ut
238 2447 374 2485 cum
406 2446 440 2485 a
468 2429 704 2485 domino
738 2430 946 2484 abbate
977 2431 1293 2502 requisitus
1329 2431 1528 2496 fueris,
1549 2431 1617 2485 de
1649 2431 1795 2485 duce

147 2518 518 2592 Burgundiae,
556 2519 625 2574 de
655 2519 896 2574 Aimone
927 2520 1306 2587 Borbonensi,
1328 2518 1426 2591 qui
1457 2536 1554 2574 eos
1586 2519 1798 2575 acriter

147 2607 906 2679 molestant,congruentem
915 2607 1214 2679 justitiam
1230 2607 1671 2679 exsequaris.De
1685 2611 1800 2662 sta-

145 2701 206 2752 tu
227 2701 429 2752 nostro
451 2696 758 2751 nobiscum
794 2697 910 2752 Deo
934 2698 1153 2768 gratias
1177 2713 1303 2770 age,
1338 2697 1477 2769 quia
1506 2712 1692 2768 usque
1724 2697 1796 2752 ad

149 2786 361 2842 Urbem
412 2801 548 2840 cum
595 2789 749 2840 Com.
812 2785 888 2840 M.
944 2785 1182 2856 pacifice
1236 2785 1523 2854 venimus,
1589 2785 1795 2841 urbem

148 2873 567 2930 honestissime
629 2891 762 2929 cum
817 2875 1251 2946 procedentium
1312 2874 1624 2946 stipatione
1684 2874 1796 2929 fre-

145 2963 542 3035 quentissima
568 2962 958 3019 introivimus.
985 2963 1196 3019 Urbem
1223 2965 1413 3035 ipsam
1435 2963 1644 3034 majori
1667 2963 1796 3034 jam

145 3070 212 3108 ex
240 3055 406 3125 parte
436 3051 743 3108 habemus.
792 3053 1090 3124 Synodum
1139 3053 1403 3108 Laterani
1460 3051 1800 3109 solemniter

151 3140 595 3198 celebravimus.
620 3139 782 3196 Cives
805 3139 975 3196 nabis
997 3145 1054 3196 et
1071 3141 1337 3214 regiones
1368 3155 1573 3196 omnes
1598 3157 1795 3196 sacra-

148 3230 362 3286 mentis
413 3228 818 3301 astringimus.
867 3227 1099 3285 Gratias
1159 3226 1294 3296 Deo,
1338 3230 1598 3297 honeste,
1651 3232 1795 3296 tute,

1910 655 1969 709 in
2027 654 2528 710 Andecavensium
2582 655 2836 724 dimcesi,
2883 655 3080 712 divina
3122 654 3308 727 gratia
3354 670 3558 725 prose-

1913 747 2143 814 quente,
2177 744 2520 812 construxit,
2556 746 2711 816 quod
2761 745 3063 801 Casinensi
3094 743 3376 811 ccenobio,
3405 742 3560 798 unde

1911 832 2221 903 prodierat,
2259 833 2681 902 commisit,ubi
2714 851 2848 890 cum
2871 834 3141 906 plurimis
3167 832 3560 889 virtutumin-

1911 921 2199 993 signibus,
2233 927 2576 994 cooperante
2608 921 3560 992 Domino,eliulsisset,Bertulfum

1911 1010 2271 1083 discipulum
2304 1029 2477 1068 suum
2509 1014 2781 1069 abbatem
2832 1014 3220 1078 substituens,
3253 1009 3559 1067 monachis

1908 1099 2326 1156 Casinensibus
2359 1102 2459 1173 qui
2491 1119 2611 1157 una
2664 1119 2862 1158 secum
2911 1105 3189 1158 venerant
3217 1117 3393 1173 super
3421 1112 3557 1155 eum

1909 1187 2218 1244 sollicitius
2260 1189 2561 1261 invigilare
2585 1191 2879 1262 praecepit,
2913 1208 2985 1246 ne
3008 1192 3065 1246 in
3101 1189 3297 1262 aliquo
3328 1206 3362 1244 a
3390 1187 3558 1244 recti-

1906 1277 2108 1333 tudine
2125 1278 2409 1350 regularis
2422 1279 2677 1334 tramitis
2691 1280 2972 1349 deviaret,
2998 1280 3196 1352 sicque
3217 1276 3556 1352 temporalis

1905 1368 2032 1421 vitze
2056 1367 2233 1422 ﬁnem
2280 1367 2520 1422 sortitus
2543 1372 2650 1436 est,
2678 1385 2744 1423 ac
2785 1367 3073 1441 sepultus.
3108 1369 3244 1424 Post
3273 1366 3559 1424 nonnulla

1906 1454 2084 1527 igitur
2104 1472 2392 1511 annorum
2416 1456 2726 1525 curricula,
2736 1457 2986 1529 peccatis
3001 1456 3553 1529 exigentibus,idem

1907 1545 2326 1600 monasterium
2359 1562 2393 1600 a
2421 1544 2692 1601 Gaidulfo
2724 1547 3021 1618 quondam
3043 1546 3430 1614 destructum,
3449 1545 3552 1600 sed

1907 1634 2281 1704 postmodum
2328 1632 2734 1706 religiosorum
2781 1635 3040 1690 virorum
3093 1633 3288 1691 studio
3319 1649 3552 1706 repara-

1906 1726 2051 1777 tum.
2087 1723 2379 1795 Eoitaque
2396 1725 3008 1795 temporevenerandae
3043 1722 3552 1779 memoriteAdria-

1907 1829 2018 1868 nus
2041 1828 2191 1884 papa
2208 1812 2383 1866 simul
2402 1829 2536 1867 cum
2553 1811 2917 1886 Carolo,rege
2933 1813 3288 1868 Francorum
3301 1815 3358 1866 et
3377 1811 3558 1883 patri-

1823 1937 1870 2002 Β
1903 1900 1984 1956 tio
2015 1900 2432 1967 Romanorum,
2451 1901 2759 1973 praefatum
2787 1900 3210 1957 monasterium
3241 1899 3556 1956 Glannafo-

1889 1989 2090 2045 liense
2143 1989 2459 2045 venerabili

2518 1989 2940 2046 Theodemario
2997 1988 3300 2046 Casinensi
3360 1988 3557 2045 abbati

1906 2093 2082 2149 super
2112 2077 2221 2134 hac
2249 2094 2309 2133 re
2333 2077 2761 2150 querimoniam
2794 2079 3046 2147 facienti,
3081 2077 3316 2152 cognita
3335 2077 3557 2134 ratione

1904 2167 2182 2233 restituit,
2217 2171 2396 2239 atque
2425 2168 2766 2224 auctoritate
2816 2166 3136 2240 apostolica
3164 2166 3551 2223 conﬁrmavit.

1905 2259 2120 2310 Verum
2145 2255 2282 2328 quia
2300 2255 2403 2312 Dei
2421 2256 2648 2326 judicia
2673 2256 2922 2329 abyssus
2943 2255 3150 2324 multa,
3177 2256 3304 2327 jam
3327 2254 3553 2310 dictum

1905 2344 2634 2400 coenobiumbarbarorum
2659 2345 2901 2401 incursu
2922 2348 3218 2402 vastatum
3251 2344 3465 2398 iterum
3497 2346 3554 2399 et

1903 2433 2265 2488 destructum
2290 2432 3074 2504 asseritur.Depopulationis
3095 2447 3231 2504 ergo
3248 2430 3407 2486 illius
3419 2431 3552 2486 bar-

1903 2520 2111 2576 baricae
2127 2521 2441 2577 solitudine
2461 2526 2856 2592 permanente,
2875 2520 3196 2576 illustrium
3220 2518 3553 2592 principum

1905 2610 2098 2666 studio
2114 2610 2411 2681 provisum
2435 2598 3349 2682 fuitquatenusGlannafoliensis
3365 2607 3552 2674 locus,

1902 2698 2262 2754 monachicae
2293 2702 2434 2753 tunc
2466 2698 2647 2770 quieti
2678 2700 3059 2772 incongruus,
3094 2714 3198 2770 per
3245 2697 3556 2753 Fossaten-

1905 2804 1997 2844 ses
2027 2787 2350 2844 monachos
2382 2788 2816 2860 disponeretur;
2843 2804 2971 2860 quae
2991 2787 3230 2860 quidem
3252 2783 3558 2858 dispositio

1905 2892 2092 2948 usque
2128 2877 2200 2933 ad
2229 2880 2497 2948 tempora
2527 2880 2727 2932 nostra
2779 2875 3165 2933 immobiliter
3200 2872 3556 2947 perduravit.

1904 2966 2190 3022 Caeterum
2216 2982 2350 3022 cum
2385 2966 2749 3022 Fossatensis
2769 2966 2944 3021 etiam
2969 2965 3133 3021 locus
3183 2964 3254 3021 ab
3286 2963 3558 3020 observa-

1906 3054 2064 3108 tione
2113 3054 2413 3127 religionis
2463 3054 2752 3123 desiisset,
2786 3052 3281 3110 Glannafoliensis
3313 3051 3558 3108 ecclesia

1905 3159 2008 3214 per
2038 3142 2145 3198 loci
2177 3142 2364 3215 ipsius
2404 3144 2747 3215 praepositos
2774 3161 2891 3200 non
2912 3148 3034 3200 tam
3074 3141 3360 3215 disposita
3380 3153 3555 3212 quam

1905 3231 2191 3303 dissipata
2213 3232 2436 3286 diutius
2467 3232 2793 3287 videbatur.
2829 3231 3082 3304 Contigit
3111 3235 3306 3287 autem
3345 3229 3552 3284 divina

149 3318 419 3376 alacriter
440 3335 666 3374 sumus.
701 3318 816 3374 Vos
837 3318 1147 3374 nobiscum
1167 3318 1282 3374 Deo
1300 3310 1519 3390 gratias
1537 3318 1710 3390 agite,
1738 3321 1795 3372 et
1825 3303 1868 3372 C
1901 3319 2285 3392 dispositione
2299 3320 2781 3387 clementiae,cum
2806 3337 2908 3392 pro
2930 3303 3340 3376 ecclesiasticis
3358 3317 3552 3375 causis

149 3425 248 3481 pro
280 3407 453 3463 nobis
485 3407 630 3478 ejus.
650 3407 1111 3462 misericordiam
1142 3412 1391 3472 exorate,
1425 3422 1614 3477 neque
1644 3405 1796 3461 inter

148 3497 267 3552 hec
291 3496 466 3552 matri
495 3499 699 3551 vestrae
750 3495 1021 3552 Romanae
1068 3495 1335 3552 Ecclesiae
1377 3495 1682 3551 subvenire
1709 3498 1791 3550 at-

149 3585 368 3642 tentius
401 3579 731 3656 negligatis.

857 3698 1108 3762 CCXVII.

153 3792 172 3813 *
209 3789 460 3857 Urbanus
518 3789 674 3842 Petro
727 3788 1162 3858 Aragonensinm
1201 3795 1252 3842 et
1293 3787 1798 3858 Pampiionensium

215 3862 332 3930 regi
361 3861 675 3930 caeterisqne
704 3874 896 3914 earum
925 3859 1211 3930 regionum
1238 3858 1492 3930 ﬁdelibus
1520 3859 1799 3914 ecclesia-1n

217 3931 696 4003 Pampilonensem
719 3931 1076 3988 commendat.

779 4021 966 4087 (Anno
998 4018 1182 4088 4097.)

486 4106 791 4178 [Romam
833 4109 948 4163 Vita
983 4108 1207 4174 Urbani,
1238 4123 1295 4179 p.
1326 4107 1478 4179 282.]

837 4202 1122 4278 CCXVIII.

157 4314 398 4370 Urbanus
433 4311 710 4377 Oderisio,
743 4311 1022 4367 cardinali
1051 4313 1300 4367 Ecclesiae
1329 4315 1595 4369 Romam?
1624 4318 1674 4367 et
1703 4311 1798 4366 ab-

223 4385 338 4440 bati
366 4383 689 4439 monasterii
736 4383 1068 4451 Casinensis,
1103 4401 1136 4437 a
1177 4399 1286 4438 sese
1332 4391 1664 4450 consecrato,
1694 4398 1804 4438 mo-

221 4458 533 4512 nasterium
579 4454 1046 4525 Glanna/‘oliense,
1073 4454 1353 4511 monachis
1400 4454 1803 4510 Fossatensibus

221 4527 602 4600 adjudicatum
631 4528 886 4583 restituit.

777 4617 964 4684 (Anno
1003 4615 1182 4686 1097.)

589 4703 823 4774 [MANSI,
857 4704 1062 4760 Concil.
1089 4702 1202 4772 XX,
1227 4704 1376 4775 928.]

227 4830 507 4885 URBANUS
541 4829 873 4902 episcopus,
905 4845 1106 4885 servus
1145 4845 1446 4885 servorum
1493 4828 1613 4895 Dei,
1651 4843 1808 4884 reve-

160 4917 494 4974 rentissimo
542 4921 598 4973 et
653 4917 996 4974 charissimo
1051 4918 1213 4974 fratri
1273 4919 1566 4988 Onsmsxo,
1595 4916 1810 4973 nostris

162 5024 260 5078 per
291 5007 390 5063 Dei
424 5007 675 5079 gratiam
729 5007 1001 5062 manibus
1037 5011 1093 5062 et
1119 5008 1178 5061 in
1210 5007 1565 5062 cardinalem
1596 5012 1810 5062 sanctae

166 5091 440 5151 Romanae
487 5095 749 5152 Ecclesiae
794 5096 1102 5164 sacerdoti,
1136 5099 1194 5150 et
1238 5096 1299 5151 in
1353 5096 1622 5150 abbatem
1649 5097 1812 5151 Casi-

162 5184 364 5240 nensis
396 5181 734 5240 monasterii
765 5188 1124 5250 consecrato,
1176 5185 1420 5257 ejusque
1469 5185 1815 5240 successori-

163 5274 276 5330 bus
310 5273 658 5346 regulariter
688 5272 1118 5330 substituendis
1149 5272 1207 5328 in
1239 5275 1606 5345 perpetuum.

234 5362 406 5418 Pater
433 5367 492 5418 et
521 5362 793 5436 princeps
820 5357 1172 5419 monachicae
1197 5361 1602 5430 institutionis,
1629 5362 1817 5434 gratia

165 5455 223 5506 et
254 5451 492 5508 nomine
522 5451 889 5520 Benedictus,
932 5450 1290 5523 discipulum
1340 5467 1513 5506 suum
1554 5450 1820 5506 beatissi-

167 5555 336 5596 mum
362 5539 635 5596 Maurum
666 5540 740 5595 ob
770 5539 1069 5612 religionis
1111 5539 1373 5595 studium
1403 5539 1730 5594 docendum
1762 5543 1818 5595 et

167 5622 507 5704 augendum
532 5629 590 5684 in
620 5619 836 5686 Gallias
857 5629 1190 5700 destinavit,
1219 5627 1372 5685 sicut
1397 5628 1460 5684 in
1491 5643 1691 5685 eorum
1719 5643 1818 5702 ge-

170 5718 278 5778 stis
305 5718 436 5778 luce
465 5717 682 5776 clarius
728 5718 1077 5792 reperimus,
1108 5716 1210 5794 qui
1257 5718 1328 5776 ad
1369 5717 1498 5777 loca
1525 5717 1819 5779 destinata

492 5843 759 5912 Parant.
805 5844 950 5909 CLI.

1903 3410 1963 3463 in
1983 3409 2200 3464 Gallias
2213 3409 2635 3465 transissemus
2649 3425 2755 3464 nos
2778 3408 2972 3465 locum
2994 3407 3161 3463 illum
3177 3423 3309 3462 cum
3324 3407 3552 3462 confra-

1904 3497 2094 3552 tribus
2115 3497 2332 3553 nostris
2360 3497 2650 3568 episcopis
2688 3501 2746 3552 et
2766 3497 3038 3553 Romanae
3062 3495 3331 3552 Ecclesiae
3363 3495 3551 3551 cardi-

1906 3584 2141 3639 nalibus
2168 3583 2454 3639 visitasse.
2497 3585 2758 3638 Fratrum
2789 3582 2971 3656 igitur
3017 3583 3134 3639 Deo
3165 3583 3548 3639 servientium

1905 3671 2022 3726 illic
2054 3675 2111 3727 et
2141 3671 2364 3727 circum
2396 3671 2792 3727 habitantium
2830 3670 3120 3727 nobilium
3150 3670 3411 3726 virorum
3443 3687 3552 3727 nos

1906 3762 2080 3816 turba
2108 3759 2495 3816 circumstetit
2543 3777 2720 3832 super
2773 3760 3157 3832 dissipatione
3201 3757 3555 3815 multimoda

1908 3848 2392 3919 conquerentium
2421 3865 2548 3920 quae
2573 3849 2643 3904 ab
2668 3848 2761 3904 his
2785 3847 3424 3920 inferebatur,quorum
3455 3863 3555 3904 eos

1909 3941 2248 4010 oportuerat
2295 3938 2590 3993 industria
2631 3937 2947 4010 gubernari
2977 3956 2989 4005 ;
3019 3937 3257 4008 adjectis
3294 3935 3390 3992 his
3420 3937 3563 3992 sunt

1911 4026 2241 4083 communis
2272 4026 2373 4080 filii
2401 4026 2587 4082 nostri
2617 4026 2881 4094 Joannis,
2904 4027 2962 4082 S.
2991 4026 3267 4083 Romanae
3291 4023 3562 4081 Ecclesiae

1911 4115 2137 4172 diaconi
2155 4115 2489 4184 cardinalis,
2518 4119 2575 4171 et
2594 4115 2772 4172 vestri
2793 4113 3127 4171 Casinensis
3159 4109 3410 4170 coenobii
3439 4128 3565 4168 mo-

1912 4205 2104 4273 nachi,
2139 4222 2242 4277 pro
2274 4209 2436 4277 parte
2469 4209 2569 4262 tua
2613 4208 2671 4261 et
2717 4203 3064 4261 venerabilis
3123 4203 3321 4260 fratris
3380 4200 3566 4259 nostri

1913 4293 2153 4349 Goli‘ridi
2194 4294 2622 4350 Andecavensis
2671 4294 2950 4366 episcopi,
2977 4297 3032 4348 et
3080 4291 3186 4348 ﬁlii
3217 4290 3402 4348 nostri
3431 4288 3564 4346 Ful-

1913 4383 2074 4437 conis
2097 4382 2528 4439 Andecavensis
2579 4383 2810 4439 comitis
2857 4398 3082 4455 preces,
3117 4381 3423 4454 proprium
3453 4379 3569 4436 loci

1913 4469 1998 4525 illi
2021 4471 2292 4526 abbatem
2316 4472 2425 4526 sub
2447 4471 2728 4528 ditionem
2743 4470 3080 4527 Casinensis
3103 4469 3359 4526 ecclesia
3373 4471 3566 4526 aucto-

1914 4557 2082 4614 ritate
2113 4558 2269 4613 sedis
2320 4559 2648 4630 apostolicae
2707 4559 2933 4615 restitui
2975 4558 3424 4631 postulantium,
3458 4572 3564 4612 nec

1834 4667 1880 4732 Ι)
1913 4663 2124 4720 parum
2152 4647 2212 4701 in
2244 4647 2402 4703 brevi
2451 4648 2774 4719 profectum
2807 4647 2932 4703 loco
2981 4650 3326 4702 eventurum
3361 4661 3562 4717 spera-

1915 4737 2138 4806 bant,et
2160 4736 2228 4791 de
2250 4736 2568 4801 tricesimo,
2593 4736 2692 4807 qui
2724 4752 2880 4790 nunc
2903 4735 3113 4806 inerat,
3139 4733 3562 4791 monachorum

1917 4841 2185 4891 numero,
2220 4828 2451 4898 repente
2492 4823 2836 4897 ampliorem
2883 4823 3172 4890 futurum,
3206 4821 3499 4893 siquidem
3526 4837 3567 4879 θ.

1921 4913 2360 4970 Fossatensium
2383 4913 2564 4986 erepti
2585 4913 2892 4986 tyrannide
2913 4912 3143 4969 abbatis
3164 4909 3382 4984 proprii
3413 4908 3567 4984 regi-

1921 5003 2078 5058 mine
2101 5002 2450 5058 fruerentur.
2483 5003 2728 5059 Proinde
2774 5001 3220 5058 Fossatensibus
3261 4999 3568 5056 monachis

1921 5092 2075 5146 diem
2099 5095 2322 5147 certum
2349 5092 2688 5157 statuimus,
2708 5109 2824 5163 quo
2850 5108 2912 5148 se
2932 5093 3145 5148 nostris
3181 5086 3568 5157 audientiae,si

1920 5180 2206 5236 habentes
2237 5180 2556 5252 privilegiis
2586 5184 3023 5253 praesentarent.

1993 5268 2441 5324 Considentibus
2454 5285 2589 5341 ergo
2622 5270 2927 5326 nobiscum
2959 5269 3018 5324 in
3046 5267 3570 5325 Turonensieccle-

1925 5359 2012 5413 sia
2029 5357 2506 5430 archiepiscopis,
2537 5358 2825 5431 episcopis
2858 5363 2916 5415 et
2951 5358 3287 5426 abbatibus,
3321 5368 3568 5414 numero

1927 5447 2316 5520 quadraginta
2327 5450 2578 5519 quatuor
2592 5448 2742 5504 facta
2754 5449 2825 5503 de
2837 5447 2946 5504 hoc
2970 5449 3202 5521 negotio
3227 5446 3572 5519 quaestione,

1926 5536 2188 5592 chartam
2203 5535 2370 5590 nobis
2383 5537 2642 5608 praedicti
2656 5537 2861 5594 fratres
2875 5537 2935 5593 in
2954 5535 3255 5593 communi
3275 5532 3573 5592 audientis.

1926 5629 2371 5700 praesentarunt,
2396 5626 2564 5699 quasi
2579 5626 2826 5685 Romani
2846 5625 3140 5702 pontiﬁcis
3159 5621 3420 5691 Adriani,
3441 5633 3570 5694 qua

1929 5717 2168 5777 omnino
2181 5714 2330 5776 falsa
2342 5716 2668 5778 manifestis
2687 5721 2776 5775 est
2791 5714 3023 5778 indiciis
3041 5713 3436 5788 comprobata.
3451 5706 3574 5773 Pla-

3180 5837 3255 5905 18
