3958 6414
419 455 531 515 491

1713 457 1783 521 Β.
1829 460 2122 521 URBANI
2168 459 2218 520 Il
2267 449 2512 520 ΡΑΡλΕ.

3693 459 3818 520 492

415 588 534 644 cuit
557 587 750 658 itaque
782 587 1008 642 cunctis
1041 587 1097 642 in
1132 604 1440 645 commune
1480 589 1760 646 fratribus
1791 591 1891 663 qui
1923 607 2054 646 con-
2081 591 2136 659 Α
2163 593 2297 646 stat.
2331 591 2388 644 Si
2417 608 2532 663 qua
2557 608 2698 648 sane
2729 592 2789 646 in
2821 591 3142 648 crastinum
3181 589 3596 658 ecclesiastica,
3627 607 3811 648 saecu-

412 675 700 743 sederant,
731 676 1208 749 quandoquidem
1241 678 1299 732 in
1324 679 1652 735 Fossatensi
1701 680 2054 735 monasterio

412 762 710 834 religionis
751 764 1118 821 observantia
1155 767 1282 838 jam
1333 784 1434 840 per
1481 773 1744 840 tempora
1779 767 1906 823 loca
1962 769 2050 839 [f.,

413 851 611 926 longa]
643 853 950 923 defecerat,
981 860 1037 911 et
1065 855 1555 912 Glannafoliensis
1580 855 1742 911 locus
1795 874 1899 930 per
1955 873 2053 912 eos

413 958 528 996 non
561 939 1076 1015 meliorationi,sed
1099 943 1526 1001 deteriorationi
1547 945 1852 1000 videbatur
1879 963 2050 1018 expo-

413 1029 587 1098 situs,
629 1037 893 1088 cessante
943 1049 1122 1090 causa
1176 1033 1351 1088 etiam
1409 1039 1660 1090 cessaret
1703 1033 1964 1102 effectus,
1999 1040 2052 1090 et

412 1119 981 1177 Glannafoliensibus
1008 1122 1312 1178 monachis
1343 1122 1571 1178 abbatis
1616 1121 1929 1178 cardinalis
1959 1139 2050 1178 so-

409 1209 613 1262 latium
645 1209 1006 1264 redderetur.
1042 1211 1112 1266 Et
1140 1215 1280 1266 tunc
1311 1227 1448 1283 ergo
1497 1211 1791 1266 communi
1822 1211 2050 1268 decreto

409 1297 795 1364 sancimus,et
823 1315 978 1354 nunc
1004 1317 1106 1372 per
1133 1301 1440 1372 praesentis
1461 1299 1743 1372 privilegii
1777 1301 2051 1372 paginam

407 1384 738 1458 legitimum
768 1387 1187 1460 sempiternum
1221 1389 1538 1460 apostolica
1565 1388 1910 1446 auctoritate
1941 1393 2054 1445 sta-

406 1473 652 1545 tuimus,
673 1480 738 1531 ut
762 1476 821 1531 in
855 1477 978 1532 loco
999 1475 1099 1532 illo
1127 1477 1442 1532 venerabili
1473 1493 1624 1550 srepe
1645 1478 1917 1550 superius
1947 1494 2052 1534 no-

411 1565 630 1622 minato
660 1565 972 1622 cardinalis
1003 1566 1184 1621 abbas
1214 1567 1514 1638 perpetuis
1552 1567 1916 1639 temporibus
1947 1567 2049 1622 ha-

409 1655 638 1722 beatur,
671 1655 830 1710 salva
860 1672 960 1727 per
1007 1655 1204 1710 omnia
1251 1655 1587 1723 reverentia,
1621 1659 1679 1711 et
1725 1655 2054 1712 obedientia

409 1744 615 1800 matris
673 1761 790 1800 suae
848 1741 1100 1800 ecclesiae
1147 1743 1506 1801 Casinensis.
1552 1745 2050 1801 Praedecessorum

409 1835 742 1886 nostrorum
774 1847 910 1904 ergo
943 1832 1337 1890 Romanorum
1364 1835 1707 1906 pontificum
1737 1833 1974 1889 Adriani
1994 1838 2053 1891 et

407 1917 624 1974 Nicolai
647 1918 889 1992 vestigia
908 1921 1278 1990 comitantes,
1293 1922 1778 1995 praenominatum
1797 1922 2050 1978 Glanna-
2081 1955 2129 2019 B

408 2005 648 2063 foliense
675 2008 1004 2065 coenobium
1037 2027 1166 2066 cum
1202 2012 1478 2068 omnibus
1500 2010 1871 2083 pertinentiis
1902 2011 2045 2081 suis,

406 2094 564 2152 salva
586 2093 856 2154 libertate
875 2101 933 2154 et
953 2099 1238 2172 dignitate
1259 2101 1520 2170 ejusdem
1542 2099 1672 2168 loci,
1696 2099 1800 2157 tibi
1832 2105 2050 2173 tuoque

404 2183 707 2242 Casinensi
756 2189 1112 2245 monasterio
1168 2189 1472 2261 praesentis
1527 2189 1711 2244 nostri
1764 2185 2048 2262 privilegii

400 2274 617 2346 pagina
645 2291 779 2331 cum
797 2275 1074 2332 omnibus
1096 2277 1568 2350 possessionibus
1589 2277 1714 2333 suis
1744 2279 2050 2334 conﬁrma-

403 2379 556 2419 mus.
593 2363 656 2420 In
689 2365 906 2437 quibus
937 2364 1058 2420 haec
1105 2367 1358 2438 propriis
1403 2365 1678 2422 duximus
1711 2367 2048 2422 nominibus

399 2451 752 2509 adnotanda.
789 2453 852 2508 In
884 2453 1092 2524 primis
1119 2453 1256 2510 villa
1309 2454 1542 2522 Blazon,
1579 2459 1688 2510 etc.
1719 2455 2048 2510 Statuimus

403 2542 579 2598 etiam
614 2545 679 2596 ut
707 2543 958 2597 obeunte
987 2541 1230 2598 Girardo
1281 2560 1435 2598 nunc
1484 2544 1612 2614 ejus
1663 2543 1775 2598 loci
1816 2543 2045 2612 abbate,

408 2631 604 2686 nullus
633 2629 712 2685 ibi
735 2630 1130 2702 subreptionis
1160 2631 1376 2688 astutia
1416 2630 1503 2686 vel
1526 2631 1797 2687 violentia
1826 2648 2046 2705 praepo-

405 2724 594 2787 natur,
628 2719 740 2775 nisi
789 2736 964 2792 quem
1013 2721 1220 2777 fratres
1268 2721 1564 2776 communi
1618 2737 1926 2788 consensu,
1957 2720 2046 2776 vel

403 2798 648 2883 fratrum
681 2824 816 2880 pars
846 2807 1073 2865 consilii
1123 2809 1373 2866 sanioris
1421 2809 1744 2866 secundum
1784 2813 1840 2865 Β.
1877 2811 2049 2866 Bene-

401 2895 540 2952 dicti
575 2894 836 2969 regulam
867 2895 1168 2972 elegerint,
1205 2898 1359 2969 apud
1400 2897 1674 2953 Casinum
1723 2899 2046 2954 secundum

401 2989 662 3062 tenorem
685 2985 1118 3058 privilegiorum
1133 3003 1372 3041 suorum
1395 2986 1855 3042 benedicendum
1884 2987 2047 3054 Quod

405 3074 452 3134 si
486 3075 652 3142 forte,
679 3075 834 3144 quod
856 3075 1084 3131 evenire
1105 3074 1197 3129 vix
1219 3074 1534 3142 credimus,
1559 3075 1617 3129 in
1648 3075 1778 3148 ipsa
1809 3091 2047 3149 congre-

399 3163 632 3237 gatione
661 3161 876 3234 aliquis
906 3163 978 3218 ad
1003 3163 1112 3218 hoc
1133 3161 1390 3218 ofﬁcium
1416 3163 1663 3220 idoneus
1695 3181 1808 3218 non
1833 3164 2046 3237 reperi-

396 3257 514 3321 tur,
538 3253 610 3308 de
630 3252 926 3308 Casinensi
959 3252 1220 3327 ccenobio
1258 3252 1528 3307 abbatem
1552 3251 1664 3307 sibi
1687 3251 1904 3325 eligant
1934 3252 2042 3308 ibi-

395 3342 528 3397 dem
551 3340 821 3397 similiter
848 3341 1334 3408 benedicendum,
1357 3339 1557 3412 sicque
1596 3343 2042 3414 praposituram

397 3431 772 3503 Casinensem
800 3434 858 3486 et
887 3429 1231 3486 vicariatum
1274 3429 1537 3501 ejusdem
1587 3429 1917 3486 Casinensis
1948 3431 2044 3488 ab-

403 3520 555 3576 batis
565 3536 670 3592 per
680 3522 860 3575 totam
875 3517 1122 3575 Galliam
1141 3517 1428 3590 accipiens
1442 3519 1511 3574 ad
1527 3535 1700 3575 suum
1714 3519 2042 3576 ccenobium

404 3611 618 3665 redeat.
663 3608 948 3664 Omnibus
996 3612 1191 3664 autem
1233 3606 1494 3680 quinque
1531 3608 1700 3664 annis
1743 3608 1948 3664 limina
1977 3609 2040 3664 B.

403 3695 1064 3770 Benedicti_Casinensis
1079 3695 1293 3762 visitet,
1326 3695 1386 3750 in
1421 3696 1606 3752 Mauri
1639 3697 1763 3753 loco
1794 3697 2046 3754 resideat

401 3785 461 3840 in
475 3785 766 3854 Casino,et
785 3785 843 3841 in
867 3784 1141 3841 omnibus
1159 3783 1319 3840 cellis
1343 3784 1392 3855 ej
1405 3801 1470 3840 us
1492 3801 1668 3858 super
1687 3801 1819 3843 eum
1843 3785 2043 3842 nullus

401 3873 584 3932 abbas
615 3876 832 3941 sedeat,
866 3878 923 3930 et
953 3873 1098 3929 nulli
1131 3873 1243 3930 alio
1281 3873 1426 3941 loco,
1461 3873 1572 3932 nisi
1623 3878 1852 3931 tantum
1883 3875 2040 3930 Casi-

401 3963 602 4020 nensis
633 3963 940 4018 subdatur.
971 3961 1031 4018 Si.
1055 3961 1194 4033 quid
1231 3979 1364 4018 vero
1386 3961 1456 4018 de
1487 3963 1688 4018 ordine
1719 3963 2042 4020 monastico

399 4053 773 4109 tractandum
787 4050 959 4119 fuerit
973 4049 1348 4106 arbitriotam
1372 4051 1664 4124 praepositi
1684 4051 2040 4120 Casinensis,

399 4159 576 4214 quam
599 4146 656 4197 et
680 4139 908 4198 abbatis
930 4139 1186 4196 B.Mauri
1207 4139 1831 4213 disponatur.lnsuper
1845 4144 2042 4198 autem

398 4231 668 4304 praesenti
699 4229 1000 4302 privilegio
1039 4229 1440 4301 supradictum
1484 4229 1678 4284 locum
1733 4245 1850 4284 una
1906 4247 2040 4286 cum

399 4319 675 4376 omnibus
705 4319 830 4375 suis
862 4317 1310 4390 pertinentibus,
1345 4315 1610 4373 ecclesiis
1639 4321 1695 4372 et
1723 4320 2042 4390 possessio-

397 4409 570 4464 nibus
593 4424 694 4480 per
715 4411 901 4462 totum
928 4407 1124 4463 orbem
1145 4408 1511 4472 roboramus,
1533 4408 1708 4476 atque
1729 4411 1794 4462 ut
1818 4407 2041 4465 nullius

396 4495 636 4552 alterius
661 4494 939 4562 ecclesiae,
967 4494 1056 4552 vel
1107 4493 1394 4568 episcopi,
1422 4491 1538 4548 nisi
1591 4494 1923 4553 Casinensis
1953 4513 2040 4554 ec-

395 4583 584 4641 clesiae
605 4583 926 4640 ditionibus
947 4581 1697 4648 submittatur,auctoritate
1719 4585 2040 4656 apostolica

2115 723 2120 728 .
2161 677 2371 734 larisve
2395 697 2645 752 persona
2669 679 2822 736 hanc
2839 685 3054 736 nostrae
3078 679 3511 736 constitutibnis
3531 677 3811 754 paginam

2162 767 2374 833 sciens,
2398 773 2598 824 contra
2611 785 2741 825 eam
2753 773 2972 826 temere
2988 769 3182 824 venire
3196 769 3524 836 tentaverit,
3550 769 3814 824 secundo

2162 857 2404 912 tertiove
2435 857 2810 928 commonita,
2844 857 2895 913 si
2926 875 3042 914 non
3095 857 3493 914 satisfactione
3551 873 3817 930 congrua

2161 946 2574 1014 emendaverit,
2623 947 2928 1019 potestatis
2975 945 3330 1018 honorisque
3383 945 3474 1001 sui
3521 945 3813 1020 dignitate

2159 1039 2371 1100 careat,
2397 1051 2674 1108 reamque
2696 1052 2758 1091 se
2773 1035 3017 1092 existere
3039 1034 3234 1091 divine
3249 1034 3472 1106 judicio
3491 1035 3563 1092 de
3594 1051 3810 1107 perpe-

2160 1127 2310 1180 trata
2341 1123 2648 1195 iniquitate
2677 1131 3006 1196 cognoscat,
3039 1129 3096 1180 et
3140 1141 3173 1180 a
3225 1123 3695 1180 sanctissimast
3717 1139 3812 1180 sa-

2161 1211 2491 1268 cratissimo
2522 1229 2761 1285 corpore
2791 1217 2848 1268 ct
2877 1213 3166 1286 sanguine
3195 1212 3297 1268 Dei
3341 1217 3400 1268 et
3431 1212 3665 1268 Domini.
3700 1213 3810 1268 Re-

2161 1301 2482 1374 demptoris
2511 1302 2651 1358 Jesu
2680 1301 2890 1358 Christi
2914 1301 3105 1358 aliena
3136 1302 3438 1373 ﬁat,atque
3457 1300 3518 1356 in
3548 1305 3810 1356 extremo

2159 1389 2424 1461 examine
2456 1391 2730 1447 districta:
2761 1391 2969 1447 ultioni
3003 1391 3323 1463 subjaceat.
3347 1389 3585 1446 Cunctis
3605 1393 3807 1446 autem

2158 1479 2344 1535 eidem
2379 1485 2683 1552 vestroque
2705 1479 2964 1536 coenobio
2995 1481 3161 1551 justa
3207 1479 3576 1536 servantibus
3593 1479 3674 1534 sit
3694 1495 3810 1550 pax

2163 1568 2390 1622 Domini
2421 1569 2600 1623 nostri
2619 1569 2760 1624 Jesu
2783 1568 3017 1636 Christi,
3042 1573 3332 1640 quatenus
3355 1571 3412 1624 et
3431 1567 3526 1623 hic
3543 1567 3809 1622 fructum

2160 1657 2322 1712 bonae
2352 1657 2597 1711 actionis
2628 1657 2952 1730 percipiant
2999 1661 3056 1712 et
3106 1657 3261 1728 apud
3293 1647 3630 1712 districtum
3652 1656 3815 1728 judi-

2159 1761 2284 1800 cem
2315 1745 2556 1817 praemia
2586 1751 2811 1802 aeternae
2844 1746 3006 1818 pacis
3038 1745 3340 1802 inveniant
3367 1763 3380 1813 ;
3411 1747 3807 1814 amen,amen.

2230 1834 2520 1906 Scriptum
2556 1853 2659 1906 per
2691 1851 2932 1890 manum
2967 1835 3141 1903 Petri,
3177 1833 3469 1890 scriniarii
3521 1833 3675 1890 sacri
3704 1851 3812 1906 pa-

2159 1919 2303 1976 latii.
3699 1943 3704 1948 ’

2229 2015 2372 2066 Data
2419 2011 2570 2082 apud
2619 2012 2991 2068 Tarracinam
3036 2029 3140 2085 per
3178 2027 3418 2068 manum
3447 2009 3716 2078 Joannis,
3741 2010 3805 2065 S.

2157 2100 2225 2154 R.
2281 2099 2341 2154 E.
2388 2100 2617 2156 diaconi
2668 2099 3004 2168 cardinalis,
3047 2118 3126 2157 xn
3185 2099 3309 2156 Kal.
3368 2099 3606 2173 Aprilis,
3647 2098 3810 2154 indi-

2156 2187 2343 2244 ctione
2373 2205 2426 2253 v,
2459 2205 2610 2244 anno
2641 2188 2954 2245 Dominicis
3004 2189 3427 2246 Incarnationis
3451 2187 3612 2258 4097,
3647 2205 3808 2244 anno

2157 2280 2350 2333 autem
2382 2276 2753 2348 pontiﬁcatus
2784 2279 2986 2334 domni
3016 2295 3180 2350 papae
3217 2277 3434 2335 Urbani
3465 2277 3712 2335 secundi
3741 2295 3805 2333 x.

2161 2455 2404 2526 Urbanus
2441 2455 2498 2510 ll
2542 2471 2684 2524 papa
2729 2464 2949 2526 catmum
2997 2455 3287 2526 Casinense
3334 2455 3637 2510 cwnobium
3665 2456 3813 2526 ejus-

2225 2525 2450 2608 demque
2498 2526 2636 2608 (Zona
2687 2525 2754 2579 ab
2809 2527 2960 2608 emat
3000 2525 3395 2608 jurisdz'ctione
3441 2525 3809 2608 liberufn’sut

2226 2605 2433 2653 sancta:
2490 2598 2750 2652 Romanae
2804 2597 3062 2654 Ecclesia
3116 2599 3450 2668 proiectione
3494 2599 3808 2668 conﬁrmat,

2225 2670 2555 2740 materiaque
2591 2683 2691 2740 per
2739 2667 3075 2724 Occidentem
3117 2667 3465 2726 monasteriis
3499 2667 3814 2740 preferen-

2226 2739 2356 2793 dum
2383 2755 2493 2794 esse
2522 2739 2788 2794 declarat.

2779 2827 2964 2896 (Anno
2997 2827 3184 2896 1097.)

2311 2898 2692 2968 [ΜΑΒοΑειιΝῃ
2725 2899 2936 2953 Bullar.
2973 2898 3182 2966 ϐαίη,
3215 2903 3255 2954 t.
3293 2899 3361 2964 11,
3396 2917 3451 2972 p.
3489 2899 3638 2970 119.]

2227 2985 2504 3042 Uanauus
2534 2987 3077 3058 episcopus,servus
3096 3004 3396 3044 servorum
3418 2987 3816 3057 Dei,reveren-

2154 3073 2384 3130 tissimo
2406 3091 2472 3129 ac
2497 3073 2846 3130 charissimo
2866 3075 3029 3130 fratri
3051 3074 3568 3143 OosaISIo,nostris
3583 3093 3687 3148 per
3700 3075 3804 3133 Dei

2155 3163 2404 3235 gratiam
2423 3163 2719 3230 manibus,
2752 3163 2882 3219 etin
2906 3163 3264 3221 cardinalem
3289 3169 3501 3221 sanctae
3523 3165 3804 3220 Romanis

2156 3249 2425 3308 Ecclesiae
2453 3255 2512 3306 et
2540 3253 2923 3322 sacerdotem,
2961 3257 3019 3308 et
3046 3253 3108 3309 in
3151 3253 3422 3310 abbatem
3470 3253 3810 3311 Casinensis

2156 3339 2494 3396 monasterii
2527 3347 2860 3397 consecrato
2885 3343 3132 3414 ejusque
3160 3342 3602 3399 successoribus
3634 3358 3808 3416 regu-

2150 3427 2350 3486 lariter
2379 3429 2810 3484 substituendis
2842 3429 2902 3484 in
2933 3433 3304 3502 perpetuum.

2223 3517 2437 3573 Praeter
2463 3517 2731 3590 generale
2761 3517 3066 3575 charitatis
3104 3519 3390 3587 debitum,
3418 3523 3630 3592 praeter
3677 3517 3804 3576 sin-

2151 3607 2415 3680 gularem
2468 3610 2670 3662 vestrae
2729 3606 2975 3662 ceenobii
3046 3605 3510 3680 praerogativam,
3559 3625 3689 3680 quae
3736 3607 3806 3665 in

2152 3695 2487 3752 monasticae
2528 3693 2916 3768 legislatione,
2941 3699 2998 3752 et
3017 3694 3200 3752 latore
3223 3696 3596 3753 sanctissimo
3626 3697 3808 3752 Bene-

2151 3783 2326 3852 dicto,
2353 3782 2758 3840 universorum
2791 3801 2894 3856 per
2913 3783 3283 3840 Occidentem
3305 3784 3798 3841 monasteriorum
3851 3851 3855 3854 _

2151 3877 2328 3946 caput
2351 3871 2646 3929 aDomino
2671 3873 3008 3930 institutum
3031 3877 3121 3930 est
3147 3891 3161 3942 ;
3196 3872 3298 3929 illa
3327 3873 3501 3930 etiam
3532 3873 3804 3946 benigni-

2149 3962 2288 4017 tatis
2311 3961 2901 4034 magniﬁcentia,quae
2923 3977 3176 4034 semper,
3193 3965 3251 4018 et
3271 3962 3487 4019 nostris
3506 3962 3803 4034 praecipue

2150 4049 2538 4122 temporibus,
2577 4049 2948 4123 congregatio
2993 4055 3206 4120 vestra,
3259 4055 3472 4106 sanctae
3520 4051 3803 4106 Romanae

2151 4138 2420 4195 subvenit
2466 4137 2754 4206 Ecclesiae,
2789 4139 3042 4194 multum
3102 4157 3209 4196 nos
3255 4139 3445 4196 cidem
3501 4138 3626 4195 loco
3676 4139 3803 4196 fore

2150 4225 2447 4300 compellit
2475 4227 2775 4284 obnoxios.
2809 4227 2866 4284 Is
2897 4228 3053 4284 enim
3084 4227 3268 4297 locus,
3289 4232 3624 4286 nostrorum
3656 4244 3800 4301 pau-

2150 4331 2358 4389 perum
2404 4315 2696 4387 relevatio,
2749 4315 3101 4388 fugientium
3157 4315 3472 4388 refugium,
3505 4315 3799 4372 fessorum

2148 4405 2306 4460 sedis
2327 4403 2658 4478 apostolica:
2680 4403 2934 4460 ﬁliorum
2955 4404 3186 4477 requies
3204 4405 3498 4462 indefessa
3517 4420 3796 4478 perman-

2147 4493 2225 4550 sit
2253 4497 2310 4550 et
2340 4498 2663 4567 permanet.
2691 4494 2762 4549 Et
2791 4511 2897 4550 nos
2927 4510 3062 4566 ergo
3093 4499 3212 4550 tam
3253 4494 3461 4550 divinae
3504 4494 3794 4552 constitu-

2147 4582 2345 4651 tionis,
2388 4595 2566 4656 quam
2622 4586 2681 4638 et
2735 4582 3002 4639 fraternis
3059 4582 3438 4656 benignitatis
3496 4581 3798 4640 dulcedini

393 4673 1198 4745 interdicimus.Quiecunque
1228 4675 1510 4744 praeterea
1539 4671 1598 4726 in
1631 4672 1896 4732 futurum
1923 4677 2040 4733 sive
2069 4676 2117 4742 Β
2147 4671 2589 4744 respondentes,
2623 4669 2815 4726 locum
2861 4671 3079 4743 ipsum,
3103 4677 3160 4727 et
3213 4671 3486 4728 universa
3531 4671 3606 4728 ad
3655 4687 3796 4728 eum

395 4763 766 4820 concessione
798 4761 1162 4836 pontiﬁcum,
1181 4760 1299 4816 sive
1329 4759 1674 4818 liberalitate
1703 4763 2034 4838 principum

390 4853 480 4911 vel
511 4853 803 4910 oblatione
823 4849 1081 4906 ﬁdelium
1098 4850 1259 4922 juste
1279 4852 1454 4921 atque
1477 4849 1751 4908 canonice
1773 4855 2036 4925 poteritis

393 4941 657 5014 adipisci,
692 4943 862 4996 ﬁrma
891 4938 1081 4994 eidem
1113 4937 1238 4993 loco
1281 4941 1338 4993 et
1379 4937 1604 4995 illibata
1631 4947 2028 5012 permaneant.

392 5029 772 5085 Decernimus
802 5043 938 5099 ergo
961 5029 1026 5082 ut
1053 5025 1200 5082 nulli
1254 5026 1492 5082 omnino
1522 5027 1828 5085 hominum
1862 5031 2034 5088 liceat

390 5118 546 5173 idem
567 5116 893 5172 coenobium
926 5119 1144 5171 temere
1166 5115 1628 5187 perturbare,aut
1651 5119 1778 5189 ejus
1807 5135 2032 5191 posses-

389 5205 586 5262 siones
645 5205 872 5260 auferre
917 5203 1004 5259 vel
1063 5203 1290 5259 ablatas
1347 5203 1616 5274 retinere,
1651 5207 1914 5263 minuere
1943 5207 2028 5264 vel

388 5292 714 5350 temerariis
734 5292 1136 5348 vexationibus
1157 5292 1428 5366 fatigare;
1455 5295 1554 5350 sed
1577 5295 1776 5352 omnia
1804 5297 2031 5370 integra

388 5385 802 5438 conserventur
827 5397 1026 5437 eorum
1059 5398 1160 5454 pro
1210 5398 1456 5454 quorum
1511 5385 1932 5441 sustentatione
1963 5402 2028 5442 ac

389 5470 808 5545 gubernatione
839 5485 1115 5526 concessa
1144 5474 1282 5526 sunt
1301 5472 1508 5528 usibus
1533 5473 1808 5528 omnibus
1838 5473 2028 5530 modis

385 5559 709 5633 profutura;
730 5557 1092 5632 sepulturam
1113 5575 1344 5632 quoque
1363 5561 1627 5632 ejusdem
1649 5561 1760 5618 loci
1782 5561 2026 5618 liberam

385 5664 514 5704 esse
549 5648 814 5714 facimus,
845 5651 912 5702 ut
939 5663 1139 5702 eorum
1171 5647 1270 5720 qui
1303 5647 1420 5703 illic
1469 5649 1700 5721 sepeliri
1749 5648 2028 5708 delibera-

382 5735 572 5818 veriat
602 5735 890 5810 devotioni
921 5739 978 5796 et
1005 5739 1270 5800 extremae
1317 5735 1604 5800 voluntati
1647 5737 1848 5800 nullus
1874 5741 2027 5806 obsi~

2146 4759 2724 4833 pertinentia,quieta
2755 4759 3276 4832 semper,omnium
3300 4759 3796 4834 mortaliumjugo

2145 4847 2329 4905 libera
2358 4865 2718 4920 permanere,
2751 4852 2807 4904 et
2845 4848 2956 4904 sub
3014 4847 3198 4906 solius
3253 4853 3468 4906 sanctae
3516 4849 3794 4906 Romane

2143 4936 2409 4992 Ecclesiae
2427 4936 2561 5006 jure
2599 4951 2665 4991 ae
2698 4935 3036 4992 defensione
3051 4939 3334 5008 perpetua
3357 4935 3558 4993 haberi
3591 4937 3797 4994 decer-

2142 5025 2358 5080 nimus.
2394 5024 2504 5078 Sed
2541 5023 3032 5095 praedecessorum
3079 5028 3411 5080 nostrorum
3457 5024 3796 5081 munimina

2138 5113 2379 5168 Casinen
2387 5113 2436 5167 si
2449 5111 2710 5168 coenobio
2723 5110 3262 5186 collata,proprium
3276 5113 3454 5168 robur
3464 5112 3789 5170 obtineant.

2137 5201 2491 5257 Eorumdem
2522 5204 2578 5255 et
2607 5217 2714 5256 nos
2760 5201 3024 5274 vestigiis
3074 5201 3438 5270 insistentes,
3467 5202 3794 5259 Casinense

2138 5287 2467 5347 coenobium
2498 5287 2720 5344 caeteris
2763 5305 2866 5361 per
2913 5289 3284 5346 Occidentem
3329 5289 3609 5346 caenobiis
3636 5306 3785 5363 pra:-

2137 5377 2440 5437 ferendum
2481 5377 2822 5446 asserimus,
2854 5381 2910 5433 et
2931 5383 3050 5434 tam
3094 5381 3152 5433 te
3193 5393 3370 5448 quam
3415 5393 3790 5434 successores

2134 5472 2268 5524 tuos
2299 5467 2358 5522 in
2380 5464 2540 5522 omni
2557 5469 2841 5522 conventu
2859 5466 3398 5539 episcOporum,seu
3423 5467 3786 5540 principum,

2135 5555 2495 5629 superiorem
2517 5555 2794 5610 omnibus
2812 5554 3126 5612 abbatibus
3143 5555 3482 5626 consedere,
3514 5559 3692 5627 atque
3721 5556 3784 5614 in

2133 5645 2408 5704 omnibus
2421 5643 2666 5715 judiciis
2707 5642 2959 5716 priorem
2992 5643 3216 5700 caeteris
3263 5644 3349 5699 tui
3379 5643 3781 5716 ordinisjuris

2133 5733 2438 5802 scientiam
2469 5731 2727 5810 proferre
2757 5732 3076 5820 sancimus.
3107 5733 3168 5793 Si
3199 5731 3332 5812 quis
3361 5748 3503 5794 sane
3527 5733 3588 5800 in
3617 5747 3778 5800 cras-
