3958 6354
104 436 233 520 49‘3
1289 466 1695 532 EPISTOLE
1736 470 1837 534 ET
1881 471 2359 537 PRIVILEGIA.
3398 486 3518 548 494

104 599 308 657 tinum
339 596 942 670 archiepiscopusaut
971 597 1639 672 episcopus,imperator
1663 606 1763 657 aut
1791 602 1849 671 Α
1876 605 2206 678 episcopus,
2239 606 2329 662 vel
2361 610 2764 683 episcoporum
2789 613 3076 679 minister,
3096 630 3274 688 super
3291 614 3384 673 his
3397 632 3518 673 mo-

104 705 232 756 rex,
258 686 533 761 princeps
560 685 646 742 vel
680 686 816 756 dux,
849 702 1068 756 comes,
1102 686 1639 761 vicecomes,judex
1662 696 1766 748 aut
1875 690 2106 750 lestiam
2129 694 2293 751 vobis
2326 696 2607 772 ingerere,
2649 703 2707 757 et
2737 701 2954 760 nostris
3003 685 3523 763 constitutionibus

104 775 511 833 ecclesiastica
541 791 641 831 seu
682 773 976 832 saecularis
1024 793 1293 848 persona,
1357 778 1506 834 hanc
1555 784 1766 836 nostrae
1876 781 2106 839 obviam
2138 784 2221 839 ire
2250 789 2709 861 praesumpserit,
2742 793 3017 865 prosedis
3047 793 3378 867 apostolicae
3395 811 3527 852 con-

104 863 553 924 constitutionis
582 864 1104 938 paginam'sciens,
1137 870 1341 923 contra
1370 884 1500 924 eam
1549 872 1766 926 temere
1874 872 2122 944 temptu,
2156 875 2482 932 secundum
2502 877 2657 935 beati
2682 863 2895 937 Gelasii
2922 863 3292 951 sententiam,
3312 882 3529 942 suierit

101 954 1002 1024 contrairetentaverit,secundo
1014 954 1257 1011 tertiove
1270 957 1626 1014 commonita
1638 957 1765 1014 sise
1874 960 2101 1019 ordinis
2129 966 2188 1019 et
2215 963 2455 1021 honoris
2486 966 2681 1024 elisor.

102 1062 223 1102 non
239 1042 641 1101 satisfactione
671 1058 931 1115 congrua
963 1042 1377 1111 emendaverit,
1402 1043 1640 1101 honoris
1670 1045 1763 1102 sui

101 1134 397 1208 dignitate
417 1136 630 1201 careat,
653 1148 929 1204 reamque
951 1149 1013 1188 se
1048 1132 1243 1189 divino
1266 1132 1491 1204 judicio
1517 1134 1761 1191 existere

101 1225 174 1281 de
204 1221 860 1297 perpetratainiquitate
872 1224 1204 1295 cognoscat,
1220 1225 1276 1278 et
1296 1239 1330 1278 a
1360 1222 1759 1281 sacratissimo

100 1330 369 1388 corpore,
404 1318 464 1370 et
518 1310 801 1385 sanguine
826 1309 929 1367 Dei
960 1315 1017 1366 et
1073 1310 1303 1367 Domini
1354 1312 1758 1386 Redemptoris

99 1403 293 1464 nostri
342 1403 485 1460 Jesu
513 1400 729 1459 Christi
777 1399 966 1457 aliena
1022 1400 1151 1470 ﬁat;
1186 1403 1361 1474 atque
1391 1401 1450 1457 in
1501 1405 1758 1458 extremo

98 1498 377 1558 examine
406 1493 680 1552 districta:
711 1489 918 1547 ultioni
949 1490 1269 1561 subjaceat.
1302 1490 1539 1547 Cunctis
1561 1494 1754 1547 autem

98 1590 297 1648 eidem
325 1586 454 1644 loco
476 1584 642 1657 justa
670 1579 1060 1648 servantibus,
1093 1578 1170 1636 sit
1189 1596 1302 1653 pax
1317 1579 1543 1638 Domini
1574 1581 1757 1638 nostri

95 1680 243 1736 Jesu
263 1673 503 1742 Christi,
528 1676 816 1744 quatenus
846 1674 903 1726 et
930 1668 1024 1725 hic
1037 1669 1294 1726 fructum
1326 1669 1490 1725 bonae
1511 1669 1757 1726 actionis

96 1766 433 1843 percipiant
461 1767 519 1821 et
539 1761 692 1834 apud
709 1759 1037 1816 districtum
1049 1758 1313 1831 judicem
1344 1759 1583 1832 praemia
1593 1762 1755 1817 aeter-

98 1874 185 1915 nm
218 1854 388 1930 pacis
422 1851 738 1909 inveniant.
769 1850 977 1916 Amen,
1010 1864 1202 1904 amen.

166 1946 476 2018 Scriptum
509 1957 611 2015 per
640 1954 882 1996 manum
922 1936 1075 1994 Petri
1121 1936 1411 1993 scriniarii
1465 1936 1615 1993 sacri
1645 1954 1751 2011 pa—

87 2036 237 2093 latii.

154 2128 377 2181 Datum
409 2118 675 2176 Laterani
696 2134 800 2192 per
829 2132 1072 2174 manum
1088 2114 1353 2183 Joannis,
1385 2118 1599 2171 sanctae
1631 2115 1745 2171 Ro-

88 2231 281 2272 manae
338 2208 607 2268 Ecclesia:
662 2207 891 2264 diaconi
949 2204 1281 2271 cardinalis,
1344 2221 1400 2260 ιν
1457 2202 1744 2261 Kalendas

81 2303 321 2378 Aprilis,
353 2316 510 2358 anno
538 2296 854 2355 Dominicze
905 2293 1327 2351 Incarnationis
1379 2294 1537 2362 1097,
1590 2310 1743 2349 anno

79 2398 280 2451 autem
310 2389 688 2465 pontiﬁcatus
713 2384 915 2443 domni
941 2383 1159 2440 Urbani
1198 2400 1361 2456 papas
1392 2383 1440 2439 ΙΙ
1487 2382 1737 2440 decimo.

77 2569 449 2641 Privilegium
503 2565 707 2641 Urbani
757 2565 808 2619 ΙΙ
855 2578 1029 2641 papa
1065 2562 1136 2618 ad
1187 2566 1246 2641 ξ.
1310 2563 1739 2641 [Iugoncm__pro

145 2633 508 2699 immunitate
550 2636 818 2692 cellarum
856 2633 1309 2689 'Cluniacensium
1337 2636 1389 2689 et
1425 2633 1734 2702 interdicto,

141 2732 208 2770 ac
246 2713 500 2768 libertate
528 2705 859 2764 convocandi
904 2706 1047 2777 apud
1087 2705 1411 2777 Cluniacum
1458 2721 1618 2775 quem
1645 2721 1737 2760 vo-

145 2786 327 2841 luerit
354 2781 661 2839 antistitem
686 2779 756 2834 all
787 2776 1026 2833 chrisina
1055 2776 1450 2848 conﬁciendum
1476 2780 1528 2831 et
1556 2777 1738 2832 oleum

149 2852 605 2913 benedicendum.

714 2922 902 2993 (Anno
932 2919 1117 2991 1097.)

567 3012 806 3085 [Βαιιαν.
835 3011 1106 3078 Cluniac.,
1135 3008 1252 3079 28.]

146 3108 436 3164 Haemus
464 3102 795 3175 episcopus,
830 3115 1032 3156 servus
1061 3114 1361 3154 servorum
1410 3097 1535 3165 Dei,
1575 3113 1730 3154 reve-

77 3196 420 3254 rentissimo
452 3189 858 3248 fratriHueom
876 3186 1169 3256 abbati,et
1184 3185 1468 3243 universis
1496 3185 1731 3243 Clunia-

76 3288 273 3344 censis
304 3280 555 3340 ccenobii
605 3278 906 3345 fratribus,
957 3275 1208 3334 salutem
1258 3279 1316 3331 et
1344 3274 1727 3348 apostolicam

79 3373 572 3433 benedictionem.

141 3462 438 3530 Quoniam
459 3455 1117 3529 abundanteiniquitate
1130 3453 1455 3528 refrigescit
1476 3453 1731 3511 charitas

78 3552 429 3617 multorum,
463 3550 689 3620 oportet
717 3562 823 3602 nos
841 3562 943 3618 pro
958 3543 1067 3600 loci
1086 3543 1254 3600 nobis
1286 3542 1563 3599 divinitus
1578 3559 1733 3599 com-

78 3641 246 3699 missi
276 3638 564 3713 regimine
593 3651 936 3709 paucorum,
970 3633 1028 3690 id
1051 3638 1141 3691 est
1165 3649 1466 3691 servorum
1487 3631 1589 3688 Dei
1605 3631 1733 3688 reli-

73 3730 236 3804 gioni
266 3726 551 3786 attentius
582 3724 903 3798 providere.
937 3723 1045 3778 Per
1072 3721 1206 3779 illos
1236 3723 1395 3778 enim
1437 3721 1732 3795 plerisque

79 3820 135 3876 in
167 3819 317 3876 locis
349 3816 500 3874 servi
518 3814 621 3872 Dei
653 3817 710 3871 et
729 3812 1001 3870 monachi
1030 3813 1733 3886 perturbantur,perquos

81 3907 457 3982 potissimum
488 3921 589 3962 eos
632 3903 809 3961 foveri
858 3919 925 3959 ac
972 3902 1193 3975 protegi
1241 3901 1552 3975 expediret.
1600 3901 1733 3966 Qua

81 3998 369 4054 nimirum
389 3993 563 4066 culpa
591 3991 905 4049 nonnullos
919 3991 1104 4047 nostri
1115 3990 1397 4064 temporis
1426 3991 1733 4064 episcopos

81 4085 338 4160 respicit,
372 4083 475 4156 qui
503 4082 644 4138 dum
677 4079 926 4138 terrenis
956 4079 1209 4145 inhiant,
1242 4096 1341 4136 eos
1372 4079 1473 4152 qui
1504 4083 1734 4137 terrena

80 4176 354 4233 videntur
382 4171 719 4245 despexisse
757 4170 1122 4243 perturbant.
1174 4169 1435 4234 Quorum
1474 4169 1733 4242 profecto

84 4263 367 4322 molestiis
388 4277 492 4335 per
516 4258 847 4335 apostolicae
869 4257 1025 4316 sedis
1041 4258 1540 4331 dispensationem
1566 4258 1731 4314 duxi-

82 4351 586 4411 musobviandum
607 4353 928 4423 ;quatenus
956 4346 1406 4421 opitulanteDeo
1435 4364 1471 4404 a
1499 4345 1735 4404 saecula-

82 4444 244 4500 ribus
274 4438 634 4497 tumultibus
659 4437 984 4506 liberi,tam
1016 4453 1121 4509 pro
1152 4436 1341 4509 nobis,
1357 4453 1533 4510 quam
1562 4440 1733 4509 etpro

84 4532 247 4605 ipsis,
270 4536 331 4588 et
346 4529 635 4586 universis
652 4527 867 4583 Christi
894 4526 1164 4583 ﬁdelibus
1175 4536 1412 4583 exorare
1423 4526 1734 4584 sollicitius

77 4620 344 4678 valeatis.
377 4616 656 4674 Praesenti
673 4616 854 4689 igitur
883 4614 1299 4672 constitutione
1328 4615 1733 4683 sancimus,ne

1942 1050 2238 1125 Scriptum
2297 1071 2401 1128 per
2452 1071 2665 1114 manus
2715 1057 3043 1130 Lanfranei,
3101 1061 3313 1118 notarii
3369 1062 3519 1120 sacri

1869 1139 2092 1213 palatii.

1941 1230 2155 1287 Datum
2188 1232 2456 1291 Laterani
2479 1250 2584 1307 per
2611 1251 2852 1292 manum
2868 1237 3138 1312 Joannis,
3168 1244 3383 1297 sancta
3408 1239 3517 1299 Ro-

1870 1336 2054 1376 manae
2112 1320 2378 1378 Ecclesia
2431 1322 2659 1381 diaconi
2716 1325 3054 1396 cardinalis,
3094 1345 3170 1384 xv
3222 1328 3513 1388 Kalendas

1868 1408 2027 1477 Maii,
2060 1408 2375 1467 indictione
2403 1428 2460 1479 v,
2509 1429 2662 1468 anno
2716 1413 3031 1472 Dominicas
3088 1416 3512 1477 Incarnationis

1867 1497 2027 1568 4097,
2056 1498 2431 1572 pontiﬁcatus
2444 1505 2640 1558 autem
2653 1502 2853 1559 domni
2866 1502 3084 1564 Urbani
3095 1522 3257 1581 papas
3269 1508 3510 1565 secundi

1867 1603 2019 1644 anno
2052 1586 2297 1644 decimo.

2574 1678 2798 1737 CCXXI.

1866 1767 1889 1789 *
1950 1765 2197 1848 Urbanus
2221 1766 2272 1823 ιι
2311 1766 2560 1848 Ecclesiae
2616 1770 2973 1848 Arvernensis
2988 1771 3299 1848 privilegiq
3315 1775 3510 1848 etpos-

1932 1839 2216 1917 sessionea
2246 1838 2553 1917 conﬁrmat,
2599 1861 2626 1891 «
2658 1838 3072 1917 statuitque'ut
3256 1838 3514 1904 Ecclésiae

1935 1910 2161 1992 antistes
2299 1910 2651 1999 ordinatione
2691 1910 3132 1985 metropolitani
3153 1915 3512 1999 Biluricensis

1781 1975 1830 2042 B
1924 1982 2174 2051 primum
2203 1983 2382 2038 locum
2410 1983 2671 2040 obtineat.
2704 2006 2734 2033 ››

2480 2056 2667 2125 (Anno
2700 2054 2886 2129 1097.)

2188 2141 2484 2211 [Romam
2524 2145 2642 2200 Vita
2670 2144 2897 2218 Urbani,
2928 2163 2986 2219 p.
3015 2145 3168 2218 285.]

1856 2301 2139 2386 Urbani]!
2156 2317 2323 2386 papa:
2367 2231 3111 2386 episwlgﬁzfixgainmndum
3154 2307 3505 2386 Ausciensem

1920 2373 2511 2449 archiepiscopum§_—_
2528 2375 2796 2449 Adversus
2824 2377 3070 2446 clericos,
3127 2380 3224 2449 qui
3251 2388 3503 2437 cremare-

1920 2446 2071 2500 rium
2100 2444 2154 2500 S.
2191 2444 2428 2501 Orientii
2455 2446 2818 2504 violaverant.

2471 2534 2663 2606 (Anno
2693 2535 2879 2604 1097.)

2034 2603 2201 2674 [Dom
2232 2603 2521 2674 Bouous'r,
2551 2607 2788 2675 Recueil,
2821 2603 2869 2662 t.
2894 2607 3036 2677 XIV,
3065 2626 3123 2682 p.
3154 2609 3308 2682 726.]

1918 2691 2186 2748 Uasnnus
2211 2693 2543 2766 episcopus,
2575 2710 2779 2751 servus
2808 2710 3110 2754 servorum
3127 2696 3254 2767 Dei,
3287 2697 3498 2761 dilecto

1844 2779 2010 2837 fratri
2041 2781 2106 2838 R.
2146 2781 2813 2851 [Rmuunoo],Auxiensi
2846 2784 3305 2861 archiepiscopo.
3338 2787 3498 2845 salu-

1843 2874 1963 2926 tem
1994 2876 2051 2926 et
2079 2869 2459 2942 apostolicam
2488 2872 2974 2930 benedictionem.

1914 2959 2059 3015 Cum
2089 2960 2151 3015 in
2181 2960 2457 3017 Auxiensi
2490 2960 2799 3034 metropoli
2818 2977 2924 3037 per
2952 2964 3279 3022 Romanam
3302 2964 3498 3022 Eccle-

1841 3048 1989 3104 siam
2021 3049 2245 3105 naviter
2263 3049 2346 3107 sis
2367 3051 2695 3120 ordinatus,
2726 3052 2885 3109 sedis
2901 3052 3494 3126 apostoliee'decretis

1842 3137 2081 3194 obedire
2110 3142 2167 3194 te
2196 3138 2677 3211 irrefragabiliter
2699 3144 2944 3214 oportet.
2966 3141 3318 3200 Mandamus
3347 3159 3489 3218 ergo

1842 3226 2195 3284 fraternitati
2227 3231 2344 3284 tuae
2374 3231 2439 3284 ut
2467 3228 2539 3285 de
2569 3227 2968 3287 elerieissedis
2995 3235 3130 3300 tuae,
3164 3231 3266 3304 qui
3286 3248 3492 3289 cmme-

1758 3342 1801 3409 α
1840 3314 2053 3409 terium
2085 3315 2427 3409 quoddbeati
2455 3332 2619 3409 papa
2666 3318 2908 3409 Leonis-
2935 3322 2993 3376 et
3022 3323 3221 3409 nostro
3259 3321 3489 3378 decreto

1838 3401 2094 3459 ecclesiae
2120 3403 2277 3471 Beati
2309 3402 2552 3481 Orienti}
2571 3403 2870 3461 ﬁrmatum
2881 3405 3091 3475 fuerat,
3106 3406 3488 3477 violaverunt,

1831 3491 2129 3564 justitiam
2179 3493 2366 3548 facere
2423 3492 2705 3549 canonica
2735 3493 3010 3565 aequitate
3064 3511 3362 3568 procures.
3410 3496 3493 3552 De

1841 3584 2044 3636 caetero
2075 3586 2132 3637 et
2156 3581 2233 3636 tei
2238 3597 2412 3653 psum
2426 3584 2485 3636 et
2496 3584 2607 3636 tuae
2621 3581 2781 3638 sedis
2800 3580 3042 3640 clericos
3067 3582 3150 3640 ita
3165 3583 3492 3652 custodias,

1839 3672 1906 3725 ut
1935 3670 2207 3724 Romanis
2238 3668 2507 3725 Ecclesia:
2539 3669 2771 3726 decreta
2797 3668 3138 3728 inconvulsa
3176 3671 3333 3744 apud
3363 3684 3490 3742 vos,

1841 3756 2089 3815 Domino
2120 3756 2422 3830 largiente,
2456 3761 2877 3814 conserventur
2904 3763 2962 3816 et
2991 3758 3240 3832 integra.

1912 3847 2059 3903 Data
2088 3847 2304 3916 Romae,
2337 3861 2400 3904 ιιι
2424 3845 2709 3903 Kalendas
2738 3846 2895 3904 Maii.

2525 3935 2812 3993 CCXXIII.

1975 4026 2302 4083 Salmoriaci
2324 4023 2796 4154 pagus
2825 4024 3356 4101 Gratianopolitanae

2152 4186 2871 4332 [no.m,‘¢32°u13322
2903 4257 2999 4328 III,
3030 4259 3180 4333 366.]

1914 4348 2193 4405 Uasmus
2240 4348 2573 4421 episcopus,
2604 4364 2806 4405 serms
2849 4364 3150 4407 servorum
3181 4348 3309 4420 Dei,
3338 4364 3497 4407 reve-

1841 4437 2177 4494 rentissimo
2209 4437 2372 4493 fratri
2404 4441 2461 4493 et
2488 4437 2832 4511 coepiscopo
2861 4437 3114 4508 Hueom,
3163 4437 3497 4513 apostolica

1843 4526 2000 4584 sedis
2028 4525 2264 4595 vicario,
2321 4525 2572 4583 salutem
2620 4529 2680 4583 et
2708 4526 3090 4600 apostolicam
3137 4528 3497 4585 benedictio-

1842 4633 1999 4674 nem.

80 4709 361 4767 cellarum
390 4710 716 4763 vestrarum
748 4703 998 4759 ubilibet
1025 4704 1355 4776 positarum
1395 4704 1606 4761 fratres
1625 4720 1730 4777 pro
1762 4712 1809 4778 1)
1910 4705 2094 4769 Quam
2128 4707 2486 4777 arroganter,
2520 4718 2698 4775 quam
2730 4702 2969 4776 indigne
3000 4703 3284 4761 adversus
3312 4719 3420 4760 nos
3440 4707 3500 4761 et

80 4799 408 4855 vicinarum
434 4795 749 4852 dimcesum
775 4792 1203 4865 interdictione,
1228 4792 1316 4849 vel
1337 4793 1738 4851 excommuni-

84 4889 309 4945 catione
339 4885 671 4942 divinorum
693 4882 1018 4940 ofﬁciorum
1049 4883 1495 4956 suspensionem
1512 4887 1735 4958 patian-

83 4976 306 5046 tur,sed
322 4980 444 5030 tam
458 4971 875 5046 monachiipsi,
900 4987 1078 5044 quam
1093 4975 1150 5029 et
1164 4971 1607 5045 famulieorum,
1634 4978 1739 5049 qui

84 5065 352 5122 videlicet
374 5062 710 5120 monasticae
742 5079 804 5119 se
816 5061 1164 5135 professioni
1179 5063 1554 5132 devovcrunt,
1579 5064 1739 5123 clau-

89 5154 167 5209 sis
196 5152 579 5210 ecclesiarum
602 5151 828 5224 januis,
873 5167 989 5207 non
1038 5150 1316 5208 admissis
1366 5152 1737 5227 dimcesanis,

87 5241 289 5299 divinas
337 5240 636 5299 servitutis
695 5240 888 5297 ofﬁcia
937 5239 1249 5309 celebrent,
1309 5245 1366 5297 et
1422 5242 1737 5315 sepulturas

88 5332 281 5389 debita
309 5335 613 5406 peragant.
644 5329 1130 5402 Vobispraaterea,
1165 5331 1263 5403 qui
1296 5330 1494 5405 inipso
1512 5331 1739 5390 Clunia-

88 5422 241 5479 censi
274 5420 1026 5493 cwnobioﬁommoramini,
1045 5420 1344 5477 licentiam
1361 5420 1738 5496 indulgemus

86 5515 151 5567 ut
178 5512 247 5568 ad
262 5570 266 5574 θ
280 5509 545 5567 chrisma
558 5510 1006 5581 conﬁciendum,
1032 5510 1154 5567 sive
1171 5509 1365 5568 oleum
1393 5512 1739 5569 benedicen-

85 5600 221 5659 dum
250 5600 464 5658 vestris
480 5603 926 5673 vestrorumque
945 5598 1173 5671 usibus,
1209 5617 1385 5673 quem
1409 5600 1739 5659 malueritis

91 5689 440 5747 catholicum
472 5689 811 5762 episcopum
840 5689 1151 5757 advocetis,
1186 5689 1284 5764 qui
1316 5694 1518 5750 nostra
1555 5689 1739 5749 fultus

86 5779 435 5849 auctoritate
481 5795 611 5854 qua
641 5778 946 5859 postulant
972 5778 1290 5856 indulgeat.
1341 5780 1401 5844 Si
1442 5781 1577 5861 quis
1603 5796 1739 5847 vero

1846 4797 2112 4851 sanctam
2147 4792 2471 4849 Romanam
2501 4790 2820 4849 Ecclesiam
2869 4791 3052 4849 frater
3089 4796 3292 4850 noster
3319 4793 3498 4850 Vien-

1842 4883 2045 4941 nensis
2070 4881 2539 4955 archiepiscopus
2558 4880 2746 4938 Guido
2777 4898 2838 4939 se
2868 4881 3160 4953 habuerit,
3191 4881 3500 4941 scientiam

1846 4978 2100 5031 vestram
2131 4987 2505 5044 nequaquam
2536 4970 2714 5043 latet;
2747 4976 2956 5046 preter
2982 4975 3192 5029 cetera
3217 4989 3352 5030 vero
3372 4989 3500 5031 cer-

1847 5063 2029 5119 vicem
2061 5077 2231 5118 suam
2264 5061 2546 5119 adversus
2600 5060 2996 5118 humilitatem
3043 5064 3306 5119 nostram
3355 5062 3502 5119 adeo

1848 5151 2107 5219 sustulit,
2142 5154 2206 5207 ut
2235 5155 2292 5207 et
2304 5151 2731 5208 Romanensem
2751 5149 3048 5207 abbatiam
3062 5167 3098 5207 a
3127 5150 3297 5208 nobis
3322 5150 3503 5208 inter-

1846 5241 2061 5298 dictam
2093 5240 2473 5308 reinvaderet,
2493 5244 2551 5296 et
2563 5239 2726 5297 fratri
2738 5242 2938 5297 nostro
2966 5239 3503 5315 Gratianopolitano

1846 5331 2118 5404 episcopo
2146 5329 2424 5387 ecclesias
2454 5344 2604 5402 quas
2635 5329 2945 5386 nobiscum
2996 5329 3123 5403 ipse
3170 5329 3508 5387 restituerat

1847 5420 1974 5477 sine
1986 5419 2213 5493 judicio
2256 5418 2595 5476 reauferret.
2645 5419 2834 5475 Tuam
2881 5434 3020 5493 ergo
3077 5418 3508 5476 fraternitatem

1847 5525 1951 5582 pro
1978 5507 2150 5565 nobis
2179 5507 2420 5565 omnino
2443 5508 2515 5564 ad
2537 5507 2841 5580 justitiam
2855 5508 3093 5565 excitari
3108 5508 3506 5582 praecipimus.

1847 5598 2072 5656 Sentiat
2100 5602 2166 5655 ut
2212 5598 2585 5655 adamantem
2616 5601 2675 5653 et
2705 5595 2934 5654 silicem
2963 5596 3175 5655 faciem
3205 5601 3393 5666 tuam,
3424 5612 3513 5654 re-

1847 5693 2124 5763 motaque
2180 5687 2484 5763 praeteritae
2536 5686 2798 5744 lenitatis
2869 5687 3214 5757 reverentia,
3274 5683 3514 5743 omnino

1847 5778 2176 5841 secundum
2199 5776 2497 5859 justitiam
2528 5773 3080 5857 Gratian0politana
3109 5772 3381 5837 Ecclesia
3403 5790 3517 5845 sua
