3958 6376
458 456 575 518 495

1762 448 1834 512 Β.
1883 441 2175 514 URBANI
2220 443 2272 505 ll
2316 438 2562 506 ΡΑΡᾹΞ.

3746 434 3895 516 496

451 591 593 661 jura
622 588 921 658 restituas,
955 591 1012 645 et
1041 586 1369 662 apostolicae
1403 584 1560 642 sedis
1592 583 1834 655 injurias
1866 581 2110 638 ulcisca-
2141 580 2198 646 Α
2227 578 2623 649 apostolorum
2655 577 2943 647 omnium,
2963 575 3184 630 infesto
3214 573 3277 629 B.
3312 570 3641 662 Martini,in
3655 569 3896 662 solem:

463 658 566 746 ris,
599 677 659 734 in
689 658 1096 752 episcoporum
1135 675 1565 732 mutationibus
1596 675 1881 730 hactenus
1933 669 2110 726 nimis
2220 666 2503 720 nitatibus
2533 667 2591 722 S.
2625 671 2948 739 martyrum
2981 664 3134 720 Justi
3166 667 3224 720 et
3264 661 3542 728 Pastoris,
3592 677 3661 716 ac
3706 658 3898 752 Pauli

464 766 612 824 lenis
625 783 730 840 pro
746 767 1076 840 apostolicae
1092 763 1560 822 mansuetudinis
1579 764 1767 836 gratia
1795 761 2114 818 Gallicano-

463 874 597 912 rum
628 856 1011 930 petitionibus
1037 854 1584 919 coudescendimus,
1613 851 1887 923 deinceps
1919 853 2112 905 autem

463 943 522 998 id
549 943 781 1016 penitus
810 941 1117 1016 praecaveri
1148 940 1744 1014 praecipimusmeque
1766 937 1921 993 enim
1944 934 2117 990 Nicae-

465 1049 553 1087 naa
582 1031 810 1104 synodi,
843 1048 1021 1104 quam
1049 1047 1210 1102 aeque
1233 1032 1297 1084 ut
1323 1032 1593 1085 sanctum
1625 1024 2001 1098 Evangelium
2019 1040 2115 1078 ve-

466 1137 762 1190 neramur,
787 1119 1192 1176 auctoritatem
1205 1117 1546 1190 hujusmodi
1563 1114 1968 1173 occasionibus
1987 1130 2114 1169 eva-

468 1207 628 1266 cuari
659 1207 905 1265 ulterius
936 1207 1250 1282 patiemur.

541 1297 686 1355 Data
715 1297 1017 1354 Lateranis
1048 1315 1090 1352 11
1107 1296 1305 1352 Nonas
1332 1295 1512 1352 Junii.

1157 1401 1430 1458 CCXXIV.

473 1492 680 1550 Urbani
731 1494 786 1549 II
834 1504 908 1564 pa
948 1510 994 1548 ξε
1045 1492 1274 1564 epistola
1335 1491 1404 1546 ad
1475 1489 1841 1546 Berirandum
1911 1488 2121 1542 Narbo-

540 1581 761 1618 nensem
813 1509 1296 1618 arrgieniscovum.
1345 1595 1410 1602 —
1451 1563 1698 1618 Ecclesia:
1762 1560 2121 1617 Narbonensis

540 1581 761 1620 nensem
813 1560 1296 1635 archiepiscopum.
1345 1595 1410 1602 —
1451 1563 1698 1618 Ecclesia:
1762 1560 2124 1617 Narbonensis

534 1637 836 1708 privilegia
865 1635 1202 1692 corroborat.

1095 1725 1281 1794 (Anno
1315 1722 1498 1792 4097.)

703 1815 790 1883 [D.
817 1814 1108 1880 Bouous'r,
1141 1813 1377 1878 Recueil,
1402 1816 1444 1867 t.
1483 1811 1623 1882 XIV,
1657 1829 1714 1884 p.
1745 1814 1891 1878 727.]

547 1921 822 1978 URBANUS
847 1920 1176 1993 episcopus,
1199 1936 1404 1976 servus
1435 1935 1734 1976 servorum
1767 1917 1888 1985 Dei,
1917 1917 2126 1973 dilecto
2159 1951 2206 2018 Β

474 2011 537 2067 in
566 2010 794 2067 Christo
823 2009 988 2066 fratri
1017 2013 1386 2075 Bna'ramoo,
1419 2007 1787 2064 Narbonensi
1847 2006 2129 2079 archiepi-

472 2115 670 2172 scopo,
702 2101 1040 2172 perpetuam
1071 2096 1324 2154 salutem
1355 2097 1416 2152 in
1444 2095 1715 2152 Domino.

547 2189 895 2244 Potestatem
927 2186 1148 2260 ligandi
1182 2191 1356 2258 atque
1387 2185 1647 2242 solvendi
1679 2185 1739 2239 in
1784 2183 1942 2240 ccelis
1979 2188 2036 2239 et
2068 2183 2126 2238 in

475 2281 632 2334 terra
661 2277 722 2332 B.
756 2277 924 2334 Petro
952 2276 1197 2347 ejusque
1229 2274 1692 2342 successoribus,
1727 2277 1958 2329 auctore
1989 2273 2126 2341 Deo,

475 2365 878 2440 principaliter
903 2365 1183 2421 traditam
1206 2363 1320 2418 illis
1333 2363 1590 2419 Ecclesia
1617 2362 1810 2418 verbis
1842 2362 2125 2436 agnoscit.

478 2457 694 2528 quibus
722 2455 958 2511 Petrum
989 2459 1078 2510 est
1107 2453 1391 2508 Dominus
1423 2451 1750 2508 allocutus:
1786 2452 2130 2522 Quaecunque

481 2547 739 2616 ligaveris
766 2560 929 2617 super
981 2547 1210 2612 terram,
1271 2545 1434 2598 erant
1493 2542 1662 2612 ligata
1709 2549 1762 2597 et
1786 2542 1847 2596 in
1901 2542 2050 2597 cwlis
2079 2549 2129 2597 et

479 2650 820 2707 quacumque
847 2634 1074 2689 solveris
1111 2649 1275 2704 super
1323 2640 1545 2689 terram.
1578 2635 1738 2686 erant
1785 2632 1960 2687 soluta
1989 2639 2038 2686 et
2069 2633 2128 2686 in

459 2725 628 2780 uelis
659 2718 865 2796 (Matth.
898 2736 1056 2790 xvm,
1105 2723 1184 2791 8).
1217 2721 1334 2792 Ipsi
1383 2735 1617 2792 quoque
1667 2724 1725 2775 et
1754 2720 1997 2792 propriae
2031 2720 2128 2775 lir-

464 2812 656 2869 -mitas
685 2815 744 2867 et
769 2811 970 2867 aliena:
1015 2809 1150 2866 ﬁdei
1199 2809 1586 2877 conﬁrmatio,
1631 2809 1836 2865 eodem
1883 2808 2128 2864 Domino

481 2904 736 2968 auctore,
789 2902 1121 2970 praestatur,
1179 2913 1314 2952 cum
1348 2898 1419 2952 ad
1472 2913 1606 2952 eum
1637 2897 1892 2952 dicitur:
1927 2898 2132 2966 Rogavi

475 3004 580 3062 pro
607 2989 678 3054 te,
709 2995 772 3044 ut
794 3002 907 3043 non
934 2988 1152 3059 deficiat
1179 2987 1309 3057 ﬁdes
1329 2994 1442 3043 tua.
1475 2989 1538 3042 Et
1568 2991 1627 3042 lu
1657 2987 1950 3060 aliquando
2001 3003 2128 3042 con-

479 3093 668 3136 versus
695 3077 958 3134 confirma
985 3079 1186 3147 fratres
1215 3081 1332 3132 tuos
1359 3078 1509 3148 (Luc.
1557 3093 1694 3145 xxn,
1731 3077 1840 3148 32).
1893 3077 2131 3150 Oportet

482 3181 622 3240 ergo
653 3181 780 3233 nos,
813 3165 935 3238 qui,
968 3164 1104 3221 licet
1147 3165 1396 3238 indigni,
1429 3165 1580 3221 Petri
1633 3167 1831 3221 sedem
1860 3165 2128 3222 videmus

482 3256 718 3324 habere,
752 3271 929 3328 prava
956 3255 1263 3328 corrigere,
1297 3258 1454 3310 recta
1483 3255 1738 3322 firmare,
1785 3258 1841 3311 et
1870 3254 1929 3310 in
1965 3255 2127 3310 omni

481 3340 741 3402 Ecclesia
769 3344 840 3399 ad
873 3346 1068 3400 interni
1101 3343 1404 3400 arbitrium
1417 3342 1636 3416 judicis
1661 3343 1745 3400 sic
1767 3343 2132 3416 disponenda

483 3433 813 3507 disponere,
844 3437 910 3489 ut
939 3435 1011 3490 de
1040 3433 1202 3490 vultu
1233 3433 1364 3504 ejus
1387 3433 1680 3505 judicium
1713 3437 1979 3488 nostrum
2007 3450 2136 3506 pro-

479 3525 637 3592 deat,
667 3523 887 3580 etoculi
917 3523 1345 3580 nostrivideant
1365 3521 1719 3594 aequitatem.
1738 3522 2134 3578 l-‘raternitatis

483 3613 669 3686 igitur
695 3616 808 3669 tute
855 3611 1032 3684 justis
1087 3611 1470 3684 petitionibus
1519 3627 1807 3680 annuens,
1868 3615 2133 3669 sanctam

483 3702 922 3760 Narbonensem
956 3700 1292 3770 Ecclesium,
1343 3701 1435 3756 cui
1467 3700 1662 3756 divina
1709 3699 1991 3774 largiente
2018 3700 2131 3757 cle-

485 3787 1030 3864 mentia-praesides,
1064 3791 1502 3863 possidendam,
1536 3790 1870 3863 regendam,
1915 3808 1980 3846 ac
2011 3791 2130 3846 dis-

485 3882 814 3953 ponendam
857 3881 1162 3954 praasentis
1194 3880 1298 3935 tibi
1330 3879 1546 3935 decreti
1589 3879 1802 3952 pagina
1831 3880 2134 3935 confirma-

487 3984 642 4026 mus.
667 3969 784 4024 Nos
797 3969 950 4024 enim
965 3973 1020 4024 te
1035 3969 1093 4024 in
1111 3968 1497 4024 Nemausensi
1515 3967 1772 4023 Ecclesia
1791 3966 2130 4040 episcopum

485 4057 976 4124 censearavimus,
1003 4061 1094 4120 et,‘
1114 4058 1378 4130 exigente
1395 4055 1764 4125 necessitate,
1788 4057 1858 4111 ad
1893 4061 2054 4113 tuam
2077 4062 2133 4114 te

485 4147 786 4204 transferri
833 4147 1203 4219 metropolim
1239 4162 1344 4218 per
1371 4145 1880 4216 sutfraganeorum
1908 4145 2134 4203 electio-

485 4252 621 4292 nem
651 4236 1016 4292 auctoritatis
1045 4239 1258 4291 nostrce
1277 4233 1510 4306 scriptis
1542 4233 1948 4304 permisimus;
1977 4237 2131 4308 quod

485 4323 633 4380 nulli
665 4324 937 4396 deinceps
967 4323 1345 4378 concedimus
1384 4321 1863 4395 permittendum.
1890 4325 2004 4381 Ilus
2029 4325 2134 4399 igi-

485 4418 583 4468 tur
611 4411 870 4467 civitates
899 4411 1088 4468 eidem
1120 4411 1384 4467 Ecclesia:
1410 4417 1518 4467 tua:
1559 4411 1904 4469 fraternitati
1939 4416 2128 4471 sanci-

487 4519 621 4556 mus
643 4515 770 4556 esse
801 4499 1422 4572 subjectas,Tolosam,
1439 4502 1880 4574 Carcassonam,
1904 4505 2128 4574 Elxam,

487 4590 776 4657 Biterrim,
807 4591 1054 4664 Aydam,
1073 4589 1461 4664 Magalonam,
1488 4591 1862 4664 Nemausum,
1883 4594 2128 4664 Uticem,

484 4680 834 4753 Lugdevem,
854 4679 1294 4736 salvotamenin
1309 4680 1581 4738 omnibus
1613 4683 1770 4739 sedis
1800 4684 2130 4756 apostolicae

477 4771 634 4842 jure.
668 4769 946 4828 Praeterea
976 4768 1292 4842 primatum
1315 4771 1570 4843 Aquensi
1613 4773 1970 4846 metropolis,
2006 4793 2135 4847 quae

485 4863 576 4915 est
601 4859 964 4916 Narbonensi
997 4859 1274 4926 secunda,
1303 4865 1358 4916 et
1389 4861 1674 4934 quidquid
1723 4862 2025 4935 dignitatis
2043 4865 2128 4920 vel

483 4947 726 5003 honoris
739 4948 999 5005 eamdem
1017 4948 1450 5006 Narbonensem
1479 4949 1794 5007 Ecclesiam
1809 4953 2136 5024 antiquitus

473 5035 614 5106 jure
643 5035 923 5092 habuisse
977 5037 1325 5106 constiterit,
1389 5057 1494 5093 nos
1549 5056 1781 5112 quoque
1833 5043 2134 5112 praesentis

486 5123 700 5179 decreti
725 5126 937 5197 pagina
963 5126 1378 5183 inconcussum
1411 5133 1468 5184 et
1496 5127 1826 5183 inviolabile
1857 5135 2135 5202 perpetuo

487 5215 722 5269 manere
753 5214 1140 5272 decernimus.
1163 5216 1409 5273 Pallium
1433 5221 1626 5272 autem
1661 5216 2007 5273 fraternitati
2025 5224 2137 5276 tuae

485 5303 558 5358 'ad
592 5303 909 5359 missarum
936 5307 1165 5361 tantum
1197 5306 1480 5363 solemnia
1510 5304 1857 5361 celebranda
1885 5323 1954 5362 ex
1977 5325 2135 5365 more

485 5391 880 5462 concedimus,
933 5411 1047 5468 quo
1092 5395 1151 5451 in
1203 5393 1555 5467 subscriptis
1609 5393 1712 5448 tibi
1765 5395 2134 5454 solummodo

482 5481 683 5538 licebit
714 5482 1107 5554 utidiebus,in
1139 5483 1551 5558 epipbania,in
1565 5483 1840 5540 omnibus
1864 5487 2134 5544 B.Mariae

481 5570 917 5642 festivitatibus,
984 5575 1043 5630 in
1096 5593 1260 5630 cccna
1308 5571 1559 5642 Domini,
1592 5572 1651 5628 in
1711 5576 2134 5634 resurrectione

485 5661 972 5719 Dominiduobus
1014 5664 1244 5732 diebus,
1294 5663 1352 5717 in
1383 5663 1736 5719 Ascensione
1789 5663 2039 5733 Domini,
2075 5667 2132 5723 in

487 5754 843 5823 Pentecoste,
876 5752 934 5810 iu
986 5752 1284 5811 nativitate
1323 5751 1388 5812 B.
1437 5752 1703 5828 Joannis,
1736 5753 1794 5811 in
1851 5755 2132 5818 natalitiis

2222 755 2594 824 confessoris,
2629 755 2688 810 in
2719 753 3153 811 consecratione
3183 753 3590 826 episcoporum
3611 753 3670 806 et
3698 749 3900 805 eccle-

2224 845 2469 912 siarum,
2500 844 2559 899 in
2621 843 2991 900 ordinatione
3045 843 3410 899 clericorum.
3458 841 3524 896 In
3551 856 3672 912 quo
3730 837 3898 912 quid

2223 933 2498 1006 ponderis
2517 933 2617 989 tibi
2635 950 2701 988 ac
2729 931 3138 989 sollicitudinis
3156 931 3486 1005 injungitur
3503 928 3900 986 considerare

2223 1027 2279 1077 te
2311 1021 2760 1094 diligentissime
2791 1021 3076 1077 convenit.
3112 1020 3301 1091 Hujus
3355 1019 3513 1076 enim
3544 1015 3907 1074 indumenti

2227 1109 2413 1166 honor
2444 1110 2746 1166 humilitas
2768 1115 2943 1182 atque
2966 1108 3203 1183 justitia
3231 1112 3338 1177 est,
3374 1112 3482 1164 etc.

2296 1200 2592 1272 Scriptum
2619 1216 2722 1273 per
2751 1215 2992 1256 manum
3027 1198 3200 1267 Petri,
3235 1195 3525 1254 scriniarii
3581 1196 3738 1253 sacri
3771 1212 3896 1268 pa-

2227 1289 2374 1344 latii.

2299 1379 2507 1434 Datum
2535 1378 2819 1446 Laterani,
2855 1396 2952 1434 vm
2988 1378 3044 1434 Id
3057 1396 3124 1433 us
3152 1377 3514 1445 Novembris,
3534 1393 3641 1449 per
3672 1392 3908 1432 manus

2234 1468 2751 1537 Lanfrnnci,viccm
2771 1467 2998 1540 agentis
3023 1466 3538 1534 cancellarii,anno
3566 1464 3907 1522 Dominica

2233 1555 2657 1612 Incarnalionis
2677 1557 2835 1624 1097,
2866 1555 3185 1612 indictione
3199 1554 3668 1628 v1,pontificatus
3691 1557 3908 1610 autem

2235 1645 2434 1700 domui
2470 1645 2682 1702 Urbani
2717 1645 2763 1702 ΙΙ
2793 1662 2957 1718 papa:
2985 1661 3138 1700 anno
3171 1662 3226 1699 x.
3755 1633 3760 1639 ’

2239 1841 2444 1898 Urbani
2469 1841 2516 1896 11
2533 1855 2697 1914 papae
2725 1753 3331 1912 epistolaceitlkgetrum
3374 1839 3616 1914 Goﬂi'egli
3670 1842 3910 1914 Aque):-

2305 1929 2416 1968 sem
2494 1913 2978 1985 arrhz’episwpmn.
3040 1944 3105 1953 —
3163 1913 3382 1969 Mandat
3434 1913 3495 1968 at
3547 1913 3910 1985 Narbonensi

2307 1983 2729 2065 arcltt'cpisropb,
2765 1983 3027 2065 tanquam
3055 1986 3308 2056 primati,
3339 1985 3705 2040 reverentiam
3739 1983 3910 2041 exhi-

2311 2057 2448 2110 beat.
2915 2057 2920 2065 ’

2860 2129 3047 2199 (Anno
3082 2127 3263 2199 1097.)

2462 2217 2552 2286 [D.
2585 2216 2868 2284 Bocoue'r,
2901 2217 3134 2273 Recueil.
3167 2219 3210 2271 t.
3244 2216 3391 2281 XIV,
3425 2232 3482 2288 p.
3511 2217 3663 2287 728.]

2310 2305 2586 2360 Unuszvus
2620 2305 2950 2378 cpiscopus.
2983 2322 3184 2362 servus
3201 2321 3502 2361 servorum
3533 2305 3658 2373 Dei,
3679 2305 3908 2362 dilecto

2237 2394 2398 2450 fratri
2431 2395 2687 2467 Aquensi
2721 2394 3178 2467 archiepiscopo,
3225 2394 3478 2452 salutem
3526 2398 3584 2451 et
3613 2395 3908 2468 apostoli-

2238 2501 2366 2540 cam
2400 2483 2765 2540 bcnediction
2775 2500 2886 2540 em.

2311 2573 2514 2629 Frater
2539 2578 2736 2629 noster
2787 2573 3181 2630 Narbonensis
3229 2573 3709 2648 archiepiscopus
3759 2591 3906 2632 con.-

2238 2667 2482 2734 questus
2513 2666 2798 2734 estsupcr
2818 2667 2896 2733 te,
2929 2662 3083 2734 quod
3135 2663 3184 2719 ei
3227 2663 3362 2734 jure
3411 2663 3704 2736 primatus
3755 2664 3906 2720 obe-

2237 2753 2360 2808 dire
2417 2756 2777 2808 contemnas.
2841 2751 3230 2808 Praesentibus
3289 2753 3468 2826 igitur
3517 2751 3735 2810 litteris
3780 2757 3903 2810 tua:

2237 2839 2533 2896 dilectioni
2558 2841 2911 2897 mandamus
2958 2844 3024 2896 ut
3069 2840 3432 2898 Narbonensi
3481 2839 3752 2898 Ecclesiae
3813 2859 3900 2899 re-

2237 2929 2555 2985 verentiam
2588 2928 2843 2984 debitam
2903 2929 3202 3000 exsolvas;
3265 2929 3547 3003 alioquin,
3601 2934 3900 3004 tanquam

2237 3017 2566 3091 apostolica:
2588 3018 2744 3074 sedis
2756 3023 3138 3092 contemptor,
3155 3018 3482 3092 apostolicae
3496 3019 3900 3091 sedisjudicio

2238 3108 2590 3178 subjacebis.

2925 3197 3202 3254 CCXXVI.

2159 3319 2202 3387 C
2245 3289 2318 3344 Ur
2318 3287 2618 3387 93.335113?
2624 3288 2723 3344 ίδίθ
2728 3288 2783 3342 ία
2793 3287 2880 3387 {id
2921 3289 3207 3387 ibi???
3243 3287 3899 3387 {Yffi’i‘ii'ffl’lfr‘j‘i‘

2312 3361 2774 3434 θ])ἱ.ςιξορωη.η--
2791 3361 2855 3416 Ut
2907 3363 3208 3434 Aquensem
3255 3359 3725 3434 archiepiscopum
3775 3364 3898 3434 pri-

2312 3432 2582 3557 mcliltitsuo
2638 3431 2984 3487 Narbone-nsi
3026 3431 3694 3503 archiepiscopo’obedire
3746 3431 3899 3489 com-

2312 3517 2378 3558 ne
2425 3519 2457 3558 a
2488 3545 2500 3558 .

2309 3517 2500 3574 pellat.

2868 3592 3056 3663 (Anno
3089 3574 3321 3660 4097.)“

2459 3681 2548 3753 [D.
2583 3681 2873 3750 Bouous'r,
2903 3682 3139 3748 Recneil,
3174 3685 3216 3735 t.
3249 3681 3398 3748 XIV,
3431 3698 3487 3754 p.
3519 3681 3672 3754 728.]

2314 3770 3140 3843 Unsaxuscpiscopus,servus
3162 3787 3461 3826 servorum
3475 3770 3900 3842 Dei,venerabi-

2241 3859 2282 3914 1i
2313 3860 2899 3932 HUGONI,apostolica3
2914 3859 3068 3916 sedis
3084 3860 3296 3916 vicario
3319 3859 3569 3916 salutem
3587 3865 3893 3934 etaposto-

2241 3948 2413 4004 licam
2446 3949 2929 4007 benedictionem.

2315 4039 2511 4094 Frater
2550 4043 2748 4094 noster
2805 4039 3200 4096 Narbonensis
3233 4039 3710 4114 archiepiscopus
3761 4059 3896 4098 con-

2241 4132 2485 4200 questus
2507 4131 2596 4184 est
2613 4129 3046 4200 supcrAquensi
3060 4128 3681 4202 archiepiscopo,quod
3700 4130 3754 4186 ei
3763 4133 3894 4202 jure

2242 4215 2530 4289 primatus
2561 4216 2797 4272 obedire
2830 4220 3186 4274 contemnat.
3221 4217 3384 4274 Unde
3411 4217 3762 4275 fraternitati
3789 4225 3892 4276 tua:

2241 4305 2774 4378 prmsentiascripta
2787 4305 3528 4380 dirigimus,przecipientes
3543 4311 3892 4365 uteumdem

2241 4397 2569 4467 Aquensem
2602 4393 3107 4468 archiepiscopum
3147 4395 3319 4467 juxta
3362 4395 3516 4452 sedis
3560 4397 3890 4469 apostolicae

2239 4483 2512 4539 instituta
2540 4482 2774 4556 primati
2805 4487 2904 4540 tuo
2937 4484 3169 4540 obedire
3201 4483 3539 4558 compellas.
3579 4484 3735 4542 Vale.

2916 4591 3211 4648 CCXXVII.

2523 4681 2621 4736 Pri
2627 4681 2885 4752 vilegium
2897 4697 2995 4752 pro
3024 4682 3262 4738 Ecclesia
3294 4681 3564 4739 Verulana
3582 4722 3596 4736 .

2869 4771 3052 4841 (Anno
3085 4771 3269 4839 1097.)

2578 4859 2866 4931 [UCHELLI,
2896 4860 3056 4915 Italia
3086 4876 3265 4928 sacra,
3297 4859 3338 4927 l,
3371 4859 3554 4930 4390.]

2318 4948 2595 5005 URBANUS
2625 4949 2951 5021 episcopus,
2975 4965 3179 5005 servus
3209 4965 3509 5005 servorum
3544 4949 3664 5017 Dei,
3687 4943 3889 5006 dilecto

2249 5038 2406 5092 fratri
2439 5041 2726 5103 ALBERTO,
2757 5037 3060 5094 Verulensi
3083 5039 3636 5113 episcopo,ejusque
3663 5056 3888 5096 succes-

2247 5129 2478 5184 soribus
2508 5127 2781 5184 canonice
2813 5127 3240 5184 substituendis
3270 5127 3329 5184 in
3346 5133 3714 5202 perpetuum.

2315 5217 2345 5272 J
2357 5217 2502 5274 ustis
2523 5217 2671 5273 votis
2703 5233 3010 5272 assensum
3043 5218 3320 5290 praebere,
3345 5218 3647 5290 justisque
3671 5219 3891 5292 petitio-

2246 5307 2423 5364 nibus
2455 5323 2626 5362 aures
2658 5305 3098 5362 accommodare
3131 5323 3236 5362 nos
3269 5307 3556 5376 convenit,
3583 5306 3708 5379 qui,
3761 5306 3890 5363 licet

2245 5394 2746 5470 indigni,justitize
2771 5395 3044 5452 custodes
3059 5399 3233 5469 atque
3255 5413 3552 5470 praecones
3582 5395 3641 5451 in
3672 5395 3890 5452 excelsa

2245 5485 2638 5560 apostolorum
2673 5483 2952 5558 principis
2986 5483 3138 5541 Petri
3167 5489 3223 5541 et
3240 5484 3405 5542 Pauli
3438 5483 3677 5560 specula
3697 5483 3886 5558 positi,

2243 5576 2492 5633 Domino
2541 5575 2885 5647 disponente
2931 5573 3199 5632 videmur
3227 5574 3492 5632 existere.
3525 5574 3667 5632 Tuis
3694 5573 3888 5648 igitur,

2245 5665 2491 5721 fra'terin
2515 5663 2743 5721 Christo
2775 5662 3120 5720 charissima
3163 5663 3415 5734 Alberte,
3441 5665 3623 5738 justis
3672 5663 3887 5738 petitio-

2246 5756 2420 5815 nibus
2451 5757 2796 5825 annueutes,
2829 5757 2883 5810 S.
2919 5753 3268 5814 Verulanum
3301 5755 3642 5828 Ecclesium,
3672 5753 3766 5815 cui
3797 5769 3886 5813 au-
