3958 6370
81 340 200 407 Μ

1253 306 1662 403 emerem
1702 336 1803 400 ET
1846 334 2320 399 PRIVILEGIA.

3366 332 3488 396 498

80 482 238 538 cture
283 474 404 536 Deo
452 470 750 553 presides,
792 470 1121 551 apostolicae
1170 473 1328 532 sedis
1382 472 1725 531 auctoritate
1752 464 1819 543 Α¹
1836 487 2085 544 rumque
2132 483 2538 545 personarum,
2584 463 2736 526 hanc
2785 469 2999 527 nostra;
3050 440 3487 529 constitutionis

79 569 403 627 munimus.
440 567 772 626 Statuimus
801 568 957 624 enim
1007 571 1071 623 ut
1122 580 1506 639 quaecumque
1535 564 1724 619 eidem

77 656 397 715 venerabili
451 656 575 713 loco
623 675 658 711 a
704 654 1064 728 quibuslibet
1109 654 1450 715 hominibus
1499 652 1732 725 proprio

71 748 209 819 jure
229 746 359 818 jam
390 746 606 801 donata
635 749 794 813 sunt,
822 744 908 800 vel
951 744 1012 799 in
1061 744 1327 799 futurum
1359 742 1733 799 concessione

76 835 447 910 pontiﬁcum,
507 832 851 890 liberalitate
895 832 1251 906 principum,
1298 831 1385 887 vel
1442 829 1732 886 oblatione

78 923 366 991 ﬁdelium,
399 923 516 980 Deo
546 923 881 989 miserante,
912 920 1121 977 collata
1150 920 1387 988 fuerint,
1426 920 1597 974 firma
1627 917 1731 973 tibi

79 1012 316 1084 tuisque
348 1011 786 1081 successoribus
817 1015 872 1066 et
891 1008 1116 1066 illibata
1145 1006 1734 1082 permaneant.Vallis

80 1101 305 1159 scilicet
334 1101 406 1157 de
436 1099 704 1156 Literana
732 1116 867 1156 cum
899 1097 1175 1154 afﬁnibus
1202 1097 1355 1165 suis;
1386 1096 1549 1153 lacus
1600 1112 1734 1151 cum

78 1190 451 1263 pertinentiis
480 1189 961 1257 suis,Astianum,
993 1188 1256 1257 Pattena,
1279 1187 1732 1251 Mundezanum,

80 1280 418 1347 Paternum,
451 1277 870 1349 casale,Criptae
901 1275 1186 1343 Anselmi,
1218 1275 1566 1331 Cassianum
1600 1289 1735 1329 cum

76 1384 281 1426 eorum
311 1366 714 1442 pertinentiis;
748 1364 992 1422 ecclesia
1030 1366 1088 1421 S.
1136 1364 1360 1435 Crucis,
1405 1365 1463 1419 S.
1519 1361 1733 1431 Mariae,

79 1474 203 1530 quae
240 1456 460 1512 dicitur
487 1455 780 1527 Rotunda,
833 1455 893 1510 S.
942 1454 1313 1527 Archangeli,
1338 1457 1395 1508 S.
1441 1451 1632 1511 Mariae
1666 1452 1737 1507 de

82 1545 306 1619 Paretis
336 1561 470 1601 cum
501 1543 866 1627 pertinentiis
891 1541 1624 1615 suis,Molendinum,quod
1650 1544 1738 1597 est

80 1635 135 1689 in
166 1634 438 1700 Masena,
472 1650 607 1689 cum
636 1631 1005 1705 pertinentiis
1036 1631 1181 1702 suis,
1211 1630 1458 1686 ecclesia
1506 1631 1562 1687 S.
1608 1630 1740 1685 Ste-

78 1722 285 1796 phani,
320 1724 379 1778 et
406 1722 466 1778 S.
497 1720 613 1776 Viti
644 1738 778 1776 cum
810 1720 1175 1794 pertinentiis
1223 1737 1450 1788 earum,
1492 1718 1737 1775 ecclesia

77 1812 172 1867 SS.
207 1813 434 1866 Cosmas
464 1813 521 1865 et
549 1810 837 1877 Damiani,
872 1827 1006 1866 cum
1056 1808 1423 1881 pertinentiis
1463 1809 1608 1876 suis,
1644 1825 1736 1864 ec-

78 1899 257 1957 clesia
284 1899 346 1960 S,.
374 1897 578 1972 Angeli
608 1898 678 1953 de
709 1901 934 1971 Forgna
964 1915 1100 1954 cum
1149 1897 1311 1955 silvis
1342 1902 1399 1953 et
1430 1897 1736 1954 territoriis

76 1988 222 2055 suis,
260 1985 507 2043 ecclesia
545 1990 600 2041 S.
635 1985 879 2043 Joannis
928 1985 988 2041 in
1038 1986 1328 2043 territorio
1373 1984 1737 2054 Frusinonis,

78 2093 203 2149 quas
240 2075 357 2132 sita
386 2078 475 2131 est
494 2074 664 2147 juxta
694 2074 910 2131 ﬁumen
964 2092 1160 2132 casam
1194 2092 1328 2131 cum
1359 2074 1633 2131 omnibus
1665 2076 1737 2131 ad

77 2164 278 2238 ipsum
309 2152 953 2237 pertinentibusQLacus
968 2164 1038 2219 de
1052 2164 1429 2232 Masciano,et
1451 2163 1736 2236 quidquid

76 2255 131 2310 in
159 2251 461 2311 territorio
490 2251 738 2307 Surricis
771 2269 874 2324 per
903 2252 1241 2309 authentica
1263 2253 1598 2309 chartarum
1623 2269 1740 2310 mo-

79 2345 367 2399 numenta
414 2339 602 2397 eidem
649 2340 954 2397 Verulana
1004 2341 1272 2398 Ecclesiae
1321 2341 1610 2414 pertinere
1641 2359 1735 2398 co-

75 2431 400 2506 gnoscitur.
438 2430 544 2486 Per
591 2430 781 2503 ipsam
828 2429 1027 2503 itaque
1075 2436 1195 2487 tam
1246 2430 1373 2499 tibi,
1407 2447 1584 2503 quam
1618 2431 1735 2487 tuis

79 2517 525 2576 successoribus
556 2516 868 2590 episcopali
894 2518 1031 2589 jure
1060 2519 1313 2592 regenda
1338 2523 1637 2591 perpetuo,
1671 2538 1737 2575 ac

77 2607 449 2681 disponenda
498 2606 892 2674 concedimus,
928 2610 1104 2679 atque
1152 2608 1458 2663 ﬁrmamus
1507 2608 1737 2664 civitate

78 2695 389 2753 Verulana
441 2712 574 2751 cum
625 2695 900 2751 omnibus
931 2695 1332 2768 adjacentibus
1366 2695 1518 2751 Eccl.
1552 2697 1732 2767 intus,

78 2785 161 2843 vel
194 2785 345 2842 foris
375 2783 785 2854 Frusinonem,
815 2800 950 2840 eum
1005 2786 1281 2841 omnibus
1325 2785 1468 2843 suis.
1512 2786 1737 2858 Oppida

79 2874 362 2943 Turricis,
394 2871 687 2944 Larnaria,
720 2872 956 2947 Paphen
998 2890 1131 2929 cum
1181 2873 1439 2930 ecclesiis
1472 2875 1529 2930 S.
1560 2875 1735 2945 Petri,

80 2969 133 3020 et
158 2967 220 3019 Β.
256 2960 573 3030 Columbae,
615 2962 1038 3018 monasterium
1083 2962 1140 3018 S.
1191 2962 1488 3035 Sylvestri.
1536 2963 1733 3035 Ripae,

81 3052 375 3108 Castrum.
401 3053 601 3106 monte
628 3049 895 3123 Nigrum,
931 3050 1322 3106 Fabrateriam
1354 3068 1487 3106 cum
1520 3051 1737 3107 ﬁnibus

81 3146 134 3198 et
190 3138 565 3214 pertinentiis
620 3155 844 3207 earum,
904 3142 1326 3211 Ceperannum,
1386 3140 1734 3211 Cannetum,

1841 561 2117 636 paginam
2144 562 2567 630 sciens,contra
2595 575 2724 615 eam
2745 562 2963 616 temere
2990 560 3187 636 venire
3216 576 3491 632 praesum-

1842 635 2043 725 pserit,
2077 650 2377 723 potestatis
2408 649 2763 722 honorisque
2810 649 2902 704 sui
2953 635 3237 722 dignitate
3278 654 3490 719 careat,

1841 757 2128 813 reumque
2160 756 2221 795 se
2249 740 2444 796 divino
2475 737 2700 810 judicio
2749 739 2994 794 existere
3043 739 3115 793 de
3164 741 3496 813 perpetrata

1843 829 2157 901 iniquitate
2207 832 2544 901 cognoscat,
2577 832 2633 882 et
2681 825 2794 883 nisi
2839 844 2908 883 ea
2960 843 3084 901 quze
3117 827 3188 882 ab
3229 825 3329 883 illo
3362 830 3501 883 sunt

1843 918 1996 973 male
2028 918 2242 984 ablata,
2268 916 2698 985 restituerit,vel
2729 916 2906 989 digna
2927 916 3270 988 poenitentia
3298 915 3498 975 illicite

1844 1011 1975 1063 acta
2004 1007 2317 1077 deﬁeverit,
2351 1024 2385 1063 a
2415 1004 2815 1062 sacratissimo
2847 1022 3083 1078 corpore
3114 1010 3170 1061 et
3208 1007 3498 1079 sanguine

1818 1101 1824 1105 ’
1844 1097 1945 1152 Dei
1958 1113 2024 1153 ac
2043 1096 2274 1153 Domini
2292 1095 2679 1168 redemptoris
2691 1095 2874 1151 nostri
2886 1096 2917 1152 J
2923 1110 3027 1151 esu
3040 1094 3256 1151 Christi
3271 1094 3496 1152 alienus

1844 1187 1965 1254 ﬁat,
2016 1178 2191 1257 atque
2232 1185 2292 1239 in
2343 1188 2599 1241 extremo
2648 1184 2913 1241 examine
2962 1184 3239 1241 districta:
3289 1183 3497 1241 ultioni

1845 1275 2162 1345 subjaceat.
2191 1274 2429 1330 Cunctis
2453 1276 2647 1330 autem
2678 1273 2868 1330 eidem
2899 1273 3024 1329 loco
3049 1274 3213 1344 justa
3260 1290 3494 1331 servan-

1843 1364 2023 1431 tibus,
2057 1362 2134 1418 sit
2162 1380 2276 1435 pax
2305 1367 2368 1417 D.
2402 1364 2468 1418 N.
2502 1364 2553 1419 J.
2590 1364 2675 1429 C.,
2700 1367 2993 1434 quatenus
3025 1367 3082 1418 et
3110 1363 3205 1418 hic
3235 1364 3492 1441 fructum

1843 1454 2008 1509 bonae
2036 1452 2302 1518 actionis,
2340 1450 2681 1524 percipiant,
2715 1457 2772 1509 et
2803 1452 2958 1524 apud
2987 1440 3321 1508 districtum
3342 1452 3499 1524 judi-

1844 1558 1970 1598 cem
2002 1540 2241 1615 praemia
2269 1544 2493 1597 aeternae
2523 1541 2684 1612 pacis
2713 1540 3027 1597 inveniant.
3061 1544 3268 1611 Amen,
3301 1558 3495 1611 amen,

1846 1646 2038 1686 amen.

1917 1719 2214 1791 Scriptum
2245 1718 2474 1785 Albani,
2498 1723 2553 1774 et
2582 1720 2785 1775 datum
2817 1734 2920 1791 per
2950 1736 3191 1775 manum
3224 1720 3499 1776 Lanfran-

1846 1807 1896 1862 ci
1925 1808 2081 1865 vices
2102 1808 2355 1881 gerentis
2393 1808 2746 1877 cancellarii,
2781 1825 2933 1865 anno
2961 1808 3191 1865 Domini
3220 1809 3381 1877 1097,
3413 1809 3498 1864 in-

1848 1896 2100 1953 dictione
2132 1901 2313 1967 sexta,
2346 1896 2569 1953 domini
2598 1897 2816 1954 Urbani
2846 1897 2896 1954 II
2921 1915 3084 1971 papae
3115 1916 3266 1955 anno
3296 1917 3352 1954 x.

2506 2012 2838 2070 CCXXVIII.

1852 2103 2097 2160 Urbanus
2127 2105 2175 2158 ll
2195 2102 2436 2158 ecclesia
2465 2102 2520 2156 S.
2551 2102 2735 2157 Maris
2760 2104 3095 2160 Buronensis
3110 2102 3500 2175 protectioncm

1915 2175 2172 2244 suscipit,-
2205 2175 2342 2229 bona
2384 2175 2686 2244 conﬁrmat,
2714 2176 3015 2246 privilegia
3060 2176 3360 2243 constituit,
3393 2176 3496 2230 im-

1910 2248 2087 2317 posito
2116 2246 2382 2317 fratribus
2406 2246 2641 2301 bimntii
2669 2248 2829 2302 aurei
2852 2262 3019 2302 censu
3046 2262 3248 2302 annuo.

2472 2335 2658 2405 (Anno
2691 2334 2875 2406 1097.)

1844 2424 2096 2489 Ps'raus,
2130 2424 2329 2479 Suevia
2359 2395 2743 2496 ecclesiastica.
2798 2395 3073 2496 Augustae
3124 2428 3183 2480 et
3226 2395 3493 2496 Dillingae

2326 2496 2487 2563 1699,
2519 2494 2737 2564 in-fol.,
2769 2512 2825 2566 p.
2857 2494 3009 2563 212.)

1917 2612 2191 2667 URBANUS
2223 2610 2552 2682 episcopus,
2585 2626 2788 2666 servus
2819 2626 3121 2667 servorum
3156 2608 3490 2678 Dei,dilecto

1845 2698 1963 2755 ﬁlio
1994 2700 2330 2755 Bsa'rnonno
2364 2697 2696 2771 praeposito,
2727 2699 2973 2770 ejusque
3001 2697 3289 2755 fratribus.
3306 2698 3367 2757 in
3397 2716 3493 2756 ec-

1845 2787 2023 2843 clesia
2050 2788 2144 2843 cui
2174 2786 2523 2843 vocabulum
2573 2791 2661 2842 est
2707 2788 2769 2842 B.
2804 2786 3061 2856 Martini,
3114 2805 3241 2860 quae
3286 2805 3490 2845 conse-

1844 2878 2063 2947 cranda
2088 2880 2175 2933 est
2223 2878 2280 2931 in
2329 2875 2610 2932 honorem
2641 2875 2706 2932 B.
2738 2876 2932 2932 Marica
2958 2875 3240 2950 Virginis,
3273 2877 3335 2933 in
3364 2877 3488 2955 loco

1844 2966 1945 3038 qui
1974 2966 2171 3022 Buron
2201 2966 2432 3035 dicitur,
2464 2965 2616 3021 inter
2644 2965 2791 3021 duos
2816 2968 3065 3031 montes,
3094 2983 3271 3039 super
3298 2966 3488 3038 ripam

1845 3054 2108 3110 fluminis
2138 3054 2409 3121 Danubii,
2442 3055 2501 3110 in
2532 3054 2827 3110 territorio
2857 3054 3488 3123 Constantiensi,cano-

1843 3143 2033 3200 nicam
2066 3143 2244 3199 vitam
2278 3143 2577 3216 professis,
2610 3159 2930 3215 eorumque
2962 3130 3402 3203 successoribus
3431 3143 3497 3201 in

82 3228 404 3287 Castellum
461 3244 697 3296 novum,
756 3227 1317 3301 Strangulagallum,
1386 3228 1736 3302 Carpenum,
1769 3216 1812 3284 C
1850 3236 2217 3305 perpetuum.

84 3321 343 3377 Montem
377 3318 435 3374 S.
470 3317 735 3395 Joannis,
767 3335 901 3373 cum
931 3318 1198 3391 ejusdem
1232 3317 1490 3376 nominis
1538 3335 1739 3374 mona-

83 3405 549 3465 sterio.Ecclesia
575 3406 634 3463 S.
668 3407 819 3462 Petri
852 3407 923 3463 de
952 3405 1227 3475 Arenula,
1257 3411 1312 3461 S.
1348 3405 1744 3475 Pudentianac,

88 3499 395 3555 Babucum
446 3513 580 3552 cum
630 3495 906 3552 omnibus
953 3495 1214 3552 ecclesiis
1264 3495 1453 3551 eidem
1506 3496 1745 3552 castello

89 3588 152 3642 ad
152 3588 177 3659 j
186 3585 928 3657 acentibus.Duoprzeterea
942 3584 1354 3641 canonicorum
1370 3586 1744 3654 monasteria;

87 3692 274 3732 unum
306 3672 578 3729 videlicet
605 3674 663 3730 S.
699 3672 1052 3743 Paterniani,
1089 3672 1335 3728 alterum
1382 3676 1438 3727 S.
1471 3672 1623 3727 Petri
1678 3673 1749 3729 de

87 3748 631 3822 Canneto.Ecclesia
653 3761 961 3819 S.Joannis
983 3761 1040 3817 in
1067 3761 1389 3834 Ceperano,
1412 3764 1467 3816 et
1488 3762 1747 3833 S.Magni

89 3869 226 3908 cum
259 3850 536 3907 omnibus
569 3849 720 3907 aliis.
748 3850 1011 3906 Ecclesia
1041 3851 1099 3906 S.
1134 3848 1426 3907 Benedicti
1467 3850 1619 3907 inter
1647 3853 1748 3906 Ca-

91 3945 305 4007 strum,
340 3944 397 3995 et
428 3941 686 3995 montem
718 3939 962 4012 Nigrum
993 3938 1105 3994 sita
1135 3956 1269 3994 cum
1319 3938 1444 3994 suis
1476 3937 1752 3994 omnibus

93 4026 479 4103 pertinentiis.
515 4027 771 4083 Ecclesia
800 4028 859 4084 S.
896 4027 1094 4100 Angeli
1144 4028 1214 4082 de
1265 4027 1568 4094 Meruleta,
1600 4031 1658 4082 et
1690 4027 1748 4081 S.

94 4116 377 4189 Stephani
410 4131 543 4170 cum
572 4115 845 4171 omnibus
878 4115 1028 4184 aliis,
1062 4119 1196 4181 tuae,
1229 4120 1585 4187 tuorumque
1616 4132 1752 4170 suc-

97 4221 399 4263 cessorum
430 4203 798 4277 dispositioni
832 4207 1110 4279 perpetuo
1141 4205 1381 4259 subesse
1432 4204 1751 4260 sancimus.

97 4295 158 4351 In
192 4293 551 4350 monasterio
583 4293 1187 4366 monachorum,quod
1220 4292 1434 4348 dicitur
1462 4293 1753 4349 SS.Joan-

102 4384 193 4439 nis
207 4388 265 4438 et
278 4380 760 4453 Pauli,quidquid
774 4380 845 4437 ad
869 4381 1176 4452 antiquum
1198 4381 1475 4437 Verulani
1497 4381 1755 4453 episcopi

92 4472 193 4542 jus
226 4468 506 4526 canonice
536 4469 1110 4542 pertinet,integrum
1142 4470 1304 4525 vobis
1325 4474 1604 4540 perpetuo
1635 4486 1756 4524 ser-

1925 3298 2089 3377 Sicut
2116 3318 2540 3376 irrationabilia
2567 3321 2946 3392 poscentibus
2975 3322 3174 3395 negari
3199 3323 3370 3379 debet
3412 3340 3503 3380 as-
3532 3298 3539 3313 ’

1855 3426 2090 3477 sensus,
2119 3410 2204 3465 sic
2227 3410 2392 3481 justa
2421 3408 2746 3480 petentium
2776 3409 2924 3466 votis
2952 3410 3211 3484 benigna
3241 3412 3505 3473 assensio

1856 3515 2216 3555 concurrere.
2270 3498 2410 3552 Tuis
2462 3497 2658 3569 igitur,
2694 3496 2775 3551 ﬁli
2823 3498 3132 3555 Bertholde
3180 3499 3238 3554 in
3279 3500 3507 3556 Christo

1856 3585 2404 3657 charissimejustis
2436 3584 2814 3657 petitionibus
2846 3588 3505 3655 annuentes,ecclesiam

1858 3675 1955 3731 Dei
1982 3674 2291 3730 Genitricis
2312 3679 2369 3729 ct
2391 3690 2622 3746 semper
2645 3673 2900 3745 Virginis
2923 3674 3325 3748 Mariae,quam
3346 3673 3507 3735 ﬁlius

1858 3767 2054 3819 noster
2084 3762 2427 3835 Peregrinus
2456 3762 2516 3818 in
2548 3762 2779 3834 proprio
2804 3762 2984 3818 fundo
3012 3766 3409 3820 constructam
3441 3764 3504 3819 B.

1859 3853 2026 3908 Petro
2059 3853 2304 3923 ejusque
2334 3868 2510 3907 sacras
2542 3852 2814 3907 Romanae
2846 3851 3109 3908 Ecclesiae
3130 3852 3190 3908 in
3226 3852 3507 3909 allodium

1860 3940 2165 4013 proprium
2198 3939 2427 4007 obtulit,
2477 3939 2571 3995 cui
2620 3940 2853 3995 auctore
2900 3940 3017 3996 Deo
3068 3941 3364 4012 praesides,
3399 3942 3551 3998 sub‘

1862 4029 2191 4102 apostolicae
2223 4029 2380 4085 sedis
2427 4030 2784 4102 protectione
2831 4028 3161 4102 specialiter
3204 4031 3511 4087 confoven-

1863 4120 2019 4187 dam,
2054 4123 2332 4190 tanquam
2357 4120 2461 4190 jus
2483 4118 2785 4191 proprium
2814 4119 3197 4191 suscipimus,
3227 4124 3285 4176 et
3314 4124 3514 4176 contra

1864 4224 2175 4280 pravorum
2206 4208 2470 4263 omnium
2520 4208 2843 4280 nequitiam
2887 4207 3251 4265 auctoritatis
3292 4208 3419 4280 ejus
3457 4213 3515 4265 et

1865 4302 2079 4352 nostrae
2108 4297 2409 4369 privilegio
2440 4297 3186 4357 communimusPrazsenti
3207 4297 3403 4369 itaque
3423 4298 3517 4354 de-

1866 4390 2021 4441 creto
2048 4386 2369 4440 statuimus
2383 4390 2822 4457 utquaecunque
2853 4386 3025 4442 hodie
3055 4392 3247 4447 vestra
3275 4386 3519 4447 ecclesia

1858 4475 2018 4544 juste
2052 4472 2326 4544 possidet,
2346 4473 2465 4528 sive
2494 4473 2551 4527 in
2585 4474 2846 4528 futurum
2880 4475 3253 4531 concessione
3280 4474 3515 4546 pontiﬁ-

97 4559 219 4615 vari
251 4556 751 4627 censemus,salva
781 4559 1063 4614 nimirum
1096 4563 1305 4613 nostra:
1336 4559 1467 4613 S.R.
1491 4556 1757 4613 Ecclesiae
1789 4578 2023 4648 D'cum,
2054 4560 2393 4616 liberalitate
2423 4560 2755 4631 principum
2787 4561 2875 4616 vel
2906 4561 3199 4618 oblatione
3230 4561 3513 4630 ﬁdelium,

103 4646 539 4704 reverentia.Ad
553 4646 674 4702 haec
700 4662 803 4718 per
822 4646 1128 4719 praesentis
1152 4646 1434 4719 privilegii
1460 4646 1756 4719 paginam,

102 4735 427 4809 apostolica
454 4733 798 4791 auctoritate
828 4736 1222 4803 decernimus,
1258 4739 1322 4790 ut
1347 4734 1493 4790 nulli
1521 4735 1759 4790 omnino

100 4824 412 4881 hominum
442 4822 615 4879 liceat
644 4824 911 4880 eamdem
944 4823 1256 4880 Ecclesiam
1282 4829 1499 4880 temere
1529 4830 1758 4896 pertur-

100 4913 261 4980 bare,
286 4917 391 4968 aut
409 4912 540 4985 ejus
566 4912 999 4985 possessionem
1032 4912 1389 4980 auferre,aut
1418 4912 1529 4967 sub
1560 4914 1759 4983 cujus-

105 5000 246 5060 libet
274 5017 463 5057 causa:
496 4992 888 5058 occasionisve
934 5000 1125 5074 specie
1168 5004 1453 5067 minuere,
1484 5000 1605 5056 sive
1635 5001 1760 5056 suis

106 5091 313 5147 usibus
342 5088 657 5163 applicare,
689 5090 778 5147 vel
812 5090 942 5149 aliis
973 5090 1143 5162 quasi
1174 5090 1288 5162 piis
1319 5090 1389 5146 de
1431 5089 1626 5145 causis
1657 5106 1760 5161 pro

107 5196 226 5237 sua:
284 5177 540 5235 avaritias
591 5179 960 5241 excusatione
1021 5179 1364 5246 concedere;
1413 5178 1516 5233 sed
1564 5177 1761 5234 omnia

107 5268 331 5342 integre
360 5271 798 5341 conserventur,
823 5273 945 5325 tam
976 5268 1185 5324 vestris
1207 5284 1385 5339 quam
1415 5266 1759 5323 clericorum

109 5373 177 5414 ac
204 5373 530 5431 pauperum
563 5356 770 5413 usibus
801 5356 1156 5416 omnimodis
1186 5356 1507 5429 profutura.
1540 5354 1596 5409 Si
1627 5355 1760 5427 quis

107 5446 290 5521 igitur
319 5446 690 5504 sacerdotum
722 5450 823 5504 aut
851 5446 1639 5518 clericorum,imperatorum
1662 5450 1762 5502 aut

109 5553 336 5611 regum,
362 5535 695 5610 principum
725 5541 827 5594 aut
858 5538 1096 5605 ducum,
1131 5534 1437 5604 comitum,
1459 5534 1760 5591 vicecomi-

114 5643 258 5709 tum,
284 5625 581 5699 judicum,
611 5625 700 5683 vel
732 5625 1126 5699 quarumlibet
1154 5640 1501 5698 magnarum
1551 5640 1759 5697 parva-

1861 4652 2021 4721 juste
2052 4654 2227 4721 atque
2257 4649 2532 4703 canonice
2584 4649 2795 4720 poterit
2841 4649 3107 4721 adipisci,
3142 4651 3313 4705 ﬁrma
3350 4651 3517 4706 vobis

1870 4736 2192 4809 vestrisque
2223 4735 2658 4791 successoribus
2703 4740 2761 4791 et
2790 4735 3016 4792 illibata
3045 4739 3155 4793 sub
3187 4737 3517 4809 apostolicae

1871 4826 2027 4882 sedis
2061 4843 2289 4898 semper
2308 4824 2490 4881 tutela
2519 4825 3004 4897 permaneant;ad
3027 4824 3147 4880 haec
3178 4823 3519 4901 adjicientes

1870 4915 2169 4971 sancimus
2202 4920 2266 4971 ut
2295 4913 2513 4970 nemini
2545 4914 2696 4969 inter
2725 4930 2825 4969 vos
2856 4913 3218 4986 professione
3263 4912 3524 4972 exhibita

1869 5003 2169 5076 proprium
2203 5005 2343 5077 quid
2375 5004 2721 5070 habere,nec
2752 5002 2878 5060 sine
2903 5007 3027 5070 tua,
3056 5003 3139 5059 ﬁli
3175 4996 3524 5063 charissime

1869 5092 2286 5160 Bertbolde,vel
2317 5110 2519 5149 eorum
2552 5094 2652 5165 qui
2676 5095 2958 5166 potestate
2984 5092 3044 5147 in
3067 5093 3527 5167 eodem'regimi.

1870 5199 1941 5237 ne
1972 5182 2382 5247 successerint,
2417 5185 2519 5237 aut
2549 5182 2676 5237 sine
2706 5181 3009 5238 communi
3052 5182 3525 5256 congregationis

1867 5270 2102 5326 licentia
2134 5272 2203 5325 de
2233 5268 2487 5324 claustro
2514 5270 2811 5327 discedere
2852 5270 3104 5326 liberum
3143 5271 3253 5339 sit;
3287 5271 3440 5343 quod
3471 5273 3522 5330 si

1869 5359 2293 5427 discesserit,et
2323 5358 2717 5415 commonitus
2750 5359 2939 5415 redire
2968 5360 3519 5432 contempserit,tibi

1867 5449 2102 5521 tuisque
2133 5446 2570 5503 successoribus
2591 5446 2836 5504 facultas
2859 5448 2937 5504 sit
2959 5448 3247 5520 ejusmodi
3272 5447 3518 5505 ubilibet

1868 5555 1903 5595 a
1932 5538 2057 5595 suis
2088 5537 2297 5594 ofﬁciis
2327 5535 2701 5604 interdicere;
2734 5536 3107 5595 interdictum
3130 5555 3263 5595 vero
3294 5536 3513 5593 nullius

1867 5628 2277 5700 episcoporum
2309 5625 2658 5683 abbatumve
2702 5642 2804 5681 seu
2848 5627 3288 5698 praepositorum
3321 5624 3513 5682 susci-
