  <div class='ocr_page' id='page_1' title='image "/cluster/home/n/w/nwhite01/storage/ocr_20150623/151/umn.31951002477444s/315.png"; bbox 0 0 3958 6362; ppageno 0'>
   <div class='ocr_carea' id='block_1_1' title="bbox 423 305 2075 376">
    <p class='ocr_par' dir='ltr' id='par_1_1' title="bbox 423 305 2075 375">
     <span class='ocr_line' id='line_1_1' title="bbox 423 305 2075 375; baseline 0.004 -6"><span class='ocrx_word' id='word_1_1' title='bbox 423 305 543 370; x_wconf 75' lang='grc'>499</span> <span class='ocrx_word' id='word_1_2' title='bbox 1721 309 1792 374; x_wconf 90' lang='grc' dir='ltr'><strong>Β.</strong></span> <span class='ocrx_word' id='word_1_3' title='bbox 1839 309 2075 375; x_wconf 78' lang='lat' dir='ltr'><strong>URBAl</strong></span> 
     </span>
    </p>
   </div>
   <div class='ocr_carea' id='block_1_2' title="bbox 2248 305 3839 376">
    <p class='ocr_par' dir='ltr' id='par_1_2' title="bbox 2269 308 3839 376">
     <span class='ocr_line' id='line_1_2' title="bbox 2269 308 3839 376; baseline 0.001 -3"><span class='ocrx_word' id='word_1_4' title='bbox 2269 308 2520 376; x_wconf 74' lang='grc' dir='ltr'>ΡΑΡιΕ.</span> <span class='ocrx_word' id='word_1_5' title='bbox 3710 310 3839 375; x_wconf 76' lang='grc'>500</span> 
     </span>
    </p>
   </div>
   <div class='ocr_carea' id='block_1_3' title="bbox 417 437 3838 521">
    <p class='ocr_par' dir='ltr' id='par_1_3' title="bbox 417 437 3838 521">
     <span class='ocr_line' id='line_1_3' title="bbox 417 437 3838 521; baseline 0.003 -26"><span class='ocrx_word' id='word_1_6' title='bbox 417 437 829 514; x_wconf 88' lang='lat' dir='ltr'>piat.0beunte</span> <span class='ocrx_word' id='word_1_7' title='bbox 858 455 989 498; x_wconf 86' lang='lat' dir='ltr'>vero</span> <span class='ocrx_word' id='word_1_8' title='bbox 1022 444 1257 508; x_wconf 86' lang='lat' dir='ltr'>te,nunc</span> <span class='ocrx_word' id='word_1_9' title='bbox 1287 440 1551 516; x_wconf 77' lang='lat' dir='ltr'>ejusdem</span> <span class='ocrx_word' id='word_1_10' title='bbox 1583 441 1692 500; x_wconf 92' lang='lat' dir='ltr'>loci</span> <span class='ocrx_word' id='word_1_11' title='bbox 1733 446 2062 519; x_wconf 75' lang='lat' dir='ltr'>praeposito,</span> <span class='ocrx_word' id='word_1_12' title='bbox 2091 448 2148 518; x_wconf 78' lang='grc' dir='ltr'><strong>Α</strong></span> <span class='ocrx_word' id='word_1_13' title='bbox 2176 444 2395 519; x_wconf 88' lang='lat' dir='ltr'>pimus,</span> <span class='ocrx_word' id='word_1_14' title='bbox 2427 450 2483 502; x_wconf 92' lang='lat' dir='ltr'>et</span> <span class='ocrx_word' id='word_1_15' title='bbox 2512 445 2641 504; x_wconf 92' lang='lat' dir='ltr'>ideo</span> <span class='ocrx_word' id='word_1_16' title='bbox 2674 445 2785 505; x_wconf 87' lang='lat' dir='ltr'>sub</span> <span class='ocrx_word' id='word_1_17' title='bbox 2817 449 3163 521; x_wconf 88' lang='lat' dir='ltr'>potestatem</span> <span class='ocrx_word' id='word_1_18' title='bbox 3202 445 3432 506; x_wconf 78' lang='lat' dir='ltr'>abbatis</span> <span class='ocrx_word' id='word_1_19' title='bbox 3476 445 3667 505; x_wconf 88' lang='lat' dir='ltr'>redire</span> <span class='ocrx_word' id='word_1_20' title='bbox 3714 463 3838 504; x_wconf 90' lang='lat' dir='ltr'>non</span> 
     </span>
    </p>
   </div>
   <div class='ocr_carea' id='block_1_4' title="bbox 417 530 2772 609">
    <p class='ocr_par' dir='ltr' id='par_1_4' title="bbox 417 530 2772 609">
     <span class='ocr_line' id='line_1_4' title="bbox 417 530 2772 609; baseline 0.003 -24"><span class='ocrx_word' id='word_1_21' title='bbox 417 530 506 587; x_wconf 86' lang='lat' dir='ltr'>vel</span> <span class='ocrx_word' id='word_1_22' title='bbox 537 535 777 587; x_wconf 82' lang='lat' dir='ltr'>tuorum</span> <span class='ocrx_word' id='word_1_23' title='bbox 809 530 1072 603; x_wconf 89' lang='lat' dir='ltr'>quolibet</span> <span class='ocrx_word' id='word_1_24' title='bbox 1101 535 1758 601; x_wconf 87' lang='lat' dir='ltr'>successorum,nullius</span> <span class='ocrx_word' id='word_1_25' title='bbox 1778 535 1858 591; x_wconf 89' lang='lat' dir='ltr'>ibi</span> <span class='ocrx_word' id='word_1_26' title='bbox 1883 536 2070 609; x_wconf 88' lang='lat' dir='ltr'>quali-</span> <span class='ocrx_word' id='word_1_27' title='bbox 2179 537 2389 593; x_wconf 80' lang='lat' dir='ltr'>debere</span> <span class='ocrx_word' id='word_1_28' title='bbox 2411 537 2772 609; x_wconf 88' lang='lat' dir='ltr'>judicamus.</span> 
     </span>
    </p>
   </div>
   <div class='ocr_carea' id='block_1_5' title="bbox 419 619 3130 696">
    <p class='ocr_par' dir='ltr' id='par_1_5' title="bbox 419 619 3130 696">
     <span class='ocr_line' id='line_1_5' title="bbox 419 619 3130 696; baseline 0.002 -19"><span class='ocrx_word' id='word_1_29' title='bbox 419 620 520 677; x_wconf 90' lang='lat' dir='ltr'>bet</span> <span class='ocrx_word' id='word_1_30' title='bbox 541 619 935 692; x_wconf 88' lang='lat' dir='ltr'>subreptionis</span> <span class='ocrx_word' id='word_1_31' title='bbox 949 622 1166 678; x_wconf 82' lang='lat' dir='ltr'>astutia</span> <span class='ocrx_word' id='word_1_32' title='bbox 1178 622 1265 678; x_wconf 87' lang='lat' dir='ltr'>vel</span> <span class='ocrx_word' id='word_1_33' title='bbox 1278 622 1550 680; x_wconf 82' lang='lat' dir='ltr'>violentia</span> <span class='ocrx_word' id='word_1_34' title='bbox 1560 625 2068 696; x_wconf 57' lang='lat' dir='ltr'>praponaturmisi</span> <span class='ocrx_word' id='word_1_35' title='bbox 2884 627 3130 684; x_wconf 80' lang='lat' dir='ltr'>CCXXX.</span> 
     </span>
    </p>
   </div>
   <div class='ocr_carea' id='block_1_6' title="bbox 421 709 3847 789">
    <p class='ocr_par' dir='ltr' id='par_1_6' title="bbox 421 709 3847 789">
     <span class='ocr_line' id='line_1_6' title="bbox 421 709 3847 789; baseline 0.003 -26"><span class='ocrx_word' id='word_1_36' title='bbox 421 725 598 782; x_wconf 86' lang='lat' dir='ltr'>quem</span> <span class='ocrx_word' id='word_1_37' title='bbox 631 709 836 765; x_wconf 80' lang='lat' dir='ltr'>fratres</span> <span class='ocrx_word' id='word_1_38' title='bbox 859 711 1155 767; x_wconf 90' lang='lat' dir='ltr'>communi</span> <span class='ocrx_word' id='word_1_39' title='bbox 1199 728 1489 769; x_wconf 88' lang='lat' dir='ltr'>consensu</span> <span class='ocrx_word' id='word_1_40' title='bbox 1522 712 1610 768; x_wconf 89' lang='lat' dir='ltr'>vel</span> <span class='ocrx_word' id='word_1_41' title='bbox 1645 715 1892 771; x_wconf 81' lang='lat' dir='ltr'>fratrum</span> <span class='ocrx_word' id='word_1_42' title='bbox 1935 732 2070 789; x_wconf 90' lang='lat' dir='ltr'>pars</span> <span class='ocrx_word' id='word_1_43' title='bbox 2183 716 2388 772; x_wconf 82' lang='lat' dir='ltr'>Urbani</span> <span class='ocrx_word' id='word_1_44' title='bbox 2421 718 2466 770; x_wconf 91' lang='lat' dir='ltr'>lI</span> <span class='ocrx_word' id='word_1_45' title='bbox 2489 733 2648 788; x_wconf 67' lang='lat' dir='ltr'>papa;</span> <span class='ocrx_word' id='word_1_46' title='bbox 2675 719 2904 789; x_wconf 74' lang='lat' dir='ltr'>epistola</span> <span class='ocrx_word' id='word_1_47' title='bbox 2933 718 3004 772; x_wconf 82' lang='lat' dir='ltr'>ad</span> <span class='ocrx_word' id='word_1_48' title='bbox 3042 716 3393 773; x_wconf 80' lang='lat' dir='ltr'>Bemardum</span> <span class='ocrx_word' id='word_1_49' title='bbox 3439 717 3847 789; x_wconf 82' lang='lat' dir='ltr'>Bononiensem</span> 
     </span>
    </p>
   </div>
   <div class='ocr_carea' id='block_1_7' title="bbox 421 788 2075 870">
    <p class='ocr_par' dir='ltr' id='par_1_7' title="bbox 421 788 2072 870">
     <span class='ocr_line' id='line_1_7' title="bbox 421 788 2072 870; baseline 0.004 -17"><span class='ocrx_word' id='word_1_50' title='bbox 421 796 649 854; x_wconf 83' lang='lat' dir='ltr'>consilii</span> <span class='ocrx_word' id='word_1_51' title='bbox 693 797 944 856; x_wconf 80' lang='lat' dir='ltr'>sanioris</span> <span class='ocrx_word' id='word_1_52' title='bbox 995 802 1323 857; x_wconf 91' lang='lat' dir='ltr'>secundum</span> <span class='ocrx_word' id='word_1_53' title='bbox 1372 801 1472 857; x_wconf 88' lang='lat' dir='ltr'>Dei</span> <span class='ocrx_word' id='word_1_54' title='bbox 1521 802 1813 870; x_wconf 86' lang='lat' dir='ltr'>timorem,</span> <span class='ocrx_word' id='word_1_55' title='bbox 1861 788 1950 860; x_wconf 87' lang='lat' dir='ltr'>vel</span> <span class='ocrx_word' id='word_1_56' title='bbox 2003 820 2072 860; x_wconf 82' lang='lat' dir='ltr'>ex</span> 
     </span>
    </p>
   </div>
   <div class='ocr_carea' id='block_1_8' title="bbox 2248 788 3848 870">
    <p class='ocr_par' dir='ltr' id='par_1_8' title="bbox 2249 788 3848 870">
     <span class='ocr_line' id='line_1_8' title="bbox 2249 788 3848 870; baseline 0.003 -28"><span class='ocrx_word' id='word_1_57' title='bbox 2249 789 2675 870; x_wconf 28' lang='lat' dir='ltr'>episcopamq—</span> <span class='ocrx_word' id='word_1_58' title='bbox 2711 788 3056 870; x_wconf 75' lang='lat' dir='ltr'>Commendat</span> <span class='ocrx_word' id='word_1_59' title='bbox 3084 790 3282 860; x_wconf 74' lang='lat' dir='ltr'>fratres</span> <span class='ocrx_word' id='word_1_60' title='bbox 3311 788 3573 860; x_wconf 84' lang='lat' dir='ltr'>quosdam</span> <span class='ocrx_word' id='word_1_61' title='bbox 3619 789 3689 845; x_wconf 87' lang='lat' dir='ltr'>ab</span> <span class='ocrx_word' id='word_1_62' title='bbox 3720 789 3848 847; x_wconf 72' lang='lat' dir='ltr'>hae-</span> 
     </span>
    </p>
   </div>
   <div class='ocr_carea' id='block_1_9' title="bbox 2249 859 2964 915">
    <p class='ocr_par' dir='ltr' id='par_1_9' title="bbox 2249 859 2964 915">
     <span class='ocr_line' id='line_1_9' title="bbox 2249 859 2964 915; baseline 0.004 -3"><span class='ocrx_word' id='word_1_63' title='bbox 2249 859 2436 913; x_wconf 86' lang='lat' dir='ltr'>reticis</span> <span class='ocrx_word' id='word_1_64' title='bbox 2465 860 2638 915; x_wconf 79' lang='lat' dir='ltr'>invite</span> <span class='ocrx_word' id='word_1_65' title='bbox 2669 859 2964 915; x_wconf 85' lang='lat' dir='ltr'>ordinatos.</span> 
     </span>
    </p>
   </div>
   <div class='ocr_carea' id='block_1_10' title="bbox 2806 948 3213 1020">
    <p class='ocr_par' dir='ltr' id='par_1_10' title="bbox 2806 948 3213 1020">
     <span class='ocr_line' id='line_1_10' title="bbox 2806 948 3213 1020; baseline 0 -17"><span class='ocrx_word' id='word_1_66' title='bbox 2806 951 2992 1016; x_wconf 84' lang='lat' dir='ltr'>(Anno</span> <span class='ocrx_word' id='word_1_67' title='bbox 3033 948 3213 1020; x_wconf 81' lang='lat'>1097.)</span> 
     </span>
    </p>
   </div>
   <div class='ocr_carea' id='block_1_11' title="bbox 2286 1037 3730 1111">
    <p class='ocr_par' dir='ltr' id='par_1_11' title="bbox 2286 1037 3730 1111">
     <span class='ocr_line' id='line_1_11' title="bbox 2286 1037 3730 1111; baseline 0.001 -21"><span class='ocrx_word' id='word_1_68' title='bbox 2286 1038 2547 1107; x_wconf 80' lang='lat' dir='ltr'>[SAVIOLI,</span> <span class='ocrx_word' id='word_1_69' title='bbox 2583 1037 2794 1093; x_wconf 78' lang='lat' dir='ltr'>Annali</span> <span class='ocrx_word' id='word_1_70' title='bbox 2823 1039 3127 1109; x_wconf 83' lang='lat' dir='ltr'>Bolog-nesi,</span> <span class='ocrx_word' id='word_1_71' title='bbox 3149 1042 3190 1093; x_wconf 89' lang='lat' dir='ltr'>t.</span> <span class='ocrx_word' id='word_1_72' title='bbox 3226 1038 3270 1106; x_wconf 92' lang='grc' dir='ltr'><strong>Ι,</strong></span> <span class='ocrx_word' id='word_1_73' title='bbox 3303 1055 3359 1111; x_wconf 89' lang='lat' dir='ltr'>p.</span> <span class='ocrx_word' id='word_1_74' title='bbox 3393 1053 3452 1105; x_wconf 86' lang='lat' dir='ltr'>II,</span> <span class='ocrx_word' id='word_1_75' title='bbox 3488 1054 3545 1110; x_wconf 93' lang='lat' dir='ltr'>p.</span> <span class='ocrx_word' id='word_1_76' title='bbox 3580 1039 3730 1111; x_wconf 89' lang='grc'>138.]</span> 
     </span>
    </p>
   </div>
   <div class='ocr_carea' id='block_1_12' title="bbox 2254 1123 3838 1198">
    <p class='ocr_par' dir='ltr' id='par_1_12' title="bbox 2254 1123 3838 1198">
     <span class='ocr_line' id='line_1_12' title="bbox 2254 1123 3838 1198; baseline 0.003 -19"><span class='ocrx_word' id='word_1_77' title='bbox 2254 1123 2527 1180; x_wconf 70' lang='grc' dir='ltr'>[ΙηΒΑΝυε</span> <span class='ocrx_word' id='word_1_78' title='bbox 2557 1125 2888 1198; x_wconf 90' lang='lat' dir='ltr'>episcopus,</span> <span class='ocrx_word' id='word_1_79' title='bbox 2923 1143 3126 1183; x_wconf 90' lang='lat' dir='ltr'>servus</span> <span class='ocrx_word' id='word_1_80' title='bbox 3157 1143 3456 1183; x_wconf 87' lang='lat' dir='ltr'>servorum</span> <span class='ocrx_word' id='word_1_81' title='bbox 3506 1126 3629 1195; x_wconf 90' lang='lat' dir='ltr'>Dei,</span> <span class='ocrx_word' id='word_1_82' title='bbox 3663 1143 3838 1183; x_wconf 90' lang='lat' dir='ltr'>vene-</span> 
     </span>
    </p>
   </div>
   <div class='ocr_carea' id='block_1_13' title="bbox 2180 1213 3837 1289">
    <p class='ocr_par' dir='ltr' id='par_1_13' title="bbox 2180 1213 3837 1289">
     <span class='ocr_line' id='line_1_13' title="bbox 2180 1213 3837 1289; baseline 0.002 -22"><span class='ocrx_word' id='word_1_83' title='bbox 2180 1213 2350 1268; x_wconf 88' lang='lat' dir='ltr'>rabili</span> <span class='ocrx_word' id='word_1_84' title='bbox 2381 1214 2542 1269; x_wconf 83' lang='lat' dir='ltr'>fratri</span> <span class='ocrx_word' id='word_1_85' title='bbox 2573 1215 2903 1283; x_wconf 66' lang='lat' dir='ltr'>Banmano,</span> <span class='ocrx_word' id='word_1_86' title='bbox 2940 1215 3288 1271; x_wconf 86' lang='lat' dir='ltr'>Bononiensi</span> <span class='ocrx_word' id='word_1_87' title='bbox 3335 1215 3631 1289; x_wconf 89' lang='lat' dir='ltr'>episcopo,</span> <span class='ocrx_word' id='word_1_88' title='bbox 3677 1215 3837 1272; x_wconf 90' lang='lat' dir='ltr'>salu-</span> 
     </span>
    </p>
   </div>
   <div class='ocr_carea' id='block_1_14' title="bbox 2177 1303 3315 1375">
    <p class='ocr_par' dir='ltr' id='par_1_14' title="bbox 2177 1303 3315 1375">
     <span class='ocr_line' id='line_1_14' title="bbox 2177 1303 3315 1375; baseline 0.001 -17"><span class='ocrx_word' id='word_1_89' title='bbox 2177 1306 2298 1358; x_wconf 89' lang='lat' dir='ltr'>tem</span> <span class='ocrx_word' id='word_1_90' title='bbox 2329 1307 2386 1358; x_wconf 88' lang='lat' dir='ltr'>et</span> <span class='ocrx_word' id='word_1_91' title='bbox 2416 1303 2796 1375; x_wconf 85' lang='lat' dir='ltr'>apostolicam</span> <span class='ocrx_word' id='word_1_92' title='bbox 2831 1305 3315 1360; x_wconf 84' lang='lat' dir='ltr'>benedictionem.</span> 
     </span>
    </p>
   </div>
   <div class='ocr_carea' id='block_1_15' title="bbox 2249 1390 3841 1451">
    <p class='ocr_par' dir='ltr' id='par_1_15' title="bbox 2249 1390 3841 1451">
     <span class='ocr_line' id='line_1_15' title="bbox 2249 1390 3841 1451; baseline 0.004 -6"><span class='ocrx_word' id='word_1_93' title='bbox 2249 1390 2330 1445; x_wconf 92' lang='lat' dir='ltr'>De</span> <span class='ocrx_word' id='word_1_94' title='bbox 2360 1391 2828 1448; x_wconf 83' lang='lat' dir='ltr'>ordinationibus</span> <span class='ocrx_word' id='word_1_95' title='bbox 2849 1393 2920 1448; x_wconf 90' lang='lat' dir='ltr'>ab</span> <span class='ocrx_word' id='word_1_96' title='bbox 2949 1392 3335 1448; x_wconf 71' lang='lat' dir='ltr'>haeresiarcha</span> <span class='ocrx_word' id='word_1_97' title='bbox 3357 1393 3635 1450; x_wconf 90' lang='lat' dir='ltr'>Guiberto</span> <span class='ocrx_word' id='word_1_98' title='bbox 3667 1394 3841 1451; x_wconf 86' lang='lat' dir='ltr'>factis</span> 
     </span>
    </p>
   </div>
   <div class='ocr_carea' id='block_1_16' title="bbox 2178 1481 3842 1556">
    <p class='ocr_par' dir='ltr' id='par_1_16' title="bbox 2178 1481 3842 1556">
     <span class='ocr_line' id='line_1_16' title="bbox 2178 1481 3842 1556; baseline 0.003 -22"><span class='ocrx_word' id='word_1_99' title='bbox 2178 1483 2488 1551; x_wconf 84' lang='lat' dir='ltr'>postquam</span> <span class='ocrx_word' id='word_1_100' title='bbox 2539 1497 2573 1535; x_wconf 91' lang='lat' dir='ltr'>a</span> <span class='ocrx_word' id='word_1_101' title='bbox 2623 1481 2804 1536; x_wconf 66' lang='lat' dir='ltr'>beatae</span> <span class='ocrx_word' id='word_1_102' title='bbox 2855 1483 3150 1537; x_wconf 72' lang='lat' dir='ltr'>memoria:</span> <span class='ocrx_word' id='word_1_103' title='bbox 3199 1482 3473 1555; x_wconf 87' lang='lat' dir='ltr'>Gregorio</span> <span class='ocrx_word' id='word_1_104' title='bbox 3521 1500 3675 1556; x_wconf 88' lang='lat' dir='ltr'>papa</span> <span class='ocrx_word' id='word_1_105' title='bbox 3716 1487 3776 1539; x_wconf 88' lang='lat' dir='ltr'>et</span> <span class='ocrx_word' id='word_1_106' title='bbox 3806 1501 3842 1540; x_wconf 85' lang='lat' dir='ltr'>a</span> 
     </span>
    </p>
   </div>
   <div class='ocr_carea' id='block_1_17' title="bbox 2180 1567 3843 1643">
    <p class='ocr_par' dir='ltr' id='par_1_17' title="bbox 2180 1567 3843 1643">
     <span class='ocr_line' id='line_1_17' title="bbox 2180 1567 3843 1643; baseline 0.004 -22"><span class='ocrx_word' id='word_1_107' title='bbox 2180 1567 2444 1622; x_wconf 84' lang='lat' dir='ltr'>Romana</span> <span class='ocrx_word' id='word_1_108' title='bbox 2467 1567 2724 1624; x_wconf 88' lang='lat' dir='ltr'>Ecclesia</span> <span class='ocrx_word' id='word_1_109' title='bbox 2756 1570 3069 1625; x_wconf 90' lang='lat' dir='ltr'>damnatus</span> <span class='ocrx_word' id='word_1_110' title='bbox 3119 1575 3226 1636; x_wconf 89' lang='lat' dir='ltr'>est,</span> <span class='ocrx_word' id='word_1_111' title='bbox 3283 1587 3527 1643; x_wconf 71' lang='lat' dir='ltr'>quaeque</span> <span class='ocrx_word' id='word_1_112' title='bbox 3583 1571 3764 1628; x_wconf 91' lang='lat' dir='ltr'>etiam</span> <span class='ocrx_word' id='word_1_113' title='bbox 3807 1589 3843 1628; x_wconf 90' lang='lat' dir='ltr'>a</span> 
     </span>
    </p>
   </div>
   <div class='ocr_carea' id='block_1_18' title="bbox 2180 1655 3842 1732">
    <p class='ocr_par' dir='ltr' id='par_1_18' title="bbox 2180 1655 3842 1732">
     <span class='ocr_line' id='line_1_18' title="bbox 2180 1655 3842 1732; baseline 0.004 -22"><span class='ocrx_word' id='word_1_114' title='bbox 2180 1655 2694 1728; x_wconf 88' lang='lat' dir='ltr'>pseudoepiscopis</span> <span class='ocrx_word' id='word_1_115' title='bbox 2712 1674 2813 1729; x_wconf 88' lang='lat' dir='ltr'>per</span> <span class='ocrx_word' id='word_1_116' title='bbox 2828 1675 2959 1713; x_wconf 90' lang='lat' dir='ltr'>eum</span> <span class='ocrx_word' id='word_1_117' title='bbox 2976 1663 3177 1731; x_wconf 90' lang='lat' dir='ltr'>postea</span> <span class='ocrx_word' id='word_1_118' title='bbox 3193 1659 3478 1715; x_wconf 81' lang='lat' dir='ltr'>ordinatis</span> <span class='ocrx_word' id='word_1_119' title='bbox 3492 1665 3842 1732; x_wconf 69' lang='lat' dir='ltr'>perpetratae</span> 
     </span>
    </p>
   </div>
   <div class='ocr_carea' id='block_1_19' title="bbox 2181 1743 3841 1820">
    <p class='ocr_par' dir='ltr' id='par_1_19' title="bbox 2181 1743 3841 1820">
     <span class='ocr_line' id='line_1_19' title="bbox 2181 1743 3841 1820; baseline 0.004 -22"><span class='ocrx_word' id='word_1_120' title='bbox 2181 1748 2341 1809; x_wconf 89' lang='lat' dir='ltr'>sunt,</span> <span class='ocrx_word' id='word_1_121' title='bbox 2376 1743 2720 1800; x_wconf 72' lang='lat' dir='ltr'>Placentinae</span> <span class='ocrx_word' id='word_1_122' title='bbox 2752 1747 2957 1818; x_wconf 84' lang='lat' dir='ltr'>synodi</span> <span class='ocrx_word' id='word_1_123' title='bbox 2990 1748 3246 1820; x_wconf 83' lang='lat' dir='ltr'>generali</span> <span class='ocrx_word' id='word_1_124' title='bbox 3269 1748 3493 1819; x_wconf 93' lang='lat' dir='ltr'>judicio</span> <span class='ocrx_word' id='word_1_125' title='bbox 3523 1749 3841 1806; x_wconf 85' lang='lat' dir='ltr'>deﬁnitum</span> 
     </span>
    </p>
   </div>
   <div class='ocr_carea' id='block_1_20' title="bbox 2103 1819 3842 1909">
    <p class='ocr_par' dir='ltr' id='par_1_20' title="bbox 2103 1819 3842 1909">
     <span class='ocr_line' id='line_1_20' title="bbox 2103 1819 3842 1909; baseline 0.006 -24"><span class='ocrx_word' id='word_1_126' title='bbox 2103 1819 2148 1882; x_wconf 91' lang='grc' dir='ltr'><strong>Β</strong></span> <span class='ocrx_word' id='word_1_127' title='bbox 2180 1837 2269 1888; x_wconf 89' lang='lat' dir='ltr'>est</span> <span class='ocrx_word' id='word_1_128' title='bbox 2293 1836 2359 1887; x_wconf 91' lang='lat' dir='ltr'>ut</span> <span class='ocrx_word' id='word_1_129' title='bbox 2386 1833 2562 1888; x_wconf 66' lang='lat' dir='ltr'>irritae</span> <span class='ocrx_word' id='word_1_130' title='bbox 2596 1834 2948 1904; x_wconf 86' lang='lat' dir='ltr'>habeantur,</span> <span class='ocrx_word' id='word_1_131' title='bbox 2981 1819 3093 1891; x_wconf 83' lang='lat' dir='ltr'>nisi</span> <span class='ocrx_word' id='word_1_132' title='bbox 3150 1837 3396 1909; x_wconf 90' lang='lat' dir='ltr'>probare</span> <span class='ocrx_word' id='word_1_133' title='bbox 3442 1836 3735 1895; x_wconf 90' lang='lat' dir='ltr'>voluerint</span> <span class='ocrx_word' id='word_1_134' title='bbox 3775 1856 3842 1895; x_wconf 91' lang='lat' dir='ltr'>se</span> 
     </span>
    </p>
   </div>
   <div class='ocr_carea' id='block_1_21' title="bbox 2183 1923 3839 1992">
    <p class='ocr_par' dir='ltr' id='par_1_21' title="bbox 2183 1923 3839 1992">
     <span class='ocr_line' id='line_1_21' title="bbox 2183 1923 3839 1992; baseline 0.004 -15"><span class='ocrx_word' id='word_1_135' title='bbox 2183 1938 2318 1977; x_wconf 90' lang='lat' dir='ltr'>cum</span> <span class='ocrx_word' id='word_1_136' title='bbox 2350 1923 2760 1980; x_wconf 87' lang='lat' dir='ltr'>ordinarentur</span> <span class='ocrx_word' id='word_1_137' title='bbox 2779 1941 2878 1980; x_wconf 91' lang='lat' dir='ltr'>eos</span> <span class='ocrx_word' id='word_1_138' title='bbox 2900 1925 3156 1982; x_wconf 87' lang='lat' dir='ltr'>nescisse</span> <span class='ocrx_word' id='word_1_139' title='bbox 3187 1927 3668 1992; x_wconf 88' lang='lat' dir='ltr'>damnatos.Quia</span> <span class='ocrx_word' id='word_1_140' title='bbox 3697 1945 3839 1984; x_wconf 87' lang='lat' dir='ltr'>vero</span> 
     </span>
    </p>
   </div>
   <div class='ocr_carea' id='block_1_22' title="bbox 2183 2009 3838 2087">
    <p class='ocr_par' dir='ltr' id='par_1_22' title="bbox 2183 2009 3838 2087">
     <span class='ocr_line' id='line_1_22' title="bbox 2183 2009 3838 2087; baseline 0.006 -24"><span class='ocrx_word' id='word_1_141' title='bbox 2183 2009 2391 2065; x_wconf 81' lang='lat' dir='ltr'>fratres</span> <span class='ocrx_word' id='word_1_142' title='bbox 2422 2028 2599 2084; x_wconf 87' lang='lat' dir='ltr'>super</span> <span class='ocrx_word' id='word_1_143' title='bbox 2627 2013 2843 2084; x_wconf 89' lang='lat' dir='ltr'>quibus</span> <span class='ocrx_word' id='word_1_144' title='bbox 2865 2030 3035 2087; x_wconf 90' lang='lat' dir='ltr'>rogas</span> <span class='ocrx_word' id='word_1_145' title='bbox 3060 2014 3363 2087; x_wconf 89' lang='lat' dir='ltr'>religiosos</span> <span class='ocrx_word' id='word_1_146' title='bbox 3392 2015 3607 2072; x_wconf 91' lang='lat' dir='ltr'>asseris</span> <span class='ocrx_word' id='word_1_147' title='bbox 3628 2019 3688 2071; x_wconf 88' lang='lat' dir='ltr'>et</span> <span class='ocrx_word' id='word_1_148' title='bbox 3709 2033 3838 2073; x_wconf 85' lang='lat' dir='ltr'>om-</span> 
     </span>
    </p>
   </div>
   <div class='ocr_carea' id='block_1_23' title="bbox 2182 2097 3843 2172">
    <p class='ocr_par' dir='ltr' id='par_1_23' title="bbox 2182 2097 3843 2172">
     <span class='ocr_line' id='line_1_23' title="bbox 2182 2097 3843 2172; baseline 0.005 -20"><span class='ocrx_word' id='word_1_149' title='bbox 2182 2097 2321 2153; x_wconf 91' lang='lat' dir='ltr'>nino</span> <span class='ocrx_word' id='word_1_150' title='bbox 2353 2099 2468 2154; x_wconf 88' lang='lat' dir='ltr'>vim</span> <span class='ocrx_word' id='word_1_151' title='bbox 2496 2117 2702 2172; x_wconf 89' lang='lat' dir='ltr'>passos</span> <span class='ocrx_word' id='word_1_152' title='bbox 2739 2105 2796 2156; x_wconf 88' lang='lat' dir='ltr'>et</span> <span class='ocrx_word' id='word_1_153' title='bbox 2824 2106 3042 2159; x_wconf 91' lang='lat' dir='ltr'>tractos</span> <span class='ocrx_word' id='word_1_154' title='bbox 3074 2104 3142 2158; x_wconf 88' lang='lat' dir='ltr'>ad</span> <span class='ocrx_word' id='word_1_155' title='bbox 3177 2104 3570 2160; x_wconf 88' lang='lat' dir='ltr'>ordinandum</span> <span class='ocrx_word' id='word_1_156' title='bbox 3600 2106 3843 2162; x_wconf 84' lang='lat' dir='ltr'>conﬁte-</span> 
     </span>
    </p>
   </div>
   <div class='ocr_carea' id='block_1_24' title="bbox 2183 2186 3844 2260">
    <p class='ocr_par' dir='ltr' id='par_1_24' title="bbox 2183 2186 3844 2260">
     <span class='ocr_line' id='line_1_24' title="bbox 2183 2186 3844 2260; baseline 0.007 -20"><span class='ocrx_word' id='word_1_157' title='bbox 2183 2186 2567 2260; x_wconf 87' lang='lat' dir='ltr'>ris,magnam</span> <span class='ocrx_word' id='word_1_158' title='bbox 2599 2190 2776 2245; x_wconf 86' lang='lat' dir='ltr'>etiam</span> <span class='ocrx_word' id='word_1_159' title='bbox 2803 2191 3069 2248; x_wconf 83' lang='lat' dir='ltr'>Ecclesiae</span> <span class='ocrx_word' id='word_1_160' title='bbox 3102 2196 3216 2246; x_wconf 84' lang='lat' dir='ltr'>tuae</span> <span class='ocrx_word' id='word_1_161' title='bbox 3241 2192 3683 2250; x_wconf 87' lang='lat' dir='ltr'>neccessitatem</span> <span class='ocrx_word' id='word_1_162' title='bbox 3707 2211 3844 2251; x_wconf 93' lang='lat' dir='ltr'>con-</span> 
     </span>
    </p>
   </div>
   <div class='ocr_carea' id='block_1_25' title="bbox 2183 2276 3844 2346">
    <p class='ocr_par' dir='ltr' id='par_1_25' title="bbox 2183 2276 3844 2346">
     <span class='ocr_line' id='line_1_25' title="bbox 2183 2276 3844 2346; baseline 0.006 -16"><span class='ocrx_word' id='word_1_163' title='bbox 2183 2276 2672 2346; x_wconf 88' lang='lat' dir='ltr'>quereris,utrum</span> <span class='ocrx_word' id='word_1_164' title='bbox 2694 2279 2779 2334; x_wconf 91' lang='lat' dir='ltr'>eis</span> <span class='ocrx_word' id='word_1_165' title='bbox 2799 2279 2854 2334; x_wconf 87' lang='lat' dir='ltr'>in</span> <span class='ocrx_word' id='word_1_166' title='bbox 2878 2280 3223 2336; x_wconf 89' lang='lat' dir='ltr'>sacerdotali</span> <span class='ocrx_word' id='word_1_167' title='bbox 3249 2281 3452 2337; x_wconf 89' lang='lat' dir='ltr'>ordine</span> <span class='ocrx_word' id='word_1_168' title='bbox 3482 2283 3844 2340; x_wconf 83' lang='lat' dir='ltr'>condescen-</span> 
     </span>
    </p>
   </div>
   <div class='ocr_carea' id='block_1_26' title="bbox 2181 2364 3844 2445">
    <p class='ocr_par' dir='ltr' id='par_1_26' title="bbox 2181 2364 3844 2445">
     <span class='ocr_line' id='line_1_26' title="bbox 2181 2364 3844 2445; baseline 0.007 -27"><span class='ocrx_word' id='word_1_169' title='bbox 2181 2364 2441 2420; x_wconf 90' lang='lat' dir='ltr'>dendum</span> <span class='ocrx_word' id='word_1_170' title='bbox 2472 2365 2568 2434; x_wconf 90' lang='lat' dir='ltr'>sit,</span> <span class='ocrx_word' id='word_1_171' title='bbox 2600 2371 2714 2421; x_wconf 63' lang='lat' dir='ltr'>tuae</span> <span class='ocrx_word' id='word_1_172' title='bbox 2746 2368 3120 2439; x_wconf 67' lang='lat' dir='ltr'>providentiae</span> <span class='ocrx_word' id='word_1_173' title='bbox 3153 2387 3255 2442; x_wconf 88' lang='lat' dir='ltr'>pro</span> <span class='ocrx_word' id='word_1_174' title='bbox 3285 2370 3535 2443; x_wconf 88' lang='lat' dir='ltr'>graviori</span> <span class='ocrx_word' id='word_1_175' title='bbox 3559 2377 3844 2445; x_wconf 91' lang='lat' dir='ltr'>opportu-</span> 
     </span>
    </p>
   </div>
   <div class='ocr_carea' id='block_1_27' title="bbox 2181 2452 3846 2531">
    <p class='ocr_par' dir='ltr' id='par_1_27' title="bbox 2181 2452 3846 2531">
     <span class='ocr_line' id='line_1_27' title="bbox 2181 2452 3846 2531; baseline 0.008 -26"><span class='ocrx_word' id='word_1_176' title='bbox 2181 2452 2360 2507; x_wconf 81' lang='lat' dir='ltr'>nitate</span> <span class='ocrx_word' id='word_1_177' title='bbox 2391 2455 2835 2510; x_wconf 85' lang='lat' dir='ltr'>committimus.</span> <span class='ocrx_word' id='word_1_178' title='bbox 2860 2456 3066 2512; x_wconf 87' lang='lat' dir='ltr'>Vestra</span> <span class='ocrx_word' id='word_1_179' title='bbox 3093 2473 3228 2513; x_wconf 89' lang='lat' dir='ltr'>vero</span> <span class='ocrx_word' id='word_1_180' title='bbox 3259 2459 3613 2531; x_wconf 86' lang='lat' dir='ltr'>experientia</span> <span class='ocrx_word' id='word_1_181' title='bbox 3635 2466 3846 2518; x_wconf 88' lang='lat' dir='ltr'>caveat</span> 
     </span>
    </p>
   </div>
   <div class='ocr_carea' id='block_1_28' title="bbox 2183 2541 3843 2613">
    <p class='ocr_par' dir='ltr' id='par_1_28' title="bbox 2183 2541 3843 2613">
     <span class='ocr_line' id='line_1_28' title="bbox 2183 2541 3843 2613; baseline 0.008 -19"><span class='ocrx_word' id='word_1_182' title='bbox 2183 2557 2252 2595; x_wconf 90' lang='lat' dir='ltr'>ne</span> <span class='ocrx_word' id='word_1_183' title='bbox 2281 2541 2339 2595; x_wconf 88' lang='lat' dir='ltr'>in</span> <span class='ocrx_word' id='word_1_184' title='bbox 2379 2542 2464 2596; x_wconf 89' lang='lat' dir='ltr'>eis</span> <span class='ocrx_word' id='word_1_185' title='bbox 2515 2546 2616 2597; x_wconf 90' lang='lat' dir='ltr'>aut</span> <span class='ocrx_word' id='word_1_186' title='bbox 2664 2543 3029 2613; x_wconf 84' lang='lat' dir='ltr'>scandalum,</span> <span class='ocrx_word' id='word_1_187' title='bbox 3077 2550 3179 2601; x_wconf 93' lang='lat' dir='ltr'>aut</span> <span class='ocrx_word' id='word_1_188' title='bbox 3223 2546 3526 2603; x_wconf 87' lang='lat' dir='ltr'>infamiam</span> <span class='ocrx_word' id='word_1_189' title='bbox 3576 2549 3843 2607; x_wconf 87' lang='lat' dir='ltr'>Ecclesia</span> 
     </span>
    </p>
   </div>
   <div class='ocr_carea' id='block_1_29' title="bbox 2181 2630 3844 2710">
    <p class='ocr_par' dir='ltr' id='par_1_29' title="bbox 2181 2630 3844 2710">
     <span class='ocr_line' id='line_1_29' title="bbox 2181 2630 3844 2710; baseline 0.007 -27"><span class='ocrx_word' id='word_1_190' title='bbox 2181 2630 2440 2700; x_wconf 88' lang='lat' dir='ltr'>patiatur</span> <span class='ocrx_word' id='word_1_191' title='bbox 2471 2649 2483 2687; x_wconf 90' lang='lat'><em>:</em></span> <span class='ocrx_word' id='word_1_192' title='bbox 2518 2632 2579 2687; x_wconf 91' lang='lat' dir='ltr'>in</span> <span class='ocrx_word' id='word_1_193' title='bbox 2602 2631 2995 2706; x_wconf 87' lang='lat' dir='ltr'>aliis,quando</span> <span class='ocrx_word' id='word_1_194' title='bbox 3017 2635 3220 2692; x_wconf 91' lang='lat' dir='ltr'>eadem</span> <span class='ocrx_word' id='word_1_195' title='bbox 3248 2635 3548 2710; x_wconf 84' lang='lat' dir='ltr'>religionis</span> <span class='ocrx_word' id='word_1_196' title='bbox 3569 2639 3763 2710; x_wconf 87' lang='lat' dir='ltr'>gratia</span> <span class='ocrx_word' id='word_1_197' title='bbox 3783 2644 3844 2695; x_wconf 90' lang='lat' dir='ltr'>et</span> 
     </span>
    </p>
   </div>
   <div class='ocr_carea' id='block_1_30' title="bbox 2179 2717 3841 2792">
    <p class='ocr_par' dir='ltr' id='par_1_30' title="bbox 2179 2717 3841 2792">
     <span class='ocr_line' id='line_1_30' title="bbox 2179 2717 3841 2792; baseline 0.007 -20"><span class='ocrx_word' id='word_1_198' title='bbox 2179 2717 2464 2774; x_wconf 77' lang='lat' dir='ltr'>violentiae</span> <span class='ocrx_word' id='word_1_199' title='bbox 2512 2719 2772 2778; x_wconf 90' lang='lat' dir='ltr'>illatione</span> <span class='ocrx_word' id='word_1_200' title='bbox 2821 2723 3183 2780; x_wconf 88' lang='lat' dir='ltr'>excusabiles</span> <span class='ocrx_word' id='word_1_201' title='bbox 3215 2741 3327 2781; x_wconf 89' lang='lat' dir='ltr'>non</span> <span class='ocrx_word' id='word_1_202' title='bbox 3381 2731 3539 2792; x_wconf 88' lang='lat' dir='ltr'>sunt,</span> <span class='ocrx_word' id='word_1_203' title='bbox 3589 2729 3841 2785; x_wconf 89' lang='lat' dir='ltr'>omnino</span> 
     </span>
    </p>
   </div>
   <div class='ocr_carea' id='block_1_31' title="bbox 2179 2808 3840 2890">
    <p class='ocr_par' dir='ltr' id='par_1_31' title="bbox 2179 2808 3840 2890">
     <span class='ocr_line' id='line_1_31' title="bbox 2179 2808 3840 2890; baseline 0.008 -30"><span class='ocrx_word' id='word_1_204' title='bbox 2179 2808 2477 2878; x_wconf 61' lang='lat' dir='ltr'>symodalis</span> <span class='ocrx_word' id='word_1_205' title='bbox 2500 2810 2710 2879; x_wconf 85' lang='lat' dir='ltr'>judicii</span> <span class='ocrx_word' id='word_1_206' title='bbox 2740 2814 3093 2869; x_wconf 88' lang='lat' dir='ltr'>sententiam</span> <span class='ocrx_word' id='word_1_207' title='bbox 3127 2815 3646 2888; x_wconf 87' lang='lat' dir='ltr'>persequereris.Si</span> <span class='ocrx_word' id='word_1_208' title='bbox 3681 2835 3840 2890; x_wconf 87' lang='lat' dir='ltr'>quos</span> 
     </span>
    </p>
   </div>
   <div class='ocr_carea' id='block_1_32' title="bbox 2177 2899 3842 2974">
    <p class='ocr_par' dir='ltr' id='par_1_32' title="bbox 2177 2899 3842 2974">
     <span class='ocr_line' id='line_1_32' title="bbox 2177 2899 3842 2974; baseline 0.008 -24"><span class='ocrx_word' id='word_1_209' title='bbox 2177 2899 2374 2952; x_wconf 87' lang='lat' dir='ltr'>tamen</span> <span class='ocrx_word' id='word_1_210' title='bbox 2408 2899 2767 2970; x_wconf 88' lang='lat' dir='ltr'>propensiori</span> <span class='ocrx_word' id='word_1_211' title='bbox 2803 2902 3151 2960; x_wconf 88' lang='lat' dir='ltr'>necessitate</span> <span class='ocrx_word' id='word_1_212' title='bbox 3179 2904 3528 2974; x_wconf 89' lang='lat' dir='ltr'>restitueris,</span> <span class='ocrx_word' id='word_1_213' title='bbox 3552 2922 3670 2962; x_wconf 90' lang='lat' dir='ltr'>non</span> <span class='ocrx_word' id='word_1_214' title='bbox 3703 2908 3842 2963; x_wconf 90' lang='lat' dir='ltr'>sine</span> 
     </span>
    </p>
   </div>
   <div class='ocr_carea' id='block_1_33' title="bbox 420 2985 2075 3096">
    <p class='ocr_par' dir='ltr' id='par_1_33' title="bbox 420 2985 2068 3092">
     <span class='ocr_line' id='line_1_33' title="bbox 420 2985 2068 3092; baseline -0.002 -11"><span class='ocrx_word' id='word_1_215' title='bbox 420 2985 1324 3092; x_wconf 46' lang='lat' dir='ltr'>districta—ultionisu’bjaceat.</span> <span class='ocrx_word' id='word_1_216' title='bbox 1379 2985 2068 3078; x_wconf 49' lang='lat' dir='ltr'>assesasses;</span> 
     </span>
    </p>
   </div>
   <div class='ocr_carea' id='block_1_34' title="bbox 2248 2985 3855 3096">
    <p class='ocr_par' dir='ltr' id='par_1_34' title="bbox 2248 2985 3855 3096">
     <span class='ocr_line' id='line_1_34' title="bbox 2248 2985 3855 3069; baseline 0.009 -30"><span class='ocrx_word' id='word_1_217' title='bbox 2248 2985 2528 3041; x_wconf 70' lang='lat' dir='ltr'>enitentis:</span> <span class='ocrx_word' id='word_1_218' title='bbox 2561 2989 2918 3060; x_wconf 62' lang='lat' dir='ltr'>quotidianae</span> <span class='ocrx_word' id='word_1_219' title='bbox 2970 2993 3233 3049; x_wconf 91' lang='lat' dir='ltr'>remedio</span> <span class='ocrx_word' id='word_1_220' title='bbox 3284 2995 3553 3065; x_wconf 89' lang='lat' dir='ltr'>patieris;</span> <span class='ocrx_word' id='word_1_221' title='bbox 3589 3001 3646 3050; x_wconf 87' lang='lat' dir='ltr'>et</span> <span class='ocrx_word' id='word_1_222' title='bbox 3684 2996 3855 3069; x_wconf 84' lang='lat' dir='ltr'>ipsos</span> 
     </span>
     <span class='ocr_line' id='line_1_35' title="bbox 2258 3075 3791 3096; baseline 0.005 -7"><span class='ocrx_word' id='word_1_223' title='bbox 2258 3075 2654 3096; x_wconf 35' lang='lat'>.-___._.‘____</span> <span class='ocrx_word' id='word_1_224' title='bbox 2691 3078 2804 3096; x_wconf 36' lang='lat' dir='ltr'><strong>hu</strong></span> <span class='ocrx_word' id='word_1_225' title='bbox 3020 3080 3059 3096; x_wconf 79' lang='lat'>..</span> <span class='ocrx_word' id='word_1_226' title='bbox 3208 3082 3245 3096; x_wconf 85' lang='lat'>..</span> <span class='ocrx_word' id='word_1_227' title='bbox 3569 3084 3580 3094; x_wconf 92' lang='lat'>.</span> <span class='ocrx_word' id='word_1_228' title='bbox 3780 3087 3791 3096; x_wconf 93' lang='lat'>.</span> 
     </span>
    </p>
   </div>
   <div class='ocr_carea' id='block_1_35' title="bbox 420 3076 3854 3184">
    <p class='ocr_par' dir='ltr' id='par_1_35' title="bbox 420 3076 3854 3184">
     <span class='ocr_line' id='line_1_36' title="bbox 420 3076 3854 3184; baseline -0.008 -17"><span class='ocrx_word' id='word_1_229' title='bbox 420 3111 548 3168; x_wconf 89' lang='lat' dir='ltr'>loco</span> <span class='ocrx_word' id='word_1_230' title='bbox 575 3128 683 3167; x_wconf 86' lang='lat' dir='ltr'>sua</span> <span class='ocrx_word' id='word_1_231' title='bbox 687 3111 827 3184; x_wconf 91' lang='lat' dir='ltr'>jura</span> <span class='ocrx_word' id='word_1_232' title='bbox 847 3108 1216 3166; x_wconf 87' lang='lat' dir='ltr'>servantibus</span> <span class='ocrx_word' id='word_1_233' title='bbox 1238 3108 1314 3163; x_wconf 86' lang='lat' dir='ltr'>sit</span> <span class='ocrx_word' id='word_1_234' title='bbox 1334 3125 1446 3180; x_wconf 80' lang='lat' dir='ltr'>pax</span> <span class='ocrx_word' id='word_1_235' title='bbox 1467 3108 1695 3164; x_wconf 88' lang='lat' dir='ltr'>Domini</span> <span class='ocrx_word' id='word_1_236' title='bbox 1718 3109 1903 3165; x_wconf 89' lang='lat' dir='ltr'>nostri</span> <span class='ocrx_word' id='word_1_237' title='bbox 1926 3111 2066 3166; x_wconf 84' lang='lat' dir='ltr'>Jesu</span> <span class='ocrx_word' id='word_1_238' title='bbox 2178 3076 2904 3184; x_wconf 39' lang='grc' dir='ltr'>Ἢξῗῗξίξδίῖωἱδυδ</span> <span class='ocrx_word' id='word_1_239' title='bbox 2934 3081 3282 3184; x_wconf 52' lang='grc' dir='ltr'>φῖάιηειιξξῖιε</span> <span class='ocrx_word' id='word_1_240' title='bbox 3300 3099 3542 3184; x_wconf 45' lang='lat' dir='ltr'>{nanum</span> <span class='ocrx_word' id='word_1_241' title='bbox 3566 3101 3854 3184; x_wconf 76' lang='lat' dir='ltr'>Impoms,</span> 
     </span>
    </p>
   </div>
   <div class='ocr_carea' id='block_1_36' title="bbox 424 3162 2075 3272">
    <p class='ocr_par' dir='ltr' id='par_1_36' title="bbox 424 3162 2070 3272">
     <span class='ocr_line' id='line_1_37' title="bbox 424 3162 2070 3272; baseline -0.009 -15"><span class='ocrx_word' id='word_1_242' title='bbox 424 3162 1076 3272; x_wconf 45' lang='lat' dir='ltr'>adstitisse};</span> <span class='ocrx_word' id='word_1_243' title='bbox 1086 3162 1207 3254; x_wconf 9' lang='lat' dir='ltr'>iiii};</span> <span class='ocrx_word' id='word_1_244' title='bbox 1226 3162 1312 3253; x_wconf 54' lang='lat' dir='ltr'>si</span> <span class='ocrx_word' id='word_1_245' title='bbox 1321 3162 1447 3254; x_wconf 57' lang='grc' dir='ltr'>ἑὲᾶέ</span> <span class='ocrx_word' id='word_1_246' title='bbox 1468 3162 2070 3271; x_wconf 56' lang='lat' dir='ltr'>Lss&#39;..1igs.&#39;p;.:</span> 
     </span>
    </p>
   </div>
   <div class='ocr_carea' id='block_1_37' title="bbox 2248 3162 3855 3272">
    <p class='ocr_par' dir='ltr' id='par_1_37' title="bbox 2248 3165 3855 3246">
     <span class='ocr_line' id='line_1_38' title="bbox 2248 3165 3855 3246; baseline 0.009 -30"><span class='ocrx_word' id='word_1_247' title='bbox 2248 3179 2323 3216; x_wconf 85' lang='lat' dir='ltr'>Im</span> <span class='ocrx_word' id='word_1_248' title='bbox 2356 3165 2684 3220; x_wconf 88' lang='lat' dir='ltr'>orationum</span> <span class='ocrx_word' id='word_1_249' title='bbox 2714 3166 3058 3226; x_wconf 85' lang='lat' dir='ltr'>solemnitas</span> <span class='ocrx_word' id='word_1_250' title='bbox 3090 3171 3283 3242; x_wconf 90' lang='lat' dir='ltr'>agitur</span> <span class='ocrx_word' id='word_1_251' title='bbox 3312 3171 3599 3228; x_wconf 88' lang='lat' dir='ltr'>interesse</span> <span class='ocrx_word' id='word_1_252' title='bbox 3643 3177 3855 3246; x_wconf 60' lang='lat' dir='ltr'>praeci-</span> 
     </span>
    </p>
   </div>
   <div class='ocr_carea' id='block_1_38' title="bbox 2202 3253 3851 3334">
    <p class='ocr_par' dir='ltr' id='par_1_38' title="bbox 2202 3253 3851 3334">
     <span class='ocr_line' id='line_1_39' title="bbox 2202 3253 3851 3334; baseline 0.007 -28"><span class='ocrx_word' id='word_1_253' title='bbox 2202 3253 2342 3322; x_wconf 91' lang='lat' dir='ltr'>pito.</span> <span class='ocrx_word' id='word_1_254' title='bbox 2376 3253 2536 3316; x_wconf 87' lang='lat' dir='ltr'>Quod</span> <span class='ocrx_word' id='word_1_255' title='bbox 2564 3257 2761 3310; x_wconf 87' lang='lat' dir='ltr'>tamen</span> <span class='ocrx_word' id='word_1_256' title='bbox 2791 3257 3032 3313; x_wconf 88' lang='lat' dir='ltr'>omnino</span> <span class='ocrx_word' id='word_1_257' title='bbox 3063 3258 3431 3330; x_wconf 75' lang='lat' dir='ltr'>praecipimus</span> <span class='ocrx_word' id='word_1_258' title='bbox 3452 3276 3524 3316; x_wconf 92' lang='lat' dir='ltr'>ne</span> <span class='ocrx_word' id='word_1_259' title='bbox 3554 3261 3681 3316; x_wconf 90' lang='lat' dir='ltr'>sine</span> <span class='ocrx_word' id='word_1_260' title='bbox 3711 3279 3851 3334; x_wconf 88' lang='lat' dir='ltr'>gra-</span> 
     </span>
    </p>
   </div>
   <div class='ocr_carea' id='block_1_39' title="bbox 2197 3340 3852 3420">
    <p class='ocr_par' dir='ltr' id='par_1_39' title="bbox 2197 3340 3852 3420">
     <span class='ocr_line' id='line_1_40' title="bbox 2197 3340 3852 3420; baseline 0.008 -26"><span class='ocrx_word' id='word_1_261' title='bbox 2197 3340 2341 3395; x_wconf 92' lang='lat' dir='ltr'>viori</span> <span class='ocrx_word' id='word_1_262' title='bbox 2392 3340 2659 3396; x_wconf 68' lang='lat' dir='ltr'>Ecclesiae</span> <span class='ocrx_word' id='word_1_263' title='bbox 2718 3345 3067 3400; x_wconf 88' lang='lat' dir='ltr'>necessitate</span> <span class='ocrx_word' id='word_1_264' title='bbox 3115 3352 3172 3402; x_wconf 90' lang='lat' dir='ltr'>et</span> <span class='ocrx_word' id='word_1_265' title='bbox 3219 3365 3604 3420; x_wconf 88' lang='lat' dir='ltr'>personarum</span> <span class='ocrx_word' id='word_1_266' title='bbox 3636 3352 3852 3408; x_wconf 84' lang='lat' dir='ltr'>merito</span> 
     </span>
    </p>
   </div>
   <div class='ocr_carea' id='block_1_40' title="bbox 2196 3429 2931 3502">
    <p class='ocr_par' dir='ltr' id='par_1_40' title="bbox 2196 3429 2931 3502">
     <span class='ocr_line' id='line_1_41' title="bbox 2196 3429 2931 3502; baseline 0.005 -19"><span class='ocrx_word' id='word_1_267' title='bbox 2196 3429 2488 3484; x_wconf 89' lang='lat' dir='ltr'>ullatenus</span> <span class='ocrx_word' id='word_1_268' title='bbox 2521 3437 2931 3502; x_wconf 67' lang='lat' dir='ltr'>praesumetur.</span> 
     </span>
    </p>
   </div>
   <div class='ocr_carea' id='block_1_41' title="bbox 2262 3518 3151 3578">
    <p class='ocr_par' dir='ltr' id='par_1_41' title="bbox 2262 3518 3151 3578">
     <span class='ocr_line' id='line_1_42' title="bbox 2262 3518 3151 3578; baseline 0.006 -6"><span class='ocrx_word' id='word_1_269' title='bbox 2262 3518 2407 3574; x_wconf 90' lang='lat' dir='ltr'>Data</span> <span class='ocrx_word' id='word_1_270' title='bbox 2439 3518 2706 3575; x_wconf 88' lang='lat' dir='ltr'>Laterani</span> <span class='ocrx_word' id='word_1_271' title='bbox 2738 3537 2811 3574; x_wconf 89' lang='lat' dir='ltr'>xv</span> <span class='ocrx_word' id='word_1_272' title='bbox 2842 3521 2960 3576; x_wconf 84' lang='lat' dir='ltr'>Kal.</span> <span class='ocrx_word' id='word_1_273' title='bbox 2996 3523 3151 3578; x_wconf 90' lang='lat' dir='ltr'>Maii.</span> 
     </span>
    </p>
   </div>
   <div class='ocr_carea' id='block_1_42' title="bbox 425 887 2068 966">
    <p class='ocr_par' dir='ltr' id='par_1_42' title="bbox 425 887 2068 966">
     <span class='ocr_line' id='line_1_43' title="bbox 425 887 2068 966; baseline 0.004 -24"><span class='ocrx_word' id='word_1_274' title='bbox 425 887 626 943; x_wconf 89' lang='lat' dir='ltr'>eadem</span> <span class='ocrx_word' id='word_1_275' title='bbox 653 889 1124 962; x_wconf 83' lang='lat' dir='ltr'>congregatione,</span> <span class='ocrx_word' id='word_1_276' title='bbox 1156 889 1246 945; x_wconf 89' lang='lat' dir='ltr'>vel</span> <span class='ocrx_word' id='word_1_277' title='bbox 1279 907 1343 946; x_wconf 78' lang='lat' dir='ltr'>ex</span> <span class='ocrx_word' id='word_1_278' title='bbox 1372 891 1486 946; x_wconf 89' lang='lat' dir='ltr'>alia</span> <span class='ocrx_word' id='word_1_279' title='bbox 1531 892 1796 964; x_wconf 88' lang='lat' dir='ltr'>ejusdem</span> <span class='ocrx_word' id='word_1_280' title='bbox 1846 893 2068 966; x_wconf 83' lang='lat' dir='ltr'>profes-</span> 
     </span>
    </p>
   </div>
   <div class='ocr_carea' id='block_1_43' title="bbox 423 976 2072 1055">
    <p class='ocr_par' dir='ltr' id='par_1_43' title="bbox 423 976 2072 1055">
     <span class='ocr_line' id='line_1_44' title="bbox 423 976 2072 1055; baseline 0.003 -22"><span class='ocrx_word' id='word_1_281' title='bbox 423 976 608 1034; x_wconf 88' lang='lat' dir='ltr'>sionis</span> <span class='ocrx_word' id='word_1_282' title='bbox 637 976 995 1050; x_wconf 89' lang='lat' dir='ltr'>providerint</span> <span class='ocrx_word' id='word_1_283' title='bbox 1022 979 1379 1053; x_wconf 89' lang='lat' dir='ltr'>eligendum.</span> <span class='ocrx_word' id='word_1_284' title='bbox 1430 981 1810 1038; x_wconf 89' lang='lat' dir='ltr'>Decernimus</span> <span class='ocrx_word' id='word_1_285' title='bbox 1839 998 1975 1055; x_wconf 89' lang='lat' dir='ltr'>ergo</span> <span class='ocrx_word' id='word_1_286' title='bbox 2007 987 2072 1038; x_wconf 92' lang='lat' dir='ltr'>ut</span> 
     </span>
    </p>
   </div>
   <div class='ocr_carea' id='block_1_44' title="bbox 425 1065 2069 1126">
    <p class='ocr_par' dir='ltr' id='par_1_44' title="bbox 425 1065 2069 1126">
     <span class='ocr_line' id='line_1_45' title="bbox 425 1065 2069 1126; baseline 0.002 -3"><span class='ocrx_word' id='word_1_287' title='bbox 425 1065 572 1123; x_wconf 91' lang='lat' dir='ltr'>nulli</span> <span class='ocrx_word' id='word_1_288' title='bbox 603 1065 843 1123; x_wconf 89' lang='lat' dir='ltr'>omnino</span> <span class='ocrx_word' id='word_1_289' title='bbox 872 1067 1181 1124; x_wconf 91' lang='lat' dir='ltr'>hominum</span> <span class='ocrx_word' id='word_1_290' title='bbox 1231 1067 1400 1124; x_wconf 86' lang='lat' dir='ltr'>liceat</span> <span class='ocrx_word' id='word_1_291' title='bbox 1439 1071 1706 1126; x_wconf 90' lang='lat' dir='ltr'>eamdem</span> <span class='ocrx_word' id='word_1_292' title='bbox 1765 1070 2069 1126; x_wconf 89' lang='lat' dir='ltr'>ecclesiam</span> 
     </span>
    </p>
   </div>
   <div class='ocr_carea' id='block_1_45' title="bbox 422 1156 2066 1231">
    <p class='ocr_par' dir='ltr' id='par_1_45' title="bbox 422 1156 2066 1231">
     <span class='ocr_line' id='line_1_46' title="bbox 422 1156 2066 1231; baseline 0.003 -20"><span class='ocrx_word' id='word_1_293' title='bbox 422 1159 640 1212; x_wconf 90' lang='lat' dir='ltr'>temere</span> <span class='ocrx_word' id='word_1_294' title='bbox 670 1156 1032 1229; x_wconf 89' lang='lat' dir='ltr'>perturbare,</span> <span class='ocrx_word' id='word_1_295' title='bbox 1067 1162 1168 1213; x_wconf 86' lang='lat' dir='ltr'>aut</span> <span class='ocrx_word' id='word_1_296' title='bbox 1196 1159 1323 1229; x_wconf 87' lang='lat' dir='ltr'>ejus</span> <span class='ocrx_word' id='word_1_297' title='bbox 1368 1159 1772 1231; x_wconf 89' lang='lat' dir='ltr'>possessiones</span> <span class='ocrx_word' id='word_1_298' title='bbox 1820 1159 2066 1228; x_wconf 86' lang='lat' dir='ltr'>auferre,</span> 
     </span>
    </p>
   </div>
   <div class='ocr_carea' id='block_1_46' title="bbox 423 1244 2067 1315">
    <p class='ocr_par' dir='ltr' id='par_1_46' title="bbox 423 1244 2067 1315">
     <span class='ocr_line' id='line_1_47' title="bbox 423 1244 2067 1315; baseline 0.002 -14"><span class='ocrx_word' id='word_1_299' title='bbox 423 1244 717 1302; x_wconf 88' lang='lat' dir='ltr'>ablatasve</span> <span class='ocrx_word' id='word_1_300' title='bbox 746 1245 1012 1314; x_wconf 89' lang='lat' dir='ltr'>retinere,</span> <span class='ocrx_word' id='word_1_301' title='bbox 1047 1246 1431 1315; x_wconf 88' lang='lat' dir='ltr'>minuere,vel</span> <span class='ocrx_word' id='word_1_302' title='bbox 1463 1247 1786 1304; x_wconf 88' lang='lat' dir='ltr'>temerariis</span> <span class='ocrx_word' id='word_1_303' title='bbox 1818 1249 2067 1305; x_wconf 84' lang='lat' dir='ltr'>vexatio-</span> 
     </span>
    </p>
   </div>
   <div class='ocr_carea' id='block_1_47' title="bbox 424 1333 2067 1409">
    <p class='ocr_par' dir='ltr' id='par_1_47' title="bbox 424 1333 2067 1409">
     <span class='ocr_line' id='line_1_48' title="bbox 424 1333 2067 1409; baseline 0.001 -18"><span class='ocrx_word' id='word_1_304' title='bbox 424 1333 599 1391; x_wconf 88' lang='lat' dir='ltr'>nibus</span> <span class='ocrx_word' id='word_1_305' title='bbox 638 1333 910 1407; x_wconf 88' lang='lat' dir='ltr'>fatigare;</span> <span class='ocrx_word' id='word_1_306' title='bbox 964 1336 1063 1390; x_wconf 90' lang='lat' dir='ltr'>sed</span> <span class='ocrx_word' id='word_1_307' title='bbox 1111 1335 1309 1391; x_wconf 89' lang='lat' dir='ltr'>omnia</span> <span class='ocrx_word' id='word_1_308' title='bbox 1351 1335 1575 1409; x_wconf 89' lang='lat' dir='ltr'>integre</span> <span class='ocrx_word' id='word_1_309' title='bbox 1631 1341 2067 1404; x_wconf 85' lang='lat' dir='ltr'>conserventur,</span> 
     </span>
    </p>
   </div>
   <div class='ocr_carea' id='block_1_48' title="bbox 422 1420 2069 1497">
    <p class='ocr_par' dir='ltr' id='par_1_48' title="bbox 422 1420 2069 1497">
     <span class='ocr_line' id='line_1_49' title="bbox 422 1420 2069 1497; baseline 0.001 -20"><span class='ocrx_word' id='word_1_310' title='bbox 422 1420 632 1478; x_wconf 85' lang='lat' dir='ltr'>vestris</span> <span class='ocrx_word' id='word_1_311' title='bbox 660 1425 1104 1494; x_wconf 88' lang='lat' dir='ltr'>vestrorumque</span> <span class='ocrx_word' id='word_1_312' title='bbox 1147 1423 1590 1479; x_wconf 87' lang='lat' dir='ltr'>successoribus</span> <span class='ocrx_word' id='word_1_313' title='bbox 1637 1428 1694 1479; x_wconf 91' lang='lat' dir='ltr'>et</span> <span class='ocrx_word' id='word_1_314' title='bbox 1744 1440 2069 1497; x_wconf 89' lang='lat' dir='ltr'>pauperum</span> 
     </span>
    </p>
   </div>
   <div class='ocr_carea' id='block_1_49' title="bbox 419 1510 2072 1582">
    <p class='ocr_par' dir='ltr' id='par_1_49' title="bbox 419 1510 2072 1582">
     <span class='ocr_line' id='line_1_50' title="bbox 419 1510 2072 1582; baseline 0.002 -18"><span class='ocrx_word' id='word_1_315' title='bbox 419 1510 629 1565; x_wconf 84' lang='lat' dir='ltr'>usibus</span> <span class='ocrx_word' id='word_1_316' title='bbox 658 1510 1148 1582; x_wconf 87' lang='lat' dir='ltr'>profutura,salvo</span> <span class='ocrx_word' id='word_1_317' title='bbox 1175 1511 1223 1567; x_wconf 91' lang='lat' dir='ltr'>si</span> <span class='ocrx_word' id='word_1_318' title='bbox 1253 1511 1573 1567; x_wconf 85' lang='lat' dir='ltr'>catholicus</span> <span class='ocrx_word' id='word_1_319' title='bbox 1598 1512 2072 1578; x_wconf 87' lang='lat' dir='ltr'>fuerit,Constan-</span> 
     </span>
    </p>
   </div>
   <div class='ocr_carea' id='block_1_50' title="bbox 418 1598 2074 1672">
    <p class='ocr_par' dir='ltr' id='par_1_50' title="bbox 418 1598 2074 1672">
     <span class='ocr_line' id='line_1_51' title="bbox 418 1598 2074 1672; baseline 0.002 -19"><span class='ocrx_word' id='word_1_320' title='bbox 418 1598 628 1654; x_wconf 90' lang='lat' dir='ltr'>tiensis</span> <span class='ocrx_word' id='word_1_321' title='bbox 665 1598 923 1672; x_wconf 84' lang='lat' dir='ltr'>episcOpi</span> <span class='ocrx_word' id='word_1_322' title='bbox 955 1600 1091 1671; x_wconf 91' lang='lat' dir='ltr'>jure</span> <span class='ocrx_word' id='word_1_323' title='bbox 1121 1602 1399 1656; x_wconf 90' lang='lat' dir='ltr'>canonico</span> <span class='ocrx_word' id='word_1_324' title='bbox 1429 1605 1486 1656; x_wconf 90' lang='lat' dir='ltr'>et</span> <span class='ocrx_word' id='word_1_325' title='bbox 1515 1601 1946 1656; x_wconf 88' lang='lat' dir='ltr'>reverentia.Ad</span> <span class='ocrx_word' id='word_1_326' title='bbox 1988 1601 2074 1656; x_wconf 86' lang='lat' dir='ltr'>in-</span> 
     </span>
    </p>
   </div>
   <div class='ocr_carea' id='block_1_51' title="bbox 421 1687 2073 1761">
    <p class='ocr_par' dir='ltr' id='par_1_51' title="bbox 421 1687 2073 1761">
     <span class='ocr_line' id='line_1_52' title="bbox 421 1687 2073 1761; baseline 0.002 -18"><span class='ocrx_word' id='word_1_327' title='bbox 421 1687 642 1744; x_wconf 89' lang='lat' dir='ltr'>dicium</span> <span class='ocrx_word' id='word_1_328' title='bbox 673 1692 869 1744; x_wconf 90' lang='lat' dir='ltr'>autem</span> <span class='ocrx_word' id='word_1_329' title='bbox 899 1693 1179 1761; x_wconf 66' lang='lat' dir='ltr'>perceptae</span> <span class='ocrx_word' id='word_1_330' title='bbox 1210 1689 1389 1760; x_wconf 89' lang='lat' dir='ltr'>hujus</span> <span class='ocrx_word' id='word_1_331' title='bbox 1434 1707 1468 1745; x_wconf 90' lang='lat' dir='ltr'>a</span> <span class='ocrx_word' id='word_1_332' title='bbox 1519 1690 1781 1745; x_wconf 86' lang='lat' dir='ltr'>Romana</span> <span class='ocrx_word' id='word_1_333' title='bbox 1816 1689 2073 1746; x_wconf 88' lang='lat' dir='ltr'>Ecclesia</span> 
     </span>
    </p>
   </div>
   <div class='ocr_carea' id='block_1_52' title="bbox 421 1776 2070 1850">
    <p class='ocr_par' dir='ltr' id='par_1_52' title="bbox 421 1776 2070 1850">
     <span class='ocr_line' id='line_1_53' title="bbox 421 1776 2070 1850; baseline 0.001 -18"><span class='ocrx_word' id='word_1_334' title='bbox 421 1777 731 1849; x_wconf 84' lang='lat' dir='ltr'>libertatis,</span> <span class='ocrx_word' id='word_1_335' title='bbox 761 1776 1082 1832; x_wconf 86' lang='lat' dir='ltr'>bizantium</span> <span class='ocrx_word' id='word_1_336' title='bbox 1125 1794 1388 1846; x_wconf 88' lang='lat' dir='ltr'>aureum,</span> <span class='ocrx_word' id='word_1_337' title='bbox 1439 1781 1539 1832; x_wconf 88' lang='lat' dir='ltr'>aut</span> <span class='ocrx_word' id='word_1_338' title='bbox 1586 1779 1850 1849; x_wconf 87' lang='lat' dir='ltr'>ejusdem</span> <span class='ocrx_word' id='word_1_339' title='bbox 1902 1780 2070 1850; x_wconf 86' lang='lat' dir='ltr'>pretii</span> 
     </span>
    </p>
   </div>
   <div class='ocr_carea' id='block_1_53' title="bbox 423 1865 2069 1940">
    <p class='ocr_par' dir='ltr' id='par_1_53' title="bbox 423 1865 2069 1940">
     <span class='ocr_line' id='line_1_54' title="bbox 423 1865 2069 1940; baseline 0.001 -17"><span class='ocrx_word' id='word_1_340' title='bbox 423 1869 732 1940; x_wconf 87' lang='lat' dir='ltr'>argentum</span> <span class='ocrx_word' id='word_1_341' title='bbox 784 1865 1100 1938; x_wconf 89' lang='lat' dir='ltr'>quotannis</span> <span class='ocrx_word' id='word_1_342' title='bbox 1144 1867 1520 1924; x_wconf 88' lang='lat' dir='ltr'>Lateranensi</span> <span class='ocrx_word' id='word_1_343' title='bbox 1580 1866 1796 1939; x_wconf 89' lang='lat' dir='ltr'>palatio</span> <span class='ocrx_word' id='word_1_344' title='bbox 1852 1868 2069 1939; x_wconf 89' lang='lat' dir='ltr'>persol-</span> 
     </span>
    </p>
   </div>
   <div class='ocr_carea' id='block_1_54' title="bbox 424 1955 592 2012">
    <p class='ocr_par' dir='ltr' id='par_1_54' title="bbox 424 1955 592 2012">
     <span class='ocr_line' id='line_1_55' title="bbox 424 1955 592 2012; baseline -0.006 -2"><span class='ocrx_word' id='word_1_345' title='bbox 424 1955 592 2012; x_wconf 87' lang='lat' dir='ltr'>vetis.</span> 
     </span>
    </p>
   </div>
   <div class='ocr_carea' id='block_1_55' title="bbox 496 2043 2071 2118">
    <p class='ocr_par' dir='ltr' id='par_1_55' title="bbox 496 2043 2071 2118">
     <span class='ocr_line' id='line_1_56' title="bbox 496 2043 2071 2118; baseline 0 -18"><span class='ocrx_word' id='word_1_346' title='bbox 496 2044 557 2100; x_wconf 90' lang='lat' dir='ltr'>Si</span> <span class='ocrx_word' id='word_1_347' title='bbox 580 2044 715 2118; x_wconf 89' lang='lat' dir='ltr'>quis</span> <span class='ocrx_word' id='word_1_348' title='bbox 747 2044 926 2117; x_wconf 86' lang='lat' dir='ltr'>igitur</span> <span class='ocrx_word' id='word_1_349' title='bbox 939 2044 995 2098; x_wconf 90' lang='lat' dir='ltr'>in</span> <span class='ocrx_word' id='word_1_350' title='bbox 1009 2043 1331 2100; x_wconf 91' lang='lat' dir='ltr'>crastinum</span> <span class='ocrx_word' id='word_1_351' title='bbox 1352 2044 1824 2118; x_wconf 87' lang='lat' dir='ltr'>archiepiscopus</span> <span class='ocrx_word' id='word_1_352' title='bbox 1837 2051 1937 2101; x_wconf 89' lang='lat' dir='ltr'>aut</span> <span class='ocrx_word' id='word_1_353' title='bbox 1951 2047 2071 2118; x_wconf 91' lang='lat' dir='ltr'>epi-</span> 
     </span>
    </p>
   </div>
   <div class='ocr_carea' id='block_1_56' title="bbox 424 2133 2070 2208">
    <p class='ocr_par' dir='ltr' id='par_1_56' title="bbox 424 2133 2070 2208">
     <span class='ocr_line' id='line_1_57' title="bbox 424 2133 2070 2208; baseline 0.001 -18"><span class='ocrx_word' id='word_1_354' title='bbox 424 2150 659 2208; x_wconf 89' lang='lat' dir='ltr'>scopus,</span> <span class='ocrx_word' id='word_1_355' title='bbox 711 2133 1047 2206; x_wconf 90' lang='lat' dir='ltr'>imperator,</span> <span class='ocrx_word' id='word_1_356' title='bbox 1081 2136 1182 2188; x_wconf 88' lang='lat' dir='ltr'>aut</span> <span class='ocrx_word' id='word_1_357' title='bbox 1210 2149 1329 2204; x_wconf 85' lang='lat' dir='ltr'>rex,</span> <span class='ocrx_word' id='word_1_358' title='bbox 1361 2137 1461 2188; x_wconf 88' lang='lat' dir='ltr'>aut</span> <span class='ocrx_word' id='word_1_359' title='bbox 1490 2134 1628 2200; x_wconf 87' lang='lat' dir='ltr'>dux,</span> <span class='ocrx_word' id='word_1_360' title='bbox 1673 2150 1886 2205; x_wconf 89' lang='lat' dir='ltr'>comes,</span> <span class='ocrx_word' id='word_1_361' title='bbox 1918 2135 2070 2191; x_wconf 80' lang='lat' dir='ltr'>vice-</span> 
     </span>
    </p>
   </div>
   <div class='ocr_carea' id='block_1_57' title="bbox 425 2221 2071 2294">
    <p class='ocr_par' dir='ltr' id='par_1_57' title="bbox 425 2221 2071 2294">
     <span class='ocr_line' id='line_1_58' title="bbox 425 2221 2071 2294; baseline 0 -16"><span class='ocrx_word' id='word_1_362' title='bbox 425 2237 642 2294; x_wconf 85' lang='lat' dir='ltr'>comes,</span> <span class='ocrx_word' id='word_1_363' title='bbox 668 2221 870 2294; x_wconf 84' lang='lat' dir='ltr'>judex,</span> <span class='ocrx_word' id='word_1_364' title='bbox 907 2222 1243 2293; x_wconf 87' lang='lat' dir='ltr'>advocatus,</span> <span class='ocrx_word' id='word_1_365' title='bbox 1276 2221 1364 2278; x_wconf 88' lang='lat' dir='ltr'>vel</span> <span class='ocrx_word' id='word_1_366' title='bbox 1396 2223 1800 2294; x_wconf 87' lang='lat' dir='ltr'>cujuscunque</span> <span class='ocrx_word' id='word_1_367' title='bbox 1849 2223 2071 2279; x_wconf 87' lang='lat' dir='ltr'>ordinis</span> 
     </span>
    </p>
   </div>
   <div class='ocr_carea' id='block_1_58' title="bbox 420 2309 2073 2384">
    <p class='ocr_par' dir='ltr' id='par_1_58' title="bbox 420 2309 2073 2384">
     <span class='ocr_line' id='line_1_59' title="bbox 420 2309 2073 2384; baseline -0.001 -16"><span class='ocrx_word' id='word_1_368' title='bbox 420 2311 598 2368; x_wconf 87' lang='lat' dir='ltr'>homo</span> <span class='ocrx_word' id='word_1_369' title='bbox 628 2310 780 2367; x_wconf 90' lang='lat' dir='ltr'>hanc</span> <span class='ocrx_word' id='word_1_370' title='bbox 805 2309 1018 2367; x_wconf 84' lang='lat' dir='ltr'>decreti</span> <span class='ocrx_word' id='word_1_371' title='bbox 1063 2311 1250 2368; x_wconf 89' lang='lat' dir='ltr'>nostri</span> <span class='ocrx_word' id='word_1_372' title='bbox 1299 2311 1574 2384; x_wconf 86' lang='lat' dir='ltr'>paginam</span> <span class='ocrx_word' id='word_1_373' title='bbox 1619 2310 1938 2381; x_wconf 87' lang='lat' dir='ltr'>violaverit,</span> <span class='ocrx_word' id='word_1_374' title='bbox 1973 2317 2073 2367; x_wconf 88' lang='lat' dir='ltr'>aut</span> 
     </span>
    </p>
   </div>
   <div class='ocr_carea' id='block_1_59' title="bbox 425 2399 2068 2466">
    <p class='ocr_par' dir='ltr' id='par_1_59' title="bbox 425 2399 2068 2466">
     <span class='ocr_line' id='line_1_60' title="bbox 425 2399 2068 2466; baseline 0 -9"><span class='ocrx_word' id='word_1_375' title='bbox 425 2401 615 2458; x_wconf 90' lang='lat' dir='ltr'>sciens</span> <span class='ocrx_word' id='word_1_376' title='bbox 647 2404 850 2457; x_wconf 90' lang='lat' dir='ltr'>contra</span> <span class='ocrx_word' id='word_1_377' title='bbox 877 2415 1004 2457; x_wconf 89' lang='lat' dir='ltr'>eam</span> <span class='ocrx_word' id='word_1_378' title='bbox 1048 2399 1244 2456; x_wconf 88' lang='lat' dir='ltr'>venire</span> <span class='ocrx_word' id='word_1_379' title='bbox 1290 2399 1616 2466; x_wconf 87' lang='lat' dir='ltr'>tentaverit,</span> <span class='ocrx_word' id='word_1_380' title='bbox 1653 2402 1908 2456; x_wconf 91' lang='lat' dir='ltr'>secundo</span> <span class='ocrx_word' id='word_1_381' title='bbox 1957 2405 2068 2457; x_wconf 89' lang='lat' dir='ltr'>ter-</span> 
     </span>
    </p>
   </div>
   <div class='ocr_carea' id='block_1_60' title="bbox 434 2488 2071 2564">
    <p class='ocr_par' dir='ltr' id='par_1_60' title="bbox 434 2488 2071 2564">
     <span class='ocr_line' id='line_1_61' title="bbox 434 2488 2071 2564; baseline 0 -18"><span class='ocrx_word' id='word_1_382' title='bbox 434 2490 585 2547; x_wconf 90' lang='lat' dir='ltr'>tiove</span> <span class='ocrx_word' id='word_1_383' title='bbox 615 2488 1100 2557; x_wconf 74' lang='lat' dir='ltr'>com‘monitus,si</span> <span class='ocrx_word' id='word_1_384' title='bbox 1153 2505 1215 2545; x_wconf 90' lang='lat' dir='ltr'>se</span> <span class='ocrx_word' id='word_1_385' title='bbox 1247 2489 1657 2546; x_wconf 84' lang='lat' dir='ltr'>satisfactione</span> <span class='ocrx_word' id='word_1_386' title='bbox 1684 2505 1938 2564; x_wconf 88' lang='lat' dir='ltr'>congrua</span> <span class='ocrx_word' id='word_1_387' title='bbox 1957 2507 2071 2546; x_wconf 91' lang='lat' dir='ltr'>non</span> 
     </span>
    </p>
   </div>
   <div class='ocr_carea' id='block_1_61' title="bbox 423 2578 2071 2651">
    <p class='ocr_par' dir='ltr' id='par_1_61' title="bbox 423 2578 2071 2651">
     <span class='ocr_line' id='line_1_62' title="bbox 423 2578 2071 2651; baseline 0 -15"><span class='ocrx_word' id='word_1_388' title='bbox 423 2579 835 2646; x_wconf 83' lang='lat' dir='ltr'>emendaverit,</span> <span class='ocrx_word' id='word_1_389' title='bbox 889 2578 1193 2651; x_wconf 86' lang='lat' dir='ltr'>potestatis</span> <span class='ocrx_word' id='word_1_390' title='bbox 1249 2579 1604 2651; x_wconf 89' lang='lat' dir='ltr'>honorisque</span> <span class='ocrx_word' id='word_1_391' title='bbox 1653 2579 1742 2634; x_wconf 92' lang='lat' dir='ltr'>sui</span> <span class='ocrx_word' id='word_1_392' title='bbox 1792 2579 2071 2651; x_wconf 85' lang='lat' dir='ltr'>dignitate</span> 
     </span>
    </p>
   </div>
   <div class='ocr_carea' id='block_1_62' title="bbox 422 2666 2067 2740">
    <p class='ocr_par' dir='ltr' id='par_1_62' title="bbox 422 2666 2067 2740">
     <span class='ocr_line' id='line_1_63' title="bbox 422 2666 2067 2740; baseline -0.001 -14"><span class='ocrx_word' id='word_1_393' title='bbox 422 2672 926 2740; x_wconf 84' lang='lat' dir='ltr'>careat,reumque</span> <span class='ocrx_word' id='word_1_394' title='bbox 957 2685 1019 2722; x_wconf 90' lang='lat' dir='ltr'>se</span> <span class='ocrx_word' id='word_1_395' title='bbox 1049 2667 1245 2723; x_wconf 91' lang='lat' dir='ltr'>divino</span> <span class='ocrx_word' id='word_1_396' title='bbox 1255 2666 1478 2740; x_wconf 90' lang='lat' dir='ltr'>judicio</span> <span class='ocrx_word' id='word_1_397' title='bbox 1508 2667 1753 2723; x_wconf 84' lang='lat' dir='ltr'>existere</span> <span class='ocrx_word' id='word_1_398' title='bbox 1771 2668 1841 2722; x_wconf 92' lang='lat' dir='ltr'>de</span> <span class='ocrx_word' id='word_1_399' title='bbox 1862 2685 2067 2740; x_wconf 86' lang='lat' dir='ltr'>perpe-</span> 
     </span>
    </p>
   </div>
   <div class='ocr_carea' id='block_1_63' title="bbox 418 2755 2070 2829">
    <p class='ocr_par' dir='ltr' id='par_1_63' title="bbox 418 2755 2070 2829">
     <span class='ocr_line' id='line_1_64' title="bbox 418 2755 2070 2829; baseline -0.001 -15"><span class='ocrx_word' id='word_1_400' title='bbox 418 2762 573 2814; x_wconf 86' lang='lat' dir='ltr'>trata</span> <span class='ocrx_word' id='word_1_401' title='bbox 594 2756 906 2829; x_wconf 89' lang='lat' dir='ltr'>iniquitate</span> <span class='ocrx_word' id='word_1_402' title='bbox 937 2760 1332 2828; x_wconf 89' lang='lat' dir='ltr'>cognoscat,et</span> <span class='ocrx_word' id='word_1_403' title='bbox 1353 2774 1387 2811; x_wconf 93' lang='lat' dir='ltr'>a</span> <span class='ocrx_word' id='word_1_404' title='bbox 1412 2755 1808 2812; x_wconf 86' lang='lat' dir='ltr'>sacratissimo</span> <span class='ocrx_word' id='word_1_405' title='bbox 1831 2773 2070 2829; x_wconf 89' lang='lat' dir='ltr'>corpore</span> 
     </span>
    </p>
   </div>
   <div class='ocr_carea' id='block_1_64' title="bbox 417 2833 2069 2920">
    <p class='ocr_par' dir='ltr' id='par_1_64' title="bbox 417 2833 2069 2920">
     <span class='ocr_line' id='line_1_65' title="bbox 417 2833 2069 2920; baseline -0.002 -16"><span class='ocrx_word' id='word_1_406' title='bbox 417 2833 484 2904; x_wconf 84' lang='lat' dir='ltr'>ac</span> <span class='ocrx_word' id='word_1_407' title='bbox 516 2845 801 2920; x_wconf 84' lang='lat' dir='ltr'>sanguine</span> <span class='ocrx_word' id='word_1_408' title='bbox 831 2845 932 2901; x_wconf 91' lang='lat' dir='ltr'>Dei</span> <span class='ocrx_word' id='word_1_409' title='bbox 963 2848 1020 2901; x_wconf 91' lang='lat' dir='ltr'>et</span> <span class='ocrx_word' id='word_1_410' title='bbox 1050 2845 1280 2901; x_wconf 90' lang='lat' dir='ltr'>Domini</span> <span class='ocrx_word' id='word_1_411' title='bbox 1308 2845 1692 2916; x_wconf 88' lang='lat' dir='ltr'>redemptoris</span> <span class='ocrx_word' id='word_1_412' title='bbox 1725 2846 1905 2900; x_wconf 87' lang='lat' dir='ltr'>nostri</span> <span class='ocrx_word' id='word_1_413' title='bbox 1927 2845 2069 2901; x_wconf 89' lang='lat' dir='ltr'>Jesu</span> 
     </span>
    </p>
   </div>
   <div class='ocr_carea' id='block_1_65' title="bbox 417 2931 2069 3004">
    <p class='ocr_par' dir='ltr' id='par_1_65' title="bbox 417 2931 2069 3004">
     <span class='ocr_line' id='line_1_66' title="bbox 417 2931 2069 3004; baseline -0.003 -10"><span class='ocrx_word' id='word_1_414' title='bbox 417 2933 634 2994; x_wconf 85' lang='lat' dir='ltr'>Christi</span> <span class='ocrx_word' id='word_1_415' title='bbox 683 2932 909 2990; x_wconf 86' lang='lat' dir='ltr'>alienus</span> <span class='ocrx_word' id='word_1_416' title='bbox 964 2933 1084 3003; x_wconf 81' lang='lat' dir='ltr'>ﬁat,</span> <span class='ocrx_word' id='word_1_417' title='bbox 1141 2937 1316 3004; x_wconf 88' lang='lat' dir='ltr'>atque</span> <span class='ocrx_word' id='word_1_418' title='bbox 1375 2931 1436 2986; x_wconf 89' lang='lat' dir='ltr'>in</span> <span class='ocrx_word' id='word_1_419' title='bbox 1495 2936 1751 2988; x_wconf 89' lang='lat' dir='ltr'>extremo</span> <span class='ocrx_word' id='word_1_420' title='bbox 1804 2934 2069 2990; x_wconf 86' lang='lat' dir='ltr'>examine</span> 
     </span>
    </p>
   </div>
   <div class='ocr_carea' id='block_1_66' title="bbox 419 3286 2090 3364">
    <p class='ocr_par' dir='ltr' id='par_1_66' title="bbox 419 3286 2090 3364">
     <span class='ocr_line' id='line_1_67' title="bbox 419 3286 2090 3364; baseline -0.003 -17"><span class='ocrx_word' id='word_1_421' title='bbox 419 3290 734 3364; x_wconf 75' lang='lat' dir='ltr'>0ipiant,et</span> <span class='ocrx_word' id='word_1_422' title='bbox 770 3289 926 3362; x_wconf 91' lang='lat' dir='ltr'>apud</span> <span class='ocrx_word' id='word_1_423' title='bbox 959 3286 1291 3344; x_wconf 89' lang='lat' dir='ltr'>districtum</span> <span class='ocrx_word' id='word_1_424' title='bbox 1332 3287 1592 3359; x_wconf 89' lang='lat' dir='ltr'>judicem</span> <span class='ocrx_word' id='word_1_425' title='bbox 1657 3289 1900 3361; x_wconf 71' lang='lat' dir='ltr'>praemia</span> <span class='ocrx_word' id='word_1_426' title='bbox 1927 3292 2090 3344; x_wconf 73' lang='lat' dir='ltr'>aeter—</span> 
     </span>
    </p>
   </div>
   <div class='ocr_carea' id='block_1_67' title="bbox 426 3376 1739 3452">
    <p class='ocr_par' dir='ltr' id='par_1_67' title="bbox 426 3376 1739 3452">
     <span class='ocr_line' id='line_1_68' title="bbox 426 3376 1739 3452; baseline -0.005 -16"><span class='ocrx_word' id='word_1_427' title='bbox 426 3396 514 3437; x_wconf 67' lang='lat' dir='ltr'>nas</span> <span class='ocrx_word' id='word_1_428' title='bbox 545 3378 713 3452; x_wconf 85' lang='lat' dir='ltr'>pacis</span> <span class='ocrx_word' id='word_1_429' title='bbox 735 3376 1051 3434; x_wconf 89' lang='lat' dir='ltr'>inveniant.</span> <span class='ocrx_word' id='word_1_430' title='bbox 1084 3378 1288 3444; x_wconf 83' lang='lat' dir='ltr'>Amen,</span> <span class='ocrx_word' id='word_1_431' title='bbox 1322 3392 1512 3445; x_wconf 90' lang='lat' dir='ltr'>amen,</span> <span class='ocrx_word' id='word_1_432' title='bbox 1547 3394 1739 3434; x_wconf 87' lang='lat' dir='ltr'>amen.</span> 
     </span>
    </p>
   </div>
   <div class='ocr_carea' id='block_1_68' title="bbox 499 3466 2084 3542">
    <p class='ocr_par' dir='ltr' id='par_1_68' title="bbox 499 3466 2084 3542">
     <span class='ocr_line' id='line_1_69' title="bbox 499 3466 2084 3542; baseline -0.002 -16"><span class='ocrx_word' id='word_1_433' title='bbox 499 3467 794 3542; x_wconf 84' lang='lat' dir='ltr'>Scriptum</span> <span class='ocrx_word' id='word_1_434' title='bbox 848 3471 905 3523; x_wconf 93' lang='lat' dir='ltr'>et</span> <span class='ocrx_word' id='word_1_435' title='bbox 950 3467 1152 3523; x_wconf 88' lang='lat' dir='ltr'>datum</span> <span class='ocrx_word' id='word_1_436' title='bbox 1188 3482 1292 3539; x_wconf 90' lang='lat' dir='ltr'>per</span> <span class='ocrx_word' id='word_1_437' title='bbox 1323 3481 1534 3522; x_wconf 86' lang='lat' dir='ltr'>manus</span> <span class='ocrx_word' id='word_1_438' title='bbox 1568 3466 1895 3534; x_wconf 86' lang='lat' dir='ltr'>Lanfranci,</span> <span class='ocrx_word' id='word_1_439' title='bbox 1930 3466 2084 3523; x_wconf 90' lang='lat' dir='ltr'>vices</span> 
     </span>
    </p>
   </div>
   <div class='ocr_carea' id='block_1_69' title="bbox 423 3554 2081 3632">
    <p class='ocr_par' dir='ltr' id='par_1_69' title="bbox 423 3554 2081 3632">
     <span class='ocr_line' id='line_1_70' title="bbox 423 3554 2081 3632; baseline -0.002 -18"><span class='ocrx_word' id='word_1_440' title='bbox 423 3557 652 3632; x_wconf 86' lang='lat' dir='ltr'>agentis</span> <span class='ocrx_word' id='word_1_441' title='bbox 691 3555 1038 3628; x_wconf 86' lang='lat' dir='ltr'>cancellarii,</span> <span class='ocrx_word' id='word_1_442' title='bbox 1091 3573 1241 3612; x_wconf 88' lang='lat' dir='ltr'>anno</span> <span class='ocrx_word' id='word_1_443' title='bbox 1292 3554 1606 3612; x_wconf 83' lang='lat' dir='ltr'>Dominicae</span> <span class='ocrx_word' id='word_1_444' title='bbox 1657 3555 2081 3611; x_wconf 88' lang='lat' dir='ltr'>Incarnationis</span> 
     </span>
    </p>
   </div>
   <div class='ocr_carea' id='block_1_70' title="bbox 422 3627 3158 3719">
    <p class='ocr_par' dir='ltr' id='par_1_70' title="bbox 422 3627 3158 3719">
     <span class='ocr_line' id='line_1_71' title="bbox 422 3627 3158 3719; baseline -0.004 -16"><span class='ocrx_word' id='word_1_445' title='bbox 422 3627 738 3706; x_wconf 57' lang='lat' dir='ltr'>millesimo</span> <span class='ocrx_word' id='word_1_446' title='bbox 768 3627 1149 3719; x_wconf 87' lang='lat' dir='ltr'>nonagesimo</span> <span class='ocrx_word' id='word_1_447' title='bbox 1181 3645 1459 3717; x_wconf 89' lang='lat' dir='ltr'>septimo,</span> <span class='ocrx_word' id='word_1_448' title='bbox 1491 3644 1807 3702; x_wconf 85' lang='lat' dir='ltr'>indictione</span> <span class='ocrx_word' id='word_1_449' title='bbox 1848 3645 2074 3716; x_wconf 88' lang='lat' dir='ltr'>quinta,</span> <span class='ocrx_word' id='word_1_450' title='bbox 2194 3716 2200 3719; x_wconf 20' lang='grc' dir='ltr'><strong>Α</strong></span> <span class='ocrx_word' id='word_1_451' title='bbox 2254 3715 2272 3719; x_wconf 84' lang='lat'>_</span> <span class='ocrx_word' id='word_1_452' title='bbox 2419 3718 2422 3719; x_wconf 15' lang='grc' dir='ltr'><em>ν</em></span> <span class='ocrx_word' id='word_1_453' title='bbox 2515 3717 2521 3719; x_wconf 93' lang='lat'>_</span> <span class='ocrx_word' id='word_1_454' title='bbox 2612 3715 2659 3719; x_wconf 25' lang='grc' dir='ltr'><em>Α</em></span> <span class='ocrx_word' id='word_1_455' title='bbox 2746 3717 2752 3719; x_wconf 17' lang='grc' dir='ltr'><strong>Α</strong></span> <span class='ocrx_word' id='word_1_456' title='bbox 2798 3717 2820 3719; x_wconf 31' lang='grc' dir='ltr'>ι</span> <span class='ocrx_word' id='word_1_457' title='bbox 2878 3627 3158 3719; x_wconf 53' lang='lat' dir='ltr'>CCXXXI.</span> 
     </span>
    </p>
   </div>
   <div class='ocr_carea' id='block_1_71' title="bbox 419 3715 3844 3811">
    <p class='ocr_par' dir='ltr' id='par_1_71' title="bbox 419 3715 3844 3811">
     <span class='ocr_line' id='line_1_72' title="bbox 419 3715 3844 3811; baseline 0.003 -18"><span class='ocrx_word' id='word_1_458' title='bbox 419 3737 790 3811; x_wconf 81' lang='lat' dir='ltr'>pontiﬁcatus</span> <span class='ocrx_word' id='word_1_459' title='bbox 835 3715 1032 3793; x_wconf 66' lang='lat' dir='ltr'>autem</span> <span class='ocrx_word' id='word_1_460' title='bbox 1084 3715 1302 3790; x_wconf 81' lang='lat' dir='ltr'>domini</span> <span class='ocrx_word' id='word_1_461' title='bbox 1352 3733 1567 3789; x_wconf 83' lang='lat' dir='ltr'>Urbani</span> <span class='ocrx_word' id='word_1_462' title='bbox 1621 3715 1882 3790; x_wconf 71' lang='lat' dir='ltr'>secundi</span> <span class='ocrx_word' id='word_1_463' title='bbox 1913 3752 2074 3807; x_wconf 71' lang='lat' dir='ltr'>papae</span> <span class='ocrx_word' id='word_1_464' title='bbox 2187 3716 2209 3736; x_wconf 55' lang='grc'><em>”</em></span> <span class='ocrx_word' id='word_1_465' title='bbox 3561 3721 3844 3811; x_wconf 26' lang='grc' dir='ltr'>*Ψέζίξηυδ</span> 
     </span>
    </p>
   </div>
   <div class='ocr_carea' id='block_1_72' title="bbox 417 3791 3843 3884">
    <p class='ocr_par' dir='ltr' id='par_1_72' title="bbox 417 3791 3843 3884">
     <span class='ocr_line' id='line_1_73' title="bbox 419 3791 3843 3862; baseline 0.004 -24"><span class='ocrx_word' id='word_1_466' title='bbox 419 3791 447 3811; x_wconf 68' lang='grc' dir='ltr'><em>τ</em></span> <span class='ocrx_word' id='word_1_467' title='bbox 926 3791 932 3792; x_wconf 61' lang='grc'><strong>“</strong></span> <span class='ocrx_word' id='word_1_468' title='bbox 1914 3791 1932 3807; x_wconf 77' lang='grc'><strong>⁸</strong></span> <span class='ocrx_word' id='word_1_469' title='bbox 1990 3791 2009 3807; x_wconf 71' lang='grc'><strong><em>³</em></strong></span> <span class='ocrx_word' id='word_1_470' title='bbox 2255 3791 2450 3840; x_wconf 75' lang='lat' dir='ltr'>asserit</span> <span class='ocrx_word' id='word_1_471' title='bbox 2480 3791 2872 3842; x_wconf 73' lang='lat' dir='ltr'>monasterium</span> <span class='ocrx_word' id='word_1_472' title='bbox 2895 3791 2948 3843; x_wconf 87' lang='lat' dir='ltr'>S.</span> <span class='ocrx_word' id='word_1_473' title='bbox 2983 3791 3183 3859; x_wconf 79' lang='lat' dir='ltr'>Vigoris</span> <span class='ocrx_word' id='word_1_474' title='bbox 3209 3791 3518 3862; x_wconf 81' lang='lat' dir='ltr'>Bajocense,</span> <span class='ocrx_word' id='word_1_475' title='bbox 3551 3793 3622 3848; x_wconf 84' lang='lat' dir='ltr'>ab</span> <span class='ocrx_word' id='word_1_476' title='bbox 3654 3795 3843 3850; x_wconf 78' lang='lat' dir='ltr'>Odone</span> 
     </span>
     <span class='ocr_line' id='line_1_74' title="bbox 417 3828 2784 3884; baseline 0 0"><span class='ocrx_word' id='word_1_477' title='bbox 417 3844 569 3884; x_wconf 91' lang='lat' dir='ltr'>anno</span> <span class='ocrx_word' id='word_1_478' title='bbox 602 3828 850 3883; x_wconf 81' lang='lat' dir='ltr'>decimo.</span> <span class='ocrx_word' id='word_1_479' title='bbox 2257 3857 2498 3884; x_wconf 32' lang='lat' dir='ltr'>me“..-</span> <span class='ocrx_word' id='word_1_480' title='bbox 2531 3857 2784 3884; x_wconf 50' lang='grc' dir='ltr'>,ιωηιηω</span> 
     </span>
    </p>
   </div>
   <div class='ocr_carea' id='block_1_73' title="bbox 2253 3857 2808 3928">
    <p class='ocr_par' dir='ltr' id='par_1_73' title="bbox 2253 3857 2808 3928">
     <span class='ocr_line' id='line_1_75' title="bbox 2253 3857 2808 3928; baseline 0.004 -18"><span class='ocrx_word' id='word_1_481' title='bbox 2253 3857 2498 3928; x_wconf 86' lang='lat' dir='ltr'>episcopo</span> <span class='ocrx_word' id='word_1_482' title='bbox 2527 3857 2808 3912; x_wconf 83' lang='lat' dir='ltr'>donatum.</span> 
     </span>
    </p>
   </div>
   <div class='ocr_carea' id='block_1_74' title="bbox 1109 3935 3206 4019">
    <p class='ocr_par' dir='ltr' id='par_1_74' title="bbox 1109 3935 3206 4019">
     <span class='ocr_line' id='line_1_76' title="bbox 1109 3935 3206 4019; baseline 0.004 -25"><span class='ocrx_word' id='word_1_483' title='bbox 1109 3935 1386 3994; x_wconf 83' lang='lat' dir='ltr'>CCXXIX.</span> <span class='ocrx_word' id='word_1_484' title='bbox 2801 3949 2990 4019; x_wconf 86' lang='lat' dir='ltr'>(Anno</span> <span class='ocrx_word' id='word_1_485' title='bbox 3024 3949 3206 4018; x_wconf 81' lang='lat'>1098.)</span> 
     </span>
    </p>
   </div>
   <div class='ocr_carea' id='block_1_75' title="bbox 485 4026 3499 4114">
    <p class='ocr_par' dir='ltr' id='par_1_75' title="bbox 485 4026 3499 4114">
     <span class='ocr_line' id='line_1_77' title="bbox 485 4026 3499 4114; baseline 0.002 -24"><span class='ocrx_word' id='word_1_486' title='bbox 485 4033 690 4090; x_wconf 77' lang='lat' dir='ltr'>Urbani</span> <span class='ocrx_word' id='word_1_487' title='bbox 717 4031 768 4088; x_wconf 86' lang='lat' dir='ltr'>ll</span> <span class='ocrx_word' id='word_1_488' title='bbox 787 4029 1017 4102; x_wconf 82' lang='lat' dir='ltr'>epistola</span> <span class='ocrx_word' id='word_1_489' title='bbox 1043 4026 1116 4114; x_wconf 76' lang='lat' dir='ltr'>ad</span> <span class='ocrx_word' id='word_1_490' title='bbox 1142 4027 1442 4114; x_wconf 59' lang='lat' dir='ltr'>Mentissam</span> <span class='ocrx_word' id='word_1_491' title='bbox 1473 4027 1783 4082; x_wconf 74' lang='lat' dir='ltr'>Remensem</span> <span class='ocrx_word' id='word_1_492' title='bbox 1818 4027 2000 4083; x_wconf 86' lang='lat' dir='ltr'>archi-</span> <span class='ocrx_word' id='word_1_493' title='bbox 2509 4034 2815 4104; x_wconf 52' lang='lat' dir='ltr'>[Burman</span> <span class='ocrx_word' id='word_1_494' title='bbox 2855 4039 2973 4093; x_wconf 84' lang='lat' dir='ltr'>Vita</span> <span class='ocrx_word' id='word_1_495' title='bbox 3005 4039 3231 4110; x_wconf 85' lang='lat' dir='ltr'>Urbani,</span> <span class='ocrx_word' id='word_1_496' title='bbox 3264 4057 3320 4112; x_wconf 90' lang='lat' dir='ltr'>p.</span> <span class='ocrx_word' id='word_1_497' title='bbox 3349 4041 3499 4114; x_wconf 72' lang='lat'>292.}</span> 
     </span>
    </p>
   </div>
   <div class='ocr_carea' id='block_1_76' title="bbox 1073 4111 3151 4199">
    <p class='ocr_par' dir='ltr' id='par_1_76' title="bbox 1073 4111 3151 4199">
     <span class='ocr_line' id='line_1_78' title="bbox 1073 4111 3151 4199; baseline 0.001 -46"><span class='ocrx_word' id='word_1_498' title='bbox 1073 4111 1403 4168; x_wconf 80' lang='lat' dir='ltr'>episcopum.</span> <span class='ocrx_word' id='word_1_499' title='bbox 2853 4141 3151 4199; x_wconf 43' lang='lat' dir='ltr'>CCXXXII.</span> 
     </span>
    </p>
   </div>
   <div class='ocr_carea' id='block_1_77' title="bbox 1039 4212 3834 4301">
    <p class='ocr_par' dir='ltr' id='par_1_77' title="bbox 1039 4212 3834 4301">
     <span class='ocr_line' id='line_1_79' title="bbox 1039 4212 3834 4301; baseline 0.01 -34"><span class='ocrx_word' id='word_1_500' title='bbox 1039 4214 1223 4282; x_wconf 83' lang='lat' dir='ltr'>(Anno</span> <span class='ocrx_word' id='word_1_501' title='bbox 1258 4212 1446 4280; x_wconf 82' lang='grc'>1097.)</span> <span class='ocrx_word' id='word_1_502' title='bbox 2180 4226 2383 4301; x_wconf 78' lang='lat' dir='ltr'>Urbani</span> <span class='ocrx_word' id='word_1_503' title='bbox 2428 4230 2658 4301; x_wconf 79' lang='lat' dir='ltr'>epistola</span> <span class='ocrx_word' id='word_1_504' title='bbox 2707 4230 2778 4285; x_wconf 84' lang='lat' dir='ltr'>ad</span> <span class='ocrx_word' id='word_1_505' title='bbox 2830 4230 3164 4301; x_wconf 83' lang='lat' dir='ltr'>Udalricum,</span> <span class='ocrx_word' id='word_1_506' title='bbox 3214 4235 3463 4290; x_wconf 85' lang='lat' dir='ltr'>abbatem</span> <span class='ocrx_word' id='word_1_507' title='bbox 3507 4240 3834 4294; x_wconf 78' lang='lat' dir='ltr'>monasterii</span> 
     </span>
    </p>
   </div>
   <div class='ocr_carea' id='block_1_78' title="bbox 2243 4297 3830 4365">
    <p class='ocr_par' dir='ltr' id='par_1_78' title="bbox 2243 4297 3830 4365">
     <span class='ocr_line' id='line_1_80' title="bbox 2243 4297 3830 4365; baseline 0.009 -14"><span class='ocrx_word' id='word_1_508' title='bbox 2243 4297 2298 4352; x_wconf 91' lang='lat' dir='ltr'>S.</span> <span class='ocrx_word' id='word_1_509' title='bbox 2333 4297 2619 4356; x_wconf 78' lang='lat' dir='ltr'>Michaelis</span> <span class='ocrx_word' id='word_1_510' title='bbox 2646 4301 2715 4355; x_wconf 84' lang='lat' dir='ltr'>ad</span> <span class='ocrx_word' id='word_1_511' title='bbox 2744 4301 2966 4357; x_wconf 80' lang='lat' dir='ltr'>Mosam.</span> <span class='ocrx_word' id='word_1_512' title='bbox 2998 4334 3068 4343; x_wconf 87' lang='lat'>——</span> <span class='ocrx_word' id='word_1_513' title='bbox 3119 4297 3373 4360; x_wconf 73' lang='lat' dir='ltr'>concedit</span> <span class='ocrx_word' id='word_1_514' title='bbox 3401 4314 3463 4361; x_wconf 84' lang='lat' dir='ltr'>ut</span> <span class='ocrx_word' id='word_1_515' title='bbox 3489 4309 3638 4363; x_wconf 86' lang='lat' dir='ltr'>circa</span> <span class='ocrx_word' id='word_1_516' title='bbox 3665 4311 3830 4365; x_wconf 82' lang='lat' dir='ltr'>eccle-</span> 
     </span>
    </p>
   </div>
   <div class='ocr_carea' id='block_1_79' title="bbox 525 4329 3349 4432">
    <p class='ocr_par' dir='ltr' id='par_1_79' title="bbox 525 4329 3349 4432">
     <span class='ocr_line' id='line_1_81' title="bbox 525 4329 3349 4432; baseline -0.001 -44"><span class='ocrx_word' id='word_1_517' title='bbox 525 4332 716 4405; x_wconf 88' lang='lat' dir='ltr'>[Dom.</span> <span class='ocrx_word' id='word_1_518' title='bbox 749 4329 1006 4396; x_wconf 79' lang='lat' dir='ltr'>MARLOT,</span> <span class='ocrx_word' id='word_1_519' title='bbox 1037 4329 1338 4400; x_wconf 83' lang='lat' dir='ltr'>Metr0potis</span> <span class='ocrx_word' id='word_1_520' title='bbox 1369 4329 1665 4397; x_wconf 57' lang='lat' dir='ltr'>Bernensis,</span> <span class='ocrx_word' id='word_1_521' title='bbox 1703 4329 1771 4394; x_wconf 88' lang='lat' dir='ltr'>II,</span> <span class='ocrx_word' id='word_1_522' title='bbox 1806 4330 1958 4396; x_wconf 79' lang='lat'>221.]</span> <span class='ocrx_word' id='word_1_523' title='bbox 2241 4329 2617 4426; x_wconf 55' lang='lat' dir='ltr'>:Zra;:‘;’z’o‘:;‘7:</span> 
     </span>
    </p>
   </div>
   <div class='ocr_carea' id='block_1_80' title="bbox 480 4445 3196 4536">
    <p class='ocr_par' dir='ltr' id='par_1_80' title="bbox 480 4445 3196 4536">
     <span class='ocr_line' id='line_1_82' title="bbox 480 4445 3196 4536; baseline -0 -31"><span class='ocrx_word' id='word_1_524' title='bbox 480 4449 758 4505; x_wconf 80' lang='lat' dir='ltr'>URBANUS</span> <span class='ocrx_word' id='word_1_525' title='bbox 787 4445 1325 4519; x_wconf 88' lang='lat' dir='ltr'>episcopus,servus</span> <span class='ocrx_word' id='word_1_526' title='bbox 1351 4460 1650 4501; x_wconf 90' lang='lat' dir='ltr'>servorum</span> <span class='ocrx_word' id='word_1_527' title='bbox 1679 4446 1799 4514; x_wconf 90' lang='lat' dir='ltr'>Dei,</span> <span class='ocrx_word' id='word_1_528' title='bbox 1817 4461 2054 4501; x_wconf 89' lang='lat' dir='ltr'>venera-</span> <span class='ocrx_word' id='word_1_529' title='bbox 2791 4462 2978 4530; x_wconf 73' lang='lat' dir='ltr'>(Anno</span> <span class='ocrx_word' id='word_1_530' title='bbox 3011 4463 3196 4536; x_wconf 58' lang='lat'>1098,)</span> 
     </span>
    </p>
   </div>
   <div class='ocr_carea' id='block_1_81' title="bbox 409 4542 3589 4625">
    <p class='ocr_par' dir='ltr' id='par_1_81' title="bbox 409 4542 3589 4625">
     <span class='ocr_line' id='line_1_83' title="bbox 409 4542 3589 4625; baseline 0.002 -22"><span class='ocrx_word' id='word_1_531' title='bbox 409 4546 513 4604; x_wconf 91' lang='lat' dir='ltr'>bili</span> <span class='ocrx_word' id='word_1_532' title='bbox 545 4545 711 4603; x_wconf 85' lang='lat' dir='ltr'>fratri</span> <span class='ocrx_word' id='word_1_533' title='bbox 744 4545 1054 4614; x_wconf 67' lang='lat' dir='ltr'>MANASSE,</span> <span class='ocrx_word' id='word_1_534' title='bbox 1086 4543 1361 4602; x_wconf 86' lang='lat' dir='ltr'>Remensi</span> <span class='ocrx_word' id='word_1_535' title='bbox 1407 4542 1863 4616; x_wconf 85' lang='lat' dir='ltr'>archiepiscopo,</span> <span class='ocrx_word' id='word_1_536' title='bbox 1906 4544 2057 4600; x_wconf 91' lang='lat' dir='ltr'>salu-</span> <span class='ocrx_word' id='word_1_537' title='bbox 2084 4552 2131 4617; x_wconf 76' lang='grc' dir='ltr'>Β</span> <span class='ocrx_word' id='word_1_538' title='bbox 2400 4548 2692 4619; x_wconf 71' lang='lat' dir='ltr'>[BAsz.,</span> <span class='ocrx_word' id='word_1_539' title='bbox 2723 4550 2944 4605; x_wconf 82' lang='lat' dir='ltr'>Miscell.</span> <span class='ocrx_word' id='word_1_540' title='bbox 2981 4551 3118 4607; x_wconf 90' lang='lat' dir='ltr'>edit.</span> <span class='ocrx_word' id='word_1_541' title='bbox 3152 4553 3312 4618; x_wconf 92' lang='lat' dir='ltr'>Luc.,</span> <span class='ocrx_word' id='word_1_542' title='bbox 3347 4553 3441 4622; x_wconf 89' lang='grc' dir='ltr'>ΙΙΙ,</span> <span class='ocrx_word' id='word_1_543' title='bbox 3474 4555 3589 4625; x_wconf 86' lang='grc'>61.]</span> 
     </span>
    </p>
   </div>
   <div class='ocr_carea' id='block_1_82' title="bbox 406 4631 3826 4709">
    <p class='ocr_par' dir='ltr' id='par_1_82' title="bbox 406 4631 3826 4709">
     <span class='ocr_line' id='line_1_84' title="bbox 406 4631 3826 4709; baseline 0.002 -18"><span class='ocrx_word' id='word_1_544' title='bbox 406 4636 523 4691; x_wconf 87' lang='lat' dir='ltr'>tem</span> <span class='ocrx_word' id='word_1_545' title='bbox 554 4636 612 4690; x_wconf 86' lang='lat' dir='ltr'>et</span> <span class='ocrx_word' id='word_1_546' title='bbox 641 4631 1022 4706; x_wconf 90' lang='lat' dir='ltr'>apostolicam</span> <span class='ocrx_word' id='word_1_547' title='bbox 1043 4631 1527 4689; x_wconf 89' lang='lat' dir='ltr'>benedictionem.</span> <span class='ocrx_word' id='word_1_548' title='bbox 2234 4633 2514 4691; x_wconf 65' lang='lat' dir='ltr'>Uassnus</span> <span class='ocrx_word' id='word_1_549' title='bbox 2545 4636 2875 4709; x_wconf 90' lang='lat' dir='ltr'>episcopus,</span> <span class='ocrx_word' id='word_1_550' title='bbox 2910 4654 3111 4694; x_wconf 85' lang='lat' dir='ltr'>servus</span> <span class='ocrx_word' id='word_1_551' title='bbox 3143 4655 3444 4695; x_wconf 86' lang='lat' dir='ltr'>servorum</span> <span class='ocrx_word' id='word_1_552' title='bbox 3491 4639 3618 4708; x_wconf 86' lang='lat' dir='ltr'>Dei,</span> <span class='ocrx_word' id='word_1_553' title='bbox 3645 4641 3826 4700; x_wconf 89' lang='lat' dir='ltr'>dilec-</span> 
     </span>
    </p>
   </div>
   <div class='ocr_carea' id='block_1_83' title="bbox 468 4720 3829 4806">
    <p class='ocr_par' dir='ltr' id='par_1_83' title="bbox 468 4720 3829 4806">
     <span class='ocr_line' id='line_1_85' title="bbox 468 4720 3829 4806; baseline 0.002 -25"><span class='ocrx_word' id='word_1_554' title='bbox 468 4721 711 4781; x_wconf 84' lang='lat' dir='ltr'>Abbatis</span> <span class='ocrx_word' id='word_1_555' title='bbox 742 4723 800 4780; x_wconf 92' lang='lat' dir='ltr'>S.</span> <span class='ocrx_word' id='word_1_556' title='bbox 825 4720 1072 4795; x_wconf 83' lang='lat' dir='ltr'>Remigii</span> <span class='ocrx_word' id='word_1_557' title='bbox 1103 4721 1358 4777; x_wconf 88' lang='lat' dir='ltr'>causain</span> <span class='ocrx_word' id='word_1_558' title='bbox 1385 4721 1693 4792; x_wconf 79' lang='lat' dir='ltr'>praesentia</span> <span class='ocrx_word' id='word_1_559' title='bbox 1742 4724 1940 4777; x_wconf 84' lang='lat' dir='ltr'>nostra</span> <span class='ocrx_word' id='word_1_560' title='bbox 1987 4725 2044 4778; x_wconf 91' lang='lat' dir='ltr'>et</span> <span class='ocrx_word' id='word_1_561' title='bbox 2150 4725 2207 4779; x_wconf 88' lang='lat' dir='ltr'>to</span> <span class='ocrx_word' id='word_1_562' title='bbox 2243 4723 2364 4780; x_wconf 80' lang='lat' dir='ltr'>filio</span> <span class='ocrx_word' id='word_1_563' title='bbox 2401 4724 2710 4794; x_wconf 80' lang='lat' dir='ltr'>UDALRICO,</span> <span class='ocrx_word' id='word_1_564' title='bbox 2746 4726 2941 4782; x_wconf 83' lang='lat' dir='ltr'>abbati</span> <span class='ocrx_word' id='word_1_565' title='bbox 2973 4727 3136 4784; x_wconf 90' lang='lat' dir='ltr'>Santi</span> <span class='ocrx_word' id='word_1_566' title='bbox 3160 4727 3736 4806; x_wconf 82' lang='lat' dir='ltr'>Michaelis,salutem</span> <span class='ocrx_word' id='word_1_567' title='bbox 3769 4737 3829 4789; x_wconf 92' lang='lat' dir='ltr'>et</span> 
     </span>
    </p>
   </div>
   <div class='ocr_carea' id='block_1_84' title="bbox 396 4809 3034 4885">
    <p class='ocr_par' dir='ltr' id='par_1_84' title="bbox 396 4809 3034 4885">
     <span class='ocr_line' id='line_1_86' title="bbox 396 4809 3034 4885; baseline 0 -15"><span class='ocrx_word' id='word_1_568' title='bbox 396 4813 756 4872; x_wconf 84' lang='lat' dir='ltr'>confratrum</span> <span class='ocrx_word' id='word_1_569' title='bbox 781 4817 1114 4868; x_wconf 90' lang='lat' dir='ltr'>nostrorum</span> <span class='ocrx_word' id='word_1_570' title='bbox 1145 4809 1552 4882; x_wconf 89' lang='lat' dir='ltr'>episcoporum</span> <span class='ocrx_word' id='word_1_571' title='bbox 1573 4813 1631 4864; x_wconf 85' lang='lat' dir='ltr'>et</span> <span class='ocrx_word' id='word_1_572' title='bbox 1652 4809 2039 4868; x_wconf 87' lang='lat' dir='ltr'>cardinalium</span> <span class='ocrx_word' id='word_1_573' title='bbox 2148 4812 2527 4885; x_wconf 86' lang='lat' dir='ltr'>apostolicam</span> <span class='ocrx_word' id='word_1_574' title='bbox 2549 4814 3034 4871; x_wconf 89' lang='lat' dir='ltr'>benedictionem.</span> 
     </span>
    </p>
   </div>
   <div class='ocr_carea' id='block_1_85' title="bbox 398 4897 3823 4979">
    <p class='ocr_par' dir='ltr' id='par_1_85' title="bbox 398 4897 3823 4979">
     <span class='ocr_line' id='line_1_87' title="bbox 398 4897 3823 4979; baseline 0.002 -19"><span class='ocrx_word' id='word_1_575' title='bbox 398 4902 750 4977; x_wconf 84' lang='lat' dir='ltr'>diligentiori</span> <span class='ocrx_word' id='word_1_576' title='bbox 799 4901 1061 4957; x_wconf 89' lang='lat' dir='ltr'>discussa</span> <span class='ocrx_word' id='word_1_577' title='bbox 1106 4902 1196 4955; x_wconf 90' lang='lat' dir='ltr'>est</span> <span class='ocrx_word' id='word_1_578' title='bbox 1238 4897 1646 4969; x_wconf 88' lang='lat' dir='ltr'>inquisitione,</span> <span class='ocrx_word' id='word_1_579' title='bbox 1675 4902 1732 4954; x_wconf 93' lang='lat' dir='ltr'>et</span> <span class='ocrx_word' id='word_1_580' title='bbox 1779 4899 1851 4954; x_wconf 91' lang='lat' dir='ltr'>ad</span> <span class='ocrx_word' id='word_1_581' title='bbox 1884 4899 2040 4956; x_wconf 90' lang='lat' dir='ltr'>hunc</span> <span class='ocrx_word' id='word_1_582' title='bbox 2217 4901 2694 4974; x_wconf 74' lang='lat' dir='ltr'>Benignitatituze</span> <span class='ocrx_word' id='word_1_583' title='bbox 2711 4904 2930 4977; x_wconf 88' lang='lat' dir='ltr'>gratias</span> <span class='ocrx_word' id='word_1_584' title='bbox 2952 4904 3184 4978; x_wconf 88' lang='lat' dir='ltr'>agimus</span> <span class='ocrx_word' id='word_1_585' title='bbox 3216 4905 3357 4979; x_wconf 89' lang='lat' dir='ltr'>quia</span> <span class='ocrx_word' id='word_1_586' title='bbox 3385 4908 3823 4966; x_wconf 90' lang='lat' dir='ltr'>venerabilibus</span> 
     </span>
    </p>
   </div>
   <div class='ocr_carea' id='block_1_86' title="bbox 395 4985 3821 5068">
    <p class='ocr_par' dir='ltr' id='par_1_86' title="bbox 395 4985 3821 5068">
     <span class='ocr_line' id='line_1_88' title="bbox 395 4985 3821 5068; baseline 0.001 -18"><span class='ocrx_word' id='word_1_587' title='bbox 395 4993 635 5050; x_wconf 87' lang='lat' dir='ltr'>tandem</span> <span class='ocrx_word' id='word_1_588' title='bbox 655 4991 832 5047; x_wconf 84' lang='lat' dir='ltr'>ﬁnem</span> <span class='ocrx_word' id='word_1_589' title='bbox 854 4986 1194 5062; x_wconf 88' lang='lat' dir='ltr'>producta.J</span> <span class='ocrx_word' id='word_1_590' title='bbox 1201 4985 1458 5042; x_wconf 90' lang='lat' dir='ltr'>udicium</span> <span class='ocrx_word' id='word_1_591' title='bbox 1481 4985 1886 5060; x_wconf 89' lang='lat' dir='ltr'>episcoporum</span> <span class='ocrx_word' id='word_1_592' title='bbox 1907 5005 2040 5060; x_wconf 92' lang='lat' dir='ltr'>pro-</span> <span class='ocrx_word' id='word_1_593' title='bbox 2146 4990 2423 5046; x_wconf 79' lang='lat' dir='ltr'>fratribus</span> <span class='ocrx_word' id='word_1_594' title='bbox 2454 4995 2510 5048; x_wconf 89' lang='lat' dir='ltr'>et</span> <span class='ocrx_word' id='word_1_595' title='bbox 2538 4992 2942 5061; x_wconf 88' lang='lat' dir='ltr'>coabbatibus,</span> <span class='ocrx_word' id='word_1_596' title='bbox 2981 4993 3300 5068; x_wconf 81' lang='lat' dir='ltr'>Rodulpho</span> <span class='ocrx_word' id='word_1_597' title='bbox 3333 4995 3559 5053; x_wconf 88' lang='lat' dir='ltr'>scilicet</span> <span class='ocrx_word' id='word_1_598' title='bbox 3587 5002 3644 5054; x_wconf 86' lang='lat' dir='ltr'>et</span> <span class='ocrx_word' id='word_1_599' title='bbox 3664 4999 3821 5055; x_wconf 91' lang='lat' dir='ltr'>Lan-</span> 
     </span>
    </p>
   </div>
   <div class='ocr_carea' id='block_1_87' title="bbox 396 5074 3822 5160">
    <p class='ocr_par' dir='ltr' id='par_1_87' title="bbox 396 5074 3822 5160">
     <span class='ocr_line' id='line_1_89' title="bbox 396 5074 3822 5160; baseline 0.002 -22"><span class='ocrx_word' id='word_1_600' title='bbox 396 5081 585 5140; x_wconf 90' lang='lat' dir='ltr'>latum</span> <span class='ocrx_word' id='word_1_601' title='bbox 615 5094 792 5152; x_wconf 90' lang='lat' dir='ltr'>super</span> <span class='ocrx_word' id='word_1_602' title='bbox 819 5093 954 5134; x_wconf 87' lang='lat' dir='ltr'>eum</span> <span class='ocrx_word' id='word_1_603' title='bbox 985 5076 1093 5132; x_wconf 89' lang='lat' dir='ltr'>hac</span> <span class='ocrx_word' id='word_1_604' title='bbox 1124 5074 1345 5131; x_wconf 89' lang='lat' dir='ltr'>ratione</span> <span class='ocrx_word' id='word_1_605' title='bbox 1376 5075 1746 5148; x_wconf 88' lang='lat' dir='ltr'>reprobatum</span> <span class='ocrx_word' id='word_1_606' title='bbox 1790 5077 2037 5146; x_wconf 90' lang='lat' dir='ltr'>noveris,</span> <span class='ocrx_word' id='word_1_607' title='bbox 2148 5079 2298 5147; x_wconf 87' lang='lat' dir='ltr'>zoni,</span> <span class='ocrx_word' id='word_1_608' title='bbox 2342 5079 2609 5136; x_wconf 69' lang='lat' dir='ltr'>fraterna:</span> <span class='ocrx_word' id='word_1_609' title='bbox 2643 5081 2944 5138; x_wconf 88' lang='lat' dir='ltr'>charitatis</span> <span class='ocrx_word' id='word_1_610' title='bbox 2977 5083 3174 5139; x_wconf 90' lang='lat' dir='ltr'>sinum</span> <span class='ocrx_word' id='word_1_611' title='bbox 3205 5086 3504 5157; x_wconf 82' lang='lat' dir='ltr'>expandis,</span> <span class='ocrx_word' id='word_1_612' title='bbox 3538 5091 3596 5142; x_wconf 90' lang='lat' dir='ltr'>et</span> <span class='ocrx_word' id='word_1_613' title='bbox 3623 5103 3822 5160; x_wconf 89' lang='lat' dir='ltr'>perse-</span> 
     </span>
    </p>
   </div>
   <div class='ocr_carea' id='block_1_88' title="bbox 396 5164 3819 5247">
    <p class='ocr_par' dir='ltr' id='par_1_88' title="bbox 396 5164 3819 5247">
     <span class='ocr_line' id='line_1_90' title="bbox 396 5164 3819 5247; baseline 0.002 -20"><span class='ocrx_word' id='word_1_614' title='bbox 396 5170 535 5244; x_wconf 89' lang='lat' dir='ltr'>quia</span> <span class='ocrx_word' id='word_1_615' title='bbox 563 5171 878 5242; x_wconf 87' lang='lat' dir='ltr'>postquam</span> <span class='ocrx_word' id='word_1_616' title='bbox 903 5165 1062 5221; x_wconf 87' lang='lat' dir='ltr'>ﬁlius</span> <span class='ocrx_word' id='word_1_617' title='bbox 1093 5181 1128 5220; x_wconf 89' lang='lat' dir='ltr'>a</span> <span class='ocrx_word' id='word_1_618' title='bbox 1154 5167 1319 5236; x_wconf 84' lang='lat' dir='ltr'>patre</span> <span class='ocrx_word' id='word_1_619' title='bbox 1349 5164 1749 5238; x_wconf 87' lang='lat' dir='ltr'>emencipatus</span> <span class='ocrx_word' id='word_1_620' title='bbox 1787 5170 1895 5234; x_wconf 87' lang='lat' dir='ltr'>est,</span> <span class='ocrx_word' id='word_1_621' title='bbox 1931 5168 2039 5221; x_wconf 89' lang='lat' dir='ltr'>sub</span> <span class='ocrx_word' id='word_1_622' title='bbox 2150 5168 2402 5224; x_wconf 82' lang='lat' dir='ltr'>cutionis</span> <span class='ocrx_word' id='word_1_623' title='bbox 2449 5174 2596 5225; x_wconf 72' lang='lat' dir='ltr'>aestu</span> <span class='ocrx_word' id='word_1_624' title='bbox 2647 5170 2980 5228; x_wconf 85' lang='lat' dir='ltr'>laborantes</span> <span class='ocrx_word' id='word_1_625' title='bbox 3029 5177 3138 5228; x_wconf 82' lang='lat' dir='ltr'>tuas</span> <span class='ocrx_word' id='word_1_626' title='bbox 3189 5174 3401 5247; x_wconf 88' lang='lat' dir='ltr'>quietis</span> <span class='ocrx_word' id='word_1_627' title='bbox 3457 5177 3819 5235; x_wconf 87' lang='lat' dir='ltr'>umbraculo</span> 
     </span>
    </p>
   </div>
   <div class='ocr_carea' id='block_1_89' title="bbox 397 5253 3818 5340">
    <p class='ocr_par' dir='ltr' id='par_1_89' title="bbox 397 5253 3818 5340">
     <span class='ocr_line' id='line_1_91' title="bbox 397 5253 3818 5340; baseline 0.002 -24"><span class='ocrx_word' id='word_1_628' title='bbox 397 5274 600 5317; x_wconf 90' lang='lat' dir='ltr'>curam</span> <span class='ocrx_word' id='word_1_629' title='bbox 628 5260 685 5312; x_wconf 92' lang='lat' dir='ltr'>et</span> <span class='ocrx_word' id='word_1_630' title='bbox 713 5253 1171 5311; x_wconf 88' lang='lat' dir='ltr'>dominationem</span> <span class='ocrx_word' id='word_1_631' title='bbox 1222 5254 1403 5326; x_wconf 85' lang='lat' dir='ltr'>patris</span> <span class='ocrx_word' id='word_1_632' title='bbox 1451 5254 1638 5310; x_wconf 91' lang='lat' dir='ltr'>redire</span> <span class='ocrx_word' id='word_1_633' title='bbox 1683 5254 2042 5311; x_wconf 89' lang='lat' dir='ltr'>districtione</span> <span class='ocrx_word' id='word_1_634' title='bbox 2150 5257 2426 5329; x_wconf 84' lang='lat' dir='ltr'>protegis,</span> <span class='ocrx_word' id='word_1_635' title='bbox 2463 5259 2613 5314; x_wconf 88' lang='lat' dir='ltr'>sicut</span> <span class='ocrx_word' id='word_1_636' title='bbox 2643 5276 2748 5315; x_wconf 88' lang='lat' dir='ltr'>nos</span> <span class='ocrx_word' id='word_1_637' title='bbox 2775 5277 2844 5316; x_wconf 79' lang='lat' dir='ltr'>ex</span> <span class='ocrx_word' id='word_1_638' title='bbox 2889 5261 3150 5334; x_wconf 89' lang='lat' dir='ltr'>ipsorum</span> <span class='ocrx_word' id='word_1_639' title='bbox 3213 5263 3490 5321; x_wconf 85' lang='lat' dir='ltr'>relatione</span> <span class='ocrx_word' id='word_1_640' title='bbox 3521 5267 3818 5340; x_wconf 89' lang='lat' dir='ltr'>comperi-</span> 
     </span>
    </p>
   </div>
   <div class='ocr_carea' id='block_1_90' title="bbox 399 5341 3816 5428">
    <p class='ocr_par' dir='ltr' id='par_1_90' title="bbox 399 5341 3816 5428">
     <span class='ocr_line' id='line_1_92' title="bbox 399 5341 3816 5428; baseline 0.003 -25"><span class='ocrx_word' id='word_1_641' title='bbox 399 5361 602 5419; x_wconf 89' lang='lat' dir='ltr'>regum</span> <span class='ocrx_word' id='word_1_642' title='bbox 636 5360 752 5400; x_wconf 92' lang='lat' dir='ltr'>non</span> <span class='ocrx_word' id='word_1_643' title='bbox 783 5342 1032 5416; x_wconf 89' lang='lat' dir='ltr'>cogitur,</span> <span class='ocrx_word' id='word_1_644' title='bbox 1067 5341 1178 5399; x_wconf 91' lang='lat' dir='ltr'>nisi</span> <span class='ocrx_word' id='word_1_645' title='bbox 1213 5343 1325 5414; x_wconf 78' lang='grc'>(48)</span> <span class='ocrx_word' id='word_1_646' title='bbox 1348 5347 1554 5415; x_wconf 89' lang='lat' dir='ltr'>sponte</span> <span class='ocrx_word' id='word_1_647' title='bbox 1582 5343 1706 5416; x_wconf 86' lang='lat' dir='ltr'>ipse</span> <span class='ocrx_word' id='word_1_648' title='bbox 1737 5346 2040 5418; x_wconf 85' lang='lat' dir='ltr'>rogaverit.</span> <span class='ocrx_word' id='word_1_649' title='bbox 2158 5347 2480 5404; x_wconf 82' lang='lat' dir='ltr'>mus.Unde</span> <span class='ocrx_word' id='word_1_650' title='bbox 2507 5352 2563 5404; x_wconf 88' lang='lat' dir='ltr'>et</span> <span class='ocrx_word' id='word_1_651' title='bbox 2591 5365 2868 5421; x_wconf 87' lang='lat' dir='ltr'>rogamus</span> <span class='ocrx_word' id='word_1_652' title='bbox 2901 5355 2966 5407; x_wconf 91' lang='lat' dir='ltr'>ut</span> <span class='ocrx_word' id='word_1_653' title='bbox 2997 5353 3150 5424; x_wconf 92' lang='lat' dir='ltr'>quod</span> <span class='ocrx_word' id='word_1_654' title='bbox 3178 5354 3403 5427; x_wconf 84' lang='lat' dir='ltr'>coepisti</span> <span class='ocrx_word' id='word_1_655' title='bbox 3437 5371 3594 5410; x_wconf 90' lang='lat' dir='ltr'>nunc</span> <span class='ocrx_word' id='word_1_656' title='bbox 3623 5354 3816 5428; x_wconf 85' lang='lat' dir='ltr'>magis</span> 
     </span>
    </p>
   </div>
   <div class='ocr_carea' id='block_1_91' title="bbox 395 5430 3816 5516">
    <p class='ocr_par' dir='ltr' id='par_1_91' title="bbox 395 5430 3816 5516">
     <span class='ocr_line' id='line_1_93' title="bbox 395 5430 3816 5516; baseline 0.002 -24"><span class='ocrx_word' id='word_1_657' title='bbox 395 5433 831 5492; x_wconf 89' lang='lat' dir='ltr'>Promotionem</span> <span class='ocrx_word' id='word_1_658' title='bbox 861 5431 1017 5489; x_wconf 88' lang='lat' dir='ltr'>enim</span> <span class='ocrx_word' id='word_1_659' title='bbox 1051 5430 1280 5488; x_wconf 90' lang='lat' dir='ltr'>abbatis</span> <span class='ocrx_word' id='word_1_660' title='bbox 1327 5433 1852 5507; x_wconf 90' lang='lat' dir='ltr'>emancipationem</span> <span class='ocrx_word' id='word_1_661' title='bbox 1895 5435 2043 5490; x_wconf 88' lang='lat' dir='ltr'>acci-</span> <span class='ocrx_word' id='word_1_662' title='bbox 2154 5453 2258 5508; x_wconf 91' lang='lat' dir='ltr'>pro</span> <span class='ocrx_word' id='word_1_663' title='bbox 2292 5440 2503 5494; x_wconf 73' lang='lat' dir='ltr'>nostrae</span> <span class='ocrx_word' id='word_1_664' title='bbox 2535 5438 2949 5510; x_wconf 88' lang='lat' dir='ltr'>postulationis</span> <span class='ocrx_word' id='word_1_665' title='bbox 3002 5443 3323 5500; x_wconf 88' lang='lat' dir='ltr'>reverentia</span> <span class='ocrx_word' id='word_1_666' title='bbox 3360 5443 3700 5516; x_wconf 85' lang='lat' dir='ltr'>vigilantius</span> <span class='ocrx_word' id='word_1_667' title='bbox 3746 5463 3816 5501; x_wconf 86' lang='lat' dir='ltr'>ac</span> 
     </span>
    </p>
   </div>
   <div class='ocr_carea' id='block_1_92' title="bbox 469 5611 1582 5686">
    <p class='ocr_par' dir='ltr' id='par_1_92' title="bbox 469 5611 1582 5686">
     <span class='ocr_line' id='line_1_94' title="bbox 469 5611 1582 5686; baseline -0.003 -15"><span class='ocrx_word' id='word_1_668' title='bbox 469 5613 588 5686; x_wconf 60' lang='lat' dir='ltr'>e48)</span> <span class='ocrx_word' id='word_1_669' title='bbox 616 5611 762 5672; x_wconf 86' lang='lat' dir='ltr'>Vide</span> <span class='ocrx_word' id='word_1_670' title='bbox 791 5614 850 5672; x_wconf 89' lang='lat' dir='ltr'>S.</span> <span class='ocrx_word' id='word_1_671' title='bbox 884 5611 1268 5683; x_wconf 87' lang='lat' dir='ltr'>Bernardum,</span> <span class='ocrx_word' id='word_1_672' title='bbox 1294 5611 1461 5683; x_wconf 87' lang='lat' dir='ltr'>epist.</span> <span class='ocrx_word' id='word_1_673' title='bbox 1494 5613 1582 5668; x_wconf 90' lang='lat'>87.</span> 
     </span>
    </p>
   </div>
  </div>
