3958 6354
149 353 262 419 501

1321 357 1726 425 EPI-STOLE
1768 357 1868 422 ET
1911 357 2385 428 PRIVILEGIA.

3429 353 3546 437 502

148 488 419 550 devotius
449 488 844 566 prosequaris.
879 490 1040 562 Quod
1094 508 1227 553 vero
1287 493 1456 553 nobis
1507 493 1794 570 legatione
1820 493 1879 564 Α
1908 498 2078 572 cujus
2107 497 2337 558 dioecesi
2367 495 2508 559 estis
2544 496 2862 577 accipietis,
2887 499 3178 577 siquidem
3209 509 3456 581 gratiam
3488 513 3546 568 et

144 581 418 654 petitoria
453 583 907 657 suggessisti,de
939 587 1326 642 construendo
1349 586 1613 642 videlicet
1641 586 1794 642 circa

145 687 357 727 novam
370 671 673 728 ecclesiam
687 673 952 729 coenobiii
965 675 1142 732 vestri
1155 675 1474 748 cimeterio,
1499 677 1790 750 siquidem

146 762 431 818 fratribus
462 763 816 820 laboriosum
846 769 902 820 et
932 764 1194 837 religioni
1227 767 1582 822 contrarium
1604 771 1793 831 est,ut

142 845 460 924 scripsisti,
490 853 562 908 ad
593 853 802 910 veteris
832 853 1088 909 ecclesiae
1121 853 1336 923 locum,
1364 855 1501 927 quia
1558 855 1790 928 longius

140 941 256 996 sita
277 946 388 1007 est,
415 942 662 997 fratrum
688 943 893 998 funera
916 944 1239 1015 deportare,
1266 961 1371 1000 nos
1411 945 1789 1017 praesentium

139 1029 476 1086 litterarum
510 1031 852 1087 auctoritate
885 1033 1278 1088 concedimus.

210 1120 362 1176 Data
392 1121 659 1176 Laterani
683 1138 760 1176 vu
792 1121 912 1186 Kal.
943 1121 1181 1193 Aprilis,
1215 1139 1367 1178 anno
1399 1123 1471 1178 ab
1523 1123 1790 1180 Incarna—

138 1209 300 1264 tione
335 1209 581 1275 Domini,
607 1211 930 1265 secundum
952 1210 1317 1282 Dionysium,
1344 1211 1654 1268 millesimo
1688 1231 1788 1268 no-

137 1297 444 1371 nagesimo
457 1303 678 1364 octavo,
695 1300 910 1354 secund
922 1317 1019 1354 um
1034 1316 1166 1354 vero
1179 1299 1482 1356 certiorem
1499 1302 1789 1375 Evangelii

135 1388 546 1460 probationem
577 1388 888 1445 millesimo
919 1388 1236 1445 centesimo
1270 1389 1543 1445 vicesimo
1575 1391 1786 1463 primo,

132 1476 454 1532 indictione
483 1493 560 1544 v1,
594 1480 798 1550 epacta
824 1495 917 1548 xv,
949 1482 1330 1534 concurrente
1357 1497 1429 1533 1v.

783 1566 1113 1623 CCXXXIII.

205 1654 418 1711 Urbani
446 1655 495 1710 Il
516 1671 672 1727 papa
703 1657 854 1711 bulla
876 1673 978 1726 pro
1007 1658 1334 1712 monasterio
1367 1656 1736 1727 l'Viblingensi.

767 1747 952 1816 (Anno
983 1745 1168 1814 1098.)

270 1835 363 1906 [D.
400 1834 686 1900 Genesar,
722 1837 960 1890 Historia
988 1836 1383 1906 Nigrae-Silvae,
1416 1835 1514 1902 III,
1546 1837 1660 1906 3/1.]

207 1923 484 1980 Unsmus
513 1923 843 1996 episcopus,
867 1940 1068 1980 servus
1103 1941 1405 1981 servorum
1431 1925 1556 1996 Dei,
1581 1925 1789 1980 dilecto

128 2013 252 2069 tilio
283 2017 602 2079 Wsansao,
637 2013 831 2068 abbati
875 2014 1222 2069 monasterii
1254 2018 1309 2068 S.
1345 2013 1601 2082 Martini,
1633 2017 1791 2086 quod

129 2101 472 2175 Wiblingen
491 2103 731 2166 dicitur,
750 2103 1014 2173 ejusdem
1035 2103 1472 2158 successoribus
1503 2103 1784 2176 regulari-

129 2197 220 2247 ter
253 2191 674 2263 promovendis
701 2191 760 2244 in
783 2196 1152 2262 perpetuum.

196 2279 518 2352 Religiosis
548 2279 849 2334 desideriis
880 2279 1130 2350 dignum
1161 2283 1250 2335 est
1280 2280 1512 2336 facilem
1532 2282 1792 2352 przebere

133 2385 518 2436 consensum,
556 2372 620 2423 ut
676 2367 863 2423 fidelis
923 2368 1150 2423 devotio
1210 2370 1457 2424 celerem
1511 2370 1795 2426 sortiatur

133 2459 432 2514 effectum.
462 2458 608 2522 Quia
658 2457 838 2528 igitur
866 2458 1133 2513 Romanae
1165 2457 1430 2514 Eccieslae
1481 2459 1583 2513 ﬁlii
1625 2460 1790 2514 Hart-

137 2563 399 2601 mannus
427 2561 620 2601 comes
649 2549 706 2599 et
743 2543 889 2600 Otho
911 2545 1086 2601 frater
1108 2547 1235 2616 ejus
1275 2546 1334 2600 B.
1361 2546 1593 2601 Martini
1614 2546 1790 2602 eccle-

134 2636 288 2690 siam
323 2635 383 2689 in
415 2634 540 2690 loco
573 2634 673 2704 qui
702 2633 917 2688 dicitur
949 2634 1275 2705 Wiblingen
1301 2635 1427 2689 suis
1453 2635 1789 2706 sumptibus

134 2724 486 2779 aedificatam
537 2727 599 2777 B.
631 2722 796 2778 Petro
827 2729 884 2777 et
911 2727 965 2777 S.
991 2724 1114 2778 sedi
1175 2724 1504 2795 apostolicae
1535 2725 1786 2780 tradide-

135 2817 276 2867 runt
296 2827 427 2866 eam
449 2811 626 2880 injus
675 2813 734 2865 et
759 2810 1001 2865 tutelam
1035 2812 1422 2883 suscipientes
1453 2813 1784 2883 apostolicae

135 2899 530 2967 auctoritatis,
582 2899 884 2971 privilegio
948 2901 1409 2966 communimus,
1462 2905 1784 2957 statuentes

133 2994 202 3046 ut
242 3005 603 3061 quaecunque
660 2988 896 3059 praedia,
941 3005 1304 3060 quascunque
1335 2990 1506 3058 dona,
1537 2994 1660 3045 tam
1718 3007 1786 3046 ex

133 3079 404 3149 ipsorum
456 3078 702 3132 fratrum
763 3077 1094 3149 largitione,
1129 3095 1306 3149 quam
1337 3095 1405 3133 ex
1444 3080 1780 3135 devotorum

134 3166 404 3223 ﬁdelium
421 3165 713 3221 oblatione
735 3167 1144 3237 supradictaB.
1163 3167 1394 3222 Martini
1419 3167 1660 3224 ecclesia
1677 3169 1778 3223 im-

1901 592 2375 648 communionem
2433 593 2760 667 apostolica:
2822 594 2978 651 sedis
3012 595 3303 666 habuerit,
3338 599 3444 655 etsi
3479 617 3548 657 ea

1901 681 2102 752 gratis,
2119 698 2183 736 ac
2217 681 2341 737 sine
2361 683 2644 754 pravitate
2680 683 2928 740 voluerit
2958 685 3249 756 exhibere,
3287 686 3548 760 alioquin

1900 768 2068 824 liccat
2117 771 2280 827 vobis
2339 772 2717 840 catholicum,
2771 791 2945 845 quem
3004 775 3352 842 malueritis,
3391 779 3553 840 adire

1900 860 2245 926 antistitem,
2279 865 2336 916 et
2393 862 2464 916 ab
2497 879 2562 917 eo
2617 863 3122 920 consecrationum
3178 873 3552 924 sacramenta

1900 948 2216 1020 suscipere,
2249 949 2348 1022 qui
2381 950 2708 1023 apostolica:
2737 952 2892 1007 sedis
2937 953 3125 1009 fultus
3175 956 3544 1023 auctoritate,

1901 1038 2053 1109 quod
2075 1038 2424 1109 postulatur,
2457 1039 2775 1113 indulgeat.
2811 1041 3074 1098 Obeunte
3105 1046 3160 1098 te
3212 1062 3367 1099 nunc
3414 1047 3544 1118 ejus

1899 1126 2006 1181 loci
2021 1127 2251 1197 abbate,
2268 1128 2354 1183 vel
2375 1133 2610 1184 tuorum
2629 1129 3328 1201 quolibetsuccessorum,
3347 1135 3545 1190 nullus

1900 1215 1976 1270 ibi
2019 1215 2684 1289 qualibetsubreptionis
2710 1219 2929 1275 astutia
2950 1237 3052 1277 seu
3083 1222 3361 1277 violentia
3390 1241 3540 1293 pras-

1899 1312 2171 1376 ponatur,
2207 1305 2317 1361 nisi
2346 1322 2519 1376 quem
2552 1307 2758 1362 fratres
2791 1310 3090 1363 communi
3118 1327 3429 1379 consensu,
3455 1311 3543 1367 vel

1899 1393 2141 1448 fratrum
2169 1411 2302 1465 pars
2324 1395 2551 1449 consilii
2596 1395 2844 1452 sanioris
2873 1399 3202 1453 secundum
3235 1399 3336 1454 Dei
3371 1401 3542 1456 timo-

1901 1497 2043 1549 rem,
2067 1487 2121 1536 et
2144 1481 2208 1536 D.
2233 1481 2525 1537 Benedicti
2551 1483 2810 1554 regulam
2837 1483 3138 1556 elegerint.
3156 1486 3240 1540 Ad
3247 1487 3541 1557 judicium

1899 1575 2094 1626 autem
2141 1575 2420 1642 perceptae
2452 1588 2486 1626 a
2517 1572 2779 1627 Romana
2833 1572 3089 1628 Ecclesia
3119 1572 3407 1630 libertatis
3449 1577 3540 1630 Bi-

1900 1660 2159 1716 zantium
2183 1676 2424 1716 aureum
2447 1660 2696 1732 singulis
2719 1661 2888 1716 annis
2913 1663 3289 1719 Lateranensi
3323 1664 3540 1738 palatio

1903 1748 2264 1822 persolvetis.

1822 1869 1868 1934 B
1973 1838 2032 1895 Si
2064 1855 2182 1910 qua
2211 1839 2392 1912 igitur
2422 1837 2814 1896 ecclesiastica
2870 1840 3235 1896 saecularisve
3291 1859 3543 1914 persona

1903 1929 2052 1984 hanc
2083 1933 2293 1984 nostras
2333 1928 2764 1983 constitutionis
2795 1927 3068 2000 paginam
3099 1931 3310 1997 sciens,
3344 1935 3544 1988 contra

1900 2034 2028 2073 eam
2076 2022 2293 2074 temere
2350 2016 2547 2072 venire
2608 2018 2929 2085 tentaverit,
2992 2020 3246 2092 secundo
3304 2021 3544 2076 tertiove

1901 2107 2274 2168 commonita,
2293 2105 2338 2159 si
2366 2121 2427 2160 se
2445 2122 2554 2160 non
2579 2106 2977 2162 satisfactione
2993 2124 3250 2179 congrua
3274 2111 3544 2165 emenda-

1900 2196 2063 2261 verit,
2097 2195 2400 2267 potestatis
2460 2194 2814 2268 honorisque
2869 2196 2960 2251 sui
3019 2196 3297 2272 dignitate
3328 2184 3540 2269 careat,

1901 2301 2178 2355 reamque
2237 2300 2297 2339 se
2329 2283 2524 2337 divino
2551 2283 2777 2354 judicio
2813 2285 3060 2340 existere
3116 2285 3186 2340 de
3215 2289 3545 2358 perpetrata

1901 2372 2207 2444 iniquitate
2237 2376 2570 2444 cognoscat,
2600 2377 2657 2426 et
2688 2389 2722 2427 a
2751 2373 3147 2428 sacratissimo
3179 2391 3420 2445 corpore
3480 2391 3546 2429 ac

1901 2463 2187 2534 sanguine
2221 2462 2313 2515 Dei
2341 2465 2397 2514 et
2428 2460 2659 2515 Domini
2719 2461 3104 2532 redemptoris
3163 2463 3348 2537 nostri
3407 2463 3548 2518 Jesu

1899 2549 2113 2606 Christi
2135 2549 2326 2604 aliena
2351 2551 2658 2620 ﬁat,atque
2680 2549 2739 2603 in
2767 2549 3010 2604 extremi
3037 2550 3243 2620 judicii
3279 2550 3545 2608 examine

1901 2639 2172 2695 districta;
2231 2637 2438 2692 ultioni
2488 2638 2806 2708 subjaceat.
2842 2637 3079 2693 Cunctis
3128 2643 3321 2716 autem
3354 2639 3542 2716 eidem

1896 2729 2198 2798 locojusta
2233 2725 2618 2791 servantibus,
2650 2725 2726 2781 sit
2755 2743 2865 2798 pax
2897 2726 3126 2782 Domini
3183 2727 3362 2782 nostri
3393 2715 3536 2784 Jesu

1895 2816 2130 2884 Christi,
2156 2821 2446 2888 quatenus
2495 2819 2552 2870 et
2588 2815 2683 2870 hic
2732 2816 2954 2871 fuctum
2987 2816 3123 2871 boni
3155 2819 3316 2872 actus
3348 2809 3534 2889 perci-

1895 2906 2075 2978 piant,
2109 2909 2165 2961 et
2195 2905 2348 2977 apud
2375 2903 2708 2959 districtum
2750 2905 3009 2975 judicem
3043 2906 3280 2977 praemia
3309 2910 3532 2962 aeternae

1891 2995 2052 3067 pacis
2085 2994 2399 3049 inveniant.
2431 2995 2636 3062 Amen,
2671 3010 2862 3061 amen,
2896 3010 3086 3048 amen.

1961 3084 2190 3154 Scripta
2220 3100 2321 3154 per
2369 3098 2610 3136 manum
2669 3069 3165 3152 Petri,hscriniarii
3225 3084 3373 3139 sacri
3425 3101 3532 3162 pa-

1888 3171 2009 3227 latii
2021 3213 2033 3226 .

135 3255 582 3326 praesentiarum
608 3235 863 3326 possidet
893 3254 1011 3309 sive
1036 3254 1091 3307 in
1127 3255 1388 3309 futurum
1411 3257 1572 3324 juste
1603 3260 1777 3327 atque
1807 3235 1850 3302 C
1962 3262 2109 3316 Data
2136 3259 2401 3315 Laterani
2426 3276 2485 3313 Ill
2511 3260 2705 3314 Nonas
2728 3260 2944 3332 Aprilis
2970 3279 3071 3332 per
3101 3279 3342 3343 manum
3364 3267 3547 3320 Joan-.

134 3344 417 3400 canonice
436 3343 677 3413 adipisci
703 3342 932 3414 poterit,
961 3343 1128 3397 ﬁrma
1151 3342 1253 3397 tibi
1280 3342 1515 3414 tuisque
1546 3361 1778 3401 succes-

133 3434 370 3489 soribus
401 3435 459 3486 et
487 3430 710 3487 illibata
741 3435 1138 3503 permaneant.

207 3520 588 3577 Decernimus
609 3535 744 3591 ergo
769 3524 832 3572 ut
854 3519 998 3574 nulli
1022 3519 1260 3574 omnino
1283 3519 1586 3576 hominum
1611 3521 1782 3577 liceat

132 3611 290 3666 idem
345 3609 770 3665 monasterium
827 3612 1043 3663 temere
1101 3609 1460 3680 perturbare,
1493 3615 1596 3664 aut
1651 3612 1779 3680 ejus

133 3698 539 3770 possessiones
561 3698 805 3763 auferre,
828 3696 914 3752 vel
946 3697 1171 3753 ablatas
1193 3696 1458 3765 retinere,
1494 3698 1774 3766 minuere,

133 3787 225 3843 vel
280 3787 613 3842 temerariis
669 3786 910 3856 fatigare
962 3785 1386 3851 vexationibus,
1428 3787 1528 3842 sed
1582 3788 1781 3842 omnia

136 3878 361 3948 integre
382 3881 794 3930 conserventur
815 3891 1036 3938 eorum,
1053 3891 1155 3945 pro
1205 3891 1457 3946 quorum
1489 3880 1777 3932 sustenta-

137 3964 293 4020 tione
312 3967 368 4019 et
390 3963 810 4035 gubernatione
827 3979 1102 4017 concessa
1133 3969 1290 4030 sunt,
1325 3964 1486 4020 salva
1498 3965 1776 4020 Constan-

132 4053 340 4108 tiensis
391 4052 690 4122 [episcopi]
724 4051 1001 4106 canonica
1059 4054 1398 4117 reverentia,
1432 4053 1523 4107 cui
1583 4059 1777 4109 tamen

136 4159 250 4197 non
283 4141 458 4196 liceat
513 4141 752 4195 omnino
806 4141 1162 4196 exactionem
1196 4140 1475 4212 aliquam,
1509 4142 1593 4196 vel
1643 4160 1777 4198 con-

137 4230 533 4294 suetudinem,
550 4247 676 4300 quae
689 4229 1043 4300 regularium
1062 4229 1243 4301 quieti
1266 4235 1486 4294 noceat,
1501 4232 1775 4303 irrogare.

134 4317 509 4374 Advocatiam
565 4317 753 4389 ipsius
812 4317 1150 4372 monasterii
1182 4323 1313 4388 post
1353 4319 1777 4374 Hartmannum

137 4407 480 4479 religiosum
511 4406 804 4472 comitem,
837 4405 1021 4461 haeres
1045 4407 1194 4476 ejus,
1229 4424 1402 4478 quem
1430 4409 1610 4462 abbas
1643 4425 1776 4463 cum

137 4496 414 4550 fratribus
434 4494 730 4567 elegerint,
764 4495 1166 4560 administrat;
1193 4496 1293 4566 qui
1326 4496 1371 4550 si
1405 4497 1777 4566 postmodum

1892 3349 2003 3415 nis,
2037 3355 2248 3404 sanctas
2283 3349 2553 3402 Romana:
2612 3347 2881 3404 Ecclesiae
2914 3349 3136 3405 diaconi
3198 3352 3533 3420 cardinalis,

1892 3455 2042 3494 anno
2082 3435 2385 3491 Dominica:
2447 3435 2869 3491 Incarnationis
2918 3439 3102 3506 1098;
3161 3429 3536 3510 pontificatus

1889 3544 2022 3582 vero
2043 3525 2242 3581 domni
2275 3523 2490 3579 Urbani
2523 3524 2569 3578 Il
2602 3541 2762 3595 papas
2795 3526 2881 3579 XI.

2503 3611 2826 3667 CCXXXIV.

2095 3702 2255 3757 Bulla
2289 3699 2494 3757 Urbani
2525 3703 2572 3754 Il
2593 3717 2693 3771 pro
2723 3702 2960 3757 Ecclesia
2994 3692 3312 3774 Urgellensi.

2503 3789 2689 3859 (Anno
2722 3790 2905 3862 1098.)
3213 3786 3215 3788 ’
3299 3789 3302 3792 ’

1997 3879 2237 3946 [ΜΛΒΟΛ,
2273 3879 2454 3934 Marce
2483 3879 2797 3950 Hispanica,
2826 3881 3112 3952 Append.,
3148 3898 3204 3952 p.
3239 3882 3422 3951 1270.]

1963 3970 2234 4025 Unsxnus
2265 3967 2812 4039 episcopus,servus
2836 3985 3137 4025 servorum
3172 3969 3288 4037 Dei,
3323 3969 3532 4025 dilecto

1892 4059 2053 4114 fratri
2077 4058 2281 4123 000m,
2301 4055 2620 4128 Urgellensi
2643 4056 2936 4128 episcopo,
2953 4051 3216 4130 ejusque
3232 4057 3533 4114 suecesso-

1892 4146 2052 4200 ribus
2081 4147 2356 4200 canonice
2390 4145 2802 4216 promovendis
2834 4145 2891 4200 in
2925 4151 3292 4219 perpetuum.

1959 4235 2143 4290 Justis
2160 4235 2306 4290 votis
2329 4250 2636 4289 assensum
2652 4235 3214 4307 prmberejustisque
3243 4235 3535 4306 petitioni-

1891 4323 2000 4377 bus
2059 4339 2228 4377 aures
2287 4323 2731 4377 accommodare
2793 4341 2897 4378 nos
2929 4324 3215 4390 convenit,
3245 4325 3368 4396 qui,
3402 4323 3537 4379 licet

1891 4410 2386 4482 indigni,justitia2
2405 4411 2674 4465 custodes
2694 4415 2869 4482 atque
2891 4429 3184 4484 praecones
3216 4412 3273 4468 in
3311 4413 3540 4469 excelsa

1890 4498 2280 4571 apostolorum
2318 4497 2645 4568 principum
2679 4499 2829 4554 Petri
2861 4504 2918 4554 et
2967 4500 3130 4556 Pauli
3165 4499 3401 4572 specula
3435 4518 3536 4572 po-

135 4581 489 4638 monasterio
521 4582 748 4637 inutilis
796 4583 988 4652 fuerit,
1023 4590 1242 4637 remoto
1295 4600 1360 4639 eo
1391 4585 1573 4638 alium
1634 4603 1776 4656 pras-
1817 4605 1856 4667 ί)
1889 4587 1985 4642 siti
2047 4587 2288 4641 Domino
2333 4586 2679 4655 disponente
2733 4587 3000 4642 videmur
3059 4589 3329 4643 existere.
3391 4589 3534 4644 Tuis

137 4670 352 4726 ticiant.
388 4669 760 4742 Sepulturam
793 4688 1023 4742 quoque
1053 4672 1316 4742 ejusdem
1378 4671 1484 4727 loci
1540 4674 1778 4729 omnino

138 4759 385 4814 liberam
407 4776 534 4814 esse
555 4759 947 4825 decernimus,
985 4765 1049 4814 ut
1093 4761 1432 4832 e-';rum,qui
1479 4759 1592 4816 illic
1617 4778 1777 4835 sepe-

137 4846 241 4903 lire
274 4847 738 4913 deliberaverint,
771 4847 1057 4904 devotiOni
1108 4853 1164 4902 et
1185 4853 1452 4903 extremas
1475 4850 1778 4912 voluntati,

139 4937 250 4991 nisi
300 4936 447 4990 forte
501 4937 987 4991 excommunicati
1068 4937 1206 5003 sint,
1255 4936 1452 4992 nullus
1512 4939 1778 4994 obsistat.

139 5025 423 5080 Praeterea
443 5040 721 5079 mansuro
741 5026 800 5079 in
819 5034 1166 5096 perpetuum
1199 5026 1426 5081 decreto
1459 5027 1780 5094 sancimus,

139 5118 205 5168 ut
247 5111 394 5168 nulli
430 5113 669 5168 omnino
703 5114 1020 5169 viventium
1052 5113 1241 5180 liceat,
1268 5113 1325 5167 in
1358 5120 1547 5170 vestro
1581 5133 1780 5171 mona-

140 5201 318 5258 sterio
333 5200 562 5272 aliquas
579 5202 950 5273 proprietatis
967 5203 1350 5268 conditiones,
1377 5220 1492 5258 non
1545 5203 1783 5260 haeredi-

141 5289 270 5346 tarii
290 5290 467 5358 juris;
499 5307 613 5345 non
637 5290 1010 5353 investiturae,
1035 5307 1136 5344 nec
1187 5289 1501 5360 cujuslibet
1531 5297 1783 5362 potesta-

141 5379 379 5450 tis,quoe
399 5377 651 5434 libertati
666 5384 720 5435 et
751 5379 932 5450 quieti
960 5380 1205 5434 fratrum
1230 5375 1781 5447 noceat,vindicare.

139 5467 428 5533 Chrisma,
453 5466 646 5522 oleum
679 5472 972 5535 Sanctum,
1007 5468 1471 5523 consecrationcs
1489 5469 1784 5538 altarium,

143 5556 260 5611 sive
283 5553 679 5623 basilicarum,
707 5555 1102 5613 ordinationes
1133 5557 1691 5630 monachorum,qui
1714 5561 1785 5616 ad

143 5657 338 5701 sacros
357 5644 590 5702 ordines
640 5645 856 5702 fuerint
880 5645 1274 5718 promovendi,
1298 5647 1371 5702 ab
1404 5647 1695 5720 episcopo,
1728 5649 1786 5704 in

1891 4677 2084 4748 igitur,
2107 4676 2280 4729 frater
2329 4673 2387 4728 in
2413 4673 2640 4727 Christo
2673 4674 3020 4730 charissiinc
3051 4676 3193 4738 Odo,
3219 4677 3402 4746 justis
3436 4693 3534 4747 pe-

1894 4764 2198 4820 titionibus
2241 4767 2584 4826 annuentcs,
2615 4766 2875 4816 sanctam
2912 4763 3307 4835 Urgellensem
3340 4763 3532 4818 Eccle-

1892 4854 2059 4919 siam,
2095 4853 2184 4907 cui
2221 4855 2453 4906 auctore
2505 4849 2619 4904 Deo
2652 4850 2949 4920 praesides,
2983 4852 3314 4924 apostolicae
3374 4851 3564 4908 sedis

1893 4942 2235 4996 auctoritate
2266 4939 2586 4994 munimus.
2611 4938 2936 4994 Statuimus
2968 4942 3122 4996 enim
3157 4945 3224 4996 ut
3268 4941 3539 4997 universa

1895 5048 2020 5102 qua:
2045 5031 2206 5100 juste
2237 5030 2306 5084 ad
2339 5029 2604 5084 eamdem
2662 5027 2977 5085 Ecclesiam
3036 5031 3156 5086 sive
3201 5030 3535 5103 'parocbiali

1895 5119 2011 5176 sive
2072 5117 2451 5190 proprietario
2501 5118 2634 5187 jure
2693 5117 2981 5188 pertinere
3037 5125 3380 5187 noscuntur,
3430 5119 3538 5174 tibi

1895 5207 2129 5278 tuisque
2185 5206 2622 5262 successoribus
2677 5204 2862 5261 libera
2921 5224 3152 5282 semper
3209 5213 3266 5264 et
3316 5209 3539 5264 illibata

1897 5300 2220 5358 serventur,
2245 5294 2466 5349 scilicet
2485 5295 2890 5352 Cerdaniensis
2913 5313 3120 5370 pagus,
3148 5297 3533 5365 Libianensis,

1896 5383 2349 5458 Bcrgitanensis,
2402 5383 2772 5453 Paliarensis,
2824 5385 3296 5455 Ribacurcensis,
3335 5391 3537 5443 Gesta-

1895 5474 2137 5540 bicnsis,
2167 5471 2568 5538 Cordosensis,
2600 5473 2966 5543 Anabiensis,
2997 5475 3340 5544 Tirbiensis,
3375 5481 3431 5530 ct
3461 5476 3540 5530 lo-

1897 5581 2029 5618 cum
2062 5564 2284 5618 Sanctaa
2315 5561 2578 5616 Dcodatze
2611 5579 2742 5618 cum
2771 5565 2987 5621 ﬁnibus
3009 5566 3154 5634 suis,
3179 5571 3436 5621 castrum
3467 5565 3539 5619 de

1896 5653 2113 5710 Gisona
2162 5667 2294 5707 cum
2352 5648 2626 5705 omnibus
2675 5654 2938 5710 terminis
2971 5655 3115 5721 suis,
3149 5658 3408 5710 castrum
3469 5653 3538 5708 de
