3958 6358
363 345 485 411 803

378 571 566 628 Beataa
617 568 810 625 Mariae
842 569 1094 626 Celaenae
1127 587 1260 627 cum
1293 571 1566 628 omnibus
1600 571 1711 626 sibi
1735 572 2025 643 pertinen-

382 659 568 728 tibus,
583 661 843 716 castrum
867 661 1074 732 Aguda
1096 660 1165 715 de
1180 659 1469 715 Vallearia
1489 677 1622 715 cum
1644 660 1862 716 ﬁnibus
1875 663 2021 727 suis,

385 754 644 806 castrum
672 749 847 805 Clusa
875 766 1009 805 cum
1040 750 1258 806 finibus
1290 750 1434 820 suis,
1469 754 1730 805 castrum
1763 750 2026 823 Figerola

385 842 442 894 et
461 838 758 896 Fontaned
791 854 920 893 cum
947 838 1224 894 omnibus
1253 854 1453 894 eorum
1475 839 1864 910 pertinentiis,
1897 855 2021 894 cas-

381 931 540 982 trum
557 928 1090 995 Perarua,castrum
1107 926 1296 983 Sallen
1307 932 1410 995 t,et
1421 927 1561 983 villa
1573 928 1958 984 Montaniccel
1969 932 2024 984 et

380 1016 452 1072 de
476 1015 708 1072 Cubilar
728 1032 862 1072 cum
884 1015 1100 1071 ﬁnibus
1138 1032 1360 1082 earum,
1395 1020 1652 1072 castrum
1685 1017 2024 1072 Corneliana

379 1121 515 1160 cum
535 1105 806 1162 terminis
823 1105 966 1172 suis,
990 1110 1047 1161 et
1073 1104 1210 1160 villa
1231 1105 1450 1160 Tossen
1475 1121 1610 1160 cum
1629 1105 1848 1161 ﬁnibus
1873 1107 2018 1171 suis,

377 1198 639 1252 castrum
689 1195 862 1251 Turis
888 1200 944 1251 et
983 1195 1122 1250 villa
1164 1195 1462 1262 Biscaran,
1488 1199 1546 1250 et
1574 1194 1712 1250 villa
1740 1195 2020 1251 Archavel

377 1299 514 1340 cum
535 1300 736 1340 earum
751 1283 1137 1357 pertinentiis,
1153 1286 1211 1338 et
1224 1281 1434 1338 vallem
1461 1284 1724 1339 Andorra
1743 1301 1878 1340 cum
1901 1301 2022 1339 om-

374 1372 552 1439 nibus
584 1372 804 1429 ﬁnibus
834 1373 978 1441 suis,
1014 1376 1270 1428 castrum
1319 1372 1442 1427 Rivi
1479 1372 1728 1443 Matrici,
1761 1377 2019 1430 castrum

375 1460 694 1528 Colomers,
713 1465 971 1517 castrum
989 1462 1221 1530 Sarred,
1244 1465 1503 1518 castrum
1522 1461 1743 1530 Arnoll,
1760 1468 2021 1518 castrum

375 1549 662 1619 Archalis,
697 1565 831 1606 cum
865 1550 1140 1605 omnibus
1168 1566 1371 1606 eorum
1402 1550 1791 1622 pertinentiis,
1811 1556 1868 1607 et
1885 1551 2023 1607 villa

377 1639 565 1707 Saort,
589 1641 645 1694 et
658 1637 800 1694 villa
838 1640 1208 1710 Languanes,
1227 1643 1285 1694 et
1310 1638 1450 1694 villa
1472 1640 1860 1712 Aquatepida,
1893 1640 2020 1695 Cal-

374 1727 669 1783 biciniano
702 1731 759 1782 et
790 1729 1021 1792 Feners,
1055 1731 1112 1782 et
1142 1728 1251 1783 sub
1285 1731 1480 1783 monte
1510 1731 1567 1782 et
1596 1727 1787 1795 Alass,
1819 1729 2018 1797 Leton,

375 1815 712 1916 Clopedera,
747 1816 879 1916 ges,
929 1815 1194 1914 Sardine,
1221 1816 1433 1916 “ambae
1483 1815 1815 1916 .Nocolo‘n‘m,
1841 1819 2020 1916 ani-bo
2053 1851 2102 1916 Β

376 1906 688 1973 Boxedera,
719 1903 918 1960 villam
975 1904 1162 1960 sancti
1220 1904 1518 1974 Stephani,
1552 1909 1609 1959 et
1647 1905 1784 1961 villa
1839 1905 2027 1978 ipsius

379 1995 536 2054 sedis
561 1993 941 2067 Urgellensis,
961 2009 1095 2047 cum
1115 1993 1390 2048 omnibus
1414 2009 1616 2048 earum
1638 1994 2026 2065 pertinentiis.

378 2086 446 2144 In
466 2083 797 2140 Ausonensi
823 2081 1100 2155 parochia
1114 2084 1376 2136 castrum
1397 2082 1468 2136 de
1491 2082 1802 2151 Turizella,
1828 2084 2031 2140 castel-

378 2173 496 2230 leto
529 2175 742 2230 subtus
783 2172 1072 2237 Menresa,
1105 2167 1264 2226 salvo
1304 2171 1627 2242 parochiali
1669 2173 1804 2243 jure
1847 2174 2031 2230 Anse-

376 2261 580 2326 nensis
636 2261 913 2334 episcopi.
945 2259 1374 2316 Conﬁrmamus
1429 2261 1605 2316 etiam
1635 2262 1740 2317 tibi
1797 2264 2033 2336 tuisque

382 2351 824 2410 successoribus
874 2349 1110 2406 tertiam
1134 2352 1358 2422 partem
1393 2349 1606 2405 telonei
1640 2351 1761 2408 sive
1792 2355 2032 2408 mercati

323 2445 328 2450 “
381 2441 444 2498 in
468 2441 744 2498 omnibus
774 2437 918 2495 locis
949 2439 1022 2493 ad
1053 2441 1312 2494 vestrum
1362 2439 1702 2512 episcopum
1735 2441 2029 2512 pertinen-

382 2531 564 2599 tibus,
599 2527 891 2602 primitias
918 2543 1150 2600 quoque
1175 2545 1241 2584 ac
1295 2529 1552 2585 decimas
1583 2531 1907 2586 secundum
1938 2549 2030 2586 ca-

381 2622 624 2682 nonicas
637 2617 970 2674 sanctiones
981 2617 1741 2691 distribuendas.Quidquid
1755 2623 2033 2692 praeterea

380 2707 912 2784 imprmsentiarum
936 2711 1126 2763 vestra
1147 2705 1406 2763 Ecclesia
1422 2708 1582 2778 juste
1613 2707 1894 2780 possidet,
1911 2710 2031 2766 sive

381 2800 444 2856 in
477 2801 744 2854 futurum
776 2798 932 2868 iuste
971 2800 1146 2868 atque
1191 2795 1469 2852 canonice
1517 2797 1731 2867 poterit
1761 2797 2026 2869 adipisci,

381 2889 489 2944 tibi
507 2885 740 2958 tuisque
760 2885 1200 2942 successoribus
1213 2885 1450 2939 ﬁrmum
1474 2901 1594 2940 sem
1602 2886 2030 2959 perintegrum-

383 2993 496 3050 que
525 2978 882 3048 permaneat.
906 2975 990 3030 Ad
1045 2974 1168 3029 haec
1225 2973 1565 3044 adjicientes
1616 2975 1931 3031 statuimus
1964 2981 2030 3032 ut

379 3065 668 3140 parochias
689 3068 892 3122 vestrae
919 3063 1114 3120 clerici
1147 3061 1370 3118 nullius
1393 3063 1690 3120 saecularis
1722 3065 2027 3137 potestatis

379 3153 843 3212 districtionibus
900 3153 1264 3220 addicantur,
1300 3153 1401 3208 sed
1457 3153 1628 3223 juxta
1686 3159 2022 3210 sanctorum

1675 349 1745 410 B.
1792 348 2084 412 URBANI
2128 349 2182 411 ῙΙ
2225 349 2473 412 ΡΑΡΕ.

374 480 602 538 Lanera
626 493 760 535 cum
782 477 1001 537 ﬁnibus
1023 479 1166 549 suis,
1182 483 1441 537 castrum
1452 480 1690 538 Celsona
1703 485 1759 538 et
1775 480 2018 539 ecclesia
2047 483 2105 552 Α

3657 349 3780 412 504

2805 484 3106 544 CCXXXV.

2136 573 2392 649 Urtaaus
2432 574 2718 648 Landul/‘o,
2771 579 3060 649 praeposito
3107 575 3348 649 ecclesia:
3388 575 3444 631 S.
3503 575 3785 649 Ambrosii

2202 645 2649 713 Mediolancnsis,
2669 645 2863 703 asserit
2885 645 2921 698 '«
2956 649 3152 703 altaris
3210 647 3434 717 majoris
3481 647 3784 704 oblationes

2203 725 2253 771 et
2275 726 2595 790 camerarum
2625 719 2888 774 altarium
2933 735 3056 789 qum
3104 722 3254 774 intra
3280 720 3516 790 parietes
3545 721 3785 776 ecclesiae

2205 790 2267 842 Β.
2300 789 2576 844 Ambrosii
2601 794 2810 845 statuta
2839 800 2968 845 sunt
2996 791 3079 846 vel
3100 789 3428 856 statueiztur,
3463 811 3492 840 »

2755 879 2938 949 (Anno
2971 879 3157 946 1098.)

2131 963 2405 1036 [GIULINI,
2456 966 2708 1023 Memorie
2727 965 3346 1107 tdiIVIllilaia-solatiiilano
3392 967 3553 1038 1760,
3606 965 3782 1036 ἱππ-4ο,

2757 1081 2769 1092 .
2884 1080 2897 1104 ,
2930 1054 2986 1107 p.
3135 1078 3147 1090 .

2757 1081 2769 1092 .
2805 1054 2897 1104 ιν,
2930 1054 2986 1108 p.
3019 1054 3147 1092 ore.

2785 1125 3114 1181 CCXXXVI.

2129 1215 2293 1270 Bulla
2325 1214 2530 1271 Urbani
2558 1215 2607 1269 ΙΙ
2629 1230 2784 1285 papae
2811 1231 2910 1284 pro
2952 1216 3286 1269 monasterio
3333 1216 3459 1271 Jesu
3505 1217 3784 1272 Nazareni

2628 1283 2841 1355 (Montis
2872 1285 3284 1356 Aragonemis.)

2755 1375 2940 1445 (Anno
2973 1374 3159 1443 1098.)

2131 1463 2366 1533 [.AYNSA,
2421 1461 3146 1536 Fundaciorgexceleucias,
3205 1463 3507 1536 grandem
3565 1481 3600 1536 y
3631 1480 3788 1521 cosas

2419 1579 2422 1584 .
2473 1533 2830 1589 memorables
2849 1534 2916 1604 de
2945 1535 3172 1600 Huesca,
3203 1533 3261 1606 p.
3295 1535 3444 1605 455.]

2201 1621 2474 1677 URBANUS
2515 1623 2846 1695 episcOpus,
2875 1639 3077 1680 servus
3138 1640 3438 1679 servorum
3488 1623 3608 1693 Dei,
3643 1624 3788 1680 cha-

2130 1710 2365 1766 rissimo
2389 1710 2506 1766 ﬁlio
2529 1711 2780 1767 Exmmo
2803 1711 3135 1783 praeposito,
3160 1715 3216 1766 et
3247 1712 3469 1768 caeteris
3506 1712 3793 1770 fratribus

2131 1798 2428 1854 canonicis
2466 1799 2696 1855 Domini
2747 1801 2934 1856 nostri
2981 1800 3120 1858 Jesu
3153 1801 3435 1857 Nazareni
3466 1817 3792 1874 eorumque

2144 1887 2582 1944 successoribus
2613 1888 2670 1943 in
2706 1893 3072 1961 perpetuum,
3106 1893 3214 1945 etc.

2211 1979 2310 2049 (Es
2338 1994 2403 2032 su
2431 1977 2625 2033 data...
2646 1978 2915 2034 Laterani
2951 1995 3056 2051 per
3085 1995 3327 2035 manum
3348 1979 3614 2048 Joannis,
3649 1997 3791 2042 san-

2141 2070 2243 2122 ctae
2265 2066 2534 2122 Romanae
2563 2065 2835 2123 Ecclesia
2884 2067 3112 2124 diaconi
3158 2067 3493 2134 cardinalis,
3530 2086 3584 2124 IV
3605 2069 3793 2127 Nonis

2142 2155 2299 2223 Maii,
2331 2154 2646 2212 indictione
2674 2173 2752 2223 v1,
2787 2156 3209 2213 Incarnationis
3256 2156 3572 2213 Dominicm
3633 2176 3793 2216 anno

2140 2243 2300 2311 1099,
2329 2244 2701 2316 pontiﬁcatus
2759 2249 2957 2301 autem
3016 2246 3218 2302 domni
3277 2246 3492 2302 Urbani
3533 2247 3582 2302 ΙΙ
3625 2263 3793 2322 papa:

2141 2350 2293 2390 anno
2324 2351 2398 2388 XI.

2781 2421 3128 2480 CCXXXVII.

2144 2510 2349 2568 Urbani
2396 2510 2623 2585 epistola
2661 2510 2750 2585 ad
2795 2511 3012 2566 Petrum
3040 2512 3319 2568 Oscense-m
3355 2514 3690 2585 episcopum.
3722 2543 3793 2554 --

2213 2530 2348 2566 vam
2396 2530 2623 2582 epzswm
2668 2530 2738 2565 aa
2795 2530 3012 2566 rarum
3040 2530 3319 2568 uscense-m
3355 2530 3384 2568 ε
3425 2530 3690 2585 molium.
3722 2543 3790 2554 --

2213 2587 2504 2666 Qsceiisem
2549 2583 2845 2638 Ecclesium
2891 2591 3054 2654 caput
3088 2585 3337 2640 Jacensi:
3367 2530 3632 2643 Ecclesia?
3660 2601 3790 2642 con-

2209 2658 2420 2709 stituit.

2587 2795 2640 2796 "
2743 2724 2930 2796 (Anno
2969 2725 3147 2796 1098.)

2565 2795 2794 2862 [ΜΑΝεμ
2822 2795 3026 2851 Concil.
3059 2795 3172 2863 XX,
3203 2797 3330 2851 702.

2210 2883 2488 2939 Uasmvs
2511 2883 2842 2956 cpiscopus,
2858 2901 3060 2940 servus
3077 2901 3375 2942 servorum
3393 2885 3514 2956 Dei,
3541 2901 3785 2944 venera-

2136 2972 2241 3029 bili
2263 2973 2427 3028 fratri
2451 2972 2912 3038 Psrao,Oscensi
2943 2973 3235 3046 episcopo,
3269 2976 3513 3048 ejusque
3543 2993 3780 3034 succes-

2136 3061 2369 3118 soribus
2401 3061 2677 3118 canonice
2707 3063 3118 3134 promovendis
3149 3063 3210 3118 in
3239 3069 3611 3136 perpetuum.

2207 3149 2678 3206 Miserationibus
2691 3149 2922 3210 Domini
2947 3150 3302 3223 multiplices
3324 3169 3357 3207 a
3378 3153 3547 3210 nobis
3567 3154 3790 3226 gratia-

381 3259 672 3301 canonum
701 3243 972 3300 instituta
1001 3216 1316 3313 episcopali
1348 3216 1579 3313 semper
1625 3241 1744 3298 sint
1802 3243 2022 3300 subditi
2055 3216 2097 3283 Ο
2135 3256 2266 3296 rum
2293 3240 2584 3296 habentur
2633 3239 2912 3308 actiones,
2938 3239 3076 3311 quia
3106 3216 3240 3313 post
3270 3241 3459 3298 multa
3485 3216 3781 3301 annorum

381 3332 722 3405 disciplinas.
744 3331 802 3388 Si
827 3330 959 3403 quis
1000 3347 1140 3386 sane
1169 3330 1229 3384 in
1261 3330 1586 3386 crastinum
1634 3331 2024 3405 archiepisco-

379 3439 512 3495 pus,
564 3422 899 3495 imperator,
935 3437 1052 3486 rex,
1085 3419 1374 3492 princeps,
1410 3423 1511 3475 aut
1567 3421 1702 3489 dux,
1737 3421 2020 3490 marchio,

379 3527 593 3581 comes,
625 3511 966 3576 vicecomes,
990 3510 1174 3580 judex
1198 3512 1299 3564 aut
1323 3508 1719 3566 ecclesiastica
1749 3511 2022 3582 quaelibet

375 3600 744 3659 saecularisve
766 3598 1197 3673 persona,hanc
1217 3601 1427 3655 nostrae
1460 3598 1896 3656 constitutionis
1927 3617 2022 3671 pa-

375 3690 574 3764 ginam
599 3689 813 3757 sciens,
837 3693 1040 3745 contra
1062 3704 1192 3744 eam
1215 3692 1434 3744 temere
1465 3688 1660 3744 venire
1689 3689 2018 3757 tentaverit,

373 3781 630 3838 secundo
652 3779 894 3834 tertiove
915 3777 1290 3846 commonita,
1315 3777 1364 3834 si
1395 3795 1458 3834 se
1475 3795 1591 3833 non
1622 3777 2018 3834 satisfactione

374 3885 632 3941 congrua
651 3865 1066 3933 emendaverit,
1093 3867 1398 3938 potestatis
1431 3867 1786 3938 honorisque
1816 3867 1906 3922 sui
1929 3867 2017 3922 di-

375 3958 598 4032 gnitate
628 3959 841 4026 careat,
867 3971 1142 4028 reamque
1173 3973 1234 4012 se
1274 3956 1471 4012 divino
1511 3955 1735 4026 judicio
1775 3955 2018 4012 existere

375 4049 453 4103 de
473 4048 804 4118 perpetrata
823 4044 1126 4117 iniquitate
1138 4049 1472 4118 cognoscat,
1488 4049 1545 4100 et
1565 4063 1598 4100 a
1619 4044 2016 4100 sacratissimo

375 4151 614 4209 corpore
663 4151 729 4193 ac
785 4135 1070 4208 sanguine
1100 4134 1202 4192 Dei
1233 4139 1291 4191 et
1313 4133 1540 4191 Domini
1572 4134 1755 4190 nostri
1789 4134 2012 4189 redem-

374 4225 559 4299 ptoris
588 4225 727 4282 Jesu
759 4224 974 4282 Christi
1003 4225 1193 4282 aliena
1249 4226 1370 4291 ﬁat,
1404 4228 1580 4295 atque
1640 4223 1699 4278 in
1759 4227 2015 4278 extremo

373 4315 640 4373 examine
665 4313 939 4371 districtis
964 4315 1174 4372 ultioni
1205 4315 1525 4386 subjaceat.
1549 4311 1786 4368 Cunctis
1819 4315 2014 4368 autem

373 4405 563 4461 eidem
585 4403 709 4460 loco
743 4405 907 4476 justa
945 4404 1312 4461 servantibus
1338 4403 1414 4458 sit
1434 4419 1546 4474 pax
1574 4400 1799 4457 Domini
1833 4401 2012 4456 nostri

370 4494 512 4552 Jesu
536 4493 1046 4567 Chisti,quatenus
1085 4498 1141 4550 et
1162 4493 1256 4548 hic
1288 4493 1542 4548 fructum
1575 4491 1738 4546 bona:
1764 4489 2012 4546 actionis

2131 3346 2200 3385 cu
2209 3329 2323 3385 rric
2332 3328 2427 3384 ula
2436 3328 2654 3384 nostris
2668 3328 3044 3400 potissimum
3073 3330 3441 3402 temporibus
3457 3331 3784 3389 Christiani

2131 3418 2328 3491 populi
2359 3433 2668 3490 pressuras
2709 3417 2982 3484 relevare,
3015 3418 3192 3474 fidem
3223 3419 3476 3476 exaltare
3505 3421 3786 3494 dignatus

2129 3506 2477 3563 est.Nostris
2499 3507 2792 3578 siquidem
2820 3506 3028 3562 diebus
3053 3507 3114 3562 in
3134 3508 3272 3564 Asia
3291 3509 3536 3580 Turcos,
3564 3509 3632 3566 .in
3666 3512 3785 3568 Eu-

2129 3613 2269 3668 ropa
2322 3596 2557 3652 Mauros
2613 3595 3080 3652 Christianorum
3111 3596 3336 3654 viribus
3362 3597 3696 3666 debellavit,
3729 3604 3786 3656 et

2128 3685 2300 3741 urbes
2325 3685 2625 3756 quondam
2648 3684 2906 3740 famosas
2929 3683 3228 3754 religionis
3245 3701 3365 3740 suae
3388 3686 3573 3742 cultui
3595 3688 3787 3760 gratia

2127 3773 2503 3846 prOpensiore
2563 3772 2837 3828 restituit.
2873 3776 3032 3828 Inter
3089 3789 3236 3845 quas
3277 3774 3486 3830 Oscam
3533 3791 3783 3849 quoque

2127 3861 2478 3933 pontiﬁcalis
2501 3861 2788 3918 cathedra
2807 3861 3011 3916 urbem
3026 3860 3450 3918 Saracenorum
3475 3864 3786 3935 tyrannide

2125 3949 2432 4005 liberatam
2470 3949 2804 4005 charissimi
2855 3948 2961 4003 ﬁlii
2996 3950 3179 4005 nostri
3209 3950 3360 4005 Petri
3390 3952 3787 4024 Aragonensis

2126 4038 2280 4110 regis
2310 4037 2590 4094 instantia
2633 4037 2930 4094 catholicae
2962 4054 3082 4093 suae
3122 4037 3389 4094 Ecclesize
3422 4040 3783 4097 reformavit.

2125 4127 2377 4199 .Equum
2404 4127 2585 4199 igitur
2607 4127 2727 4182 fore
2749 4127 3168 4199 perpendimus
3186 4132 3252 4182 ut
3287 4132 3344 4183 et
3373 4145 3480 4184 nos
3511 4130 3779 4202 omnipo-

2126 4215 2304 4271 tentis
2331 4214 2430 4270 Dei
2463 4215 2885 4286 benignitatem
2922 4214 3048 4286 ipso
3080 4220 3393 4286 prazstante
3422 4216 3776 4276 liberalitate

2125 4308 2337 4361 sancta:
2361 4305 2515 4360 sedis
2529 4303 2858 4376 apostolicis
2881 4319 3330 4375 prosequamur,
3364 4309 3422 4360 et
3450 4306 3542 4360 cui
3581 4306 3778 4362 multi-

2124 4393 2262 4467 plici
2285 4391 2658 4449 miseratione
2681 4392 2804 4462 ipse
2827 4391 2964 4446 ﬁdei
2985 4409 3104 4447 suae
3139 4393 3392 4448 reddidit
3420 4392 3774 4462 libertatem,

2125 4487 2181 4538 et
2209 4499 2315 4539 nos
2371 4497 2604 4553 quoque
2636 4480 3020 4536 restituamus
3078 4481 3427 4554 episcopalis
3485 4482 3776 4539 cathedris

370 4583 716 4656 percipiant,
748 4587 805 4639 et
862 4585 1019 4656 apud
1079 4581 1410 4638 districtum
1456 4580 1720 4651 judiccm
1775 4579 2012 4652 praemia
2041 4589 2088 4653 D
2121 4571 2487 4644 dignitatem.
2517 4568 2824 4626 Praesentis
2870 4585 3006 4641 ergo
3043 4570 3258 4625 decreti
3283 4570 3631 4628 auctoritate
3655 4575 3776 4628 sta-

371 4678 597 4730 aeterna
629 4673 788 4745 pacis
818 4671 1136 4728 inveniant.

439 4762 731 4834 Scriptum
788 4779 892 4834 per
937 4777 1148 4816 manus
1177 4759 1442 4827 Joannis,
1477 4764 1686 4814 sanctae
1747 4757 2008 4815 Ecclesiae

371 4852 646 4908 Romana
694 4850 1004 4917 scriniarii,
1034 4847 1398 4906 Constantini
1453 4847 1578 4913 ﬁlii,
1613 4847 1671 4903 in
1705 4865 1904 4904 mense
1953 4852 2011 4903 et

368 4940 685 4997 indictione
714 4941 1065 5012 subscripta.

440 5030 653 5086 Datum
676 5029 944 5086 Laterani
967 5045 1068 5100 per
1098 5043 1341 5083 manum
1370 5027 1631 5092 Joannis,
1653 5029 1864 5082 sanctae
1895 5026 2010 5082 R0-

375 5136 562 5176 manae
593 5118 859 5176 Ecclesiae
893 5117 1122 5174 diaconi
1155 5115 1489 5184 cardinalis,
1520 5132 1620 5172 vm
1649 5117 1786 5171 Idus
1840 5115 2013 5186 Apri-

367 5209 464 5276 lis,
520 5208 839 5266 indictione
880 5225 958 5275 vx,
1010 5223 1162 5262 anno
1223 5206 1535 5261 Dominicae
1593 5203 2012 5260 Incarnationis

371 5299 532 5366 1098,
565 5299 944 5372 pontiﬁcatus
1003 5300 1200 5353 autem
1257 5295 1482 5352 domini
1525 5295 1736 5373 Urbani
1770 5292 2012 5350 secundi

369 5405 531 5462 papae
566 5407 642 5446 x1.

2120 4662 2343 4717 tuimus
2365 4663 2431 4715 ut
2454 4659 2657 4715 eadem
2679 4657 2953 4714 Oscitana
2974 4657 3241 4726 ecclesia,
3265 4659 3448 4715 totius
3478 4659 3774 4732 parochias

2121 4769 2247 4824 quae
2274 4766 2428 4806 nunc
2469 4746 2734 4804 Jaccensi
2766 4745 3032 4802 Ecclesiae
3066 4746 3304 4802 subdita
3333 4750 3441 4815 est,
3477 4750 3534 4802 et
3584 4748 3778 4820 ipsius

2117 4838 2416 4897 Jaccensis
2443 4835 2738 4903 Ecclesiae,
2762 4840 2942 4908 caput
2963 4836 3240 4907 deinceps
3265 4836 3629 4908 temporibus
3651 4853 3778 4909 per-

2119 4928 2312 5002 petuis
2332 4926 2636 4982 habeatur.
2653 4925 2840 4980 Locus
2865 4928 3062 4980 autem
3097 4923 3447 4996 episcopalis
3481 4925 3772 4981 cathedra

2119 5019 2177 5074 in
2209 5014 2417 5087 majori
2448 5013 2532 5069 illi
2564 5014 2809 5070 mezcita
2846 5018 3127 5081 servetur,
3161 5029 3337 5084 quam
3373 5013 3569 5070 Sancii
3609 5014 3772 5086 regis

2121 5108 2270 5162 dono
2321 5106 2744 5160 Saracenorum
2798 5103 3164 5175 temporibus
3212 5101 3476 5158 canonici
3533 5103 3769 5158 Domini

2120 5194 2455 5250 nostriJesu
2469 5191 2967 5248 ChristiNazareni
2983 5191 3387 5264 possederant,
3421 5192 3524 5248 sed
3558 5191 3768 5249 Petrus

2121 5285 2248 5356 ejus
2303 5282 2460 5336 ﬁlius
2492 5297 2588 5335 rex
2641 5284 2752 5335 tua;
2783 5281 3134 5336 fraternitati
3165 5283 3338 5353 capta
3365 5280 3598 5338 civitate
3626 5297 3767 5339 con-

2121 5371 2298 5431 cessit
2343 5389 2356 5439 ;
2395 5371 2563 5442 cujus
2614 5369 2792 5425 etiam
2829 5370 2982 5426 dona
3016 5373 3224 5426 caetera
3266 5373 3472 5426 vestra:
3507 5369 3766 5428 ecclesia:

2122 5461 2350 5527 collata,
2367 5476 2480 5515 non
2514 5459 2815 5531 praesentis
2832 5459 3045 5515 decreti
3069 5459 3762 5526 auctoritate’ﬁrmamus,

2121 5558 2178 5609 et
2201 5551 2474 5608 universa
2509 5547 2740 5620 praedia,
2764 5548 2883 5604 sive
2908 5550 3327 5621 possessiones,
3374 5554 3474 5606 aut
3501 5549 3763 5606 redditus

2121 5639 2494 5714 vectigalium
2527 5652 2632 5696 seu
2662 5637 3036 5709 tributorum,
3069 5656 3197 5712 quae
3246 5640 3411 5698 bonae
3465 5639 3758 5698 memorial
