3958 6362
368 343 485 406 507

1668 337 1740 401 B.
1787 335 2082 404 URBANI
2124 333 2177 398 li
2219 333 2475 401 ΡΛΡᾸΞ.

3655 339 3775 404 508

440 479 651 538 Datum
682 475 907 535 Salerni
940 493 1043 551 per
1091 493 1300 534 manus
1341 473 1604 543 Joannis,
1638 477 1848 531 sancte
1900 472 2011 528 Ro-
2041 470 2096 537 Α
2127 472 2309 529 nostri
2341 468 2697 546 Gregorii,ob
2720 471 3057 546 petitionem
3072 469 3591 534 nihilominustam
3606 474 3773 532 tuam

371 589 556 628 mante
587 569 855 626 Ecclesiae
905 567 1156 636 diaconi,
1188 567 1355 623 tertio
1405 567 1598 623 Nonas
1645 563 1806 629 Julii,
1857 563 2011 618 indi-

369 661 580 716 ctionis
627 659 909 731 septimm,
961 675 1112 713 anno
1162 656 1537 729 pontiﬁcatus
1595 653 1777 710 nostri
1830 652 2009 708 unde-

369 750 540 806 cimo.

1093 886 1288 941 CCXL.

369 979 634 1050 Alpheae,
683 977 1084 1050 arnhiepisropo
1122 976 1488 1050 Salernitano,
1538 975 1759 1050 ejusque
1799 987 2009 1050 succes-

436 1045 646 1104 soribus
698 1045 1075 1104 Acha-entiam
1110 1051 1158 1101 et
1206 1047 1548 1101 Consentium
1594 1045 2009 1114 provinciarum

432 1124 737 1193 primatum
765 1121 976 1181 asserit,
1008 1123 1214 1190 petente
1243 1119 1464 1184 Βορεήο
1495 1116 1647 1170 duce.

985 1226 1169 1294 (Anno
1204 1225 1404 1310 1Q98.)‘

673 1333 965 1404 [Ueni-mu,
1000 1332 1164 1388 Italia
1193 1346 1369 1394 sacra,
1395 1329 1516 1394 VII,
1551 1327 1700 1398 393.]

434 1459 710 1513 Uneasus
741 1455 1067 1527 episcopus,
1101 1470 1300 1508 servus
1332 1469 1632 1508 servorum
1655 1450 1774 1518 Dei,
1795 1450 2005 1506 dilecto

363 1547 524 1603 fratri
558 1550 850 1614 ALPHANO,
878 1541 1240 1598 Salernitano
1275 1540 1734 1612 archiepisc0po,
1759 1539 2004 1610 ejusque

363 1633 802 1693 successoribus
859 1631 1132 1687 canonice
1197 1627 1607 1702 promovendis
1673 1627 1731 1682 in
1800 1644 2002 1699 perpe-

361 1729 553 1782 tuum.

2122 580 2299 636 quam
2314 561 2644 619 charissimi
2659 561 2761 618 ﬁlii
2777 563 2956 620 nostri
2977 563 3144 620 ducis
3168 563 3524 638 Rogerii,qui
3539 581 3776 637 semper

2122 651 2451 725 apostolica:
2505 652 2628 708 sedi
2679 651 2928 708 ﬁdeliter
2985 653 3298 709 obsecutus
3348 658 3458 724 est,
3503 657 3774 710 veterum

2121 743 2296 797 etiam
2366 740 2630 798 Ecclesia:
2687 746 2890 797 vestra:
2945 741 3382 815 privilegiorum
3439 743 3769 801 rationibus

2120 830 2438 898 informati,
2499 830 2627 897 tibi,
2677 830 2951 902 deinceps
3007 830 3244 904 tuisque
3303 831 3771 902 successoribus,

2120 936 2296 991 super
2325 919 2653 974 Consanam
2686 923 2743 974 et
2771 919 3228 975 Acheruntinam
3269 920 3555 976 Ecclesias
3587 924 3643 975 et
3673 938 3770 977 ea-

2121 1026 2250 1062 rum
2284 1009 2681 1080 suﬁ‘raganeos
2713 1007 3032 1079 primatum
3076 1025 3274 1082 gerere
3322 1025 3390 1064 ex
3437 1009 3770 1081 apostolica

2119 1097 2274 1152 sedis
2319 1095 2662 1151 liberalitate
2694 1096 3087 1152 concedimus.
3121 1097 3236 1153 Has
3261 1097 3542 1153 nimirum
3573 1098 3767 1155 Eccle-

2117 1186 2257 1252 sias,
2289 1185 2407 1240 sive
2437 1185 2700 1240 civitates
2737 1185 3005 1241 Ecclesia:
3053 1191 3258 1241 vestra:
3291 1186 3596 1259 privilegia
3628 1204 3766 1244 con-

2115 1273 2320 1340 tinent,
2356 1278 2637 1344 tanquam
2664 1277 2866 1328 vestra:
2918 1273 3226 1346 metropoli
3259 1273 3397 1329 olim
3431 1291 3498 1330 ex
3529 1279 3765 1346 aposto-

2115 1362 2236 1418 lica:
2270 1363 2426 1418 sedis
2475 1362 2848 1417 concessione
2879 1362 3197 1432 subjectas.
3233 1362 3470 1430 Verum,
3505 1367 3560 1419 et
3590 1363 3756 1436 ipsis,

2115 1468 2232 1522 qua
2261 1451 2557 1507 nescimus
2588 1450 2829 1521 ratione,
2863 1455 2918 1506 et
2950 1450 3107 1523 pallii
3135 1452 3504 1524 dignitatem,
3555 1457 3616 1508 et
3643 1452 3764 1524 pri-

2113 1539 2456 1612 vilegiorum
2505 1538 2909 1594 auctoritatem
2963 1541 3270 1611 prateritis
3317 1541 3684 1613 temporibus
3731 1558 3769 1597 θ.

2115 1631 2249 1684 sede
2281 1627 2602 1700 apostolica
2632 1633 2992 1684 meruerunt.

2183 1717 2398 1774 Verum
2430 1717 2568 1790 quia
2618 1717 3112 1788 praedecessorum
3164 1721 3496 1773 nostrorum
3544 1721 3769 1775 statuta

433 1808 738 1884 Singulare
780 1825 1009 1880 semper
1056 1807 1212 1863 sedis
1259 1805 1586 1878 apostolicae
1634 1803 1998 1876 privilegium
2034 1838 2081 1903 B
2115 1806 2455 1863 inconvulsa
2485 1811 2542 1862 et
2572 1805 2921 1861 intemerata
2949 1822 3184 1862 manere
3210 1806 3598 1878 cupimus,eis
3630 1809 3764 1880 qui-

361 1901 570 1958 claruit
598 1898 892 1969 subjectas
923 1896 1034 1952 sibi
1056 1896 1371 1967 perorbem
1387 1899 1683 1951 terrarum
1696 1892 2000 1963 Ecclesias,

359 1997 416 2048 et
445 1988 784 2046 auctoritate
815 1987 1144 2058 disponere,
1177 1989 1235 2039 et
1272 1982 1628 2054 benignitate
1659 1980 2002 2037 clementius

360 2076 910 2142 confovere.Quibus
943 2078 1137 2130 autem
1164 2087 1430 2143 superna:
1463 2070 1785 2142 majestatis
1804 2070 2003 2144 digna-

356 2171 436 2226 tio
467 2167 665 2240 gratia:
701 2182 820 2221 sua:
853 2162 1174 2235 pleniorem
1206 2158 1453 2215 contulit
1483 2158 1840 2231 largitatem,
1873 2158 2001 2231 ipsa

357 2259 530 2316 etiam
561 2253 862 2312 consuevit
891 2249 1355 2307 excellentiorem
1370 2249 1735 2303 contribuere
1753 2247 2001 2320 dignita-

356 2353 492 2404 tem.
525 2345 687 2402 Unde
717 2360 833 2398 non
866 2339 1156 2395 immerito
1181 2337 1542 2393 aestimamus
1568 2336 1997 2393 Salernitunam

355 2433 739 2508 amplioribus
771 2433 982 2486 nostra:
1015 2426 1394 2500 benignitatis
1437 2426 1780 2482 muneribus
1815 2425 1996 2480 hono-

357 2526 804 2593 randam,quam
834 2518 1204 2588 omnipotens
1220 2515 1505 2572 Dominus
1517 2513 1738 2570 eximia:
1757 2531 1875 2570 sua:
1896 2514 1997 2569 do-

355 2613 612 2670 nationis
644 2607 1023 2682 praerogativa
1054 2623 1155 2676 per
1186 2604 1649 2659 misericordiam
1681 2603 1998 2675 gratuitam

320 2739 324 2742 -
355 2698 798 2759 sublimavit.Ex
830 2694 1162 2750 novissimis
1195 2711 1447 2765 namque
1461 2698 1748 2748 terrarum
1779 2692 1998 2748 ﬁnibus

352 2791 415 2846 B.
451 2786 707 2844 Mattheei
739 2783 982 2856 apostoli
1011 2787 1069 2838 et
1098 2781 1466 2853 evangelista:
1493 2797 1706 2852 corpus
1740 2781 1810 2836 ad
1844 2780 1997 2835 hanc

353 2873 747 2945 deferri,apud
778 2871 926 2925 hanc
946 2870 1143 2924 haberi
1176 2869 1638 2924 clementissima
1667 2887 1786 2924 sua:
1807 2869 1998 2940 dispo-

355 2964 585 3022 sitionis
619 2959 954 3032 dignatione
984 2957 1466 3030 permisit;cujus
1496 2956 1718 3013 scilicet
1747 2956 1995 3029 apostoli

355 3057 576 3127 quanta
600 3051 678 3105 sit
707 3050 764 3103 in
797 3049 911 3104 Deo
942 3051 998 3103 et
1029 3046 1280 3102 Ecclesia
1301 3045 1498 3118 gloriae
1528 3045 1865 3102 excellentia
1886 3046 1996 3101 col-

352 3144 604 3199 latorum
637 3137 914 3192 divinitus
929 3151 1238 3191 munerum
1254 3135 1441 3208 gratia
1455 3135 1748 3191 cumulata
1759 3136 1995 3191 demon-

2113 1896 2245 1951 dem
2295 1896 2538 1968 propriae
2571 1893 2876 1966 dignitatis
2920 1894 3169 1967 gratiam
3224 1912 3665 1965 conservemus,
3699 1901 3768 1952 ut

2111 1983 2588 2056 archiepiscopali
2619 1983 2838 2039 honore
2869 1999 2934 2038 ac
2969 1983 3205 2040 nomine
3218 1983 3763 2056 potiantur.\'estras

2109 2091 2241 2129 vero
2280 2073 2543 2129 Ecclesia:
2586 2089 2827 2128 suorum
2873 2071 3312 2145 privilegiorum
3358 2073 3761 2145 integritatem

2110 2162 2220 2216 hoc
2241 2163 2443 2217 ordine
2472 2160 3159 2233 restituimus.Quidquid
3190 2160 3370 2233 igitur
3399 2163 3759 2231 reverentiae,

2109 2250 2395 2323 quidquid
2451 2249 2831 2320 subjectionis
2888 2249 3243 2322 primatibus
3301 2251 3759 2322 persolvendum

2109 2357 2410 2395 sacrorum
2425 2355 2716 2394 canonum
2731 2339 2961 2394 decreta
2973 2339 3156 2394 consti
3167 2339 3468 2406 tuunt,tibi
3484 2341 3759 2413 deinceps

2109 2429 2343 2500 tuisque
2375 2427 2814 2484 successoribus
2848 2427 3125 2500 legitimis
3157 2446 3190 2484 a
3218 2429 3759 2496 Consano,etAche-

2109 2517 2344 2572 runtino
2395 2515 2830 2588 archiepiscopo
2882 2515 3264 2586 persolvatur.
3299 2516 3446 2582 Quin
3478 2517 3655 2573 etiam
3688 2535 3758 2574 ex

2106 2606 2466 2662 abundantia
2508 2604 2704 2676 gratia:
2750 2603 3029 2675 plenioris
3080 2605 3409 2676 adjicimus,
3458 2611 3524 2661 ut
3577 2607 3757 2663 etiam

2105 2697 2387 2766 praesente
2419 2697 2687 2748 Romana:
2730 2691 2920 2764 legato
2971 2693 3239 2750 Ecclesiae
3290 2695 3350 2749 in
3400 2695 3758 2767 supradictis

2106 2783 2338 2838 duabus
2371 2780 2837 2853 metropolitanis
2868 2782 3138 2851 urbibus,
3172 2799 3305 2838 eum
3349 2788 3450 2838 tuo
3501 2799 3753 2856 semper,

2106 2877 2209 2928 aut
2266 2886 2672 2927 successorum
2728 2873 2963 2925 tuorum
3031 2870 3274 2926 consilio
3333 2871 3756 2945 archiepiscopi

2104 2961 2416 3032 eligantur,
2465 2977 2600 3015 cum
2645 2959 2854 3014 vestris
2903 2959 3078 3014 etiam
3132 2959 3361 3026 litteris,
3411 2964 3513 3016 aut
3561 2962 3754 3016 nuntii

2105 3047 2481 3105 consecrandi
2527 3047 2598 3102 ad
2650 3047 2847 3102 sedem
2880 3047 3260 3118 apostolicam
3313 3048 3660 3121 dirigantur,
3698 3053 3757 3105 et

2104 3139 2242 3194 item
2273 3138 2383 3210 ipsi
2410 3137 2481 3192 ad
2504 3141 3159 3192 successorumtuorum
3187 3135 3526 3193 electionem
3543 3137 3757 3194 nihilo-

352 3229 597 3286 trat.Hic
629 3227 782 3283 enim
812 3225 1036 3298 primus
1059 3226 1458 3280 intercmteros
1475 3225 1992 3297 Evangeliiseriem
2023 3201 2066 3270 Ο
2105 3227 2302 3284 minus
2351 3227 2718 3281 advocentur.
2754 3223 2891 3280 Post
2937 3225 3436 3281 consecrationem
3476 3243 3630 3294 vero,
3662 3227 3750 3283 vel

356 3318 608 3374 scribere
656 3315 1037 3387 inspiratione
1086 3314 1282 3370 divina
1327 3329 1568 3368 exorsus
1617 3317 1723 3368 est.
1773 3313 1873 3369 llic
1932 3315 1992 3369 in

354 3405 533 3463 divini
567 3404 808 3462 seminis
839 3405 1024 3458 fructu
1051 3404 1226 3458 trium
1257 3403 1528 3457 ordinum
1561 3419 1830 3458 coronam
1865 3420 1994 3459 cen-

356 3495 626 3553 tesimam
653 3492 1026 3565 singulariter
1055 3491 1460 3564 reportavit,ut
1481 3491 1655 3546 simul
1674 3492 1990 3564 apostolus,

353 3583 708 3658 evangelista
756 3586 812 3638 et
857 3585 1078 3652 martyr
1124 3580 1411 3636 existeret.
1461 3580 1686 3649 Adjecit
1743 3582 1813 3636 ad
1874 3583 1994 3636 haac

352 3673 718 3744 omnipotens
741 3670 1025 3726 Dominus
1058 3673 1123 3724 ut
1151 3669 1417 3724 eamdem
1441 3667 1754 3724 Ecclesiam
1780 3669 1991 3741 glorio-

353 3779 550 3820 sorum
573 3765 917 3831 martyrum,
954 3757 1276 3823 Fortunati,
1313 3756 1436 3811 Gaii
1464 3761 1519 3811 et
1544 3757 1763 3814 Anthes
1785 3757 1992 3812 trium-

351 3852 485 3924 phis
503 3849 674 3905 simul
707 3853 761 3902 et
788 3846 1132 3918 corporibus
1160 3846 1488 3900 honoraret.
1513 3847 1795 3917 Apposuit
1817 3847 1991 3902 etiam

349 3939 503 3996 tertii
517 3937 779 3992 muneris
794 3935 1113 3989 claritatem
1127 3938 1209 3997 ,ut
1224 3949 1348 3988 eam
1361 3934 1594 3998 ,nostris
1608 3934 1989 4004 temporibus,

350 4025 609 4099 Gregorii
642 4022 971 4094 apostolica:
1003 4022 1295 4077 memoriae
1326 4039 1485 4094 papae
1515 4024 1614 4078 VII
1644 4027 1762 4079 tam
1791 4024 1990 4078 exsilio

351 4133 527 4189 quam
559 4112 787 4169 tumulo
818 4111 1152 4166 illustraret.
1173 4112 1352 4182 Cujus
1385 4129 1562 4184 quam
1593 4111 1825 4184 egregia
1853 4111 1988 4179 vita,

348 4222 524 4276 quam
553 4200 827 4275 przeclara
857 4199 1331 4269 doctrina,quam
1366 4200 1634 4256 miranda
1663 4200 1992 4255 constantia

348 4292 812 4358 fuerit,Romana
824 4288 1075 4344 Ecclesia
1089 4291 1240 4360 pra:d
1251 4289 1669 4356 icat,0ccidens
1683 4288 1988 4344 universus

349 4380 1014 4454 agnoscit,tyrannorum
1047 4379 1369 4448 pertinacia
1398 4377 1643 4433 tolerata
1671 4381 1729 4431 et
1761 4377 1990 4432 concul-

348 4475 476 4526 cata
494 4467 883 4523 testatur.Nec
916 4466 1058 4521 illud
1090 4465 1595 4538 tanquamingrati
1622 4465 1987 4536 praeterimus

2102 3317 2344 3389 pallium
2377 3316 2448 3369 ab
2479 3312 2798 3385 apostolica
2827 3313 2961 3368 sede
2993 3318 3348 3386 perceptum,
3377 3314 3480 3369 tibi
3512 3313 3750 3386 tuisque

2103 3403 2560 3468 successoribus,
2593 3406 2876 3472 tanquam
2905 3401 3160 3472 primati,
3193 3402 3582 3458 obedientiam
3614 3421 3748 3474 pro-

2103 3494 2339 3550 mittant
2369 3497 2426 3548 et
2449 3491 2779 3558 exhibeant,
2813 3491 2976 3545 salva
3004 3490 3063 3544 in
3111 3491 3386 3546 omnibus
3417 3493 3745 3547 secundum

2102 3582 2412 3639 canonicas
2434 3577 3066 3646 sanctiones,Romanae
3099 3579 3444 3635 auctoritate
3458 3579 3746 3648 Ecclesiaa,

2104 3673 2364 3744 ipsarum
2397 3669 2573 3725 etiam
2609 3667 2844 3723 urbium
2879 3666 3195 3740 privilegiis
3235 3669 3413 3724 robur
3442 3668 3748 3740 proprium

2102 3759 2524 3817 obtinentibus.
2561 3759 2799 3828 Oportet
2837 3757 3016 3829 igitur
3053 3761 3112 3812 et
3158 3774 3258 3813 vos
3311 3757 3750 3830 propensiorem

2103 3850 2375 3920 deinceps
2398 3845 2728 3920 apostolicae
2751 3846 2874 3902 sedi
2907 3845 3266 3901 devotionem
3281 3849 3336 3901 et
3357 3845 3751 3902 obedientiam

2101 3939 2389 4002 exhibere,
2421 3938 2549 4007 ejus
2581 3935 2638 3990 in
2669 3933 2944 3990 omnibus
2975 3935 3206 3989 decreta
3238 3934 3535 3990 efﬁcacius
3557 3933 3752 3990 obser-

2099 4030 2324 4094 vare,ut
2354 4028 2571 4097 quanto
2602 4040 2702 4094 per
2731 4040 2859 4080 eam
2892 4022 3069 4078 altius
3101 4040 3281 4094 supra
3309 4027 3544 4079 ceteros
3567 4023 3748 4079 subli-

2102 4115 2387 4182 mamimi,
2421 4117 2580 4168 tanto
2613 4111 3002 4177 eihumilius,
3035 4115 3090 4166 et
3122 4112 3312 4166 cordis
3343 4111 3662 4176 affectione,
3696 4117 3757 4167 et

2099 4205 2293 4276 operis
2307 4201 2660 4259 exhibitione
2675 4200 2807 4270 subj
2816 4198 3294 4255 iciamini.Vitam
3309 4199 3482 4254 etiam
3497 4203 3750 4255 vestram

2097 4299 2153 4349 et
2184 4308 2377 4348 mores
2407 4288 2727 4346 sollicitiori
2758 4287 2992 4359 expedit
3037 4288 3306 4343 custodia
3337 4287 3651 4354 moderari,
3682 4293 3754 4344 ut

2098 4382 2197 4454 qui
2229 4379 2478 4435 aliorum
2521 4377 2750 4449 judices
2798 4375 3104 4448 eligimini,
3148 4375 3535 4447 vosmetipsos
3583 4377 3752 4448 prius

2095 4469 2418 4526 secundum
2449 4465 2710 4539 Apostoli
2742 4465 3088 4520 sententiam
3111 4463 3434 4520 districtius
3445 4464 3752 4534 judicetis.

347 4557 681 4632 quod,inter
712 4555 1089 4610 multimodas
1105 4555 1260 4610 sedis
1291 4553 1617 4625 apostolica:
1633 4555 1988 4624 persecutio-
2019 4566 2066 4630 D
2099 4559 2438 4614 Mandatum
2468 4553 2700 4610 Domini
2735 4555 2859 4608 sine
2893 4552 3208 4618 macula,et
3241 4552 3758 4624 irreprehensibile

347 4665 473 4714 nes,
507 4663 655 4718 quas
685 4645 900 4701 nostris
931 4643 1294 4716 temporibus
1327 4641 1566 4713 pertulit
1609 4641 1862 4697 Ecclesia
1893 4660 1986 4698 ea-

345 4737 502 4802 dem,
525 4733 1085 4807 gloriosissimorum
1126 4732 1343 4785 ducum
1377 4728 1610 4783 Roberti
1643 4733 1698 4784 et
1730 4729 1833 4784 ﬁlii
1863 4731 1990 4800 ejus

346 4823 574 4896 Rogerii
591 4823 983 4888 devotione,ac
996 4820 1190 4875 studio
1204 4817 1390 4872 ﬁlioru
1401 4833 1455 4871 m
1471 4817 1627 4872 sedis
1639 4818 1986 4889 apostolicae,

345 4929 770 4983 nonnunquam
798 4911 974 4966 etiam
1008 4907 1190 4963 nostri
1223 4906 1410 4979 ipsius
1442 4905 1674 4978 requies
1703 4911 1759 4962 et
1789 4913 1990 4979 portus

346 5001 474 5056 fuit.
490 5000 634 5054 Cum
665 4999 971 5072 igitur,per
1001 4995 1418 5067 omnipotentis
1432 4994 1530 5050 Dei
1547 4995 1814 5067 gratiam,
1833 4998 1989 5055 sedis

345 5089 695 5163 apostolica,
747 5089 881 5144 licet
929 5085 1176 5157 indigni,
1210 5084 1613 5139 moderamina
1659 5087 1987 5156 teneamus,

343 5181 524 5236 tantis
553 5178 760 5233 divina:
791 5175 986 5250 gratiae
1021 5171 1319 5229 beneﬁciis
1349 5178 1406 5228 et
1436 5177 1638 5228 vestra:
1667 5175 1988 5233 devotionis

344 5268 574 5333 ofﬁciis,
603 5283 704 5338 per
734 5263 1031 5322 sententia:
1063 5263 1334 5316 Romana:
1368 5261 1634 5316 Ecclesia:
1667 5262 1984 5320 liberalita-

345 5363 484 5425 tem,
545 5353 1015 5410 concurrendum
1069 5355 1126 5404 et
1191 5349 1662 5420 respondendum
1723 5352 1987 5408 arbitrati

345 5463 574 5509 sumus,
621 5444 692 5498 ob
739 5439 1122 5496 reverentiam
1172 5437 1461 5508 siquidem
1512 5439 1570 5492 S.
1617 5444 1674 5494 et
1722 5439 1986 5512 gloriosae

344 5547 691 5606 semperque
740 5529 996 5601 Virginis
1047 5527 1147 5584 Dei
1214 5526 1511 5599 genitricis
1557 5528 1768 5599 Marias,
1818 5535 1875 5585 et
1922 5531 1984 5586 B.

347 5621 614 5693 apostoli,
648 5617 1011 5690 evangelista:
1063 5634 1128 5673 ac
1161 5616 1430 5689 martyris
1469 5617 1744 5685 Mattheei,
1781 5619 1852 5673 ob
1885 5621 1988 5675 de-

349 5712 640 5765 votionem
684 5707 1149 5765 reverendissimi
1193 5707 1379 5763 Patris
1430 5723 1494 5762 ac
1543 5707 1986 5778 praedecessoris

2098 4649 2454 4711 conservate,
2492 4648 2556 4698 ut
2585 4659 2718 4696 cum
2750 4641 3085 4713 apparuerit
3116 4641 3393 4713 Princeps
3427 4645 3754 4713 pastorum,

2101 4733 2432 4808 percipiatis
2451 4730 2995 4786 immarcessibilem
3014 4728 3210 4801 gloria:
3225 4731 3759 4786 coronam.Frater-

2099 4825 2342 4879 nitatem
2391 4825 2644 4876 vestram
2710 4835 2965 4890 superna
3013 4817 3275 4890 dignatio
3335 4833 3439 4889 per
3483 4822 3757 4890 tempore.

2099 4910 2288 4967 multa
2299 4924 2640 4965 conservare
2655 4905 3382 4979 digneturincolumem.Si
3401 4907 3535 4977 quis
3553 4913 3753 4962 autem

2099 5001 2248 5056 hanc
2280 5003 2489 5054 nostra:
2521 4995 2956 5052 constitutionis
2983 4995 3259 5067 paginam
3309 4994 3501 5050 sciens
3543 4999 3754 5050 contra

2097 5106 2224 5145 eam
2259 5092 2473 5143 temere
2503 5084 2697 5141 venire
2720 5084 3315 5151 tentaverit,secundo
3327 5083 3573 5140 tertiove
3593 5100 3751 5140 com-

2099 5179 2434 5245 monitus,si
2450 5193 2510 5231 se
2523 5192 2637 5230 non
2653 5173 3048 5230 satisfactione
3061 5190 3319 5246 congrua
3329 5172 3746 5240 emendaverit,

2097 5267 2401 5342 potestatis
2428 5265 2784 5335 honorisque
2813 5261 2905 5318 sui
2931 5261 3213 5335 dignitate
3243 5266 3748 5334 careat,reumque

2096 5375 2158 5413 se
2188 5357 2383 5412 divino
2403 5354 2626 5426 judicio
2659 5353 2905 5408 existere
2930 5353 3002 5408 de
3053 5355 3383 5424 perpetrata
3440 5351 3747 5424 iniquitate

2097 5449 2428 5519 cognoscat,
2488 5447 2664 5514 atque
2718 5443 2778 5496 in
2835 5443 3091 5496 extremo
3154 5442 3420 5496 examine
3467 5441 3744 5496 districta:

2097 5535 2309 5591 nltioni
2341 5533 2662 5603 subjaceat.
2694 5529 3186 5586 Conservantibus
3218 5533 3414 5586 autem
3459 5529 3580 5585 haec
3635 5545 3746 5601 pax

2098 5623 2328 5682 Domini
2361 5621 2546 5677 nostri
2577 5621 2715 5676 Jcsu
2753 5618 2967 5676 Christi
3001 5623 3058 5674 et
3093 5619 3491 5675 misericordia
3511 5635 3745 5674 conser-

2099 5720 2285 5782 vetur,
2306 5715 2597 5782 quatenus
2625 5713 2683 5765 et
2712 5709 2805 5766 hic
2834 5709 3090 5766 fructum
3133 5708 3297 5765 bonae
3331 5707 3577 5766 actionis
3610 5722 3742 5779 per-
