3958 6400
190 351 317 421 ,809

200 487 439 563 cipiant,
470 492 529 548 et
555 489 709 565 apud
739 488 1073 561 districtum
1101 488 1366 552 Judic‘e‘m
1411 490 1653 563 praemia
1681 493 1842 546 aeter-
1875 493 1928 560 Α

197 594 283 638 ne
313 579 477 653 pacis
507 579 1065 648 inveniantrAmen,
1100 595 1290 645 amen,
1325 594 1516 636 amen.

265 673 323 724 Β.
355 672 588 739 Petrus,
617 671 675 726 S.
706 668 946 727 Paulus.
979 669 1253 726 Urbanus
1281 669 1387 724 PP.
1422 669 1490 724 II.

266 758 483 815 Datum
515 756 739 816 Salerni
771 774 874 831 per
903 774 1146 815 manum
1175 758 1420 814 Joannis
1436 758 1492 815 S.
1530 758 1596 814 R.
1630 759 1692 813 Ε.
1726 757 1848 814 dia-

198 847 327 903 coni
357 846 699 917 cardinalis,
731 864 833 903 xm
888 848 1012 904 Kal.
1064 848 1231 921 Aug.,
1264 846 1582 904 indictione
1617 865 1696 913 v1,
1729 847 1849 918 [v11]

196 934 431 993 Incarn.
461 939 629 992 Dom.
689 952 844 993 anno
900 936 1061 1004 4099,
1112 935 1489 1009 pontiﬁcatus
1536 939 1732 992 autem
1779 935 1846 992 D.

196 1023 416 1089 Urbani
446 1024 498 1081 II
526 1041 690 1098 papas
718 1042 796 1082 χι.

915 1193 1131 1250 CCXLI.

199 1301 452 1359 Urbanus
485 1299 536 1356 11
560 1302 839 1357 Βναηοηίδ
862 1303 915 1357 et
943 1302 1185 1357 Lanuim'
1218 1301 1616 1373 (eremitarum)
1643 1317 1850 1373 posses-

263 1375 760 1446 siones‘rconcessav
780 1389 814 1426 α
842 1373 1111 1446 [Rogerio]
1145 1374 1338 1429 comite
1356 1376 1409 1428 et
1443 1376 1676 1441 Joanne,
1709 1375 1850 1446 epis-

263 1459 396 1516 copo
423 1442 781 1516 Scyllacensi,
813 1442 1122 1498 cenfirmat.

822 1558 1009 1631 (Anno
1041 1558 1228 1632 4098.)

527 1675 823 1747 [UGHELL1,
845 1674 1010 1730 Italia
1041 1690 1217 1744 sacra,
1249 1675 1335 1745 IX,
1370 1676 1521 1747 427.]

1407 353 1815 419 EPISTOLIE
1859 354 1958 419 ET
1982 352 2475 421 .PRIVILEGIA.

3472 355 3602 421 ’510

2649 491 2906 553 CCXLII.

1963 580 2207 638 Urbanus
2235 583 2544 657 consecrato
2575 580 2840 641 Gerlando
2884 584 3127 657 episcopo
3174 582 3308 655 ﬁnes
3337 586 3603 644 restitutae

2293 656 2530 711 ecclesia
2559 656 2928 728 Agrigentinaé
2957 656 3262 727 conﬁrmat.

2583 746 2770 818 (Anno
2798 746 2982 818 1098.)

2380 833 2613 903 [ΜΛΝ81,
2650 834 2854 890 Concil.
2888 835 3001 903 XX,
3033 836 3183 907 951.]

2029 936 2308 994 ΠΗΒΑΝυθ
2338 939 2666 1013 episcopus,
2701 957 2901 997 servus
2920 957 3218 998 servorum
3240 941 3363 1011 Dei,
3398 942 3607 1000 dilecto

1958 1026 2123 1082 fratri
2146 1028 2475 1095 GERLANDO,
2494 1029 2871 1103 Agrigentino
2894 1030 3188 1104 episcopo,
3214 1032 3461 1104 ejusque
3481 1048 3613 1088 suc-

1959 1116 2291 1173 cessoribus
2324 1120 2600 1175 canonice
2623 1119 3033 1192 promovendis
3064 1121 3123 1175 in
3166 1125 3534 1193 perpetuum.

2031 1205 2463 1277 Omnipotentis
2476 1207 2577 1262 Dei
2600 1207 2981 1279 dispositione
3000 1211 3309 1265 mutantur
3325 1213 3608 1283 tempora,

1958 1293 2396 1349 transferuntur
2424 1311 2640 1367 regna;
2674 1297 2811 1351 hinc
2842 1301 2931 1353 est
2961 1298 3112 1369 quod
3140 1298 3341 1372 magni
3355 1299 3612 1355 nominis

1961 1382 2224 1436 nationes
2255 1382 2481 1438 dirutas
2511 1389 2567 1439 et
2595 1385 2926 1457 depressas,
2952 1385 3093 1442 viles
3122 1402 3256 1443 vero
3287 1390 3462 1458 atque
3492 1387 3611 1443 exi-

1960 1485 2105 1542 guas
2134 1487 2557 1544 nonnunquam
2581 1471 2831 1545 legimus
2855 1473 3134 1529 cxaltatas
3159 1473 3325 1542 ;hinc
3344 1479 3434 1530 est
3454 1476 3610 1547 quod

1961 1559 2021 1614 in
2054 1558 2410 1631 quibusdam
2443 1560 2779 1634 regionibus
2803 1561 3115 1618 Christiani
3140 1563 3396 1619 nominis
3427 1567 3614 1636 potes-

1962 1652 2138 1705 tatem
2173 1665 2532 1723 paganorum
2582 1650 2781 1706 feritas
2811 1652 3131 1723 occupavit,
3163 1651 3223 1706 in
3255 1651 3612 1724 quibusdam

1962 1738 2174 1793 iterum
2210 1755 2572 1811 paganorum
2587 1738 2954 1811 tyrannidem
2973 1739 3313 1796 Christianae
3343 1742 3613 1814 potentiae

262 1826 550 1884 URBANUS
575 1824 909 1899 episcopus,
949 1843 1153 1883 servus
1194 1828 1647 1895 servorumDei,
1679 1828 1861 1885 dilec-
1895 1864 1943 1929 B
1972 1825 3614 1902 dignitasconculcavit.Sicutnostristemporibusglorio-

194 1915 273 1973 tis
305 1916 370 1972 in
402 1914 630 1972 Christo
656 1914 795 1970 ﬁliis
827 1915 1093 1972 Bnuxom
1121 1919 1178 1973 et
1228 1916 1486 1983 taxum,
1519 1916 1769 1973 salutem
1798 1922 1857 1973 et

192 2003 582 2079 apostolicam
611 2002 1096 2061 benedictionem.

264 2092 419 2159 Quia
453 2091 637 2165 igitur
678 2091 863 2149 nostri
914 2092 1091 2149 ofﬁcii
1138 2093 1378 2150 interest
1427 2111 1727 2151 servorum
1760 2095 1855 2150 Dai

194 2180 383 2256 quieti
411 2184 470 2238 et
498 2181 1032 2254 commodis,prout
1062 2181 1121 2238 in
1152 2183 1398 2239 Domino
1421 2184 1703 2256 possibile
1725 2184 1856 2252 erit,

194 2270 529 2345 providere,
560 2269 944 2342 petitionibus
973 2262 1206 2341 vestris,
1229 2272 1331 2327 ﬁlii
1364 2272 1424 2327 in
1457 2272 1685 2329 Christo
1720 2273 1857 2329 cha-

194 2357 425 2415 rissimi
456 2374 523 2414 ac
554 2357 1373 2424 reverendissimi,clementer
1402 2360 1863 2417 annuimus.Per

193 2446 381 2520 hujus
405 2446 589 2520 igitur
611 2445 910 2520 apostolici
928 2447 1213 2522 privilegii
1237 2448 1511 2522 paginam
1534 2450 1857 2523 apostolica

195 2536 548 2593 auctoritate
569 2536 964 2603 concedimus,
996 2539 1051 2592 et
1075 2537 1303 2593 ﬁrmam
1326 2543 1383 2594 et
1410 2538 1682 2595 stabilem
1714 2543 1773 2595 et
1796 2540 1856 2595 in

194 2627 553 2699 perpetuum
575 2639 1021 2697 permansuram
1038 2625 1463 2683 conﬁrmamus
1478 2627 1854 2684 donationem

196 2717 493 2773 terrarum
516 2728 642 2784 quae
673 2712 836 2768 vobis
863 2712 1011 2767 datae
1035 2718 1174 2769 sunt
1194 2714 1251 2769 in
1278 2715 1665 2787 Squillacensi
1693 2716 1862 2772 terri-

194 2802 372 2871 torio,
408 2805 467 2859 et
497 2801 840 2874 conscriptae
869 2804 925 2856 et
972 2803 1392 2869 determinatio,
1439 2809 1495 2861 et
1543 2805 1860 2877 designatas

196 2907 306 2966 per
323 2891 610 2948 terminos
641 2894 827 2947 certos
858 2908 892 2947 a
931 2891 1141 2948 dilecto
1168 2897 1367 2949 nostro
1390 2892 1508 2948 ﬁlio
1534 2894 1598 2949 R.
1622 2894 1864 2960 Comite,

212 2986 271 3037 et
299 2980 533 3037 Joanne
577 2979 868 3036 confratre
915 2985 1115 3041 nostro
1159 2980 1546 3053 Squillacensi
1595 2983 1865 3055 episcopo

213 3068 573 3128 concedente
601 3072 657 3124 et
688 3069 1092 3126 conﬁrmante.
1128 3069 1406 3135 Quocirca
1426 3072 1700 3143 praedicta
1728 3088 1866 3127 auc-

215 3158 455 3216 toritate
502 3157 897 3230 praecipimus,
941 3159 1277 3225 statuimus,
1329 3163 1385 3215 et
1432 3176 1500 3215 ea
1545 3177 1672 3232 qua:
1701 3161 1866 3217 vobis

1973 1915 2345 1972 sissimorum
2375 1915 2706 1988 principum
2731 1916 2963 1972 Roberti
2997 1917 3167 1973 ducis
3182 1922 3239 1973 et
3262 1918 3493 1991 Rogerii
3527 1935 3619 1975 co-

1968 2004 2129 2060 mitis
2180 2004 2523 2060 fortitudine
2581 2021 2866 2078 supremae
2918 2005 3276 2079 dignationis
3319 2006 3618 2064 miseratio

1968 2109 2200 2149 omnem
2249 2094 2674 2150 Saracenorum
2718 2093 3045 2150 molestiam
3094 2095 3153 2149 in
3198 2094 3397 2152 Sicilia
3426 2096 3621 2153 insula

1967 2183 2338 2255 expugnavit,
2383 2187 2440 2238 et
2489 2182 2805 2255 antiquum
2856 2182 3122 2240 Ecclesiae
3155 2187 3368 2240 sancta:
3400 2189 3620 2241 statum

1968 2288 2073 2343 pro
2102 2269 2422 2326 voluntatis
2452 2289 2571 2327 suae
2621 2271 2983 2343 beneplacito
3027 2273 3408 2344 recuperavit.
3460 2274 3622 2331 Unde

1970 2363 2027 2416 et
2056 2359 2242 2431 ipsius
2274 2359 2555 2416 ineffabili
2588 2360 2999 2415 misericordiae
3030 2361 3248 2432 gratias
3279 2361 3532 2434 agimus,
3565 2365 3624 2418 et

1969 2448 2159 2521 ipsius
2188 2448 2440 2521 gratiam
2471 2463 2652 2519 super.
2679 2447 2809 2504 illos
2831 2449 3094 2521 egregios
3119 2449 3346 2516 fratres,
3369 2449 3621 2504 alterum

1962 2538 2089 2607 jam
2119 2537 2480 2603 defunctum,
2515 2536 2763 2591 alterum
2797 2535 2922 2607 ipso
2946 2540 3213 2607 patrante
3244 2536 3622 2608 superstitem

1971 2625 2441 2697 imploramus,et
2469 2625 2540 2679 ad
2570 2624 2952 2680 ecclesiarum
2972 2641 3099 2697 quae
3119 2624 3178 2679 in
3206 2625 3409 2680 eadem
3427 2624 3625 2681 insula

1972 2719 2112 2770 sunt
2158 2715 2610 2780 restitutionem,
2660 2732 2762 2771 seu
2813 2714 3240 2771 ordinationem
3287 2715 3621 2787 prO‘nostri

1973 2803 2147 2860 officii
2181 2804 2373 2859 debito
2404 2802 2945 2860 anhelamus.Sicut
2976 2804 3157 2876 igitur
3185 2806 3478 2860 annuente
3505 2803 3622 2859 Deo

1974 2895 2310 2947 caaterarum
2336 2892 2460 2964 jam
2495 2892 2801 2964 parochias
2823 2891 3247 2964 disposuimus,
3267 2891 3347 2948 ita
3366 2895 3424 2947 et
3451 2892 3621 2965 Agri-

1974 2981 2223 3053 gentium
2256 2981 2523 3037 dimcesis
2554 2981 2857 3053 prazsentis
2884 2980 3099 3036 decreti
3130 2979 3474 3036 auctoritate
3502 2981 3621 3037 dis-

1977 3068 2289 3142 ponimus;
2325 3070 2644 3126 statuimus
2675 3071 2854 3135 enim,
2888 3068 3235 3126 charissime
3274 3069 3452 3125 frater
3481 3072 3625 3126 Ger-

1972 3157 2168 3225 lande,
2198 3175 2370 3230 quem
2399 3159 2769 3231 omnipotens
2799 3159 3084 3215 Dominus
3114 3158 3175 3212 in
3203 3157 3334 3229 ipsa
3371 3156 3626 3215 Ecclesia

214 3262 500 3304 concessa
529 3249 688 3312 sunt,
720 3246 1596 3304 licentiainterdicimusutadis
1618 3248 1678 3305 in
1693 3253 1865 3306 antea
1893 3232 1936 3298 C
1975 3250 2177 3303 nostra
2200 3251 2480 3319 tanquam
2514 3248 2577 3303 B.
2610 3249 2761 3303 Petri
2779 3247 3056 3303 manibus
3073 3263 3411 3302 consecrare
3425 3246 3629 3319 digna-

212 3351 409 3407 neque
434 3333 636 3390 comiti
668 3334 803 3404 ipsi,
836 3350 1024 3407 neque
1062 3334 1237 3393 alicui
1286 3336 1584 3393 haeredum
1624 3354 1864 3393 suorum

212 3423 618 3498 supradictam
647 3426 902 3479 vestram
934 3423 1307 3481 donationem
1338 3429 1396 3481 et
1424 3425 1575 3481 hanc
1604 3435 1865 3482 nostram

212 3511 722 3570 confirmationem
749 3511 963 3569 violare
990 3513 1081 3570 vel
1110 3513 1409 3570 dearctare
1452 3513 1635 3571 liceat.
1667 3514 1868 3587 Neque

212 3603 285 3659 de
314 3602 411 3658 his
444 3615 574 3673 quae
606 3601 1024 3660 conﬁrmamus
1055 3602 1254 3675 aliqua
1275 3620 1337 3658 re
1366 3603 1717 3658 intromittat
1745 3619 1867 3675 per-

212 3705 425 3748 sonam
455 3689 582 3746 sine
608 3692 801 3746 vestra
820 3689 1437 3762 voluntate,quatenus
1451 3692 1867 3764 omnipotentis

211 3779 315 3836 Dei
371 3777 757 3851 speculationi
789 3778 1084 3836 mentibus
1128 3779 1330 3835 liberis
1364 3779 1674 3848 insistatis,
1707 3783 1764 3836 et
1793 3781 1865 3835 ad

209 3870 341 3941 ejus
401 3866 569 3926 faciei
627 3866 994 3924 dulcedinem
1037 3868 1165 3941 ipso
1216 3872 1528 3941 praestante
1569 3870 1867 3941 pervenire

210 3955 549 4015 valeatis.Si
582 3972 700 4027 qua
728 3972 862 4011 vero
895 3974 1141 4029 persona
1171 3962 1272 4013 aut
1300 3958 1483 4014 haeres
1513 3958 1744 4014 comitis
1773 3958 1865 4029 ip-

212 4061 342 4103 sam
369 4043 692 4113 violaverit,
727 4044 840 4101 nisi
872 4046 943 4100 ad
975 4046 1325 4118 condignam
1342 4047 1564 4102 venerit
1593 4046 1864 4103 satisfac-

210 4134 458 4201 tionem,
490 4149 626 4190 eum
659 4133 898 4190 honoris
926 4133 1014 4190 vel
1046 4135 1221 4190 ofﬁcii
1250 4135 1339 4191 sui
1372 4135 1630 4207 periculo
1660 4136 1864 4208 suhja-

210 4222 768 4290 cere'decernimus,
797 4226 854 4279 et
879 4239 914 4279 a
957 4223 1181 4280 Christo
1226 4241 1292 4280 ac
1322 4224 1593 4281 Ecclesiae
1626 4241 1866 4297 corpore

212 4315 578 4384 segregatus,
609 4313 783 4383 atque
813 4311 872 4366 in
903 4315 1116 4367 esterno
1147 4311 1411 4368 examine
1435 4312 1694 4369 districte
1724 4314 1862 4369 sub-

202 4400 402 4472 jaceat
421 4399 628 4456 ultioni
659 4400 786 4456 sine
832 4399 1267 4458 intermissione
1317 4406 1374 4458 et
1407 4402 1683 4458 remedio.
1719 4402 1863 4458 Con-

211 4488 587 4545 servantibus
616 4492 814 4545 autem
845 4489 938 4561 pie
966 4506 1000 4545 a
1046 4491 1160 4547 Deo
1208 4494 1265 4546 et
1308 4489 1709 4547 misericordia
1736 4493 1863 4563 ejus

1976 3338 2073 3391 tus
2102 3338 2209 3401 est,
2244 3340 2309 3390 ut
2342 3334 2443 3390 tibi
2476 3336 2752 3408 deinceps
2776 3336 3008 3408 tuisque
3030 3334 3309 3407 legitimis
3331 3350 3626 3392 successo-

1976 3423 2142 3479 ribus
2189 3423 2505 3496 episcopali
2528 3424 2663 3494 jure
2714 3425 3035 3497 regendum
3080 3441 3146 3479 ac
3191 3423 3624 3495 disponendum

1975 3516 2252 3584 perpetuo
2282 3515 2518 3567 maneat
2546 3512 2834 3583 quidquid
2875 3513 3027 3567 infra
3075 3513 3221 3567 ﬁnes
3258 3512 3625 3584 subscriptus

1976 3600 2322 3667 continetur,
2340 3599 2608 3656 videlicet
2628 3618 2662 3655 a
2687 3599 2926 3656 locoubi
2948 3600 3134 3655 oritur
3164 3601 3381 3656 flumen
3413 3601 3624 3657 subtus

1974 3688 2320 3744 Chrilionem
2370 3692 2556 3760 usque
2613 3690 2865 3760 desuper
2910 3691 3134 3760 petram
3180 3687 3250 3742 de
3304 3687 3530 3756 Zineth,
3567 3691 3626 3743 et

1975 3779 2111 3835 inde
2139 3779 2396 3834 tenditur
2423 3796 2525 3851 per
2552 3777 2868 3834 divisiones
2892 3776 3098 3833 Jatinae
3150 3779 3205 3830 et
3248 3775 3533 3848 Cephalus,
3568 3781 3626 3833 et

1974 3868 2185 3924 deinde
2232 3868 2303 3923 ad
2349 3867 2665 3923 divisiones
2694 3866 2943 3935 Biccari;
2976 3866 3110 3921 inde
3147 3881 3280 3920 vero
3332 3882 3519 3938 usque
3551 3865 3625 3922 ad

1974 3958 2191 4014 ﬂumen
2227 3956 2473 4026 salsum,
2506 3958 2659 4029 quod
2694 3960 2783 4011 est
2813 3955 3020 4012 divisio
3054 3954 3322 4010 Panormi
3362 3960 3421 4011 et
3450 3955 3627 4010 Ther-

1973 4064 2227 4113 marum,
2252 4050 2308 4101 ct
2337 4047 2410 4103 ab
2441 4063 2539 4102 ore
2568 4046 2746 4117 hujus
2778 4044 3060 4110 ﬂuminis,
3086 4043 3183 4099 ubi
3203 4042 3435 4100 caditin
3468 4058 3627 4100 mare

1977 4136 2346 4209 protenditur
2377 4136 2498 4191 hinc
2549 4134 2826 4206 parochia
2875 4135 3046 4205 juxta
3102 4147 3263 4187 mare
3320 4148 3507 4203 usque
3554 4132 3625 4187 ad

1976 4225 2194 4280 flumen
2225 4225 2496 4291 Tortum;
2530 4226 2587 4279 et
2615 4223 2687 4279 ab
2718 4223 2826 4279 hoc
2858 4222 3070 4279 abinde
3092 4221 3247 4276 unde
3268 4219 3473 4287 oritur,
3505 4224 3629 4276 ten-

1974 4314 2132 4369 ditur
2161 4314 2232 4368 ad
2266 4314 2412 4383 Pyra
2441 4314 2656 4369 subtus
2701 4312 2929 4368 Petram
2980 4311 3138 4376 Eliac,
3172 4314 3346 4382 atque
3390 4309 3523 4365 inde
3552 4310 3627 4365 ad

1973 4402 2156 4458 altum
2190 4406 2472 4470 montem,
2506 4401 2607 4473 qui
2638 4406 2727 4457 est
2756 4417 2935 4473 supra
2964 4401 3108 4473 Pyra
3138 4418 3152 4469 ;
3183 4399 3319 4455 inde
3344 4403 3540 4455 autem
3555 4399 3628 4454 ad

1973 4491 2192 4546 ﬂumen
2225 4490 2469 4557 salsum,
2504 4490 2603 4545 ubi
2644 4489 2920 4562 jungitur
2966 4505 3099 4544 cum
3152 4487 3394 4543 flumine
3446 4489 3626 4543 Petra

209 4576 602 4650 praesentibus
632 4582 690 4634 et
717 4577 930 4634 futuris
952 4579 1183 4635 saeculis
1232 4583 1621 4637 conservetur.
1655 4581 1860 4636 Amen.
1895 4594 1942 4660 D
1974 4578 2130 4645 Elim,
2162 4582 2218 4635 et
2247 4594 2316 4634 ex
2353 4579 2465 4634 hoc
2494 4578 2735 4633 flumine
2784 4577 2937 4632 sicut
2979 4577 3173 4649 ipsum
3225 4576 3528 4631 descendit
3554 4575 3628 4630 ad

211 4664 272 4722 Si
299 4668 579 4722 verotam
608 4664 815 4739 legalis
839 4683 1055 4735 comes,
1090 4671 1191 4724 aut
1235 4669 1363 4739 ejus
1411 4668 1616 4737 haeres,
1651 4669 1863 4726 addere

211 4752 436 4826 aliquid
465 4755 605 4811 huic
632 4753 881 4812 voluerit
911 4756 1346 4824 donationi,sub
1364 4756 1474 4813 hac
1504 4761 1705 4813 nostra
1734 4774 1865 4813 con-

210 4843 543 4900 ﬁrmatione
574 4846 767 4901 ratum
798 4860 927 4900 esse
958 4844 1292 4901 statuimus.

285 4930 561 4989 Urbanus
591 4930 890 4988 catholicae
918 4932 1187 4989 Ecclesiae
1218 4933 1548 5006 episcopus.

280 5019 401 5094 Ego
430 5021 741 5078 Rainerius
771 5021 929 5078 card.
963 5022 1310 5096 subscripsi.

282 5109 401 5183 Ego
426 5109 683 5167 Joannes
713 5111 872 5167 card.
905 5128 985 5167 ss.

281 5198 400 5272 Ego
425 5197 728 5272 Alphanus
758 5199 1163 5257 Salernitanus
1194 5200 1532 5273 archiepisc.
1567 5218 1647 5258 ss.

280 5287 403 5360 Ego
430 5288 677 5345 Amatne
706 5288 1048 5362 capellanus
1077 5293 1134 5346 et
1163 5291 1435 5347 sacerdos
1467 5307 1547 5347 ss.

280 5376 403 5449 Ego
433 5375 551 5433 Dis.
587 5375 923 5449 capellanus
954 5396 1035 5435 ss.

283 5464 404 5538 Ego
433 5464 852 5523 Constantinus
881 5467 1216 5525 Catacensis
1246 5468 1425 5543 cpisc.
1460 5485 1540 5524 ss.

280 5556 494 5610 Datum
525 5553 751 5611 Salerni
783 5571 983 5613 mense
1013 5558 1566 5630 Septembri,indict.
1598 5574 1676 5627 v1,
1712 5574 1863 5614 anno

215 5640 289 5697 ab
321 5642 728 5702 Incarnatione
758 5645 1063 5703 Dominica
1094 5647 1252 5704 1098.

1973 4667 2379 4740 Lympiadum,
2415 4666 2515 4738 qui
2545 4666 2709 4721 locus
2740 4664 3346 4737 dividitAgrigentum
3373 4667 3428 4717 et
3461 4663 3630 4718 Bute-

1973 4757 2323 4829 riam,atque
2349 4755 2484 4811 inde
2514 4771 2615 4828 per
2645 4752 3003 4808 maritimam
3047 4764 3237 4823 usque
3287 4751 3360 4807 ad
3404 4750 3625 4807 flumen

1974 4847 2045 4901 de
2075 4844 2303 4912 Bilichi,
2337 4845 2492 4916 quod
2524 4846 2613 4899 est
2641 4840 2846 4897 divisio
2878 4839 3166 4904 Maxariac,
3188 4842 3243 4895 et
3275 4837 3465 4895 adhuc
3495 4841 3626 4895 ten-

1977 4934 2153 5001 ditur,
2188 4932 2340 4989 sicut
2370 4933 2478 4989 hoc
2510 4933 2726 4987 ﬂumen
2759 4928 2942 4986 currit
2982 4945 3172 5001 usque
3218 4928 3431 4984 subtus
3470 4927 3629 4983 Cori-

1973 5023 2210 5091 lionem,
2246 5021 2347 5078 ubi
2376 5021 2585 5094 incipit
2612 5020 2839 5088 divisio,
2883 5018 3137 5091 exceptis
3175 5016 3433 5084 Biccaro,
3466 5016 3627 5072 Cori-

1975 5111 2149 5181 lione,
2184 5115 2241 5167 et
2287 5110 2577 5166 Thermis.
2614 5111 2676 5165 In
2731 5107 3085 5181 proprietate
3115 5111 3309 5163 autem
3364 5109 3487 5161 tam
3538 5104 3629 5160 tui

1975 5218 2153 5273 quam
2187 5214 2594 5255 successorum
2626 5201 2863 5253 tuorum
2889 5199 3023 5269 jure
3046 5195 3246 5251 Casale
3266 5192 3466 5251 Cathal
3492 5209 3627 5250 cum

1975 5293 2207 5345 centum
2239 5286 2492 5352 villanis,
2526 5286 2679 5341 sicut
2699 5303 2733 5340 a
2763 5286 3098 5358 supradicto
3130 5283 3250 5340 ﬁlio
3297 5287 3500 5339 nostro
3531 5298 3626 5337 co-

1977 5377 2117 5433 mite
2138 5376 2381 5449 Rogerio
2413 5374 2696 5430 traditum
2729 5378 2838 5444 est,
2870 5378 3304 5431 conserventur.
3349 5371 3630 5426 Przeterea

1975 5481 2335 5540 quiscunque
2367 5464 2424 5519 in
2458 5467 2759 5536 posterum
2789 5462 3136 5519 liberalitate
3175 5461 3507 5534 principum
3538 5457 3626 5512 vel

1974 5555 2266 5613 oblatione
2294 5553 2561 5610 ﬁdelium
2574 5551 2777 5609 eadem
2807 5549 3447 5624 EcclesiaAgrigentina
3463 5547 3627 5617 juste

1977 5651 2152 5719 atque
2185 5642 2456 5701 canonice
2486 5643 2700 5714 poterit
2740 5641 3006 5714 adipisci,
3038 5642 3207 5696 ﬁrma
3249 5638 3354 5695 tibi
3392 5635 3625 5707 tuisque
