3958 6370
318 345 389 409 5'!
402 346 432 406 1

1623 340 1697 404 Β.
1746 338 2043 404 URBANI
2084 338 2139 403 ῙΙ
2180 339 2436 405 ΡΑΡιΕ.
2526 342 2531 345 λ

3618 340 3743 409 512

315 475 757 536 successoribus
787 476 845 533 et
889 473 1115 534 illibata
1152 477 1553 550 permaneant.
1586 473 1964 532 Decernimus
1995 473 2495 549 A'ctissimi,quia
2516 475 2644 549 jam
2666 478 2828 535 tanto
2848 479 3115 552 tempore
3133 479 3392 537 vestram
3412 474 3740 537 Ecolesiam

315 583 453 642 ergo
484 572 553 624 ut
577 566 726 623 nulli
758 566 996 623 omnino
1025 565 1334 623 hominum
1366 566 1537 623 liceat
1565 564 1830 620 eamdem
1860 566 1966 619 Ec-

315 657 557 713 clesiam
587 660 805 711 temere
842 655 1205 727 perturbare,
1262 658 1365 710 aut
1393 655 1523 726 ejus
1566 652 1966 725 possessiones

315 747 568 812 auferre,
597 743 686 801 vel
717 743 939 799 ablatas
972 743 1257 811 retinere,
1287 744 1570 808 minuere,
1604 741 1693 797 vel
1723 745 1967 798 temera-

314 835 420 891 riis
448 833 850 891 vexationibus
881 832 1143 904 fatigare,
1195 832 1295 887 sed
1344 830 1541 887 omnia
1580 832 1803 903 integre
1836 847 1967 885 con-

312 938 433 979 seri
447 926 626 980 entur’
644 926 766 977 tam
797 921 915 977 tuis
949 937 1125 993 quam
1158 920 1591 985 canonicorum,
1625 923 1681 975 et
1720 919 1964 976 clerico-

314 1030 446 1069 rum
478 1010 765 1083 omnium,
798 1028 865 1067 ac
913 1026 1238 1083 pauperum
1283 1010 1490 1065 usibus
1542 1009 1867 1082 profutura.
1902 1009 1962 1065 Si

316 1119 443 1174 quae
474 1106 670 1157 autem
702 1098 1092 1156 ecclesiastica
1121 1097 1485 1155 saecularisve
1514 1113 1778 1171 .persona
1812 1098 1963 1155 hanc

312 1198 525 1247 nostrae
556 1188 991 1246 constitutionis
1020 1189 1296 1261 paginam
1346 1188 1557 1255 sciens,
1600 1186 1803 1242 contra
1831 1204 1959 1243 eam

298 1280 509 1336 venire
536 1278 864 1347 tentaverit,
918 1278 1172 1334 secundo
1220 1278 1462 1333 tertiove
1496 1276 1871 1344 commonita,
1909 1278 1957 1334 si

312 1370 517 1425 senon
548 1366 943 1423 satisfactione
973 1383 1231 1438 congrua
1262 1366 1677 1430 emendaverit,
1712 1370 1962 1437 potesta-

2076 581 2344 621 errorum
2376 566 2627 623 tenebrae
2659 571 3059 640 contegunt,et
3086 568 3392 626 a-veritate
3406 568 3569 626 sedis
3602 586 3741 643 apo-

2076 653 2291 710 stolicae
2319 654 2596 711 alienant.
2619 655 2782 713 Unde
2810 674 2915 714 vos
2942 661 3228 730 tanquam
3256 659 3550 715 viscerum
3580 676 3741 717 meo-

2075 759 2208 798 rum
2240 741 2393 799 ﬁlios
2423 747 2665 816 paterna
2691 742 3002 803 dilectione
3028 745 3735 820 corripimus,admonen-

2075 836 2163 887 tes
2193 837 2251 888 et
2280 834 2652 891 obsecrantes
2681 838 2749 890 ut
2777 836 2850 891 ad
2869 851 3040 892 meras
3057 836 3324 893 veritatis
3342 835 3543 893 lumen
3567 853 3739 894 men-

2074 920 2221 976 tium
2253 925 2583 978 vestrarum
2614 923 2818 979 oculos
2848 923 3106 980 elevatis.
3138 925 3376 981 Auferte
3406 924 3631 981 malum
3662 943 3735 983 ex

2072 1010 2237 1064 vobis
2267 1009 2444 1081 ipsis;
2480 1010 2686 1082 lupum
2722 1011 2891 1067 illum
2911 1013 3040 1068 dico
3064 1016 3121 1069 et
3144 1013 3357 1085 furem,
3383 1015 3484 1086 qui
3508 1031 3626 1071 non
3656 1016 3732 1073 ad

2073 1097 2320 1153 salutem
2352 1102 2606 1154 vestram
2644 1117 2747 1172 per
2774 1102 2993 1157 ostium
3049 1102 3328 1170 introivit,
3362 1104 3461 1159 sed
3495 1104 3735 1162 aliunde

2072 1187 2355 1254 ascendit,
2390 1191 2455 1242 ut
2484 1191 2700 1244 mactet
2730 1191 2787 1243 et
2814 1190 3134 1246 manducet
3165 1194 3222 1245 et
3251 1191 3732 1265 perdat.Autigi-

2068 1276 2168 1329 tur
2195 1274 2462 1332 Ecclesia:
2513 1275 2842 1333 invasorem
2888 1282 2944 1334 et
2974 1282 3407 1350 occupatorem,
3439 1279 3726 1337 Obertum

2069 1362 2581 1432 dicimus,Henrici
2614 1364 2958 1437 complicem
2989 1370 3046 1422 et
3076 1367 3437 1435 Guiberti,ex
3463 1368 3650 1438 vobis,
3676 1370 3729 1426 si

309 1456 387 1512 tis
416 1456 775 1527 honorisque
806 1455 898 1511 sui
929 1455 1211 1527 dignitate
1242 1458 1453 1520 careat,
1483 1470 1761 1525 reamque
1786 1470 1849 1509 se
1875 1454 1959 1509 di-
2068 1468 2184 1524 quo
2208 1454 2380 1508 modo
2399 1453 2903 1526 possibile,pellite
2927 1459 3061 1523 ;aut
3088 1455 3139 1512 ei
3161 1460 3444 1528 tanquam
3470 1461 3731 1515 asancta

307 1546 442 1601 vino
464 1544 690 1616 judicio
722 1544 967 1599 existere
1014 1544 1085 1598 de
1114 1546 1445 1615 perpetrata
1490 1542 1801 1615 iniquitate
1830 1560 1959 1616 cog—
2068 1541 2331 1597 Romana
2354 1541 2609 1598 Ecclesia
2630 1542 2904 1609 alieno,et
2923 1545 3732 1616 excommunicato,obedien-

308 1638 531 1701 noscat,
564 1635 738 1705 atque
768 1650 801 1687 a
831 1632 1231 1688 sacratissimo
1283 1648 1524 1704 corpore
1571 1635 1628 1687 et
1672 1632 1957 1710 sanguine
2065 1629 2212 1684 tiam
2266 1634 2523 1686 vestram
2574 1632 3056 1705 consortiumque
3084 1637 3342 1689 vestrum
3375 1634 3724 1692 subtrahite.

307 1723 409 1780 Dei
430 1727 487 1779 et
511 1721 740 1777 Domini
756 1721 1142 1793 redemptoris
1164 1721 1347 1777 nostri
1372 1721 1511 1777 Jesu
1534 1721 1745 1777 Christi
1766 1708 1957 1777 aliena
2065 1717 2181 1774 Hoc
2204 1718 2400 1789 ipsum
2419 1719 2489 1775 de
2505 1720 2737 1777 Wiredo
2756 1722 3195 1793 pseudoabbate
3221 1723 3728 1797 praeeipimus,qui

307 1814 431 1878 ﬂat,
462 1814 521 1867 et
550 1810 610 1865 in
640 1813 895 1866 extremo
924 1809 1189 1865 examine
1219 1808 1496 1865 districtae
1522 1808 1731 1865 ultioni
1763 1809 1957 1881 subja-
1986 1845 2033 1883 ι)
2065 1823 2168 1879 per
2191 1808 2457 1879 ejusdem
2481 1809 2965 1883 pseudoepiscopi
2979 1809 3316 1867 violentiam
3339 1813 3724 1871 Arduennen-

308 1904 453 1957 oeat.
469 1899 707 1956 Cunctis
737 1903 932 1954 autem
964 1898 1153 1954 eidem
1182 1898 1451 1954 Ecclesiae
1473 1899 1637 1969 justa
1670 1899 1959 1954 servanti-
1987 1896 2036 1910 υ
2070 1896 2563 1953 semonasterium
2587 1898 2650 1953 B.
2680 1897 2921 1954 Huberti
2951 1898 3336 1972 occupavit.Si
3368 1900 3502 1973 quis
3523 1906 3722 1958 autem

307 1991 419 2047 bus
449 1990 527 2046 sit
554 2006 666 2063 pax
695 1987 927 2044 Domini
949 1986 1132 2043 nostri
1155 1987 1295 2043 Jesu
1326 1985 1562 2053 Christi,
1588 1990 1881 2057 quatenus
1903 1990 1960 2041 et
2067 1982 2344 2057 deinceps
2375 1986 2459 2042 eis
2490 1987 2923 2044 communicare
2941 1989 3403 2062 praesumpserit,
3427 1991 3611 2049 donec
3630 2009 3722 2049 ec-

305 2079 403 2135 hic
428 2079 686 2134 fructum
740 2078 905 2132 bonae
938 2075 1185 2132 actionis
1224 2074 1573 2147 percipiant,
1616 2079 1672 2129 et
1723 2075 1782 2129 in
1832 2074 1957 2131 loco
2067 2071 2378 2128 clesiarum
2409 2072 2623 2145 quibus
2645 2074 2926 2132 incubant
2945 2078 3325 2150 oppressione
3342 2079 3720 2147 deserta,Deo

296 2166 507 2241 judicii
536 2166 776 2239 prmmia
795 2170 1021 2221 aeternae
1038 2164 1201 2237 pacis
1218 2164 1745 2232 inveniant.Amen,
1762 2179 1953 2231 amen,

305 2272 497 2313 amen.

375 2346 585 2402 Datum
614 2344 767 2401 Barii
798 2358 901 2416 per
930 2359 1141 2398 manus
1154 2342 1417 2408 Joannis,
1443 2343 1501 2397 S.
1531 2341 1597 2397 R.
1626 2342 1689 2396 Ε.
1723 2341 1954 2398 diaconi

304 2434 488 2500 card.,
517 2450 575 2489 v1
606 2433 689 2489 Id.
722 2432 976 2497 Octobr.,
1000 2431 1206 2487 indict.
1239 2447 1360 2498 vm,
1401 2430 1695 2487 Incarnat.’
1721 2430 1951 2487 Domini

305 2522 461 2592 1099,
494 2521 702 2595 pontii.
732 2520 951 2576 Urbani
982 2520 1031 2575 II
1052 2519 1155 2575 PP.
1194 2537 1271 2576 x1.

310 2684 518 2742 Urbani
563 2686 615 2741 II
659 2682 889 2754 epistola
945 2608 1265 2765 £033.11};
1316 2682 1370 2737 S.
1433 2682 1661 2737 Huberti
1715 2682 1951 2753 Andagi-

1019 2769 1226 2810 ηϐηιςιις.
1532 2792 1539 2797 -

922 2841 1108 2911 (Anno
1141 2842 1326 2908 1098.)

471 2912 793 2984 [MARTENE,
827 2912 1169 2983 amplissima
1191 2913 1429 2980 ϐοηθοίη
1465 2911 1557 2980 IV,
1593 2913 1775 2984 1013.]

369 3000 649 3058 URBANUS
692 2998 1023 3072 episcopus,
1070 3017 1273 3056 servus
1326 3017 1622 3057 servorum
1671 3000 1792 3067 Dei,
1841 3002 1945 3057 Ar-

298 3087 656 3148 duennensis
688 3088 1021 3144 monasterii
1047 3089 1109 3143 B.
1142 3089 1385 3145 Huberti
1417 3088 1716 3145 catholicis
1747 3089 1943 3145 fratri-

296 3181 430 3251 bUs,
463 3177 715 3234 salutem
746 3181 803 3233 et
828 3177 1210 3250 apostolicam
1232 3178 1716 3235 benedictionem.

365 3266 737 3333 Audivimus,
764 3271 821 3322 et
840 3267 1107 3322 auditum
1138 3281 1257 3323 non
1268 3267 1457 3323 dolere
1470 3284 1584 3324 non
1602 3284 1940 3339 possumus,

296 3356 435 3431 quia
482 3355 700 3411 Otberti
749 3355 1229 3429 pseudoepiscOpi
1282 3355 1555 3412 violentia
1596 3357 1943 3414 venerabilis

294 3445 451 3501 ﬁlius
481 3448 679 3501 noster
704 3442 1118 3513 Theodericus,
1146 3448 1335 3501 vester
1365 3445 1567 3512 abbas,
1600 3462 1705 3518 pro
1744 3446 1939 3502 catho-

294 3534 413 3590 licze
446 3531 580 3589 fidei
605 3532 794 3607 gratia
818 3535 887 3589 de
918 3536 1108 3589 vestro
1134 3533 1211 3589 sit
1238 3533 1595 3590 monasterio
1636 3534 1937 3606 expulsus,

293 3623 350 3680 et
378 3622 651 3679 Wiredus
682 3621 1231 3695 pseudomonachus
1282 3638 1386 3694 per
1415 3622 1678 3693 ejusdem
1717 3623 1939 3680 Otberti

289 3709 622 3768 violentiam
655 3728 831 3783 super
860 3710 1051 3782 capita
1080 3713 1270 3765 vestra
1322 3709 1398 3765 sit
1449 3710 1730 3783 ingestus.
1776 3713 1939 3777 Quod

290 3800 526 3857 omnino
559 3800 728 3856 nobis
754 3798 1064 3871 displicere
1094 3797 1314 3854 sciatis.
1364 3798 1527 3854 Unde
1577 3816 1677 3856 vos
1727 3800 1939 3857 litteris

289 3889 678 3963 praesentibus
709 3888 1128 3955 salutantes,ut
1155 3890 1355 3943 vestrae
1380 3887 1512 3944 fidei
1548 3890 1937 3945 constantiam

289 3976 639 4034 conservetis
669 3976 1061 4039 hortamur,et
1089 3973 1381 4032 licentiam
1403 3976 1680 4050 indulgeo
1704 3982 1770 4033 ut
1796 3978 1844 4033 si
1877 3977 1937 4033 in

291 4065 643 4123 monasterio
675 4067 865 4119 vestro
897 4064 1220 4120 secundum
1261 4065 1521 4138 regulam
1570 4066 1720 4122 beati
1764 4066 1939 4123 Bene-

289 4156 429 4212 dicti
460 4158 517 4211 et
545 4152 925 4226 apostolicam
945 4152 1246 4209 veritatem
1276 4155 1465 4211 vivere
1487 4172 1599 4211 non
1633 4155 1934 4222 valetis,ad

290 4245 679 4317 quodcunque
745 4242 1085 4316 religiosum
1144 4243 1444 4301 volueritis
1514 4244 1936 4301 monasterium

288 4333 595 4402 secedatis,
634 4332 815 4387 donec
847 4332 1215 4404 omnipotens
1261 4334 1411 4388 Deus
1444 4332 1638 4388 locum
1673 4337 1935 4391 vestrum

288 4420 581 4493 respiciat,
614 4424 671 4477 et
698 4421 1024 4475 secundum
1050 4421 1484 4493 beneplacitum
1511 4438 1686 4478 suum
1709 4422 1769 4477 in
1791 4422 1935 4496 pris-

286 4511 410 4567 tino
440 4513 599 4565 statu
630 4509 920 4568 reformet.
955 4509 1125 4566 Illum
1145 4514 1340 4566 autem
1363 4508 1669 4566 Wiredum
1703 4528 1934 4568 monas-

286 4599 417 4656 terii
442 4599 617 4656 vestri
650 4598 976 4655 invasorem
1027 4615 1161 4654 cum
1193 4599 1317 4654 suis
1351 4599 1625 4655 omnibus
1656 4601 1932 4674 subditis,

288 4687 548 4762 quandiu
579 4688 651 4743 ab
684 4688 870 4761 ipsius
902 4688 1241 4744 monasterii
1272 4686 1573 4743 invasione
1611 4705 1726 4745 non
1758 4690 1930 4746 desti-

284 4776 439 4845 terit,
462 4793 496 4832 a
524 4781 726 4833 sancta
756 4777 1020 4833 Romana
1049 4776 1306 4833 Ecclesia
1357 4777 1929 4835 excommunicatum

287 4880 415 4921 esse
444 4864 678 4938 scriptis
701 4865 865 4921 vobis
897 4864 1281 4937 praesentibus
1310 4864 1753 4924 innotescimus.

974 4952 1249 5009 CGXLIV.

291 5023 497 5082 Urbani
546 5027 594 5081 II
650 5025 881 5097 epistola
936 5024 1008 5079 ad
1041 5023 1392 5150 bggzadienses
1449 5042 1552 5097 pro
1619 5027 1933 5087 Theoderico

1003 5113 1038 5150 ιι
1198 5136 1211 5149 .

1003 5113 1211 5151 aooaw.

906 5184 1092 5255 (Anno
1125 5184 1306 5254 1098.)

771 5257 1078 5327 Mauram,
1109 5255 1206 5310 ubi
1227 5258 1439 5327 supra.]

357 5344 635 5401 URBANUS
665 5344 994 5417 episcopus,
1028 5359 1225 5400 servus
1254 5361 1554 5403 servorum
1585 5348 1707 5416 Dei,
1733 5352 1929 5409 catho-

285 5432 415 5489 licis
446 5433 722 5491 omnibus
750 5433 810 5488 in
858 5430 1008 5489 clero
1054 5432 1360 5491 Leodiensi
1408 5439 1467 5493 et
1512 5440 1728 5510 populo
1775 5442 1834 5497 S.
1875 5447 1933 5499 et

337 5523 440 5578 .B.

284 5524 634 5669 Αἰξεξιθωυε
665 5626 770 5682 pro
784 5610 949 5669 vobis
976 5611 1246 5684 graviter,
1278 5612 1384 5670 ﬁlii
1421 5613 1481 5672 in
1530 5616 1757 5676 Christo
1795 5621 1934 5679 dile-

2065 2165 2123 2217 et
2149 2161 2272 2216 sedi
2303 2162 2632 2233 apostolicae
2675 2164 3060 2235 satisfaciant,
3111 2166 3303 2223 sciant
3345 2184 3408 2224 se
3448 2169 3716 2241 ejusdem

2064 2251 2682 2309 excomm‘unicationis
2712 2252 2942 2309 vinculo
2992 2252 3326 2312 innodatos.
3358 2256 3538 2314 Vobis
3576 2251 3721 2316 sane

2062 2342 2119 2394 et
2145 2340 2367 2395 caeteris
2395 2340 2671 2398 omnibus
2700 2346 2907 2398 natum
2938 2343 3017 2399 sit
3047 2343 3186 2416 quia
3216 2344 3488 2419 religioso
3518 2347 3719 2405 abbati

2060 2427 2414 2484 Theoderico
2459 2429 2752 2487 licentiam
2799 2431 3070 2488 dedimus
3124 2437 3189 2489 ut
3236 2451 3271 2490 a
3320 2426 3719 2496 schismaticis

2060 2532 2387 2583 conversos,
2421 2517 2520 2589 qui
2552 2519 2625 2574 ad
2656 2519 2853 2591 ipsum
2885 2521 3274 2594 confugerint,
3300 2540 3335 2580 a
3357 2523 3587 2582 vinculo
3617 2544 3715 2584 ex-

2058 2606 2612 2663 communicationis
2641 2606 2923 2664 absolvat.

2129 2699 2413 2753 Datum...

2754 2785 3006 2842 CCXLV.

2158 2874 2366 2930 Urbani
2384 2875 2434 2930 ιι
2460 2877 2786 2947 rescriptum
2810 2891 2910 2947 pro
2942 2876 3230 2933 Casinensi
3256 2881 3613 2936 monasterio.

2126 2961 2406 3018 Unsanus
2436 2964 2769 3036 episcopus,
2819 2980 3021 3022 servus
3065 2981 3367 3024 servorum
3406 2968 3531 3038 Dei,
3564 2969 3704 3027 cha-

2054 3049 2290 3106 rissimo
2321 3049 2440 3107 lilio
2467 3054 2687 3107 Assam
2714 3054 3256 3111 Beneventanorum
3278 3057 3706 3127 domino,salu-

2050 3141 2170 3194 tem
2200 3143 2259 3195 et
2289 3139 2668 3211 apostolicam
2698 3141 3183 3200 benedictionem.

1973 3207 2029 3275 α
2124 3228 2270 3283 Cum
2300 3207 2488 3301 nuper
2517 3232 2637 3285 ate
2686 3228 3088 3300 discessimus,
3122 3234 3276 3290 nosti
3324 3233 3435 3291 sub
3483 3240 3708 3307 quanta

2054 3321 2108 3373 te
2137 3316 2439 3373 affectione
2469 3317 2806 3375 dimisimus
2839 3338 2852 3375 :
2884 3321 2943 3376 in
2976 3323 3179 3378 eadem
3210 3338 3347 3379 vero
3380 3324 3703 3395 affectione,

2050 3405 2112 3460 in
2141 3406 2407 3462 eamdem
2439 3406 2861 3479 benignitatem
2892 3413 2950 3466 et
2978 3426 3086 3467 nos
3115 3411 3222 3466 tibi
3272 3425 3528 3481 manere,
3561 3418 3621 3470 et
3650 3418 3707 3471 te

2050 3492 2220 3549 nobis
2267 3493 2538 3550 volumus
2587 3511 2948 3567 permanere,
3001 3500 3279 3571 quoniam
3325 3498 3564 3573 quidem
3596 3519 3706 3559 nos

2050 3582 2331 3638 honorem
2362 3586 2531 3639 tuum
2564 3600 2815 3652 servare,
2848 3590 2906 3642 et
2938 3587 2996 3641 in
3040 3587 3250 3644 melius
3301 3605 3512 3663 augere
3541 3609 3707 3649 cura-

2048 3671 2266 3740 bimus,
2313 3671 2362 3728 si
2394 3676 2451 3728 et
2498 3676 2564 3728 tu
2595 3672 2656 3728 in
2709 3673 2862 3730 beati
2910 3674 3064 3731 Petri
3115 3678 3363 3750 apostoli
3393 3683 3451 3736 et
3497 3684 3702 3738 nostra

2048 3760 2343 3817 curaveris
2373 3759 2651 3817 fidelitate
2674 3765 2733 3818 et
2762 3779 2960 3820 amore
2990 3766 3318 3837 persistere.
3354 3772 3430 3825 De
3456 3785 3697 3827 monas-

2045 3848 2190 3905 terio
2220 3850 2442 3905 Sanctae
2497 3850 2725 3923 Sophia:
2786 3853 3015 3923 quoties
3072 3858 3130 3911 et
3186 3873 3253 3911 ex
3313 3862 3535 3929 quanto
3569 3861 3700 3931 jam

2046 3940 2311 4008 tempore
2372 3938 2719 3996 Casinenses
2786 3942 3058 3999 monachi
3121 3943 3583 4018 reclamaverint,
3644 3953 3703 4006 te

2048 4025 2244 4097 ipsum
2275 4025 2543 4098 ignorare
2584 4044 2698 4084 non
2739 4030 3056 4088 credimus.
3108 4033 3306 4106 Nuper
3353 4035 3414 4091 in
3460 4024 3700 4095 Barcaei

2046 4113 2292 4170 concilio
2323 4130 2458 4170 cum
2493 4115 2731 4188 scriptis
2778 4121 2838 4173 et
2883 4120 3265 4178 monimentis
3294 4123 3545 4182 ecclesiae
3576 4142 3699 4183 suae

2037 4201 2338 4273 justitiam
2386 4220 2556 4261 suam
2620 4209 2880 4264 astruere
2935 4209 3123 4280 parati
3185 4211 3454 4283 fuissent,
3515 4214 3699 4271 abbas

2046 4290 2271 4347 Sanctae
2293 4292 2520 4365 Sophize
2550 4295 2855 4353 occasione
2873 4298 2959 4352 tui
2982 4314 3171 4356 causae
3205 4300 3493 4358 actionem
3525 4303 3694 4377 fugit.

2044 4380 2189 4435 Cum
2220 4380 2613 4438 Beneventum
2646 4383 2823 4440 etiam
2852 4386 3221 4445 venissemus
3269 4390 3329 4445 in
3359 4390 3489 4463 ipsa
3512 4392 3697 4448 beatae

2042 4468 2267 4541 Sophiae
2300 4471 2495 4537 domo,
2526 4473 2736 4530 fratres
2769 4474 2882 4547 ipsi
2916 4481 3203 4548 quantum
3235 4481 3427 4550 questi
3479 4481 3698 4537 fuerint

1962 4556 2276 4642 Daudisti.
2311 4559 2457 4625 Quid
2492 4577 2598 4616 nos
2640 4561 2745 4616 tibi
2796 4563 2869 4619 de
2899 4564 3101 4621 eadem
3152 4583 3330 4624 causa
3373 4568 3701 4626 dixerimus

2044 4647 2381 4715 meministi,
2412 4653 2555 4703 tunc
2604 4650 2774 4707 nobis
2804 4668 2908 4724 pro
2957 4653 3277 4712 voluntatis
3319 4660 3434 4713 tum
3479 4658 3696 4731 placito

2039 4736 2415 4809 respondisti.
2449 4737 2567 4793 Nos
2616 4744 2812 4796 autem
2867 4741 3091 4800 diutius
3142 4745 3261 4818 pati
3302 4734 3590 4804 nolumus
3631 4752 3698 4806 ut

2042 4824 2358 4881 Casinense
2416 4829 2841 4885 monasterium
2902 4831 2973 4886 de
3031 4832 3124 4888 his
3176 4850 3303 4905 quae
3361 4835 3433 4891 ad
3495 4836 3692 4909 ipsum

2042 4913 2331 4986 pertinere
2359 4912 2934 4989 videntur,injuriam
2957 4918 3179 4978 diutius
3209 4923 3484 4994 patiatur.
3507 4912 3693 4983 Locus

2042 5003 2199 5058 enim
2232 5002 2357 5074 ipse
2379 5018 2483 5076 per
2510 5003 2612 5060 Dei
2643 5006 2893 5078 gratiam
2944 5008 3099 5067 beati
3129 5003 3423 5069 Benedicti
3465 5015 3693 5071 meritis

2042 5104 2158 5144 non
2178 5091 2409 5144 tantum
2439 5090 2630 5158 nobis,
2664 5093 2766 5164 qui
2795 5110 2976 5167 prope
3004 5108 3234 5168 sumus,
3271 5101 3373 5156 sed
3406 5101 3690 5160 universae

2039 5176 2216 5232 etiam
2248 5176 2423 5233 Italiae
2443 5183 2807 5251 opportunus
2822 5186 2880 5239 et
2900 5185 3691 5259 necessarius‘est,multum-

2043 5282 2155 5337 que
2187 5282 2292 5323 nos
2322 5267 2550 5323 deceret
2581 5274 2663 5335 ut,
2698 5270 2746 5326 si
2777 5272 3056 5343 possibile
3088 5277 3461 5346 esset,looum
3491 5278 3690 5353 ipsum

2041 5354 2113 5409 de
2141 5354 2356 5411 nostris
2402 5356 2579 5413 etiam
2611 5358 2964 5430 diceremus,
3009 5366 3229 5422 nedum
3279 5380 3407 5437 sua,
3463 5368 3692 5426 favente

2031 5442 2285 5515 justitia,
2310 5461 2428 5502 non
2459 5446 2719 5520 recipiat.
2756 5449 2887 5507 Tibi
2915 5451 3118 5525 igitur,
3150 5457 3433 5528 tanquam
3465 5457 3688 5516 charis-

2040 5534 2191 5591 simo
2220 5539 2277 5591 et
2305 5534 2463 5605 ﬁdeli
2491 5541 2691 5596 nostro
2713 5542 3065 5599 mandamus
3088 5548 3153 5601 ut
3172 5544 3493 5603 venerabili
3516 5547 3688 5605 fratri

2040 5628 2238 5683 nostro
2268 5624 2568 5683 Casinensi
2601 5629 2799 5688 abbati
2828 5635 2885 5689 et
2913 5632 3043 5704 ejus
3064 5633 3346 5693 fratribus
3369 5637 3441 5693 de
3460 5640 3685 5696 Sanctae
