3958 6354
249 428 369 491 513

1426 433 1832 503 EPISTOL/E
1873 435 1974 496 ET
2016 433 2461 496 PRIVILEGIA
2475 480 2489 495 .

3530 439 3650 509 514

246 563 481 635 Sophiae
537 565 890 622 monasterio
938 567 1063 624 vice
1112 569 1313 624 nostra
1348 568 1649 639 justitiam
1689 567 1888 626 facias.
1920 568 1976 636 Α
2009 567 2447 639 Monte-Majore
2476 583 2612 623 cum
2642 566 2770 640 ipso
2799 569 3017 634 monte,
3077 566 3381 624 ecclesiam
3428 570 3650 637 Sanctae

245 651 410 717 Quod
434 653 485 709 si
506 656 641 711 ante
662 657 717 711 te
740 656 909 729 quasi
932 656 1267 714 saecularem
1285 661 1633 730 potestatem
1655 674 1893 723 causam

245 757 419 815 agere
440 745 864 815 excusaverint,
896 751 959 802 tu
990 763 1091 803 eos
1120 748 1192 804 ad
1226 747 1594 820 praesentiam
1635 752 1898 804 nostram

242 831 441 889 venire
466 832 768 906 compelle.
803 835 924 901 Quo
956 840 1157 892 autem
1183 836 1433 893 termino
1479 840 1612 893 ante
1656 853 1763 892 nos
1795 854 1898 909 pro

241 936 428 978 causa
452 920 563 978 hac
595 924 903 980 convenire
928 924 1200 993 debeant,
1230 925 1399 981 nobis
1429 930 1566 981 ante
1607 925 1895 998 signiﬁca,

242 1014 310 1065 ut
339 1014 395 1066 et
432 1027 536 1067 nos
556 1011 857 1068 Casinensi
878 1012 1073 1069 abbati
1093 1012 1512 1086 significemus.
1537 1014 1712 1070 Porro
1735 1013 1901 1087 quid-

243 1099 388 1171 quid
423 1116 533 1157 nos
559 1100 766 1157 exinde
796 1101 1201 1170 statuerimus,
1230 1106 1400 1160 tuum
1426 1103 1557 1169 erit,
1589 1103 1683 1159 his
1722 1102 1896 1159 etiam

244 1189 664 1259 renitentibus,
695 1189 1052 1264 adimplere;
1088 1190 1347 1264 alioquin
1392 1192 1757 1248 auctoritatis
1796 1209 1895 1248 no-

243 1282 379 1333 strae
413 1277 689 1350 injuriam
721 1278 944 1335 diutius
985 1280 1105 1352 pati
1160 1281 1558 1354 nequibimus,
1618 1282 1759 1354 quin
1791 1282 1898 1338 ad-

241 1383 453 1424 versus
483 1372 861 1426 contumaces
888 1371 1044 1442 quod
1077 1371 1251 1426 officii
1284 1372 1470 1427 nostri
1516 1376 1606 1427 est
1656 1369 1898 1443 implea-

244 1474 403 1530 mus,
436 1461 496 1513 et
524 1458 825 1515 Casinensi
857 1459 1052 1515 abbati
1111 1477 1237 1531 quae
1280 1478 1388 1515 sua
1442 1464 1580 1515 sunt
1627 1459 1898 1516 restitua-

241 1563 403 1612 mus,
439 1563 636 1619 quem,
671 1548 732 1603 in
762 1552 1049 1620 quantum
1106 1549 1356 1617 videtur,
1409 1549 1641 1622 plenam
1688 1550 1901 1605 habere

232 1635 538 1708 justitiam
563 1637 882 1694 credimus.

313 1729 463 1782 Data
491 1725 758 1799 Ciperani
788 1726 960 1782 tertio
992 1726 1188 1783 Nonas
1215 1727 1574 1785 Novembris.

387 1949 553 2004 Bulla
587 1948 792 2006 Urbani
820 1951 871 2005 II
892 1860 1544 2078 Ξφὲῖνηοηαδῖενίο
1575 1950 1764 2014 δαησηί

926 2038 977 2077 .u
1011 2038 1081 2078 uc
1190 2039 1255 2078 κδ.

926 2038 1237 2078 :ucunnatzs
1244 2066 1255 2078 .

898 2038 1255 2093 (mcupnans.

892 2128 1080 2200 (Anno
1111 2130 1296 2197 1098.)

353 2196 603 2306 (ninam,
635 2234 817 2289 Μανία
849 2196 1161 2306 Hispanz’ca.
1204 2234 1492 2307 Append.,
1517 2251 1576 2306 p.
1613 2235 1793 2306 1203.)

315 2349 597 2407 URBANUS
627 2349 959 2422 episcopus,
989 2366 1190 2406 servus
1220 2365 1520 2407 servorum
1544 2349 1666 2419 Dei,
1692 2349 1901 2406 dilecto

243 2434 367 2496 filio
394 2439 783 2505 BERBNGARIO,
807 2438 1002 2494 abbati
1025 2439 1368 2495 monasterii
1389 2440 1586 2495 Sancti
1604 2440 1904 2512 Cucupha-

243 2530 324 2586 tis
354 2529 512 2602 quod
544 2527 885 2585 Octoviense
917 2528 1153 2597 dicitur,
1186 2530 1429 2601 ejusque
1462 2530 1903 2587 successoribus

246 2617 599 2693 regulariter
626 2616 1058 2674 substituendis
1087 2617 1147 2672 in
1179 2621 1549 2691 perpetuum.

321 2708 434 2764 Piae
446 2706 763 2780 postulatio
784 2706 1100 2763 voluntatis
1113 2707 1319 2763 effectu
1334 2708 1505 2763 debet
1518 2713 1905 2780 prosequente

251 2795 557 2870 compleri,
577 2800 866 2868 quatenus
889 2799 944 2851 et
965 2796 1287 2852 devotionis
1309 2796 1612 2853 sinceritas
1638 2796 1906 2855 laudabi-

251 2887 390 2943 liter
413 2886 715 2954 enitescat,
750 2889 808 2941 et
837 2884 1061 2941 utilitas
1083 2885 1378 2957 postulata
1394 2885 1545 2942 vires
1575 2886 1907 2943 indubitan-

252 2981 344 3033 ter
363 2978 650 3032 assumat.
683 2974 829 3039 Quia
856 2990 993 3046 ergo
1025 2973 1257 3030 dilectio
1279 2978 1381 3029 tua
1402 2975 1472 3030 ad
1496 2975 1653 3032 sedis
1675 2980 1907 3048 aposto-

254 3065 377 3122 licae
401 3067 634 3138 portum
657 3064 1000 3136 confugiens
1021 3064 1149 3135 ejus
1171 3063 1477 3120 tuitionem
1495 3064 1794 3121 devotione
1806 3066 1907 3122 de-

253 3155 379 3211 bita
409 3152 730 3227 requisivit,
766 3169 871 3208 nos
895 3150 1308 3224 supplicationi
1333 3157 1444 3208 tuae
1475 3152 1788 3210 clementer
1809 3171 1907 3210 an-

252 3242 517 3300 nuimus.
551 3241 710 3313 Beati
742 3240 1029 3314 siquidem
1062 3240 1415 3313 Cucuphatis
1433 3242 1760 3299 venerabile
1782 3260 1905 3300 mo-

1930 1941 1981 2008 B

2009 655 2202 712 Maria:
2231 657 2303 713 de
2333 656 2589 726 Toldelo,
2623 657 2929 715 ecclesiam
2961 655 3155 713 Sancti
3181 655 3388 714 Felicis
3409 659 3479 713 de
3498 659 3655 716 Villa

2009 746 2080 801 de
2109 744 2377 816 Milanos,
2411 746 2719 803 ecclesiam
2750 748 2975 805 Sanctae
3001 746 3193 803 Mariae
3216 750 3272 803 et
3291 747 3483 803 Sancti
3502 748 3653 803 Petri

2008 835 2163 907 quod
2185 838 2444 891 castrum
2463 835 2620 892 Felix
2644 835 3196 903 dicitur,-ecclesiam
3220 836 3447 892 Sanctae
3464 836 3655 896 Mariae

2007 927 2064 978 et
2087 924 2282 980 Sancti
2300 924 2543 983 Joannis
2565 926 2720 997 quod
2742 924 3215 983 Monasteriolum
3230 930 3458 992 vocant,
3481 925 3659 983 eccle-

2009 1011 2156 1069 siam
2178 1013 2405 1070 Sanctae
2424 1013 2625 1070 Crucis
2647 1017 2705 1070 et
2724 1014 2922 1071 Sancti
2941 1012 3214 1086 Sylvestri
3235 1014 3306 1069 de
3329 1013 3654 1082 Vallerana,

2008 1101 2313 1158 ecclesiam
2333 1103 2532 1160 Sancti
2565 1103 2921 1176 Cucuphatis
2946 1104 3017 1159 de
3031 1101 3265 1171 Moia,et
3280 1101 3457 1165 aliam
3477 1102 3658 1163 eccle-

2007 1190 2156 1247 siam
2179 1191 2373 1247 Sancti
2395 1191 2755 1265 Cucuphatis
2783 1193 2855 1248 dc
2895 1192 3159 1264 Garriga,
3183 1191 3486 1248 ecclesiam
3510 1193 3659 1250 San-

2008 1280 2084 1335 cti
2107 1280 2401 1336 Benedicti
2424 1285 2481 1336 et
2504 1280 2788 1352 Spisellis,
2826 1278 3128 1337 ecclesiam
3163 1281 3360 1337 Sancti
3381 1280 3660 1353 Stephani

2008 1368 2079 1422 de
2109 1368 2435 1437 Castelleto,
2470 1369 2776 1426 ecclesiam
2823 1369 3019 1431 Sancti
3064 1369 3282 1425 Juliani
3333 1370 3403 1425 de
3448 1371 3662 1434 Sancta

2008 1455 2173 1512 Oliva
2201 1473 2331 1513 cum
2356 1456 2615 1526 castello,
2640 1457 2945 1521 ecclesiam
2969 1458 3164 1514 Sancti
3188 1457 3503 1514 Salvatoris
3525 1459 3661 1513 Bac-

2007 1545 2191 1601 tensis
2221 1562 2354 1602 cum
2386 1547 2861 1619 possessionibus
2890 1552 2948 1603 et
2985 1546 3351 1620 pertinentiis
3381 1547 3506 1607 suis
3535 1565 3549 1615 ;
3574 1562 3663 1605 ec-

2009 1633 2249 1690 clesiam
2281 1635 2476 1690 Sancti
2499 1635 2654 1692 Petri
2680 1639 2736 1691 et
2759 1636 2985 1692 Sanctae
3012 1636 3214 1692 Crucis
3239 1636 3312 1693 de
3336 1635 3658 1707 Mosquefa,

2012 1723 2314 1780 ecclesiam
2354 1727 2575 1780 Sanctae
2606 1723 2797 1780 Mariae
2839 1727 2911 1781 de
2957 1723 3294 1797 Capelades,
3354 1722 3661 1787 ecclesiam

2009 1812 2203 1868 Sancti
2230 1812 2433 1869 Felicis
2463 1813 2534 1868 de
2554 1812 2755 1871 Castro
2787 1812 3073 1880 Odilione,
3106 1812 3414 1869 ecclesiam
3437 1812 3661 1871 Sanctae

2011 1900 2204 1956 Mariae
2236 1902 2307 1957 de
2336 1900 2582 1958 Gastello
2610 1903 2684 1958 de
2734 1901 3005 1959 Clariana
3047 1919 3181 1959 cum
3230 1902 3359 1974 ipso
3399 1900 3660 1968 castello,

2011 1989 2317 2047 ecclesiam
2370 1991 2592 2046 Sanctae
2653 1991 2847 2047 Mariae
2888 1992 2960 2048 de
3000 1990 3308 2063 Aqualata,
3354 1990 3663 2049 ecclesiam

2009 2079 2204 2135 Sancti
2253 2079 2407 2137 Petri
2455 2080 2528 2136 de
2572 2080 2714 2148 Viri,
2771 2080 3078 2139 castellum
3131 2080 3328 2138 Sancti
3371 2080 3664 2141 Vincentii

2010 2185 2143 2224 cum
2194 2168 2324 2240 ipsa
2381 2168 2643 2236 ecclesia,
2677 2169 2983 2225 castellum
3038 2170 3110 2225 de
3163 2169 3476 2226 Albiniana
3529 2185 3664 2227 cum

2011 2257 2256 2313 ecclesia
2285 2275 2410 2325 sua,
2446 2257 2720 2315 ecclesias
2751 2258 2947 2314 Sancti
2996 2257 3297 2330 Sepulchri
3344 2260 3402 2314 et
3442 2259 3664 2329 Sanctae

2015 2346 2212 2402 Mariae
2242 2347 2314 2403 de
2342 2348 2624 2419 Amposta
2668 2363 2802 2402 cum
2852 2346 3142 2403 universis
3189 2348 3665 2419 possessionibus

2011 2439 2068 2490 et
2098 2435 2466 2507 pertinentiis
2493 2452 2719 2501 eorum,
2760 2434 3037 2491 ecclesias
3095 2436 3293 2492 Sancti
3342 2435 3577 2493 Martini
3606 2441 3664 2494 et

1998 2523 2211 2585 Sancti
2242 2524 2471 2593 Felicis,
2505 2528 2561 2579 et
2582 2524 2778 2579 Sancti
2800 2524 3033 2580 Genesii
3061 2540 3188 2596 quae
3208 2528 3349 2581 sunt
3368 2525 3442 2580 ad
3470 2524 3663 2597 ipsam

2013 2616 2235 2669 curtem
2268 2614 2338 2669 de
2372 2613 2525 2680 Faio,
2549 2613 2854 2669 ecclesiam
2882 2613 3079 2669 Sancti
3104 2612 3333 2670 Genesii
3355 2617 3413 2669 et
3438 2615 3663 2671 Sanctae

2013 2701 2249 2758 Eulaliae
2280 2718 2458 2774 quam
2488 2706 2696 2758 vocant
2723 2701 3012 2774 Tapioles,
3061 2700 3319 2757 alodium
3363 2703 3518 2774 quod
3575 2705 3665 2759 est

2014 2791 2167 2847 intra
2196 2808 2399 2848 muros
2428 2791 2682 2847 civitatis
2697 2791 3053 2860 Barcinonae,
3082 2790 3305 2847 scilicet
3326 2807 3461 2847 cum
3482 2790 3666 2847 domi-

2015 2879 2146 2948 bus,
2162 2880 2449 2947 curtibus,
2467 2880 2655 2936 hortis
2669 2884 2724 2935 et
2738 2879 3086 2945 hortalibus,
3099 2880 3186 2935 vel
3208 2884 3497 2953 quantum
3514 2880 3666 2936 infra

2014 2969 2374 3025 territorium
2405 2969 2689 3041 praedicta:
2721 2968 2970 3024 civitatis
3009 2970 3315 3040 praefatum
3369 2973 3663 3025 monaste-

2016 3058 2170 3113 rium
2203 3058 2417 3114 habere
2449 3058 2695 3126 videtur,
2720 3058 2977 3114 alodium
2998 3058 3154 3130 quod
3176 3062 3266 3113 est
3294 3057 3446 3114 infra
3464 3058 3666 3113 termi-

2015 3164 2122 3203 nos
2153 3147 2222 3202 de
2252 3151 2440 3203 castro
2467 3147 2645 3204 Fonte
2674 3148 2874 3215 rubea,
2897 3150 2954 3202 et
2976 3148 3046 3203 de
3070 3147 3498 3215 Monte-Acuta,
3519 3151 3577 3203 et
3594 3147 3667 3203 de

2017 3236 2281 3305 Piniana,
2315 3240 2372 3293 et
2402 3237 2471 3291 de
2502 3236 2722 3304 Carolo,
2757 3241 2814 3291 et
2849 3237 2921 3292 dc
2950 3238 3149 3292 Castro
3196 3235 3364 3303 Virli,
3404 3235 3665 3292 alodium

251 3308 615 3398 nasterium,‘
661 3331 753 3386 cui
807 3308 1150 3403 disponente
1214 3308 1456 3387 ί)οωὶηο
1518 3332 1578 3386 in
1636 3332 1906 3389 abbatem
1938 3308 1980 3376 C
2020 3326 2088 3382 de
2118 3325 2330 3382 Olorda
2360 3342 2494 3381 cum
2527 3326 2657 3398 ipsa
2684 3328 2863 3392 turre,
2895 3329 2954 3381 et
2983 3324 3243 3381 alodium
3293 3325 3449 3397 quod
3479 3325 3665 3381 estin

250 3437 501 3496 praesse
522 3418 903 3493 dignosceris,
929 3436 1035 3476 nos
1044 3420 1214 3491 juxta
1240 3419 1661 3476 venerabilium
1686 3423 1906 3493 praede-

247 3525 555 3569 cessorum
591 3512 928 3565 nostrorum
952 3508 1248 3581 exemplar
1269 3509 1379 3565 sub
1403 3509 1729 3581 apostolicae
1752 3510 1909 3567 sedis

248 3599 613 3675 protectione
635 3597 963 3671 specialiter
990 3597 1049 3653 in
1081 3601 1428 3671 perpetuum
1460 3614 1697 3654 manere
1717 3599 1908 3655 sanci-

251 3707 413 3758 mus,
443 3692 502 3745 et
532 3694 649 3745 tam
681 3686 876 3759 ipsum
909 3704 1087 3760 quam
1110 3687 1384 3743 universa
1413 3687 1486 3742 ad
1513 3687 1707 3759 ipsum
1740 3688 1910 3760 perti-

252 3777 477 3834 mentia
505 3776 609 3832 tibi
644 3775 881 3848 tuisque
912 3774 1189 3849 legitimis
1230 3775 1670 3833 successoribus
1718 3776 1906 3848 possi-

251 3866 465 3938 denda,
498 3865 752 3939 regenda
779 3882 846 3920 ac
878 3864 1242 3937 disponenda
1272 3864 1598 3932 ﬁrmamus,
1648 3863 1905 3922 alodium

253 3956 483 4013 scilicet
512 3954 667 4027 quod
697 3954 756 4010 in
789 3954 1125 4011 monasterii
1160 3954 1348 4027 ipsius
1387 3954 1611 4011 ambitu
1659 3956 1907 4011 circum-

254 4049 439 4101 situm
470 4048 561 4100 est
591 4060 724 4100 cum
751 4043 996 4100 ecclesia
1033 4043 1230 4098 Sancti
1290 4043 1439 4099 Petri
1472 4046 1531 4099 et
1587 4044 1779 4099 Sancti
1811 4048 1907 4100 Se-

252 4135 397 4202 veri,
413 4148 549 4189 cum
572 4128 845 4189 omnibus
868 4131 1084 4188 finibus
1101 4131 1910 4204 pertinentiisquesuis,sicut

252 4222 314 4279 in
345 4222 844 4299 praedecessorum
868 4223 1201 4277 nostrorum
1217 4219 1537 4292 privilegiis
1554 4221 1906 4292 continetur,

254 4311 683 4369 monasterium
707 4311 929 4366 Sanctae
956 4308 1190 4364 Caecilia:
1207 4309 1278 4365 de
1300 4308 1752 4365 Monte-Serrato
1773 4326 1908 4366 cum

254 4399 528 4458 terminis
558 4403 616 4456 ct
646 4398 1115 4472 possessionibus
1146 4402 1202 4454 et
1232 4398 1597 4470 pertinentiis
1627 4397 1751 4454 suis
1776 4415 1789 4465 ;
1813 4414 1910 4453 ec-

254 4489 498 4547 clesiam
528 4488 725 4545 Sancti
767 4487 1062 4543 Laurentii
1093 4504 1225 4542 cum
1257 4486 1504 4543 ecclesia
1555 4486 1753 4543 Sancti
1782 4487 1907 4543 Ste-

234 4566 239 4571 ’
253 4564 437 4653 phani
460 4580 518 4635 et
540 4564 830 4635 castellari
853 4592 986 4632 cum
1008 4576 1297 4644 terminis,
1323 4574 1687 4648 adjacentiis,
1711 4592 1908 4647 posse-

2018 3414 2360 3470 duodecimo
2383 3414 2501 3470 sive
2522 3414 2583 3469 in
2603 3413 3120 3480 Misano,alodium
3143 3415 3298 3485 quod
3321 3413 3499 3469 habet
3517 3413 3670 3469 infra

2016 3503 2336 3559 terminum
2369 3503 2441 3559 de
2470 3501 2739 3557 Terrasia
2794 3506 2851 3558 et
2884 3502 2955 3557 de
3003 3500 3337 3570 Castellaro,
3370 3506 3427 3557 et
3474 3502 3534 3556 in
3563 3503 3668 3557 Ar-

2018 3608 2197 3648 raona
2227 3596 2284 3647 et
2314 3592 2370 3646 in
2405 3591 2737 3647 Barbarano
2770 3594 2827 3646 et
2854 3590 2925 3645 de
2980 3589 3204 3663 palatio
3258 3590 3446 3655 Ausit,
3487 3594 3544 3644 et
3598 3591 3669 3645 de

2016 3680 2232 3753 palatio
2254 3679 2550 3748 Palatano,
2577 3684 2635 3736 et
2665 3680 2724 3735 in
2744 3679 2883 3736 villa
2903 3679 2974 3734 de
2995 3678 3241 3750 Mogodo
3260 3682 3317 3733 et
3338 3679 3409 3733 de
3430 3676 3665 3746 Moleto,

2016 3773 2072 3826 et
2101 3769 2160 3825 in
2195 3769 2408 3842 palatio
2436 3770 2508 3825 de
2545 3768 2733 3839 Aries,
2793 3772 2850 3824 et
2905 3768 2965 3822 in
2999 3766 3231 3822 Lisiano
3281 3766 3581 3838 superiore
3611 3769 3669 3822 et

2016 3858 2309 3927 inferiore,
2341 3863 2397 3916 et
2417 3858 2475 3914 in
2499 3858 2777 3930 parochia
2801 3858 2872 3914 de
2897 3857 3173 3922 Parietes,
3205 3859 3263 3911 et
3281 3856 3353 3911 de
3373 3854 3664 3929 Gallegos,

2018 3954 2076 4005 et
2108 3948 2482 4022 Plegarnanis
2510 3952 2568 4004 et
2623 3948 2696 4003 de
2725 3947 2973 4016 Petiaco,
3008 3947 3165 4018 quod
3213 3945 3419 4000 dicunt
3447 3944 3667 4001 bellum

2019 4038 2293 4104 ditinum,
2327 4039 2384 4093 et
2413 4037 2484 4092 de
2512 4035 2782 4102 Bitilona,
2818 4040 2872 4092 et
2895 4037 2968 4091 de
2990 4035 3339 4090 Palumbare
3369 4035 3517 4091 etde
3537 4034 3667 4090 Otto

2019 4131 2076 4183 et
2101 4128 2171 4183 de
2203 4126 2505 4199 Rivopullo
2534 4127 2681 4183 etde
2702 4125 2864 4181 Valle
2894 4126 2964 4180 de
2984 4124 3219 4193 Ariolfo,
3242 4128 3299 4180 et
3319 4125 3389 4179 de
3408 4123 3670 4179 Graunu-

2018 4215 2216 4284 larios,
2242 4220 2298 4271 et
2319 4216 2388 4271 de
2411 4216 2651 4282 Lerona,
2684 4218 2741 4271 et
2772 4215 2841 4270 de
2874 4214 3167 4282 Moserati,
3200 4218 3257 4268 et
3285 4213 3356 4269 de
3391 4215 3667 4268 Samatus

2018 4308 2073 4362 et
2103 4306 2174 4361 dc
2203 4305 2462 4361 Canovas
2492 4310 2549 4360 et
2579 4305 2650 4360 de
2701 4304 2952 4361 Corrone
2996 4302 3294 4375 superiore
3349 4304 3406 4356 et
3462 4300 3664 4357 subte-

2019 4394 2208 4461 riore,
2237 4394 2496 4450 alodium
2545 4395 2616 4449 de
2663 4394 2880 4450 Turres
2940 4393 3135 4461 Beses,
3170 4407 3304 4449 cum
3352 4389 3464 4447 alio
3511 4391 3666 4463 quod

2017 4482 2222 4538 Nelma
2252 4483 2468 4539 femina
2496 4481 2579 4538 ibi
2605 4482 2837 4549 obtulit,
2873 4481 3132 4537 alodium
3160 4481 3231 4537 de
3259 4482 3516 4549 Ausona,
3548 4479 3667 4536 alo-

2019 4571 2184 4627 dium
2215 4572 2285 4627 de
2319 4572 2558 4639 Storria,
2592 4575 2649 4626 et
2679 4568 2877 4627 omnia
2897 4569 3090 4625 alodia
3117 4586 3245 4640 quae
3276 4568 3452 4624 habet
3479 4572 3536 4625 et
3557 4569 3668 4624 ha-

254 4667 528 4727 sionibus
580 4664 1067 4738 pertinentiisque
1116 4664 1240 4720 suis
1280 4683 1292 4732 ;
1354 4664 1659 4721 ecclesiam
1715 4664 1909 4729 Sancti
1942 4680 1988 4745 D
2019 4660 2155 4716 bere
2186 4661 2356 4717 debet
2384 4660 2442 4715 in
2475 4659 2748 4731 praedicto
2781 4658 3056 4714 comitatu
3091 4656 3525 4745 Barcinonensi,
3559 4658 3667 4712 Ge-

253 4744 422 4814 Pauli
452 4760 613 4812 extra
643 4772 844 4810 muros
874 4754 1207 4810 Barcinonze
1239 4770 1371 4809 cum
1406 4752 1599 4810 alodio
1639 4755 1794 4826 quod
1828 4753 1907 4809 ibi

253 4845 473 4903 obtulit
519 4845 822 4901 Girbertus
852 4846 908 4900 et
940 4860 1081 4899 uxor
1109 4842 1256 4915 ejus,
1291 4859 1421 4898 cum
1465 4842 1740 4899 omnibus
1781 4859 1907 4914 quae

255 4922 433 4993 medo
464 4934 743 5009 possidet,
807 4937 865 4988 et
915 4933 1147 5003 inantca
1195 4932 1570 5003 acquisierit:
1604 4931 1907 4988 ecclesiam

253 5026 479 5081 Sancta
511 5010 704 5079 Mariae
738 5012 807 5078 de
832 5022 1007 5077 Fonte
1033 5022 1229 5078 Ruben
1252 5037 1386 5077 cum
1409 5020 1596 5077 alodio
1628 5022 1781 5094 quod
1805 5021 1909 5076 tibi

256 5112 475 5171 obtulit
503 5110 786 5169 Geraldus
818 5110 1058 5166 Mironis
1082 5128 1095 5166 :
1120 5108 1425 5165 ecclesiam
1448 5110 1645 5166 Sancti
1672 5110 1821 5167 Petri
1841 5111 1910 5165 de

255 5200 547 5271 Clariano,
571 5199 875 5257 ecclesiam
900 5199 1096 5256 Sancti
1119 5198 1407 5255 Vincentii
1430 5200 1501 5255 de
1528 5199 1906 5272 Aqua-Obba,

256 5290 565 5349 ecclesiam
600 5290 823 5347 Sanctae
850 5288 1044 5345 Mariae
1075 5293 1133 5346 et
1160 5288 1353 5344 Sancti
1383 5287 1663 5361 Stephani
1702 5288 1773 5344 de
1804 5289 1909 5345 Pa-

256 5380 399 5438 lotio
425 5399 439 5451 ;
473 5379 779 5437 ecclesiam
801 5378 994 5435 Sancti
1017 5376 1374 5451 Cncuphatis
1395 5379 1466 5433 de
1488 5376 1715 5444 Rii‘ano,
1734 5376 1912 5434 eccle-

257 5469 408 5528 siam
433 5469 629 5526 Sancti
657 5468 938 5542 Stephani
960 5469 1030 5526 de
1055 5465 1366 5541 Rivipullo,
1389 5465 1695 5523 ecclesiam
1716 5466 1910 5523 Sancti

255 5558 466 5615 Asiscli
497 5559 567 5614 de
589 5557 745 5613 Villa
771 5555 985 5629 Auziri,
1018 5556 1327 5614 ecclesiam
1357 5556 1551 5613 Sancti
1592 5555 1821 5612 Martini
1855 5560 1912 5613 et

258 5644 457 5703 Sancti
481 5646 727 5705 Romani
749 5634 821 5704 de
846 5646 1241 5715 Monte-Gate,
1266 5645 1572 5702 ecclesiam
1597 5645 1793 5701 Sancti
1814 5645 1912 5701 Fe-

258 5736 392 5798 licis
423 5735 494 5797 de
526 5734 886 5808 Castellario,
920 5734 1226 5794 ecclesiam
1257 5734 1454 5794 Sancti
1486 5732 1811 5795 Sebastiani
1840 5734 1911 5795 de

2019 4749 2322 4818 rundensi,
2349 4748 2696 4814 Ausonensi,
2729 4751 2784 4803 et
2816 4746 2874 4802 in
2908 4746 3188 4802 comitatu
3210 4744 3509 4813 Minorisa,
3532 4762 3666 4801 cum

2018 4838 2305 4895 universis
2328 4837 2597 4895 terminis
2628 4837 2792 4905 suis;
2842 4835 3149 4893 ecclesiam
3206 4834 3403 4891 Sancti
3449 4834 3667 4899 Quirici

2019 4945 2152 4983 cum
2184 4928 2430 4985 decimis
2463 4932 2520 4983 et
2548 4925 2822 4999 primitiis
2853 4930 2911 4981 et
2940 4922 3333 4982 oblationibus
3380 4923 3526 4980 suis.
3557 4923 3669 4981 De-

2018 5017 2203 5073 cimas
2234 5033 2465 5089 quoque
2498 5033 2643 5089 quas
2675 5016 2747 5073 de
2792 5015 2884 5070 his
2917 5014 3036 5071 sive
3065 5014 3136 5069 de
3161 5012 3292 5069 aliis
3343 5011 3485 5070 locis
3534 5018 3668 5070 ante

2016 5106 2256 5179 triginta
2273 5123 2457 5162 annos
2471 5105 2892 5161 monasterium
2906 5108 3160 5160 vestrum
3174 5103 3667 5176 praedecessorum

2022 5199 2355 5251 nostrorum
2389 5194 2762 5251 concessione
2788 5193 3067 5266 possedit,
3102 5208 3208 5248 nos
3238 5192 3298 5247 in
3321 5195 3666 5265 perpetuum

2016 5284 2226 5341 vestris
2244 5284 2452 5341 usibus
2469 5282 2708 5339 omnino
2726 5283 2957 5355 quietas
2974 5287 3030 5338 et
3064 5281 3322 5355 integras
3338 5281 3667 5337 conservari

2019 5374 2634 5431 censemus.Pra3terea
2650 5390 2753 5446 per
2771 5372 3073 5446 praesentis
3096 5369 3379 5444 privilegii
3393 5371 3668 5443 paginam

2020 5463 2341 5537 apostolica
2363 5462 2709 5519 auctoritate
2730 5463 3046 5518 statuimus
3063 5465 3128 5517 ut
3143 5476 3502 5533 quaecunque
3516 5460 3669 5515 bona

2019 5554 2140 5611 sive
2188 5552 2592 5627 possessiones
2641 5552 2701 5607 in
2746 5551 3015 5624 praesenti
3049 5548 3377 5607 coenobium
3406 5552 3664 5604 vestrum

2014 5644 2176 5717 juste
2206 5640 2486 5714 possidet,
2510 5640 2629 5697 sive
2659 5639 2717 5695 in
2750 5641 3014 5696 futurum
3036 5637 3411 5695 concessione
3430 5635 3664 5707 pontiﬁ-

2017 5749 2179 5804 cum,
2212 5729 2561 5790 liberalitate
2590 5728 2945 5809 principum,
2970 5727 3056 5787 vel
3087 5725 3381 5787 oblatione
3399 5722 3664 5792 ﬁdelium
