3958 6392
288 496 407 557 515

1594 480 1665 542 Β.
1715 476 2013 542 URBANI
2061 476 2107 537 ll
2160 475 2410 535 PAPIE.

3569 455 3697 516 516

280 629 443 699 juste
474 642 540 681 ac
569 623 845 680 canonice
877 619 1085 693 poterit
1115 615 1380 690 adipisci,
1413 617 1580 670 firma
1629 613 1731 669 tibi
1784 612 1932 666 tuis-
1960 615 2015 681 Α
2047 606 2299 664 cutionis
2330 590 2763 691 opportunitate
2802 595 3131 699 prompt-ius
3162 591 3562 699 acpbeniguius
3616 588 3701 645 ad

290 732 403 788 que
436 712 873 771 successoribus
905 712 961 765 et
989 707 1214 763 illibata
1246 708 1600 778 permaneat.

362 801 739 860 Decernimus
766 815 901 871 ergo
923 801 986 852 ut
1006 795 1148 851 nulli
1175 793 1412 850 omnino
1440 791 1746 847 hominum
1766 789 1938 845 liceat

291 892 559 949 eamdem
581 887 897 945 Ecclesiam
919 890 1137 940 temere
1158 873 1515 956 perturbare,
1540 883 1641 935 aut
1661 879 1710 950 ej
1720 897 1788 935 us
1810 895 1938 950 pos-

291 979 584 1037 sessiones
614 975 861 1042 auferre,
914 972 1003 1029 vel
1037 971 1264 1028 oblatas
1322 970 1588 1034 retinere,
1638 966 1726 1023 vel
1775 967 1938 1038 juste

291 1070 459 1125 datas
481 1065 605 1124 suis
629 1064 838 1120 usibus
859 1061 1172 1123 vindicare,
1198 1059 1483 1125 minuere,
1506 1055 1594 1113 vel
1615 1053 1938 1111 temerariis

290 1155 696 1214 vexationibus
712 1153 958 1225 fatigare
983 1169 997 1218 ;
1021 1149 1121 1206 sed
1138 1146 1337 1204 omnia
1351 1145 1581 1218 integra
1600 1160 1941 1201 conserven-

290 1251 391 1302 tur
405 1261 607 1302 eorum
624 1259 725 1315 pro
740 1257 989 1313 quorum
1008 1236 1428 1295 sustentatione
1440 1239 1497 1291 et
1518 1232 1940 1308 gubernatione

293 1351 573 1391 concessa
596 1335 734 1387 sunt
751 1328 957 1384 usibus
975 1324 1330 1383 omnimodis
1342 1320 1942 1397 profutura.Sepu1tu-

292 1440 419 1480 ram
442 1436 673 1494 quoque
695 1417 959 1489 ejusdem
993 1414 1101 1471 loci
1124 1413 1369 1469 liberam
1411 1411 1650 1468 omnino
1680 1426 1808 1467 esse
1840 1411 1940 1466 de-

291 1511 609 1576 cernimus,
642 1510 707 1562 ut
736 1522 935 1562 eorum
968 1503 1068 1575 qui
1099 1519 1161 1559 se
1191 1501 1310 1557 illic
1331 1499 1565 1574 sepeliri
1588 1499 1939 1556 deliberave-

291 1601 412 1656 rint
441 1595 729 1654 devotioni
761 1598 818 1649 et
845 1597 1111 1650 extremae
1163 1590 1467 1657 voluntati,
1500 1590 1615 1645 nisi
1668 1588 1815 1645 forte
1845 1604 1940 1643 ex-

292 1684 708 1744 communicati
743 1684 881 1751 sint,
908 1680 1106 1737 nullus
1128 1676 1394 1737 obsistat.
1421 1678 1682 1734 Obeunte
1702 1682 1757 1732 te
1786 1693 1943 1732 nunc

292 1779 423 1849 ejus
452 1775 561 1831 loci
592 1774 800 1829 abbate
830 1771 917 1826 vel
949 1776 1182 1825 tuorum
1217 1762 1478 1839 quolibet
1514 1782 1939 1832 successorum,

292 1864 494 1921 nullus
525 1863 623 1919 ubi
658 1861 914 1934 qualibet
944 1857 1341 1930 subreptionis
1364 1855 1582 1912 astutia
1611 1871 1715 1910 seu
1734 1852 1939 1909 violen—

292 1955 377 2010 tia
391 1956 778 2026 praeponatur,
794 1948 907 2005 nisi
931 1964 1105 2020 quem
1120 1948 1331 2002 fratres
1344 1943 1642 2001 communi
1656 1959 1943 2025 consensu

292 2043 381 2100 vel
397 2045 640 2098 fratrum
660 2056 791 2112 pars
808 2036 1038 2094 consilii
1052 2035 1303 2092 sanioris
1317 2033 1640 2091 secundum
1658 2032 1758 2088 Dei
1782 2032 1947 2087 timo-

296 2149 419 2188 rem
458 2136 516 2186 et
554 2128 708 2184 beati
747 2126 1039 2182 Benedicti
1080 2123 1344 2196 regulam
1383 2121 1682 2195 elegerint.
1717 2119 1947 2176 Electus

297 2223 491 2275 autem
522 2234 557 2272 a
585 2215 910 2271 dioecesano
933 2212 1205 2284 episcopo
1236 2214 1624 2274 consecretur,
1656 2207 1946 2281 siquidem

297 2306 545 2381 gratiam
564 2309 619 2360 et
632 2300 1105 2360 communionem
1123 2298 1453 2371 apostolicae
1476 2298 1633 2353 sedis
1653 2297 1944 2353 habuerit.

299 2401 355 2454 et
391 2393 573 2468 gratis
616 2409 682 2448 ac
730 2391 856 2447 sine
905 2388 1186 2460 pravitate
1236 2387 1292 2441 id
1350 2385 1619 2442 exhibere
1678 2384 1945 2452 voluerit,

299 2482 568 2556 Alioquin
601 2481 673 2536 ad
705 2480 1036 2534 Romanum
1068 2474 1402 2547 pontiﬁcem
1434 2476 1711 2543 recurrat,
1745 2475 1847 2527 aut
1876 2472 1948 2527 ab

300 2573 413 2630 alio
446 2585 620 2644 quem
650 2565 927 2624 maluerit
955 2563 1240 2621 catholico
1270 2562 1531 2619 antistite
1556 2564 1947 2617 consecretur.

302 2662 462 2717 Idem
495 2663 551 2714 et
572 2658 642 2712 de
664 2653 1130 2711 ordinationibus
1154 2653 1401 2707 fratrum
1428 2652 1499 2706 de
1520 2650 1856 2715 chrismate,
1880 2650 1951 2704 de

303 2749 576 2807 altarium
606 2745 728 2800 sive
745 2743 1121 2799 basilicarum
1148 2740 1581 2795 consecratione
1612 2738 1947 2794 statuimus.

302 2838 387 2894 Ad
400 2834 684 2892 indicium
697 2837 891 2888 autem
907 2829 1173 2903 praestita:
1193 2846 1226 2884 a
1243 2827 1770 2885 RomanaEcclesia
1784 2826 1953 2882 liber-

304 2927 442 2982 tatis
464 2940 567 2997 pro
592 2921 835 2977 ecclesia
854 2920 1054 2975 Sancti
1096 2917 1280 2986 Pauli,
1308 2917 1740 2973 morabatinum
1766 2933 1951 2972 unum

306 3011 619 3088 quotannis
653 3008 1027 3065 Laterancnsi
1060 3005 1277 3079 palatio
1322 3005 1682 3077 persolvetis.
1731 3005 1788 3060 Si
1839 3021 1955 3077 qua

307 3119 448 3161 sane
476 3098 867 3156 eccleSiastica
895 3095 1260 3152 saecularisve
1286 3111 1533 3168 persona
1563 3094 1713 3150 hanc
1744 3098 1954 3149 nostrae

314 3187 749 3247 constitutionis
780 3187 1054 3260 paginam
1087 3184 1298 3251 sciens,
1349 3188 1550 3239 contra
1581 3200 1706 3239 eam
1742 3187 1957 3238 temere

312 3280 509 3337 venire
538 3276 863 3341 tentaverit,
896 3275 1152 3332 secundo
1201 3272 1441 3329 tertiove
1499 3272 1871 3339 commonita,
1906 3271 1956 3327 si

2044 695 2172 752 fuit.
2206 688 2457 767 Ideoque
2482 694 2879 765 opportunum
2911 685 3207 749 duximus,
3241 681 3569 739 secundum
3590 695 3694 752 pe-

2042 786 2308 841 titionem
2347 780 2694 839 venerabilis
2724 777 2919 834 fratris
2950 773 3134 832 nostri
3164 768 3410 828 Oderisii
3439 767 3699 827 abbatiis

2043 874 2241 940 vestri,
2266 873 2483 930 nostris
2507 872 2565 926 in
2588 874 2883 943 posterum
2902 865 3114 923 litteris
3135 863 3411 920 adnotare
3440 856 3701 932 qualiter

2046 962 2373 1037 Cinglensis
2405 960 2564 1017 cellae
2615 975 2811 1026 causa,
2846 957 3001 1012 unde
3057 957 3314 1010 vestrum
3362 946 3699 1006 coenobium

2046 1036 2272 1108 diutius
2302 1049 2692 1122 inquietatum
2714 1049 2822 1117 est,
2849 1062 3035 1118 nuper
3055 1043 3116 1099 in
3138 1044 3338 1099 nostra
3358 1039 3434 1096 sit
3456 1036 3703 1095 audien-

2046 1141 2130 1197 tia
2149 1145 2349 1197 nostro
2357 1138 2581 1211 judicio
2603 1133 3045 1201 difﬁnita.Quod
3072 1132 3229 1189 enim
3250 1128 3483 1186 dilectio
3503 1129 3707 1183 vestra

2047 1230 2280 1304 plenius
2308 1228 2485 1297 novit,
2520 1243 2670 1299 saepe
2700 1226 2771 1281 de
2802 1225 3004 1281 eodem
3053 1220 3284 1295 negotio
3314 1219 3376 1275 in
3434 1218 3707 1274 Romana

2046 1319 2324 1389 Ecclesia,
2358 1318 2510 1373 inter
2533 1314 2840 1388 synodales
2870 1316 3056 1381 actus,
3089 1317 3222 1367 ante
3240 1308 3725 1383 praedecessores.

2049 1412 2280 1464 nostros
2315 1405 2558 1479 quaestio
2588 1409 2717 1461 acta
2746 1407 2835 1460 est
2857 1421 2891 1459 a
2930 1404 3142 1458 sanctae
3191 1396 3485 1455 memoria:
3527 1393 3706 1452 Desi-

2049 1496 2208 1552 derio
2235 1497 2464 1564 (Victore
2490 1496 2568 1550 III
2587 1503 2776 1565 papa),
2809 1489 3139 1564 apostolica:
3174 1487 3331 1544 sedis
3360 1485 3705 1561 presbytero

2049 1584 2332 1642 cardinali
2360 1588 2418 1640 et
2447 1581 2784 1639 monasterii
2805 1579 3135 1637 Casinensis
3151 1578 3381 1647 abbate,
3404 1574 3506 1648 qui
3536 1576 3723 1648 post:

2052 1675 2293 1730 modum
2321 1673 2526 1728 divinae
2557 1670 2917 1745 dignationis
2947 1669 3135 1743 gratia
3165 1668 3237 1725 ad
3263 1664 3481 1725 summi
3504 1661 3707 1737 ponti-

2051 1765 2259 1819 ficatus
2289 1761 2512 1834 apicem
2544 1759 2931 1833 pervenit,sed
2955 1759 3163 1831 exiguo
3193 1760 3452 1829 tempore
3494 1768 3705 1826 super—

2052 1852 2211 1908 vixit.
2244 1852 2452 1908 Nostro
2483 1851 2659 1906 etiam
2687 1853 2947 1922 tempore
2969 1848 3029 1903 in
3060 1845 3441 1921 synodalibus
3460 1842 3643 1918 gestis
3667 1859 3707 1899 a

2054 1941 2341 1997 confratre
2397 1944 2608 2006 vestro,
2667 1955 2842 2011 quem
2900 1937 3173 2009 superius
3242 1933 3705 1999 nominavimus,

2055 2030 2336 2097 Oderisio,
2369 2033 2580 2085 sanctae
2607 2030 2818 2084 nostra:
2849 2025 3116 2083 Ecclesiae
3147 2025 3485 2099 presbytero
3508 2020 3706 2080 cardi-

2055 2118 2195 2185 nali,
2230 2119 2299 2174 de
2330 2134 2506 2174 causa
2553 2117 2681 2189 ipsa
2738 2133 2931 2173 coram
2990 2118 3191 2172 nostra
3241 2118 3331 2171 est
3386 2111 3707 2187 praesentia

2058 2209 2268 2281 saepius
2298 2207 2743 2281 proclamatum.
2786 2205 3010 2262 Accidit
3060 2208 3261 2261 autem
3301 2206 3368 2259 ut
3414 2202 3710 2260 Robertus

2057 2314 2252 2353 comes
2295 2297 2365 2353 ad
2411 2296 2565 2352 beati
2623 2295 2916 2352 Benedicti
2954 2294 3318 2350 devotionem
3375 2292 3712 2367 promptius

2058 2403 2391 2454 conversus,
2422 2384 2616 2441 locum
2647 2384 2845 2457 ipsum
2876 2384 2949 2440 ad
2988 2383 3167 2440 vestri
3216 2381 3557 2439 monasterii
3605 2383 3712 2454 jus

2059 2475 2347 2549 pertinere
2368 2478 2762 2547 cognosceret,
2798 2473 2897 2546 qui
2931 2490 3067 2530 mox
3094 2473 3368 2531 eumdem
3408 2471 3604 2528 locum
3649 2470 3713 2525 in

2057 2581 2304 2622 manum
2335 2563 2558 2636 praefati
2590 2562 2788 2619 fratris
2819 2562 3005 2618 nostri
3030 2560 3279 2618 Oderisii
3328 2560 3583 2617 reddidit
3608 2576 3620 2615 :
3645 2576 3716 2615 eo
3744 2630 3752 2637 ⁸

2061 2653 2353 2725 siquidem
2379 2655 2641 2724 tempore
2663 2649 3116 2722 abbatissa,qua=.
3135 2649 3196 2704 in
3215 2648 3419 2713 cellam
3437 2645 3720 2705 violenter

2061 2742 2327 2814 ingressa
2356 2741 2564 2809 fuerat,
2598 2756 2701 2812 pro
2734 2741 2998 2811 ejusdem
3033 2739 3264 2794 comitis
3323 2738 3535 2793 timore
3592 2735 3718 2792 dis-

2061 2833 2336 2886 cesserat.
2371 2829 2555 2901 Cmpit
2583 2828 2735 2883 inter
2782 2828 2901 2883 hazc
2930 2827 3032 2884 illa
3074 2832 3288 2883 nostra:
3347 2824 3716 2883 auctoritatis

2061 2937 2254 2986 aures,
2289 2919 2431 2974 dum
2481 2918 2537 2972 in
2571 2917 2715 2973 urbe
2746 2934 3035 2984 essemus,
3085 2916 3304 2972 crebris
3357 2913 3718 2971 clamoribus

2061 3007 2370 3080 appellare,
2405 3007 2559 3063 unde
2591 3024 2696 3062 nos
2726 3023 2795 3063 ex
2818 3006 2997 3062 latere
3029 3010 3228 3063 nostro
3261 3006 3415 3062 viros
3445 3010 3721 3062 strenuos

2061 3114 2249 3169 usque
2277 3098 2533 3168 Capuam
2565 3096 3005 3165 destinavimus,
3030 3094 3453 3169 quidiligenter
3475 3111 3714 3151 causam

2063 3192 2375 3258 utramque
2405 3176 2822 3259 cognoscerent
2856 3189 2912 3241 et
2941 3184 3177 3258 paciﬁca
3207 3185 3556 3253 delinirent;
3599 3200 3717 3256 quo

2061 3279 2202 3331 tunc
2233 3273 2472 3345 quidem
2495 3274 2851 3345 quibusdam
2881 3272 3288 3330 occasionibus
3324 3273 3396 3330 ad
3442 3272 3715 3330 effectum

311 3386 374 3427 se
394 3385 510 3424 non
528 3366 922 3423 satisfactione
943 3381 1200 3436 congrua
1221 3362 1634 3429 emendaverit,
1653 3361 1958 3433 potestatis
1989 3350 2031 3416 C
2069 3363 2365 3434 pervenire
2396 3379 2511 3418 non
2543 3363 2750 3434 potuit.
2787 3364 2922 3420 Post
2951 3362 3320 3435 aliquantum
3367 3379 3473 3436 pro
3523 3362 3720 3419 causis

307 3456 665 3527 honorisque
696 3454 787 3509 sui
819 3453 1100 3526 dignitate
1131 3456 1342 3520 careat,
1379 3468 1653 3523 reamque
1680 3468 1741 3506 se
1762 3450 1957 3506 divino

299 3545 525 3620 judicio
557 3544 803 3600 existere
832 3544 903 3598 de
932 3544 1263 3615 perpetrata
1283 3541 1592 3613 iniquitate
1623 3544 1957 3613 cognoscat,

309 3641 366 3692 et
395 3653 429 3692 a
449 3632 847 3691 sacratissimo
865 3647 1105 3702 corpore
1136 3646 1201 3684 ac
1224 3629 1508 3703 sanguine
1527 3629 1628 3684 Dei
1650 3634 1707 3684 et
1726 3627 1958 3684 Domini

309 3722 712 3797 Redemptoris
737 3720 922 3777 nostri
943 3721 971 3775 J
981 3736 1083 3775 esu
1105 3718 1319 3774 Christi
1341 3718 1528 3774 aliena
1557 3718 1680 3784 ﬁat,
1702 3722 1876 3788 atque
1899 3716 1957 3771 in

310 3818 565 3879 extremo
586 3809 851 3866 examine
867 3807 1141 3863 districta:
1170 3806 1375 3863 ultioni
1399 3806 1528 3877 subj
1538 3804 1957 3861 aceat.Cunctis

310 3906 507 3958 autem
539 3898 727 3954 eidem
748 3896 874 3951 loco
898 3896 1063 3967 justa
1094 3894 1461 3951 servantibus
1484 3893 1562 3949 sit
1588 3910 1699 3966 pax
1727 3892 1960 3948 Domini

312 3989 497 4046 nostri
526 3988 666 4043 Jesu
697 3985 932 4054 Christi,
969 3989 1263 4056 quatenus
1294 3989 1351 4038 et
1382 3982 1476 4037 hic
1509 3982 1765 4037 fructum
1793 3982 1959 4037 bona:

313 4076 560 4134 actionis
582 4073 921 4146 percipiant,
941 4077 998 4128 et
1020 4073 1172 4145 apud
1187 4072 1517 4128 districtum
1533 4071 1792 4143 judicem
1815 4088 1961 4143 prae-

313 4166 435 4222 mia
457 4169 681 4220 aeternae
712 4161 871 4234 pacis
904 4163 1222 4218 inveniant.
1316 4170 1319 4173 ‘

386 4254 683 4327 Scriptum
715 4268 817 4324 per
836 4269 1047 4307 manus
1066 4250 1308 4307 Gerardi
1332 4248 1541 4305 notarii
1574 4248 1884 4322 regionarii
1907 4254 1964 4305 ct

314 4343 606 4402 scriniarii
632 4345 843 4399 sanctas
871 4342 1142 4397 Romanae
1165 4338 1619 4407 Ecclesiae,anno
1643 4338 1957 4394 Dominicae

315 4431 735 4491 Incarnationis
767 4430 1081 4487 millesimo
1113 4427 1494 4499 nonagesimo
1538 4433 1758 4496 octavo,
1810 4428 1959 4484 indi-

315 4523 501 4579 ctione
532 4522 802 4595 septima,
837 4518 1057 4576 mensis
1086 4517 1421 4573 Decembris
1448 4516 1540 4572 die
1570 4516 1779 4589 primo.

979 4605 1284 4662 CCXLVII.

464 4706 467 4707 ⁷
496 4702 702 4759 Urbani
730 4701 783 4755 ll
813 4698 962 4753 bulla
988 4713 1087 4767 pro
1113 4696 1396 4752 Cestriensi
1422 4698 1768 4752 monasterio.

949 4787 1134 4856 (Anno
1168 4783 1349 4845 4098.)

619 4879 906 4943 (MABILL.,
932 4875 1131 4929 Annal.
1167 4873 1389 4942 Bened.,
1422 4874 1488 4941 V,
1520 4875 1668 4947 665.)

388 4970 667 5026 URBANUS
688 4967 1019 5039 episcopus,
1044 4980 1246 5019 servus
1272 4981 1571 5020 servorum
1596 4965 1715 5032 Dei,
1740 4964 1966 5020 dilectis

317 5058 454 5115 filiis
483 5057 821 5115 Casinensis
853 5052 1100 5108 coenobii
1137 5053 1438 5109 monachis
1469 5053 1718 5110 salutem
1752 5060 1809 5110 et
1833 5070 1967 5125 apo-

317 5148 584 5204 stolicam
615 5142 1105 5201 benedictionem.

388 5242 469 5292 Ex
488 5234 663 5291 officii
687 5232 872 5288 nostri
894 5230 1088 5287 debito
1119 5236 1175 5287 et
1195 5233 1536 5289 auctoritate
1560 5231 1970 5304 compellimur

316 5325 709 5382 Ecclesiarum
743 5320 915 5377 saluti
950 5324 1008 5375 et
1039 5320 1187 5393 paci,
1223 5327 1396 5394 prout
1426 5321 1712 5377 Dominus
1744 5322 1891 5376 scire
1914 5327 1972 5377 et

319 5430 492 5486 posse
529 5411 770 5482 dederit,
826 5411 1143 5483 providere,
1183 5413 1360 5467 vestri
1407 5411 1698 5483 praecipue
1758 5427 1966 5466 mona-

321 5501 503 5569 sterii,
537 5494 695 5572 quod
725 5504 934 5555 sanctae
957 5506 1167 5556 nostra:
1200 5499 1357 5555 sedis
1379 5496 1711 5571 apostolica:
1742 5516 1975 5572 semper

320 5589 668 5646 familiarius
698 5606 763 5645 ac
797 5589 1059 5645 devotius
1090 5589 1354 5657 adhaesit,
1387 5593 1443 5643 et
1471 5586 1533 5642 in
1564 5587 1723 5642 omni
1777 5605 1972 5660 perse-

322 5773 440 5832 tur.

2067 3452 2477 3509 ecclesiasticis
2500 3452 2711 3508 Urbem
2740 3453 2849 3525 (49)
2875 3452 3116 3525 egressi,
3141 3469 3275 3509 cum
3296 3453 3564 3508 eamdem
3587 3469 3719 3509 cau-

2069 3557 2194 3598 sam
2219 3540 2629 3614 diligentiusin
2643 3541 2951 3614 utriusque
2970 3542 3153 3614 partis
3177 3541 3487 3613 praesentia
3508 3545 3721 3598 tracta-

2068 3646 2287 3697 remus,
2321 3629 2702 3703 cognovimus
2734 3630 3040 3702 praefatum
3062 3630 3449 3687 venerabilem
3480 3630 3721 3688 fratrem

2069 3723 2336 3774 nostrum
2360 3718 2689 3776 Och-isium
2721 3719 2991 3775 abbatem
3021 3724 3305 3789 vestrum,
3335 3735 3451 3776 non
3483 3719 3720 3777 malitias

2069 3808 2413 3878 intentione,
2447 3809 2548 3865 sed
2571 3809 2819 3880 justitia
2852 3813 3117 3881 respectu
3152 3808 3347 3866 locum
3376 3809 3566 3878 illum,
3597 3814 3722 3866 tan-

2069 3915 2246 3969 quam
2280 3897 2566 3969 suijuris,
2599 3898 2670 3953 de
2697 3915 2812 3969 quo
2834 3899 3048 3971 saepius
3081 3898 3717 3972 proclamaverat,rece-

2069 3986 2245 4058 pisse.
2279 3986 2585 4043 Enimvero
2615 3992 2674 4043 et
2702 3986 3136 4061 pontificalibus
3165 3989 3430 4058 decretis,
3463 3993 3520 4045 et
3549 4004 3717 4062 rega-

2069 4074 2226 4131 libus
2256 4074 2687 4145 instrumentis,
2719 4081 2777 4133 et
2805 4081 2969 4133 terrae
3001 4077 3330 4152 principum
3376 4077 3631 4151 scriptis,
3662 4082 3720 4134 et

2068 4162 2179 4220 loci
2196 4163 2255 4219 fu
2264 4165 2336 4219 nd
2346 4164 2524 4221 atoris
2537 4164 2923 4239 chirographo
2946 4166 3151 4223 cellam
3164 4167 3352 4240 ipsam
3367 4169 3440 4224 ad
3458 4171 3718 4224 vestrum

2070 4253 2486 4309 ostendebatur
2515 4255 2937 4311 monasterium
2970 4256 3281 4327 pertinere.
3325 4257 3471 4323 Quia
3521 4260 3719 4313 tamen

2071 4341 2199 4398 sine
2223 4342 2445 4413 judicio
2491 4344 2848 4416 prazcedente
2897 4349 3215 4417 receperat,
3265 4362 3497 4417 aequum
3550 4345 3721 4401 nobis

2068 4430 2263 4487 visum
2295 4437 2383 4488 est
2414 4436 2479 4497 ut
2507 4432 2826 4503 abbatissa,
2859 4451 2985 4507 qua:
3018 4451 3079 4490 se
3119 4436 3487 4507 quaerebatur
3514 4451 3722 4508 exspo-

2070 4520 2231 4592 liata,
2251 4521 2718 4591 reinvestiretur;
2738 4527 2869 4595 post
2890 4523 3280 4581 reversionem
3292 4541 3425 4582 vero
3440 4530 3723 4599 nostram,

2071 4609 2131 4664 in
2167 4613 2477 4682 utramque
2507 4616 2732 4683 partem
2756 4610 3083 4686 legitimum
3107 4614 3404 4685 judicium
3434 4617 3722 4688 ageretur.

1995 4721 2043 4785 D
2074 4699 2140 4754 In
2168 4699 2241 4754 iis
2273 4699 2502 4769 diebus,
2533 4699 2813 4773 largiente
2843 4702 3109 4773 Domino,
3144 4703 3473 4776 plenarium
3506 4705 3566 4759 in
3619 4704 3725 4759 Ba-

2077 4788 2230 4843 rensi
2264 4788 2395 4844 urbi
2425 4789 2737 4845 concilium
2769 4789 3061 4849 celebrare
3081 4793 3562 4866 disponebamus.
3594 4793 3728 4849 Post

2077 4893 2308 4932 menses
2341 4876 2521 4950 igitur
2548 4895 2649 4934 sex
2695 4880 3056 4938 abbatissam
3113 4881 3275 4938 illam
3306 4886 3366 4939 et
3417 4881 3633 4940 litteris
3671 4887 3728 4939 et

2077 4963 2260 5020 nostri
2291 4965 2407 5021 oris
2440 4967 2781 5025 invitatione
2822 4970 3191 5042 vocavimus;
3233 4973 3430 5029 venire
3487 4975 3722 5046 quidem

2076 5054 2288 5122 renuit,
2323 5056 2423 5111 sed
2456 5056 2730 5113 nuntium
2753 5059 3064 5117 destinavit
3090 5080 3102 5117 :
3131 5079 3267 5118 cum
3294 5068 3491 5120 autem
3526 5064 3722 5120 minus

2076 5141 2302 5217 plenas,
2338 5161 2443 5201 nec
2475 5146 2617 5202 satis
2648 5148 3026 5231 rationabiles
3056 5167 3264 5209 causas
3316 5153 3388 5208 de
3432 5151 3592 5211 illius
3622 5154 3719 5210 ab-

2077 5230 2265 5289 sentia
2294 5249 2489 5291 coram
2520 5235 2764 5293 concilio
2785 5230 3155 5309 reddidisset,
3179 5258 3305 5309 nos,
3339 5259 3413 5298 ne
3436 5243 3594 5315 quod
3626 5241 3724 5298 illa

2078 5323 2411 5395 gravamine
2433 5324 2550 5397 pati
2575 5329 3205 5400 quereretur,ejusdem
3226 5348 3416 5389 causae
3439 5333 3723 5388 actionem

2081 5428 2267 5484 usque
2308 5413 2383 5496 ad.
2420 5417 2686 5470 nostrum
2724 5416 2976 5473 reditum
3018 5418 3294 5478 duximus
3321 5421 3721 5478 differendam.

2082 5501 2256 5559 Porro
2310 5502 2705 5561 Beneventum
2754 5507 3072 5579 venientes,
3123 5509 3335 5566 iterum
3386 5517 3618 5568 nostras
3657 5513 3726 5568 ad

2080 5591 2242 5648 illam
2282 5592 2502 5651 litteras
2555 5595 3001 5671 destinavimus,
3050 5598 3204 5657 diem
3255 5605 3313 5657 et
3364 5600 3560 5658 locum
3616 5618 3727 5675 quo

393 5697 505 5771 (49)
536 5697 678 5756 Cum
731 5696 951 5756 scilicet
1004 5696 1112 5757 has
1158 5700 1353 5770 partes
1409 5693 1553 5753 adiit
1599 5700 1731 5754 ante
1778 5695 2001 5773 aliquot
2038 5716 2292 5770 menses,
2346 5718 2461 5775 quo
2508 5708 2767 5776 tempore
2812 5708 3008 5779 Capua
3050 5724 3085 5765 a
3131 5709 3377 5784 Rogerio
3426 5709 3725 5770 obsideba-
