3958 6384
182 427 299 489 617
360 388 367 391 ⁷

1348 426 1754 495 EPISTOL/E
1797 430 1896 495 ET
1937 428 2415 497 PRIVILEGIA.

3456 432 3575 494 518

181 575 358 616 causa
387 559 727 618 ventilanda
774 560 968 630 fuerit,
1024 561 1419 636 designantes.
1452 565 1596 622 Cum
1628 571 1820 622 autem
1850 567 1905 633 Α
1936 583 2049 622 non
2073 566 2445 640 ambigamus
2471 566 2608 639 (non
2631 565 2787 622 enim
2817 565 2878 619 in
2898 564 3016 619 vita
3029 566 3258 619 tantum
3280 564 3577 637 venerabi-

182 664 284 704 nec
312 652 454 705 tunc
475 650 832 719 venisset,ad
861 650 1055 707 locum
1087 650 1267 708 alium
1289 670 1417 709 eam
1450 655 1622 711 tertio
1654 673 1822 712 voca-

180 736 396 793 vimus.
428 737 603 794 Venit
630 736 751 807 illa,
801 740 903 797 sed
957 756 1196 796 causam
1227 743 1462 814 aggredi
1521 745 1826 811 recusavit,

181 842 452 882 asserens
474 842 536 883 se
563 826 942 900 nequaquam
965 828 1164 885 omnia
1182 829 1508 903 Cinglensie
1527 832 1683 889 cellaa
1705 850 1833 889 mu-

181 914 443 971 nimenta
491 920 547 971 et
601 916 826 973 litteras
876 919 1202 991 recepisse;
1237 920 1307 974 ad
1368 921 1521 991 quod
1581 922 1829 978 fratrum

179 1007 515 1061 nostrorum
543 1005 780 1077 quidam
813 1007 1197 1063 sacramentis
1221 1011 1677 1081 asserereparati
1708 1011 1828 1067 fue-

176 1097 329 1159 rant,
364 1110 428 1149 se
464 1110 570 1150 nec
600 1093 818 1166 plures,
854 1112 959 1152 nec
990 1095 1135 1151 alias
1163 1096 1223 1151 in
1274 1096 1399 1153 loco
1425 1099 1626 1154 eodem
1661 1099 1830 1155 char-

179 1186 291 1249 tas,
323 1198 504 1254 quam
537 1199 685 1255 quas
712 1183 1107 1255 reddiderant,
1141 1184 1451 1241 invenisse.
1477 1186 1579 1242 Illa
1610 1192 1828 1243 secreto

179 1270 484 1327 nonnullis
516 1272 760 1327 fratrum
793 1272 893 1344 qui
923 1272 1226 1329 nobiscum
1260 1278 1425 1329 erant
1464 1275 1830 1332 munimenta

178 1375 287 1416 sua
316 1359 596 1432 prodidit,
637 1361 806 1417 nobis
859 1366 1055 1417 autem
1116 1363 1419 1419 ostendere
1469 1364 1826 1422 detrectavit.

176 1451 443 1520 Cumque
455 1449 768 1519 judiciario
798 1450 1000 1506 ordine
1030 1466 1267 1506 causam
1300 1467 1407 1507 nec
1461 1452 1631 1508 vellet
1662 1471 1830 1526 agere

177 1551 283 1592 nec
313 1536 552 1605 valeret,
585 1553 693 1593 nos
725 1553 854 1594 eam
887 1542 953 1593 ut
983 1538 1054 1593 ad
1086 1538 1316 1595 abbatis
1367 1544 1426 1596 et
1453 1540 1700 1596 fratrum
1731 1558 1827 1596 ve-

178 1630 439 1682 strorum
473 1626 844 1682 concordiam
868 1630 1178 1699 satageret,
1206 1630 1700 1696 commonuimus,
1726 1648 1828 1687 nec

177 1714 404 1770 monita
420 1715 765 1787 suscepit,et
773 1715 1063 1787 judicium
1078 1716 1319 1788 'penitus
1343 1716 1829 1790 subterfugitJte-

174 1818 308 1858 rum
340 1803 591 1859 cmnobii
642 1804 819 1859 vestri
879 1804 1210 1860 munimina
1264 1805 1559 1875 vidimus;
1618 1806 1829 1863 iterum

173 1890 525 1964 pontiﬁcum
557 1892 958 1948 Romanorum
990 1891 1294 1966 privilegia
1323 1899 1379 1949 et
1407 1893 1827 1967 imperatorum

175 1979 403 2053 scripta
432 1980 835 2053 perspeximus
860 1999 874 2050 ;
902 1981 1114 2037 iterum
1145 1982 1469 2038 fundatoris
1499 1981 1609 2039 loci
1639 1983 1829 2040 chiro-

174 2069 558 2143 graphum,et
580 2069 966 2126 Beneventani
992 2070 1294 2143 principis,
1318 2071 1416 2143 qui
1443 2074 1583 2127 tunc
1605 2076 1829 2145 tempo-

176 2158 260 2214 ris
292 2158 505 2229 fuerat,
537 2159 976 2216 concessionem
999 2159 1367 2215 audivimus:
1401 2160 1615 2232 quibus
1644 2161 1831 2217 omni-

176 2247 292 2304 bus
321 2246 596 2303 instructi
625 2252 683 2303 et
710 2247 874 2320 prius
887 2264 1115 2315 sumus,
1140 2247 1508 2321 Cinglensom
1530 2249 1735 2305 cellam
1758 2251 1830 2306 ab

176 2335 309 2409 ipso
341 2335 704 2393 fundationis
734 2336 968 2392 exordio
1020 2337 1092 2392 ad
1125 2336 1443 2393 Casinense
1502 2338 1831 2394 coenobium

180 2426 562 2499 pertinuisse,
612 2431 670 2482 et
716 2443 819 2498 per
849 2426 1184 2482 Pasinensis
1214 2426 1445 2483 abbatis
1473 2428 1831 2484 voluntatem

177 2514 719 2573 sanctimonialium
752 2516 831 2570 ibi
859 2515 1369 2588 congregationem
1400 2516 1581 2571 fuisse
1634 2516 1831 2589 dispo-

178 2602 382 2660 sitam.
427 2603 523 2659 Sic
552 2606 684 2675 post
712 2602 930 2659 multas
960 2604 1199 2659 tandem
1251 2602 1581 2667 dilationes,
1615 2606 1833 2677 negotii

175 2692 424 2748 veritate
480 2696 806 2763 perspecta.
877 2691 1307 2748 communicato
1359 2708 1493 2747 cum
1556 2692 1834 2748 fratribus

177 2780 403 2836 nostris
432 2779 746 2853 episcopis,
769 2797 870 2835 seu
905 2781 1175 2836 Romanae
1206 2779 1475 2836 Ecclesiae
1525 2780 1832 2837 cardinali-

176 2869 315 2940 bus,
338 2869 761 2941 judicibusque
789 2869 1056 2932 concilio,
1088 2868 1405 2924 venerabili
1437 2869 1598 2924 fratri
1629 2869 1827 2925 Oderi-

179 2959 267 3014 sio
296 2955 499 3013 abbati
518 2961 708 3013 vestro
734 2956 1045 3029 Cinglense
1076 2958 1499 3013 monasterium
1522 2973 1590 3013 ex
1608 2958 1834 3031 integro

179 3045 556 3103 restituimus
575 3063 588 3114 ;
610 3045 899 3101 itatamen
914 3051 980 3100 ut
991 3046 1061 3100 de
1083 3045 1348 3117 locoipso
1361 3046 1836 3103 sanctimoniales

178 3135 429 3190 minime
458 3133 840 3207 expellantur,
874 3134 972 3188 sed
993 3136 1227 3206 semper
1246 3133 1363 3189 illic
1384 3134 1709 3206 puellarum
1733 3135 1839 3207 Dei

179 3223 562 3295 congregatio
607 3227 996 3288 conversetur,
1030 3225 1212 3291 tanto,
1246 3226 1313 3277 ut
1343 3224 1681 3295 speramus,
1701 3223 1835 3279 reli-

1938 656 2011 712 lis
2044 656 2239 712 fratris
2270 656 2451 713 nostri
2486 654 2748 712 Rabbodi
2773 653 3055 710 unitatem
3089 653 3351 725 ipsarum
3381 652 3577 709 Eccle-

1939 744 2161 801 siarum
2192 762 2595 811 sanxeramus,
2628 748 2685 800 et
2742 742 3079 800 authentica
3110 744 3341 797 tantum
3372 741 3579 798 Novio-

1938 834 2234 890 mensium
2264 833 2567 907 privilegia
2597 838 2722 889 rata
2749 848 2983 888 manere
3012 829 3582 903 decreveramus),nil

1938 925 2134 979 tamen
2168 924 2239 978 ad
2263 940 2517 995 praesens
2551 939 2725 995 super
2752 921 2861 977 hac
2892 937 2952 975 re
2982 919 3068 976 vel
3115 919 3464 974 mutandum
3493 918 3581 973 vel

1940 1010 2358 1067 stabiliendum
2391 1011 2685 1067 duximus.
2710 1010 2968 1065 Fratrem
3002 1012 3198 1064 autem
3225 1007 3580 1074 Baldricum,

1939 1117 2113 1171 quem
2145 1101 2215 1155 ad
2249 1118 2356 1156 nos
2386 1100 2654 1157 misistis.
2688 1099 3129 1155 Noviomensem
3172 1096 3421 1152 electum
3475 1112 3584 1151 nos
3692 1130 3699 1137 ~

1938 1192 2053 1244 tuae
2085 1188 2429 1245 fraternitati
2465 1187 2840 1244 remittimus.
2884 1187 2969 1240 Tu
3004 1184 3112 1255 ipsi
3146 1188 3201 1241 et
3228 1183 3498 1241 Ecclesize
3525 1185 3583 1241 in

1938 1294 2055 1349 qua
2084 1277 2300 1333 electus
2332 1281 2420 1333 est
2448 1276 2770 1332 secundum
2796 1276 2976 1331 Deum
3005 1279 3179 1345 atque
3202 1273 3450 1330 salutem
3472 1277 3588 1330 tua

1936 1370 1994 1422 et
2022 1365 2210 1438 ipsius
2242 1366 2452 1421 animae
2481 1365 2781 1438 providere
2812 1363 3007 1419 debita
3032 1361 3423 1420 sollicitudine
3452 1380 3587 1436 pro-

1937 1459 2156 1510 curato.
2195 1454 2347 1510 Vale.

2626 1540 2904 1596 CCXLIX.

2022 1633 2183 1687 Bulla
2210 1648 2309 1704 pro
2339 1632 2533 1687 abbate
2564 1630 2783 1702 Maioris
2812 1629 3122 1685 Monnsteriz'
3149 1629 3493 1684 Turonensis.

2503 1719 2687 1791 (Circa
2717 1735 2787 1772 an
2804 1762 2809 1767 .
2837 1718 3019 1787 1098.)

2187 1808 2440 1883 [BALUZ.,
2473 1809 2693 1863 Misce”.
2728 1806 2865 1860 edit.
2902 1806 3067 1870 Luc.,
3092 1805 3162 1872 II,
3189 1806 3337 1875 181.]

2016 1897 2291 1954 Uasmus
2302 1897 2839 1970 episcopus,servus
2853 1893 3260 1951 servorumDei
3272 1893 3583 1950 venerabili

1940 1984 2059 2041 ﬁlio
2090 1986 2401 2040 Baaxaano
2422 1984 2659 2055 Major-is
2682 1983 3012 2039 \Ionasterii
3037 1982 3511 2054 abbati,salutem
3534 1987 3591 2039 et

1940 2073 2319 2147 apostolicam
2351 2073 2837 2130 benedictionem.

2012 2163 2105 2218 Sic
2137 2164 2291 2235 apud
2327 2164 2509 2218 bonos
2538 2163 2693 2219 viros
2724 2166 2813 2218 est
2842 2161 3125 2217 servanda
3169 2159 3494 2229 humilitas,
3526 2164 3592 2217 ut

1940 2250 2200 2307 veritatis
2231 2268 2298 2307 ac
2322 2250 2570 2321 justitiae.
2601 2268 2714 2306 non
2748 2251 3054 2306 deseratur
3109 2249 3445 2306 auctoritas.
3505 2250 3593 2305 Ita

1941 2356 2078 2412 ergo
2105 2338 2494 2395 humilitatem
2526 2343 2688 2394 tuam
2723 2338 3082 2410 suscipimus
3104 2341 3170 2393 ut
3196 2338 3497 2393 veritatem
3524 2354 3591 2393 ac

1934 2427 2228 2499 justitiam
2260 2432 2584 2483 teneamus.
2617 2427 2695 2481 'l‘e
2726 2425 3018 2497 siquidem
3051 2443 3154 2499 per
3173 2426 3590 2498 omnipotentis

1943 2516 2040 2571 Dei
2064 2516 2312 2587 gratiam
2329 2515 2681 2570 catholicum
2700 2530 2766 2569 ac
2784 2531 2915 2570 vere
2928 2513 3262 2587 religiosum
3281 2514 3587 2570 habemus.

1943 2603 2001 2659 Si
2037 2604 2175 2675 quid
2206 2619 2339 2659 vero
2371 2605 2429 2659 in
2461 2602 2845 2659 ordinationis
2876 2607 2990 2658 tuae
3011 2601 3347 2674 primordiis
3375 2601 3463 2658 vel
3489 2618 3592 2674 per

1943 2692 2267 2748 ordinantis
2297 2691 2529 2764 culpam
2561 2691 2650 2746 vel
2681 2706 2782 2762 per
2811 2696 2971 2747 tuam
3007 2690 3421 2762 negligentiam
3454 2689 3591 2747 deli-

1943 2780 2146 2852 quisti,
2178 2797 2285 2836 nos
2331 2780 2459 2848 tibi,
2490 2780 2646 2835 beati
2689 2779 2923 2834 Martini
2956 2778 3182 2834 meritis
3209 2778 3589 2846 conﬁdentes,

1942 2869 2091 2924 beati
2111 2868 2256 2925 Petri
2270 2869 2397 2924 vice
2410 2874 2467 2924 et
2479 2868 2828 2925 auctoritate
2840 2867 3383 2927 dimittimus.Hanc
3397 2871 3591 2924 autem

1943 2958 2050 3014 tibi
2064 2958 2463 3030 paenitentiam
2482 2956 2880 3013 indicimusut
2904 2957 2975 3012 de
3006 2960 3225 3012 caetero.
3243 2956 3589 3012 commisso-

1944 3063 2076 3101 rum
2110 3047 2358 3101 fratrum
2390 3044 2567 3100 saluti
2596 3043 2934 3117 vigilantius
2948 3061 3014 3100 ac
3044 3044 3592 3100 ferventiusinstare

1945 3152 2059 3191 non
2078 3134 2399 3191 desinas.In
2423 3133 2532 3189 hac
2545 3133 2833 3206 siquidem
2846 3137 3010 3206 parte
3027 3132 3299 3189 omnibus
3315 3134 3594 3189 adversus

1945 3228 2000 3280 te
2011 3223 2399 3280 oblocutionis
2419 3239 2616 3278 vocem
2639 3222 3030 3278 auferimuset
3054 3225 3401 3294 perpetuum
3425 3221 3596 3278 silen-

184 3311 436 3384 giosius,
470 3314 686 3382 quanto
737 3310 1011 3373 sanctiori
1069 3314 1313 3382 patrono
1367 3313 1834 3383 monasterioque
1865 3302 1908 3367 C
1946 3311 2094 3368 tium
2126 3313 2508 3384 imperamus.
2542 3311 2840 3367 Universis
2889 3315 3083 3367 autem
3115 3310 3288 3367 vestri
3349 3310 3594 3367 coanobii

182 3400 516 3457 commissa:
549 3402 708 3467 sunt,
737 3397 898 3454 salva
929 3398 982 3451 in
1019 3399 1292 3453 omnibus
1314 3400 1471 3455 sedis
1502 3400 1833 3472 apostolicae

184 3487 532 3546 reverentia.
592 3489 778 3552 Quam
842 3487 1065 3543 scilicet
1120 3488 1550 3544 restitutionem
1625 3488 1835 3547 litteris

182 3576 573 3651 praesentibus
606 3580 792 3632 ratam
834 3580 890 3630 et
920 3575 1256 3631 inviolatam
1290 3581 1567 3648 perpetuo
1598 3594 1835 3635 manere

183 3681 519 3733 censemus,
576 3665 705 3721 dico
736 3664 1128 3721 decernimus.
1187 3664 1244 3719 Si
1303 3664 1435 3736 quis
1478 3669 1670 3721 autem
1705 3672 1837 3738 post

178 3754 325 3822 haec,
358 3754 606 3826 hujusce
638 3752 884 3810 actionis
923 3758 1121 3809 tenore
1149 3754 1399 3825 cognito,
1432 3754 1834 3811 constitutioni

179 3848 393 3900 nostrae
421 3848 642 3899 temere
702 3842 934 3898 obviare
961 3841 1288 3908 tentaverit,
1322 3842 1648 3914 apostolica
1678 3843 1833 3900 indi-

175 3932 476 4005 gnationis
522 3931 744 3986 ultione
779 3931 1101 4004 plectatur;
1135 3932 1235 4003 qui
1272 3947 1406 3988 vero
1465 3924 1836 3989 conservator

178 4021 485 4092 exstiterit,
512 4019 722 4076 divinae
778 4019 1203 4076 benedictionis
1233 4021 1423 4093 gratia
1477 4021 1831 4093 perfruatur.

248 4109 544 4181 Scriptum
579 4124 684 4181 per
711 4120 953 4164 manum
973 4107 1124 4164 Petri
1154 4107 1421 4164 scriniari
1452 4110 1657 4165 nostrii
1683 4113 1831 4167 sacri

177 4196 406 4272 palatii,
437 4197 757 4253 indictiOne
783 4197 1054 4269 septima,
1079 4197 1302 4254 mensis
1358 4198 1696 4255 Decembris
1740 4202 1834 4257 die

182 4303 285 4343 VII.

251 4379 466 4432 Datum
498 4374 693 4431 Romae
719 4377 872 4448 apud
906 4377 1145 4432 Beatum
1188 4375 1420 4432 Petrum
1456 4393 1557 4448 per
1586 4394 1829 4435 manum

181 4464 696 4531 Joannis,-sanct33
729 4465 1000 4521 Romanae
1020 4464 1285 4520 Ecclesiae
1308 4465 1534 4522 diaconi
1566 4468 1830 4525 cardina-

182 4552 279 4623 lis,
307 4557 471 4610 sexto
501 4554 640 4610 Idus
672 4554 1024 4621 Decembris,
1052 4553 1367 4610 indictione
1386 4554 1653 4626 septima,
1679 4573 1830 4612 anno

1945 3401 2224 3456 fratribus
2256 3399 2631 3472 praesentium
2663 3399 2990 3456 litterarum
3020 3400 3362 3455 auctoritate
3394 3399 3592 3472 praeci-

1943 3490 2141 3561 pimus
2172 3494 2238 3544 ut
2254 3488 2555 3543 devotione
2568 3487 2911 3559 plenissima
2928 3488 3183 3543 debitam
3203 3488 3304 3543 tibi
3325 3504 3591 3544 reveren-

1942 3579 2081 3633 tiam
2106 3576 2612 3648 obedientiamque
2632 3576 3282 3648 persolvant,quatenus
3300 3581 3592 3632 annuente

1944 3670 2057 3721 Deo
2080 3670 2136 3721 et
2164 3664 2272 3736 ipsi
2306 3667 2377 3721 de
2408 3670 2522 3720 tute
2552 3663 2967 3720 sollicitudinis
2997 3665 3185 3737 gratia
3214 3668 3273 3720 et
3292 3668 3354 3720 tu
3387 3666 3457 3721 de
3478 3664 3593 3737 ips-

1942 3772 2109 3811 orum
2141 3753 2468 3810 obedientia
2497 3753 2715 3826 pariter
2743 3753 2997 3826 gaudere
3028 3752 3286 3826 possitis.

2685 3860 2829 3915 CCL.

1946 3950 2154 4009 Urbani
2202 3952 2253 4006 II
2294 3950 2520 4021 epistola
2576 3948 2645 4004 ad
2703 3951 3009 4021 episcopum
3062 3949 3587 4021 Magdcburgensem.

2014 4054 2081 4065 --ο
2108 4022 2186 4077 Ne
2204 4020 2440 4085 vacillet,
2461 4021 2554 4077 sed
2586 4020 2747 4078 reclaé
2765 4036 2949 4078 causa,”
2973 4023 3211 4089 insistat,
3245 4020 3517 4078 hortatur.

2418 4109 2602 4180 (Intra
2630 4125 2723 4164 an.
2759 4108 3110 4179 1098-1099).

2362 4199 2596 4270 [MANSI,
2631 4198 2838 4255 Concz'l.
2870 4198 2984 4266 XX,
3016 4199 3166 4265 7H].

2011 4288 2280 4345 URBANUS
2311 4288 2641 4360 episcopus,
2710 4304 2912 4343 servus
2960 4303 3259 4344 servorum
3306 4286 3426 4355 Dei,
3496 4287 3587 4352 N.,

1939 4375 2426 4450 Magdeburgensi
2449 4375 3000 4449 episcopo,salutem
3023 4380 3079 4433 et
3094 4374 3472 4449 apostolicam
3491 4376 3590 4432 be-

1940 4463 2351 4521 nedictionem.

2009 4552 2230 4609 Indolis
2255 4557 2388 4619 tuae,
2431 4552 2639 4609 dilecte
2670 4552 2729 4607 in
2761 4552 2990 4608 Christo
3040 4553 3238 4620 frater,
3270 4552 3589 4609 strenuita-

181 4643 497 4700 Dominicm
550 4642 972 4699 Incarnationis
1006 4642 1165 4710 1098,
1197 4643 1576 4716 pontiﬁcatus
1633 4650 1826 4701 autem
1857 4666 1905 4732 D
1935 4646 2053 4699 tem
2085 4642 2392 4709 miramur,
2426 4641 2545 4697 imo
2576 4640 3011 4732 aliquantulum
3060 4640 3214 4732 circa
3244 4640 3478 4713 pietatis
3506 4640 3589 4732 vi-

182 4732 407 4789 demini
442 4731 658 4789 Urbani
688 4731 737 4786 ΙΙ
758 4748 920 4804 papae
950 4749 1027 4787 x1.

838 4824 1165 4893 CCXLVIII.

183 4928 394 4987 Urbani
422 4929 474 4984 II
499 4928 722 5002 epistola
753 4927 823 4984 ad
852 4927 1151 4982 Manassem
1183 4930 1498 4983 ltemensem
1541 4928 1835 5002 archiepis-

901 5014 1110 5069 copam.

804 5088 996 5159 (Anno
1030 5087 1213 5157 1098.)

418 5177 675 5248 [ΒΑιυΖ.,
709 5176 932 5243 Misce”.
966 5175 1107 5231 edit.
1143 5175 1307 5245 Luc.,
1343 5175 1415 5242 Il,
1445 5175 1593 5247 444.]

252 5266 537 5323 URBANUS
565 5265 896 5338 episcopus,
945 5280 1149 5319 servus
1193 5279 1490 5320 servorum
1521 5264 1644 5335 Dei,
1676 5281 1832 5322 reve-

185 5355 528 5411 rentissimo
553 5353 713 5408 fratri
746 5358 805 5410 et
834 5351 1175 5425 coepiscopo
1206 5352 1498 5422 MANASSE,
1563 5353 1834 5411 Remensi

183 5443 647 5516 archiepiscopo,
679 5441 930 5498 salutem
963 5445 1021 5498 et
1061 5439 1440 5513 apostolicam
1487 5441 1836 5499 benedictio-

183 5549 340 5590 nem.
426 5544 430 5549 ’

255 5621 538 5689 Quamvis
585 5621 927 5679 clericorum
984 5619 1462 5677 Noviomensium
1510 5619 1733 5678 litteras
1764 5623 1835 5679 de

185 5711 575 5778 Tornacensis
606 5710 872 5775 Ecclesia
911 5708 1319 5786 conjunctione
1367 5709 1545 5772 falsas
1575 5726 1642 5770 ex
1672 5716 1834 5787 parte

1937 4748 2102 4788 scera
2133 4731 2436 4799 timemus,
2470 4747 2541 4785 ne
2601 4728 2953 4785 incurrentis
3010 4727 3222 4785 erroris
3279 4727 3585 4799 persuasio

1935 4819 2087 4875 infra
2116 4818 2437 4890 praecordia
2484 4816 2841 4890 jamdudum
2894 4817 2998 4872 tibi
3032 4815 3397 4889 pollulasset,
3432 4816 3590 4889 quod

1941 4907 2132 4974 absit;
2167 4907 2641 4979 quandoquidem
2675 4922 2778 4978 per
2835 4904 3142 4976 utriusque
3173 4920 3347 4960 sexus
3390 4904 3594 4961 ﬁdeles

1943 4994 2246 5068 religiosos
2275 4995 2557 5052 veraciter
2587 4996 2692 5051 tibi
2717 4999 3018 5067 exoptatos
3035 4993 3345 5066 aliquoties
3362 4997 3594 5051 nostras

1942 5083 2263 5139 direximus
2321 5082 2545 5138 litteras
2601 5087 2737 5152 tuae,
2790 5087 2856 5138 ut
2911 5097 3239 5154 speramus,
3298 5079 3590 5150 ﬁdelitati,

1942 5172 2308 5243 nullumque,
2342 5176 2442 5227 aut
2499 5189 2740 5245 prorsus
2799 5188 2951 5239 raro,
3010 5171 3095 5227 uti
3155 5169 3333 5226 talem
3372 5186 3438 5226 ac
3470 5175 3592 5227 tam

1942 5266 2272 5326 strenuum,
2327 5260 2492 5315 decet
2516 5261 2731 5328 virum,
2764 5260 2931 5316 nobis
2962 5258 3174 5315 dedisti
3221 5274 3590 5331 responsum.

1940 5352 2089 5408 Cave
2117 5366 2272 5422 ergo,
2306 5366 2439 5405 cave
2469 5348 2730 5416 interim,
2767 5366 2985 5421 quaeso,
3021 5363 3093 5403 ne
3152 5346 3367 5403 collum
3424 5353 3592 5403 tuum

1942 5438 2230 5497 Pharaoni
2261 5438 2549 5493 subdatur
2597 5454 2713 5510 quo
2770 5438 3071 5494 decidente
3127 5436 3305 5493 veteri
3362 5442 3592 5492 contro-

1940 5528 2148 5598 versia,
2184 5543 2334 5600 quae,
2366 5527 2620 5598 peccatis
2664 5525 2882 5583 nostris
2938 5525 3327 5601 exigentibus,
3380 5540 3592 5597 magno

1942 5617 2225 5691 temporis
2255 5615 2443 5688 spatio
2472 5615 2792 5674 Ecclesiam
2853 5615 2957 5672 Dei
2991 5631 3094 5688 per
3158 5614 3388 5670 diversa
3432 5612 3592 5669 orbis

1943 5707 2199 5780 climata,
2232 5720 2378 5783 pene
2424 5721 2528 5783 per
2579 5704 2888 5767 interiores
2944 5702 3232 5764 medullas
3287 5700 3588 5788 fatigavit;
