3958 6420
158 439 293 507 ,³81

154 572 342 640 .verit,
394 574 649 631 secundo
696 575 934 633 tertiove
972 575 1322 643 commonia,
1356 575 1405 631 si
1442 592 1559 630 non
1595 576 1825 631 satisla-
1853 576 1904 642 Α

150 661 368 718 -etione
397 678 657 735 congrua
706 664 1120 730 emendaverit,
1172 665 1477 736 potestatis
1521 664 1828 721 honorisve

185 750 272 809 sui
313 750 603 824 dignitate
641 758 856 820 careat,
913 770 1192 825 reamque
1240 770 1303 809 se
1348 753 1545 809 divino
1600 754 1826 825 judicio

156 842 423 897 .emstere
450 841 522 897 de
552 844 881 913 perpetrata
908 841 1220 915 iniquitate
1241 845 1573 915 cognoscat,
1598 849 1773 914 atque
1794 859 1828 897 a

150 969 159 975 .
180 927 552 1000 sanctissimo
571 945 811 1001 corpore
831 934 888 986 et
906 932 1197 1005 sanguine
1219 931 1319 988 Dei
1341 948 1408 987 ac
1438 931 1826 1003 redemptoris

158 1017 361 1073 nostri
388 1017 529 1076 Jesu
562 1016 774 1075 Christi
807 1018 997 1076 aliena
1028 1020 1149 1087 fiat,
1181 1024 1241 1076 et
1282 1020 1345 1075 in
1387 1023 1643 1075 extremo
1692 1035 1824 1075 exa-

146 1105 335 1165 .mine
376 1106 656 1163 districtis
705 1106 913 1163 ultioni
965 1108 1284 1179 subjaceat.
1329 1108 1570 1164 Cunctis
1629 1111 1824 1164 autem

179 1193 363 1251 eidem
385 1193 512 1253 loco
535 1195 700 1265 justo.
729 1196 1099 1252 servantibus
1128 1196 1205 1252 sit
1242 1214 1353 1268 pax
1382 1196 1616 1252 Domini
1638 1196 1824 1252 nostri

178 1283 313 1345 Iesu
342 1283 576 1348 Christi,
603 1288 892 1356 quatenus
917 1289 973 1341 et
988 1285 1083 1341 hic
1112 1286 1366 1342 fructum
1388 1286 1552 1340 bona
1579 1284 1824 1341 actionis

181 1372 523 1445 percipiant,
545 1377 603 1429 et
622 1373 778 1446 apud
795 1372 1129 1430 districtum
1143 1375 1406 1445 judicem
1419 1372 1657 1446 praemia
1668 1377 1826 1429 aeter-

182 1476 264 1519 na
290 1459 452 1533 pacis
483 1461 805 1516 inveniant.

884 1551 1100 1607 CCLIV.

180 1639 384 1701 Urbani
411 1641 466 1695 Il
490 1639 717 1709 epistola
744 1638 815 1695 ad
861 1640 1203 1711 Rodulphum
1266 1642 1538 1696 comitem.
1569 1668 1640 1682 ——
1686 1641 1822 1696 Pro-

631 1712 979 1767 immunitate
1007 1712 1393 1768 ecclesiastica.

653 1800 835 1871 (Intra
862 1817 957 1871 an.
994 1801 1343 1870 1088-1099.)

624 1887 849 1957 lesr,
884 1888 1070 1944 Concil
1091 1889 1211 1956 XX,
1229 1889 1380 1959 656.]

245 1996 429 2052 Nosse
456 1999 515 2051 te
542 1993 814 2050 volumus
844 1995 985 2067 quia
1009 1995 1157 2051 nulli
1187 1994 1553 2051 saacularium
1582 1995 1820 2052 domino

177 2088 520 2161 potestatem
569 2082 631 2138 in
679 2082 921 2139 clericos
966 2084 1182 2141 habere
1228 2084 1391 2153 licet;
1448 2084 1550 2140 sed
1615 2099 1820 2141 omnes

177 2173 365 2230 clerici
396 2172 671 2246 episcopo
702 2171 810 2228 soli
843 2188 972 2229 esse
1003 2173 1216 2230 debent
1244 2174 1511 2244 subjecti.
1564 2172 1819 2236 Quicun-

176 2278 287 2334 que
329 2278 468 2318 vero
528 2259 697 2317 aliter
761 2263 1204 2333 praesumpserit
1263 2261 1553 2318 canonicis
1615 2261 1819 2334 procul

180 2351 352 2411 dubio
374 2348 675 2407 sententiae
698 2349 1043 2421 subjacebit.

907 2456 1106 2512 CCLV.

274 2545 483 2603 Urbani
512 2544 562 2600 11
587 2545 813 2616 epistola
856 2545 930 2621 ad
983 2546 1259 2621 Hugonem
1304 2551 1721 2621 Lugdunensem

748 2616 1235 2688 archiepiscopum.

670 2704 857 2776 (Intra
871 2722 964 2761 an.
993 2706 1346 2780 1088-4099.)

604 2793 833 2859 [MANSI,
862 2796 1068 2852 Coneil.
1102 2795 1221 2867 XX,
1253 2800 1400 2867 677.]

248 2883 524 2939 Unnwus
552 2882 600 2938 Ιι
634 2881 861 2938 Hucom
890 2883 1265 2955 Lugdunensi
1289 2888 1744 2965 archiepiscopo.

244 2969 658 3046 Lugdunensis
694 2972 957 3042 parceciaa
997 2971 1258 3043 clericos,
1294 2992 1442 3048 quos
1478 2986 1681 3036 contra
1707 2986 1821 3038 sta-

174 3064 300 3119 tuta
326 3076 620 3117 canonum
633 3063 691 3115 et
710 3060 782 3114 ab
806 3058 1049 3116 alterius
1069 3063 1330 3133 parmciae
1355 3067 1643 3140 episcopis
1666 3072 1819 3126 ordi-

175 3154 343 3206 natos
371 3148 697 3203 litterarum
719 3152 953 3204 tuarum
985 3148 1411 3221 signiﬁcatione
1456 3160 1817 3227 monstrasti,

175 3254 306 3294 cum
333 3237 627 3310 graduum
658 3251 903 3292 suorum
953 3237 1171 3294 honore
1218 3241 1475 3312 recipere
1520 3246 1820 3319 religionis

174 3334 287 3385 tua:
335 3326 650 3400 prudentia
696 3325 930 3397 poterit,
980 3327 1029 3383 si
1081 3345 1181 3384 eos
1231 3329 1377 3387 alias
1433 3335 1708 3392 canonice
1765 3341 1823 3393 et

175 3417 303 3474 sine
329 3415 612 3489 gravitate
630 3414 832 3486 aliqua
860 3415 1160 3472 ordinatos
1181 3419 1528 3491 constiterit,
1550 3423 1600 3477 si
1623 3428 1821 3481 tamen

176 3522 381 3563 eorum
410 3504 591 3560 vitam
621 3502 983 3575 probabilem
1013 3504 1072 3559 id
1104 3505 1481 3579 indulgentiae
1511 3525 1821 3584 prospexe-

177 3594 261 3651 ris
270 3592 611 3666 promereri.
630 3593 900 3665 Legimus
913 3592 1128 3665 quippe
1143 3600 1413 3651 sanctum
1430 3598 1821 3671 Epiphaniam

177 3684 524 3757 episcopum
555 3697 625 3737 ex
649 3680 883 3738 dioecesi
913 3683 1101 3738 sancti
1134 3683 1378 3740 Joannis
1425 3685 1822 3760 Chrysostomi

176 3772 469 3846 quosdam
498 3770 739 3827 clericos
769 3770 1091 3840 ordinasse,
1125 3773 1278 3845 quod
1301 3778 1544 3832 sanctus
1572 3777 1660 3833 vir
1696 3795 1820 3834 om-

174 3862 321 3919 nino
345 3877 463 3916 non
494 3859 745 3927 fecisset,
779 3858 830 3915 si
859 3859 942 3916 eis
973 3860 1392 3918 detrimentum
1416 3869 1564 3921 terre
1586 3882 1827 3940 perpen-

171 3949 378 4009 disset.
408 3947 567 4012 Quos
589 3946 767 4020 igitur
795 3948 1162 4020 recipiendos
1189 3951 1508 4009 moderatio
1533 3958 1636 4011 tua
1676 3956 1826 4012 arbi-

169 4043 325 4095 trata
353 4036 548 4104 fuerit,
580 4035 849 4107 injuncta
892 4036 1311 4096 satisfactionis
1358 4042 1548 4113 gratia
1589 4050 1827 4117 propter

172 4126 498 4184 Ecclesiam
545 4141 724 4198 quam
769 4125 1135 4181 olfenderunt
1180 4140 1437 4201 congrua
1485 4133 1827 4203 poenitentia

172 4213 809 4273 miserationisintuitu
821 4213 882 4269 in
895 4231 1001 4271 suo
1015 4231 1309 4288 quemque
1324 4218 1540 4276 honore
1556 4223 1822 4294 recipias,

171 4306 338 4365 salva
365 4306 426 4361 in
453 4303 729 4361 omnibus
759 4310 1101 4360 sanctorum
1132 4322 1424 4363 canonum
1458 4309 1787 4384 disciplina.

891 4409 1116 4467 CCLVI.

178 4503 388 4561 Urbani
414 4502 470 4558 ΙΙ
489 4501 717 4577 epistola
744 4500 813 4556 ad
841 4499 1293 4577 Ebrednnemem,
1355 4506 1735 4577 Vapincensem
1781 4518 1830 4565 et

533 4574 826 4644 episcOpgs.
850 4603 920 4653 -—_
949 4573 1250 4653 Antequam
1279 4573 1720 4647 reconcilientur,
1762 4583 1828 4653 ﬁ-

246 4646 1043 4703 delitatemexcommuniealis
1072 4647 1261 4701 nullus
1282 4663 1500 4705 servare
1527 4646 1756 4723 cogitur.

472 4734 732 4807 (Fragm.
766 4765 831 4773 —
866 4734 1023 4789 Intra
1053 4751 1147 4789 an.
1182 4736 1532 4806 1088-1099.)

392 4822 719 4895 [GRATIAN.,
755 4826 987 4889 Deerel.,
1022 4823 1082 4878 C.
1115 4840 1206 4890 xv,
1234 4841 1333 4896 qu.
1364 4828 1420 4892 6,
1449 4843 1498 4897 c,
1529 4829 1610 4900 5.]

240 4916 487 4974 Juratos
519 4911 737 4968 milites
767 4912 995 4984 Hugoni
1026 4913 1243 4983 comiti,
1278 4930 1351 4970 ne
1382 4915 1514 4987 ipsi,
1565 4918 1827 4989 quandiu

168 5001 722 5061 excommunicatus
754 5005 862 5069 est,
897 5001 1169 5069 serviant,
1192 5003 1515 5074 prohibeto.
1541 5008 1645 5072 Qui
1667 5008 1717 5063 si
1739 5026 1831 5065 sa-

172 5096 484 5149 cramenta
494 5090 927 5163 praetenderint,
949 5095 1299 5147 moneantur
1313 5099 1576 5164 Oportere
1589 5097 1703 5152 Deo
1718 5114 1835 5153 ma-

171 5183 268 5256 gis
286 5180 510 5241 servire
526 5196 703 5250 quam
726 5179 1085 5235 hominibus.
1106 5180 1465 5237 Fidelitatem
1483 5184 1636 5241 enim
1655 5203 1832 5258 quam

172 5270 521 5328 Christiano
551 5268 803 5341 principi
827 5269 1127 5339 jurarunt,
1161 5274 1274 5326 Deo
1326 5272 1569 5344 ejusque
1615 5277 1835 5332 sanctis

173 5356 539 5428 adversanti,
594 5361 653 5413 et
681 5374 882 5414 eorum
908 5363 1196 5431 praecepta
1226 5358 1471 5416 calcanti
1493 5361 1655 5419 nulla
1675 5365 1836 5420 cohi-

174 5448 403 5504 bentur
434 5446 777 5519 auctoritate
808 5445 1153 5519 persolvere.

1356 442 1763 507 EPISTOLE
1805 440 1909 504 ET
1949 441 2426 507 PRIVILEGIA.

1851 1943 1899 2009 B

3466 440 3590 504 522

2631 574 2834 630 CCLVI
2838 574 2881 630 Ι.

1941 665 2147 723 Urbani
2174 667 2230 721 ll
2254 666 2479 736 epistola
2510 663 2580 718 ad
2609 665 2905 734 Hugonem,
2940 666 3249 736 episcOpum
3300 660 3587 720 Gratiano-

2009 738 2339 862 galbanum.
2372 768 2441 776 -—
2461 736 2934 819 'Exlraordinaria
2957 736 3191 808 pollutio
3218 736 3287 790 in
3309 736 3589 792 naturali-

2042 824 2105 862 us
2134 824 2245 862 non
2266 806 2489 862 impedit
2508 815 2946 862 matrimonium.

2042 824 2105 863 us
2134 824 2245 865 non
2266 806 2489 879 impedit
2508 808 2946 863 matrimonium.

2223 896 2476 969 (Fragm.
2510 927 2580 938 -—
2611 897 2770 951 Intra
2798 913 2894 952 an.
2928 894 3284 967 1088-4099.)

2080 985 2408 1056 (Gnarum,
2435 986 2664 1054 Decret.,
2698 987 2758 1041 C.
2789 1002 2960 1052 xxxv,
2991 1000 3091 1056 qu.
3123 988 3178 1051 2,
3212 1000 3263 1041 c.
3292 983 3410 1051 41.)

2006 1073 2480 1130 Extraordinaria
2501 1072 2745 1147 pollutio
2789 1091 2906 1130 non
2954 1070 3070 1129 nisi
3116 1073 3178 1129 in
3221 1071 3586 1135 naturalibus

1935 1161 2216 1230 admissa,
2249 1161 2338 1218 vel
2371 1161 2582 1234 saepius
2613 1161 2905 1234 reiterata,
2938 1162 3086 1231 citra
3099 1160 3424 1227 maritalem
3448 1161 3585 1226 aﬁ‘e-

1932 1255 2115 1317 ctum,
2150 1249 2199 1306 si
2226 1251 2485 1324 praebitis
2516 1253 2897 1323 sacramentis
2947 1251 3030 1307 ita
3076 1268 3206 1313 esse
3255 1248 3588 1318 constiterit

1934 1339 2431 1411 quemadmodum
2464 1339 2632 1395 nobis
2662 1339 2781 1395 tuis
2811 1338 3331 1412 significatumest
3350 1337 3583 1408 litteris,

1933 1445 2048 1483 non
2061 1427 2745 1484 videturmatrimoninm
2759 1426 3346 1500 impedire,quamvis
3359 1428 3489 1501 ipsa
3500 1434 3590 1485 est

1932 1515 2248 1572 criminosa
2279 1520 2335 1571 et
2365 1515 2741 1572 damnabilis.

2605 1603 2885 1661 CCLVIII.

1937 1695 2142 1751 Urbani
2169 1696 2222 1751 II
2257 1709 2433 1767 papae,
2467 1695 2693 1766 epistola
2737 1693 2809 1750 ad
2853 1695 3133 1764 Hugonem
3173 1678 3584 1763 Cluniaeeneem

2003 1766 2273 1821 abbatem.
2307 1766 2375 1807 4—-
2408 1766 2462 1820 S.
2496 1766 2710 1822 Bertini
2740 1767 3132 1822 monasterium
3157 1768 3211 1823 ei
3229 1768 3399 1894 ῥυτιιέ
3445 1784 3580 1826 con-

2003 1838 2312 1893 suetudines
2343 1837 2723 1893 Cluniacenses
2753 1832 3169 1894 informandum
3195 1853 3355 1894 conce
3396 1838 3456 1894 it.

1999 1838 2312 1893 suetudine:
2343 1837 2723 1893 Cluniacenses
2753 1832 3169 1907 informandum
3195 1832 3456 1896 concedit.

2393 1925 2576 1998 (Intra
2605 1942 2701 1982 an.
2737 1922 3095 1997 1088-1099.)

2232 2018 2319 2084 (D.
2352 2015 2645 2084 BOUQUE‘I‘,
2677 2015 2913 2085 Recueil,
2944 2017 2987 2070 t.
3022 2033 3079 2089 p.
3108 2015 3268 2091 737,)
3368 2084 3373 2091 ,
3534 2084 3539 2091 ι

2001 2103 2281 2159 ΗΒΒΑΝυε
2308 2103 2638 2175 episcopus,
2662 2120 2864 2160 servus
2887 2108 3187 2161 servorum
3207 2103 3331 2175 Dei,
3349 2102 3583 2165 venera-

1930 2191 2032 2248 bili
2064 2194 2231 2248 fratri
2263 2192 2511 2262 Hucom,
2544 2191 2915 2249 Cluniacensi
2960 2192 3179 2263 abbati,
3229 2192 3480 2254 salutem
3524 2184 3584 2254 et

1930 2280 2316 2354 apostolicam
2345 2280 2829 2336 benedictionem.
3252 2356 3257 2359 _
3370 2350 3389 2359 ﬁ

1999 2370 2030 2425 J
2039 2371 2189 2427 ustis
2220 2369 2491 2443 precibus
2514 2368 2910 2425 ministerium
2939 2374 3206 2447 nostrum
3240 2356 3441 2430 deesse
3464 2368 3580 2447 non

1929 2459 2119 2515 debet.
2153 2458 2371 2513 Idcirco
2406 2456 2776 2513 Flandrensis
2807 2444 3121 2513 comitissaé
3160 2475 3383 2538 preces,
3431 2444 3579 2535 quas

1926 2546 2135 2603 abbate
2157 2546 2218 2601 B.
2244 2545 2461 2601 Bertini
2476 2549 2824 2618 suggerente
2836 2546 3153 2613 mandavit,
3177 2547 3578 2608 admittenda:

1928 2652 2025 2692 ore
2055 2635 2440 2690 decrevimus.
2471 2632 2791 2690 Postulavit
2818 2634 2929 2707 (50)
2960 2634 3116 2690 enim
3147 2622 3214 2691 ut
3251 2636 3315 2693 B.
3358 2634 3576 2711 Bertini

1928 2723 2351 2779 monasterium
2395 2727 2510 2778 tum
2560 2722 2918 2794 tuorumque
2938 2726 3347 2783 successorum
3381 2722 3581 2800 provi-

1929 2811 2137 2868 dentia
2153 2811 2581 2884 disponendum
2598 2812 3041 2884 curandumque
3054 2814 3574 2875 committeremus:

1929 2902 2085 2973 quod
2118 2918 2245 2968 nos,
2279 2901 2378 2974 qui
2408 2917 2513 2972 pro
2542 2899 3078 2964 commissoofficio
3108 2901 3285 2959 saluti
3314 2905 3583 2974 omnium

1928 2972 2229 3063 providere
2244 2972 2546 3058 debemus,
2562 2988 2876 3045 clementer
2888 2990 3227 3048 annuimus.
3240 2990 3426 3049 Tuam
3445 2972 3582 3069 ergo

1929 3078 2353 3134 fraternitatem
2393 3077 2740 3133 auctoritate
2794 3078 3173 3150 praesentium
3220 3070 3580 3139 litterarum-

1930 3183 2396 3234 commonemus,
2425 3170 2491 3220 ut
2512 3166 2935 3223 monasterium
2966 3167 3164 3240 ipsum
3193 3169 3255 3224 iu
3286 3173 3391 3227 tua
3417 3170 3581 3229 dein-

1931 3273 2065 3328 ceps
2078 3255 2406 3329 provisione
2420 3254 3144 3328 suscipias,abbatemque,
3162 3258 3212 3314 si
3232 3258 3585 3337 disciplinai-

1933 3361 2027 3399 mo
2041 3343 2277 3399 nasticae
2306 3343 2721 3398 inconveniens
2743 3343 3212 3407 fuerit,amovere
3223 3345 3473 3406 facultas
3485 3366 3582 3406 vo-

1930 3432 2218 3488 bislibera
2240 3431 2639 3504 permittatur,
2660 3430 2819 3488 salvo
2841 3431 3079 3511 quidem
3102 3433 3417 3513 dimcesani
3432 3437 3580 3511 epis-

1930 3518 2452 3592 eopijure,scilicet
2478 3521 2546 3573 ut
2572 3519 2736 3575 vobis
2766 3519 2827 3574 in
2858 3521 3200 3577 monasterii
3222 3525 3578 3583 correctione

1931 3607 2164 3666 obviare
2197 3624 2313 3663 non
2343 3606 2548 3663 valeat.

2614 3735 2622 3743 .
2639 3695 2869 3752 CCLIX.

1930 3786 2294 3855 Privilegium
2345 3784 2564 3856 Urbani,
2595 3785 2648 3840 η
2682 3799 2847 3856 papae
2893 3787 3162 3856 Raginero
3207 3770 3392 3845 abbati
3453 3807 3579 3849 mo-

1999 3859 2234 3912 nasterii
2260 3858 2316 3912 S.
2350 3858 2504 3911 Petri
2535 3855 2921 3926 Crispiniensis
2950 3855 3137 3916 Romae
3162 3858 3489 3919 concessum.

2407 3943 2425 4016 (
2433 3944 2585 4000 Intra
2614 3961 2710 4000 an.
2744 3944 3106 4021 1088-1099.)

2111 4033 2273 4104 (Gall.
2311 4033 2532 4102 Christ.,
2565 4038 2709 4089 tom.
2745 4034 2841 4105 III,
2876 4035 3176 4107 Instrum.,
3209 4054 3266 4111 p.
3287 4038 3413 4113 26.)

2004 4124 2283 4181 URBANUS
2314 4121 2646 4195 episcopus,
2667 4139 2869 4180 servus
2890 4141 3191 4184 servorum
3214 4128 3334 4197 Dei,
3358 4128 3583 4188 charis-

1935 4213 2084 4270 simo
2098 4212 2216 4268 ﬁlio
2230 4212 2856 4281 suoRacmnao,abbati
2871 4208 3584 4290 monasteriiBanctiPetri,

1934 4302 2093 4373 quod
2122 4305 2209 4358 est
2238 4300 2420 4357 situm
2472 4300 2529 4356 in
2575 4300 2715 4357 villa
2765 4318 2892 4375 quae
2940 4308 3181 4361 vocatur
3228 4306 3584 4381 Crispinium

1937 4407 2113 4462 super
2143 4389 2383 4444 ﬂuvium
2409 4388 2555 4456 Hon,
2591 4390 2652 4444 in
2684 4404 2834 4464 pago
2864 4384 3111 4449 Hainau.

2006 4478 2148 4534 Tuis
2177 4477 2376 4549 igitur,
2401 4477 2777 4535 dilectissime
2802 4479 2862 4534 in
2885 4479 3110 4538 Christo
3158 4483 3262 4554 fili,
3279 4484 3463 4557 justis
3485 4502 3590 4560 po-

1939 4566 2360 4624 stulationibus
2382 4570 2707 4622 annuentes
2728 4583 2832 4639 per
2851 4571 3158 4641 praesentis
3177 4572 3462 4647 privilegii
3487 4592 3586 4648 pa-

1859 4672 1906 4738 D
1939 4656 2138 4730 ginem
2158 4655 2315 4710 Beati
2339 4654 2492 4709 Petri
2515 4656 2959 4724 monasterium,
2983 4659 3040 4714 in
3060 4676 3175 4731 quo
3198 4662 3402 4718 beatus
3424 4662 3587 4718 Chri-

1939 4747 2013 4802 sti
2044 4742 2341 4801 confessor
2365 4742 2712 4799 Landelinus
2730 4744 2997 4815 quiescit,
3022 4747 3201 4803 situm
3225 4750 3281 4804 in
3305 4749 3439 4806 villa
3460 4758 3588 4823 quis

1936 4833 2153 4890 dicitur
2172 4832 2549 4903 Crispinium,
2573 4849 2752 4904 super
2769 4833 3009 4890 ﬂuvium
3030 4835 3177 4906 Hon,
3202 4837 3262 4894 in
3282 4853 3432 4912 pago
3456 4839 3592 4896 Hai-

1941 4940 2078 4990 nau,
2094 4923 2413 4994 regendum
2429 4939 2493 4976 ac
2506 4921 2937 4994 disponendum
2950 4924 3303 5000 tibituisque
3314 4924 3595 5002 legitimis

1941 5009 2381 5067 successoribus
2414 5011 2854 5067 confirmamus.
2885 5011 3264 5084 Adjacentem
3287 5016 3464 5074 etiam
3484 5016 3593 5074 vil-

1939 5100 2059 5156 lam
2089 5100 2633 5170 supranominatam
2664 5117 2698 5156 a
2717 5100 2872 5157 Novo
2896 5102 3137 5159 Fossato
3155 5121 3290 5161 cum
3316 5107 3593 5164 omnibus

1942 5188 2417 5261 possessionibus
2449 5188 2575 5244 suis
2604 5189 2665 5243 in
2684 5191 2889 5262 pratis,
2913 5192 2971 5247 in
2995 5193 3152 5266 agris
3181 5192 3354 5252 cultis
3380 5201 3484 5253 aut
3503 5194 3594 5254 in-

1943 5277 2138 5343 cultis,
2174 5278 2235 5331 in
2266 5276 2434 5349 aquis
2464 5293 2825 5349 aquarumve
2854 5280 3223 5353 decursibus,
3281 5288 3340 5340 et
3387 5285 3594 5343 silvam

1946 5384 2074 5440 quae
2094 5365 2381 5438 Ambligis
2403 5365 2515 5422 dici
2525 5371 2639 5434 tur,
2664 5367 2818 5423 sicut
2840 5387 2873 5425 a
2894 5371 3061 5428 bonae
3078 5374 3371 5432 memoriae
3385 5376 3597 5432 comite

1946 5455 2230 5513 Balduino
2260 5459 2317 5511 et
2348 5459 2532 5511 matre
2574 5457 2704 5528 ejus
2753 5458 3016 5516 Bichilde
3066 5462 3235 5520 beato
3282 5462 3597 5521 Landelino

254 5570 546 5661 @919???
595 5570 766 5661 13F???
801 5570 1229 5661 .ClPPiacfmses
1277 5573 1838 5661 adﬁnformanBm
1946 5579 2102 5661 vires.
2131 5579 2472 5661 titanium
2499 5581 2802 5661 applicuit.-
2827 5584 2907 5641 De
2930 5602 3045 5661 quo
3070 5586 3351 5661 legendus
3377 5588 3601 5661 πρωίας

175 5642 484 5700 Sithiense
508 5646 565 5698 S.

511 5840 777 5911 PATROL.
822 5842 966 5909 GLI.

266 5642 484 5717 ghiense
508 5646 567 5717 S._
594 5642 816 5699 Bertini
846 5645 1270 5717 monasterium
1301 5647 1679 5707 advocaverat
1714 5651 1840 5709 Cle-

175 5715 437 5807 mentia,
466 5715 670 5777 eadem
701 5732 856 5776 anno
884 5715 1027 5777 4112
1066 5720 1134 5779 ut
1176 5717 1313 5779 inde
1358 5719 1710 5799 ejicerentur
1755 5723 1841 5784 illi

1950 5653 2108 5729 apud
2141 5651 2515 5724 Martenium,
2536 5651 2694 5713 tom.
2728 5655 2803 5714 III
2832 5651 3158 5733 Ane'cdotu'
3172 5660 3281 5721 col.
3310 5651 3440 5722 θος.

3210 5858 3285 5929 Π
