3958 6364
409 383 526 444 523

1603 335 1608 340 ⁸
1693 389 1764 452 Β.
1809 387 2098 454 URBANl
2138 387 2192 450 ΙΙ
2235 387 2482 450 ΡΑΡιΕ.

3687 382 3804 448 524

408 518 656 586 reddita,
681 523 743 574 et
771 537 806 574 a
833 521 1170 578 venerabilii
1215 524 1336 580 viro
1383 525 1634 580 Gerardo
1679 529 2052 579 Cameracen-
2079 524 2134 590 Α
2163 522 2426 578 minuere
2456 522 2546 581 vel
2574 521 2904 578 temerariis
2942 519 3345 578 vexationibus
3393 518 3662 593 fatigare,
3705 517 3804 575 sed

409 605 566 661 sium
619 606 890 682 episcopo
950 613 1295 670 conﬁrmata
1367 616 1524 680 sunt,
1597 614 1826 686 integra
1884 629 2054 685 pror-

412 715 517 755 sus
563 701 621 752 et
661 697 820 754 omni
867 701 1164 758 exactione
1210 701 1396 759 libera
1440 704 1677 776 praefato
1723 702 1882 758 Beati
1957 703 2056 757 Pe-

413 787 488 842 tri
523 787 873 843 monasterio
921 787 982 844 in
1025 795 1374 864 perpetuum
1423 791 1779 865 possidenda
1823 807 2058 846 manere

415 875 806 931 decernimus.
842 876 1122 934 Praeterea
1143 879 1462 951 apostolica
1491 879 1835 936 auctoritate
1856 878 2060 934 statui-
2101 930 2108 936 .

416 979 550 1018 mus
581 968 645 1019 ut
675 981 1040 1040 quiscunque
1068 967 1239 1022 hodie
1269 967 1422 1024 idem
1455 969 1873 1024 monasterium
1898 969 2058 1040 juste

415 1053 696 1123 possidet,
729 1053 849 1110 sive
868 1053 927 1109 in
951 1055 1274 1111 crastinum
1297 1057 1669 1113 concessione
1691 1057 2054 1129 pontificum.

416 1139 726 1212 largitione
753 1142 1086 1216 principum
1125 1144 1230 1200 vel.
1257 1145 1550 1202 oblatione
1598 1145 1856 1202 ﬁdelium
1897 1146 2059 1218 juste

417 1232 592 1300 atque
620 1229 896 1286 canonice
925 1232 1135 1303 poterit
1162 1231 1429 1304 adipisci,
1461 1232 1632 1288 ﬁrma
1667 1231 1774 1288 tibi
1821 1231 2060 1305 tuisque

417 1317 854 1375 successoribus
882 1317 1104 1375 illibata
1132 1325 1533 1392 permaneant,
1577 1322 1737 1377 salva
1781 1321 2054 1377 Camera-

417 1396 610 1462 censis
621 1397 876 1479 episcopi
889 1408 1168 1464 canonica
1180 1410 1520 1464 reverentia.
1537 1409 1752 1466 Decern
1763 1409 2058 1483 imusergo

417 1510 488 1549 ne
518 1493 620 1548 ulli
649 1495 887 1551 omnino
918 1496 1224 1552 hominum
1257 1497 1427 1553 liceat
1455 1499 1608 1554 idem
1633 1499 2056 1555 monasterium

415 1586 631 1639 temere
659 1585 1018 1657 perturbare,
1051 1591 1154 1642 aut
1181 1587 1232 1642 ei
1255 1587 1522 1644 subditas
1540 1587 1939 1660 possessiones
1959 1605 2060 1644 au-

417 1672 585 1738 ferre,
613 1664 898 1740 minuere,
917 1673 1006 1730 vel
1025 1676 1352 1732 temerariis
1367 1675 1771 1732 vexationibus
1793 1677 2058 1749 fatigare,

416 1762 516 1817 sed
541 1762 780 1818 omnino
801 1763 1026 1834 integra
1043 1769 1456 1820 conserventur
1471 1781 1672 1820 eorum
1689 1781 1790 1838 pro
1809 1782 2060 1837 quorum

415 1850 840 1906 sustentatione
871 1868 937 1906 ac
955 1851 1378 1924 gubernatione
1399 1868 1674 1910 concessa
1695 1859 1835 1910 sunt
1856 1853 2060 1912 usibus
2091 1890 2138 1955 B

417 1939 740 2012 profutura.
761 1940 912 1996 Sane
929 1939 978 1996 si
999 1940 1133 2012 quis
1156 1940 1212 1996 in
1235 1942 1554 1997 crastinum
1588 1943 2062 2016 archiepiscopus

419 2032 520 2083 aut
547 2027 878 2100 episcopus,
901 2028 1218 2101 imperator
1243 2035 1344 2084 aut
1365 2047 1482 2097 rex,
1507 2031 1780 2103 princeps
1805 2032 2062 2101 autdux,

418 2133 613 2171 comes
640 2127 742 2172 aut
763 2117 1103 2186 vicecomes,
1119 2123 1221 2174 aut
1227 2120 1252 2191 j
1262 2119 1428 2187 udex,
1449 2120 2065 2194 autpersonnaquaeli-

416 2205 514 2260 bet
543 2221 768 2277 magna
785 2205 874 2262 vel
902 2223 1096 2278 parva,
1133 2212 1336 2280 potens
1381 2207 1468 2264 vel
1519 2208 1830 2281 impotens,
1882 2210 2062 2282 hujus

415 2295 598 2350 nostri
633 2293 916 2367 privilegii
948 2285 1220 2368 paginam
1255 2297 1446 2352 sciens
1478 2303 1678 2354 contra
1707 2315 1836 2354 eam
1870 2299 2062 2355 venire

414 2381 742 2451 tentaverit,
773 2383 1030 2438 secundo
1062 2385 1302 2440 tertiove
1315 2386 1674 2442 commonita
1691 2387 1740 2443 si
1759 2403 1871 2442 non
1888 2387 2060 2443 satis-

414 2471 662 2526 factione
687 2487 947 2544 eongrua
971 2474 1912 2538 emendaverit,aChristiEcclesiis
1933 2493 2058 2532 cor-

411 2577 551 2632 pore
580 2577 714 2615 cum
749 2561 1090 2616 auctoritate
1117 2563 1420 2634 potestatis
1441 2563 1770 2636 apostolicae
1791 2581 2058 2638 segrega-

411 2665 564 2704 mus.
580 2648 1071 2705 Censervantibus
1085 2655 1278 2707 autem
1293 2652 1576 2724 paaneo
1588 2657 1647 2708 et
1659 2653 2061 2710 misericordia

412 2737 798 2810 praesentibus
828 2755 895 2793 ac
924 2737 1138 2794 futuris
1169 2738 1400 2794 saeculis
1433 2745 1823 2798 conservetur.
1851 2744 2056 2798 Amen.

1125 2826 1324 2882 CGLX.

417 2917 664 2972 Urbanus
693 2915 750 2990 II_
775 2936 797 2964 ι
831 2915 1134 2970 caznobium
1165 2915 1464 2990 Gener-ense
1483 2918 1544 2972 in
1567 2917 1870 2974 Guasccnia
1889 2921 1950 2974 in
1961 2921 2060 2990 jus

487 2993 539 3041 et
558 2987 949 3062 proprietatem
978 2988 1286 3056 apostolicae
1313 2988 1456 3062 sedis
1476 2991 1668 3062 recipit
1693 2997 1743 3045 et
1767 2987 2056 3062 privilegio

487 3057 786 3112 communit
813 3057 912 3111 sub
943 3073 1126 3112 annuo
1153 3074 1317 3112 censu
1349 3061 1394 3114 II
1419 3057 1711 3115 unciarum
1739 3057 1885 3117 duri.
1919 3085 1948 3112 ι)

877 3145 1058 3217 (Intra
1087 3163 1182 3200 an.
1215 3131 1574 3219 1088-1099.)

414 3233 622 3307 [Gentii
651 3233 962 3324 Camerarii
994 3233 1166 3324 bibe:
1191 3235 1509 3324 c'enspal‘irs,
1542 3238 1699 3324 apud
1746 3238 2054 3297 MURATORI
2086 3255 2130 3324 (ε

910 3305 1090 3377 Antiq.
1123 3307 1270 3374 Ital.,
1306 3311 1372 3374 V,
1408 3309 1558 3378 885.]

1155 3395 1382 3450 CCLXI.

414 3465 623 3523 Urbani
647 3467 700 3522 II
719 3481 878 3538 papa
903 3466 1262 3538 privilegium
1280 3483 1383 3550 pro
1431 3471 1761 3527 monasterio
1805 3473 2056 3528 Latiniu-

1138 3554 1306 3594 681782.

879 3626 1061 3698 (Intra
1090 3642 1186 3683 an.
1222 3628 1579 3700 1088-1099.)

505 3715 826 3787 [MABILLON
857 3719 914 3770 et
944 3714 1230 3786 Romam,
1265 3716 1426 3772 Ouvr.
1461 3717 1659 3788 posth..
1692 3718 1786 3788 III,
1819 3720 1968 3790 401.]

480 3804 758 3860 URBANUS
789 3803 1120 3875 episcopus,
1149 3820 1353 3860 servus
1375 3821 1674 3862 servorum
1699 3806 1824 3874 Dei,
1845 3807 2056 3864 dilecto

409 3892 531 3948 ﬁlio
553 3898 875 3948 ARNULPHO
895 3891 1278 3948 Latiniacensi
1291 3893 1488 3950 abbati
1499 3895 1742 3968 ejusque
1767 3913 2059 3953 successo-

412 3983 576 4036 ribus
605 3980 955 4055 regulariter
985 3981 1393 4052 promovendis
1422 3983 1482 4039 in
1515 3989 1884 4058 perpetuum.

401 4132 406 4135 _
485 4070 594 4124 Piaa
609 4069 922 4142 postulatio
935 4068 1249 4126 voluntatis
1263 4072 1467 4126 eﬁ'ectu
1487 4073 1659 4130 debet
1672 4079 2057 4146 prosequente

411 4157 708 4232 compleri,
734 4163 1024 4230 quatenus
1045 4163 1103 4214 et
1121 4158 1445 4218 devotionis
1467 4161 1771 4218 sinceritas
1789 4162 2054 4220 laudabi-

406 4247 538 4303 liter
567 4247 876 4314 elucescat,
907 4251 964 4302 et
995 4247 1218 4304 utilitas
1239 4249 1532 4320 postulata
1551 4249 1700 4307 vires
1722 4251 2057 4307 indubitan-

405 4343 494 4391 ter
517 4341 802 4392 assumat.
825 4336 972 4401 Quia
999 4335 1178 4409 igitur
1207 4337 1410 4394 electio
1433 4343 1534 4394 tua
1555 4341 1625 4395 ad
1651 4340 1808 4396 sedis
1830 4345 2056 4412 aposto-

403 4425 526 4480 licae
559 4429 793 4496 portum
825 4425 1188 4497 confugiens,
1219 4427 1348 4498 ejus
1397 4429 1707 4485 tuitionem
1757 4429 2054 4486 devotione

403 4513 602 4570 debita
633 4513 954 4586 requisivit,
990 4530 1096 4571 nos
1129 4515 1542 4588 supplicationi
1591 4515 1908 4573 clementer
1949 4536 2052 4573 an-

2165 611 2324 666 omni
2374 611 2602 684 integra
2646 615 3081 679 conserventur,
3135 625 3337 666 eorum
3387 625 3490 682 pro
3557 623 3809 682 quorum

2166 699 2586 756 sustentatione
2611 717 2677 756 ac
2697 700 3120 772 gubernatione
3149 715 3428 756 concessa
3447 701 3587 754 sunt
3603 696 3812 754 usibus

2165 786 2520 843 omnimodis
2571 788 2895 860 profutura,
2947 787 3106 843 salvo
3173 785 3398 843 scilicet
3462 783 3812 840 Parisiensis

2167 875 2432 932 Ecclesiae
2453 877 2590 948 jure
2618 877 2918 944 canonico,
2952 877 3035 932 ita
3053 881 3248 932 tamen
3269 875 3424 947 quod
3445 890 3634 946 neque
3655 873 3706 945 ej
3716 889 3812 928 us-

2165 964 2298 1018 dem
2331 963 2596 1021 Ecclesia
2626 965 2918 1038 episcopo,
2951 980 3140 1037 neque
3182 963 3592 1019 archidiacono
3641 959 3816 1017 liceat

2164 1052 2485 1108 temerariae
2516 1052 3136 1110 excommunicationis
3165 1051 3254 1108 vel
3284 1049 3680 1108 exsecutionis
3710 1053 3814 1105 aut

2166 1141 2545 1198 consuetudis
2571 1158 2884 1214 gravamen
2915 1141 3151 1214 aliquod
3198 1140 3478 1197 fratribus
3525 1139 3808 1211 irrogare.

2165 1229 2430 1286 Obeunte
2457 1235 2513 1286 te
2539 1247 2698 1286 nunc
2725 1231 2990 1303 ejusdem
3020 1229 3131 1286 loci
3159 1229 3390 1296 abbate,
3440 1227 3530 1284 vel
3570 1231 3812 1285 tuorum

2167 1318 2426 1390 quolibet
2455 1335 2882 1386 successorum,
2915 1317 3116 1374 nullus
3146 1318 3226 1374 ibi
3257 1317 3564 1390 quibusvis
3602 1317 3816 1373 subre-

2168 1407 2466 1480 ptionibus
2511 1407 2729 1464 astutia
2768 1407 2855 1464 vel
2909 1406 3183 1463 violentia
3229 1410 3628 1478 praeponatur,
3699 1405 3817 1462 nisi

2167 1513 2340 1568 quem
2377 1500 2586 1552 fratres
2618 1497 2914 1552 communi
2948 1513 3256 1564 consensu,
3289 1495 3379 1550 vel
3414 1495 3662 1551 fratrum
3682 1511 3821 1567 pars

2167 1585 2392 1639 consilii
2419 1584 2692 1650 sanioris,
2720 1601 2822 1640 seu
2847 1585 3280 1662 secundumDei
3299 1584 3571 1640 timorem
3589 1587 3649 1640 et
3663 1583 3821 1641 beati

2169 1673 2461 1728 Benedicti
2494 1673 2756 1746 regulam
2785 1673 3085 1745 elegerint.
3119 1672 3350 1728 Electus
3394 1687 3553 1741 vero,
3590 1689 3626 1728 a
3662 1671 3824 1728 Pari-

2167 1761 2345 1816 siensi
2366 1761 2638 1834 episcopo
2659 1766 3047 1818 consecretur.
3067 1762 3150 1816 Ad
3165 1760 3452 1832 judicium
3473 1765 3671 1818 autem
3686 1777 3820 1834 per-

2169 1856 2344 1922 ceptae
2375 1867 2410 1904 a
2453 1851 2714 1906 Romana
2761 1850 3018 1906 Ecclesia
3061 1849 3348 1905 libertatis
3399 1849 3523 1904 auri
3574 1849 3820 1906 unciam

2173 1939 2488 2011 quotannis
2503 1939 2872 1994 Luteranensi
2889 1937 3103 2010 palatio
3116 1937 3474 2010 persolvetis.
3496 1937 3616 1994 Vos
3629 1937 3774 2011 igitu
3787 1956 3818 1993 r

2171 2027 2275 2084 ﬁlii
2309 2029 2364 2083 in
2387 2028 2618 2084 Christo
2649 2026 2864 2094 dilecti,
2899 2027 2999 2083 Dei
3031 2027 3301 2082 timorem
3351 2030 3409 2082 et
3444 2041 3705 2084 amorem
3757 2027 3823 2083 in

2171 2118 2446 2173 cordibus
2477 2116 2690 2173 habere
2715 2115 2982 2189 satagite,
3015 2121 3082 2172 ut
3110 2119 3330 2186 quanto
3361 2133 3396 2170 a
3437 2114 3824 2174 saecularibus

2171 2205 2526 2262 tumultibus
2557 2205 2859 2262 liberiores
2889 2203 3052 2273 estis,
3091 2209 3248 2261 tanto
3287 2205 3544 2277 amplius
3584 2203 3824 2278 placare

2171 2295 2286 2351 Deo
2318 2295 2496 2351 totius
2530 2293 2744 2350 mentis
2781 2299 2838 2350 et
2887 2293 3096 2349 anima
3143 2293 3464 2348 virtutibus
3507 2292 3822 2351 anhelatis.

2167 2388 2315 2440 Sane
2337 2384 2386 2440 si
2409 2383 2544 2456 quis
2567 2383 2624 2438 in
2645 2383 2971 2440 crastinum
2993 2381 3468 2455 archiepiscopus
3489 2385 3590 2437 aut
3600 2381 3827 2455 episco-

2168 2491 2302 2546 pus,
2338 2473 2654 2546 imperator
2684 2480 2784 2528 aut
2813 2489 2932 2538 rex,
2962 2476 3064 2528 aut
3093 2471 3234 2537 dux,
3255 2487 3450 2527 comes
3470 2469 3823 2541 vicecomes,

2157 2562 2360 2634 judex,
2379 2566 2480 2618 aut
2493 2561 2886 2618 ecclesiastica
2898 2559 3174 2634 quaelibet
3193 2557 3556 2616 secularisve
3571 2575 3828 2631 persona

2167 2651 2317 2707 hanc
2350 2656 2560 2706 nostra)
2607 2649 2972 2706 auctoritatis
3005 2648 3297 2722 paginam
3346 2647 3560 2716 sciens,
3616 2653 3826 2706 contra

2165 2757 2293 2795 eam
2315 2745 2531 2796 temere
2555 2740 2746 2795 venire
2768 2739 3094 2808 tentaverit,
3118 2737 3378 2793 secundo
3396 2736 3636 2792 tertiove
3657 2752 3823 2794 com-

2165 2829 2446 2896 monitus,
2482 2827 2532 2883 si
2562 2845 2678 2884 non
2709 2827 3106 2884 satisfactione
3125 2840 3416 2898 congruae
3437 2824 3824 2894 mendaverit,

2165 2916 2468 2989 potestatis
2497 2916 2855 2988 honorisque
2873 2915 2964 2971 sui
2988 2914 3270 2987 dignitate
3292 2917 3504 2984 careat,
3527 2929 3819 2986 renmque

2163 3022 2226 3061 se
2253 3004 2448 3060 divino
2463 3003 2688 3076 judicio
2707 3005 2776 3060 de
2797 3007 3129 3077 perpetrata
3143 3003 3452 3074 iniquitate
3472 3007 3814 3074 cognoscat,

2163 3100 2222 3150 et
2251 3111 2285 3150 a
2303 3093 2697 3150 sacratissimo
2718 3109 2960 3164 corpore
2979 3109 3046 3148 ac
3067 3091 3352 3164 sanguine
3371 3090 3472 3146 Dei
3493 3095 3551 3146 et
3571 3089 3808 3147 Domini

2165 3182 2567 3254 Redemptoris
2599 3181 2784 3238 nostri
2811 3181 2953 3237 Jesu
2986 3180 3198 3237 Christi
3229 3178 3456 3236 alienus
3487 3179 3608 3246 ﬁat,
3632 3182 3816 3252 atque

2169 3273 2230 3329 in
2277 3278 2532 3329 extremo
2571 3271 2836 3328 examine
2883 3269 3160 3326 districtis
3209 3267 3417 3324 ultioni
3485 3267 3814 3340 subjaceat.

2167 3361 2404 3418 Cunctis
2432 3366 2631 3417 autem
2661 3360 2850 3417 eidem
2880 3358 3006 3415 loco
3028 3359 3197 3430 justa
3227 3355 3596 3414 servantibus
3615 3355 3692 3412 sit
3705 3373 3823 3430 pax

2155 3451 2398 3508 .Domini
2421 3449 2604 3506 nostri
2627 3449 2768 3506 Jesu
2789 3448 3025 3518 Christi,
3049 3451 3339 3520 quatenus
3359 3449 3417 3501 et
3441 3443 3536 3501 hic
3549 3444 3818 3502 fructum

2165 3541 2331 3597 bona;
2351 3540 2599 3597 actionis
2625 3536 2945 3611 percipiant
2957 3540 3012 3592 et
3023 3536 3175 3609 apud
3189 3535 3522 3591 districtum
3537 3533 3816 3592 Judioem

2167 3629 2408 3703 praemia
2435 3633 2660 3686 aeterna
2685 3627 2849 3700 pacis
2879 3625 3196 3682 inveniant.
3229 3630 3436 3680 Amen.

2856 3731 3114 3788 CCLXII.

2169 3828 2376 3884 Urbani
2435 3827 2484 3881 Il
2541 3825 2769 3897 epistola
2802 3895 2809 3897 Α
2837 3821 2907 3878 ad
2971 3822 3286 3897 Rotgcrium
3368 3821 3820 3897 Suessionensem

2236 3893 2664 3969 episcopumfe
2697 3897 2761 3952 Ut
2787 3895 2848 3950 in
2873 3893 3227 3966 parochianis
3273 3895 3516 3950 ecclesiis
3557 3894 3822 3950 canonici

2239 3967 2514 4038 regulares
2547 3967 2884 4024 ordinentur.

2661 4055 2844 4124 (Intra
2873 4072 2968 4111 an.
3000 4053 3354 4120 4088-1099.)

2590 4145 2828 4216 [MAN51,
2859 4143 3053 4200 concil.
3087 4142 3198 4210 XX,
3228 4143 3380 4213 677.]

2257 4253 2531 4310 URBANUS
2562 4267 2713 4323 papa
2742 4250 3030 4306 ROTGERIO
3060 4246 3468 4305 Suessionensi
3494 4247 3718 4304 abbati.

2233 4341 2264 4398 J
2272 4341 2420 4398 ustis
2448 4339 2596 4396 votis
2625 4355 2932 4396 assensum
2955 4338 3227 4410 praebere,
3237 4337 3538 4410 justisque
3558 4335 3820 4410 postula-

2162 4430 2422 4486 tionibus
2443 4445 2615 4485 aures
2638 4427 3082 4484 accommodare
3097 4442 3204 4482 nos
3223 4425 3512 4495 convenit,
3537 4425 3661 4498 qui,
3678 4423 3818 4482 licet

2161 4519 2410 4592 indigni,
2427 4517 2674 4590 justitim
2701 4516 2976 4573 custodes
2993 4519 3170 4587 atque
3188 4531 3484 4588 praecones
3503 4515 3565 4570 in
3581 4513 3818 4570 excelsa

401 4603 664 4672 nuimus,
698 4607 756 4658 et
786 4603 938 4658 beati
973 4603 1122 4658 Petri
1154 4605 1551 4662 Latiniacense
1599 4607 2044 4674 monasterium,
2078 4622 2124 4686 D
2155 4608 2554 4681 apostolorum
2578 4605 2912 4679 principum
2933 4605 3084 4660 Petri
3101 4610 3159 4660 et
3180 4603 3346 4660 Pauli
3369 4603 3610 4676 specula
3632 4603 3819 4676 positi

401 4691 494 4747 cui
526 4691 641 4748 Deo
690 4695 925 4748 auctore
976 4693 1270 4764 praesides,
1320 4697 1378 4750 et
1421 4699 1544 4750 tam
1587 4694 1636 4750 ei
1681 4695 2044 4766 adjacentem

398 4779 598 4846 villam
623 4797 797 4853 quam
821 4785 1028 4838 caetera
1050 4783 1248 4840 omnia
1273 4785 1345 4840 ad
1366 4784 1558 4856 ipsum
1575 4785 2046 4856 pertinentiasub

401 4867 644 4924 tutelam
676 4869 1004 4940 apostolica:
1031 4873 1187 4928 sedis
1217 4873 1559 4944 excipimus.
1591 4872 1695 4927 Per
1747 4875 2045 4943 praesentis

396 4973 538 5030 ergo
549 4957 828 5030 privilegii
849 4960 1121 5031 paginam
1140 4959 1457 5034 apostolica
1475 4961 1816 5015 auctoritate
1841 4964 2046 5017 statui-

397 5061 538 5100 mus
559 5048 624 5100 ut
645 5051 763 5100 tam
783 5047 1022 5117 praefata
1044 5048 1466 5104 Latiniacensis
1488 5047 1624 5104 villa
1645 5065 1820 5120 quam
1845 5056 2050 5106 caetera

397 5133 604 5203 pmnia
631 5150 759 5205 quae
789 5140 1045 5192 vestrum
1079 5138 1250 5192 hodie
1293 5137 1716 5192 monasterium
1764 5139 2043 5210 possidet,

401 5223 523 5278 sive
546 5222 602 5276 in
627 5222 890 5280 futurum
911 5226 1286 5282 concessione
1308 5225 1673 5296 pontiﬁcum,
1699 5225 2046 5284 liberalitate

394 5311 730 5392 principum
743 5313 827 5368 vel
842 5314 1130 5370 oblatione
1143 5312 1401 5369 ﬁdelium
1421 5315 1574 5384 iuste
1583 5320 1760 5388 atque
1771 5317 2044 5374 canonice

392 5403 612 5474 poterit
627 5402 894 5474 adipisci,
919 5404 1091 5458 ﬁrma
1108 5402 1214 5458 tibi
1235 5401 1472 5476 tuisque
1493 5407 1953 5476 successoribus,
1989 5409 2046 5464 et

397 5490 621 5545 illibata
633 5489 1418 5562 permaneant.l)ecernimus
1429 5509 1564 5567 ergo
1577 5500 1643 5551 ut
1655 5493 2043 5554 nulliomnino

389 5576 705 5635 heminum
737 5579 910 5636 liceat
939 5579 1212 5635 eumdem
1244 5579 1435 5638 locum
1467 5586 1683 5641 temere
1703 5587 2042 5658 perturbare

397 5673 497 5736 aut
527 5669 656 5744 ejus
688 5667 1092 5746 possessiones
1125 5669 1349 5730 auferre
1377 5671 1466 5733 vel
1497 5673 1722 5734 ablatas
1770 5675 2038 5740 retinere.

2154 4698 2402 4754 Domino
2449 4695 2794 4768 disponente
2845 4694 3116 4750 videmur
3161 4693 3428 4750 existere.
3480 4691 3554 4748 Ut
3624 4691 3818 4765 igitur

2155 4785 2438 4860 propositi
2466 4783 2642 4841 vestri
2668 4783 2932 4840 ordinem
2963 4783 3290 4839 secundum
3311 4781 3466 4838 beati
3484 4779 3814 4853 Augustini

2159 4875 2422 4948 regulam
2469 4873 2771 4928 commissi
2814 4872 2920 4928 tibi
2957 4872 3167 4928 fratres
3215 4869 3533 4942 tranquille
3575 4869 3820 4926 valeant

2157 4965 2379 5034 absque
2410 4961 2778 5018 saecularium
2823 4960 3189 5016 tumultuum
3258 4958 3816 5032 perturbationibus

2155 5060 2450 5108 annuente
2480 5051 2726 5108 Domino
2757 5047 3600 5122 custodire,postulationituae
3616 5046 3818 5104 liben-

2155 5146 2243 5198 ter
2271 5141 2608 5208 annuimus,
2631 5144 2689 5196 et
2711 5138 3088 5212 praesentium
3110 5137 3438 5194 litterarum
3457 5135 3818 5194 auctoritate

2155 5231 2550 5299 concedimus,
2585 5233 2650 5286 ut
2678 5230 2738 5284 in
2765 5227 3137 5301 parochianis
3163 5225 3424 5284 ecclesiis
3455 5243 3582 5298 quae
3612 5225 3690 5282 ad
3713 5240 3816 5282 ve-

2154 5326 2343 5376 strum
2365 5319 2791 5376 monasterium
2815 5317 3123 5390 pertinent,
3141 5314 3438 5390 regulares
3449 5313 3818 5372 vobisliceat

2153 5409 2394 5466 claustri
2424 5408 2600 5466 vestri
2631 5406 2874 5464 clericos
2903 5405 3214 5463 canonicos
3261 5405 3555 5472 ordinare,
3595 5403 3701 5476 qui
3751 5407 3817 5460 et

2151 5497 2416 5556 ecclesiis
2443 5497 2590 5572 ipsis
2618 5496 2888 5570 religiose
2917 5495 3192 5564 serviant,
3220 5499 3278 5553 et
3324 5493 3649 5565 adjacentis
3701 5509 3814 5565 po-

2149 5587 2272 5664 puli
2304 5587 2646 5662 parochiam
2673 5586 2999 5643 secundum
3028 5584 3300 5640 timorem
3331 5583 3454 5650 Dei,
3489 5580 3648 5639 salvo
3671 5581 3816 5656 epi-

2149 5679 2312 5754 soOpi
2334 5677 2472 5754 jure
2487 5676 2714 5752 dubito,
2735 5674 2986 5738 sollicite
3006 5688 3320 5756 procurare
3336 5689 3454 5733 non
3471 5669 3788 5752 negligant
3799 5715 3818 5748 ,
