3958 6368
490 444 608 505 527

1795 447 1866 512 B.
1913 446 2205 522 UBBANI
2247 444 2300 514 II
2343 398 2632 514 ΡΑριιεξ

3779 419 3910 518 32's

491 581 590 652 qui
613 581 828 634 dicitur
848 583 1069 651 septem
1091 581 1297 648 fontes,
1322 597 1454 636 cum
1479 583 1753 637 omnibus
1771 598 1973 638 eorum
2007 599 2132 656 per-
2169 584 2214 663 Α
2251 581 2514 653 pellanus
2551 582 2829 656 populum
2855 581 3014 638 il-lius
3041 587 3205 638 terras
3225 581 3795 660 regebat,baptisma
3815 599 3908 656 cc;

493 669 776 735 tiueutiis,
810 668 985 725 cultis
1004 674 1062 725 et
1086 667 1322 725 incultis
1347 676 1403 726 et
1431 687 1564 725 cum
1596 671 1840 730 decimis
1869 672 2136 729 Omnium

492 759 789 816 redituum
820 757 1127 831 regalium,
1159 761 1216 814 et
1234 775 1434 815 eorum
1461 759 1562 832 qui
1594 759 2042 833 quibuscumque
2071 777 2141 822 ex

496 848 691 906 causis
723 847 959 919 regibus
1008 864 1272 920 unquam
1320 849 1723 922 persolventur
1751 849 1809 904 in
1858 849 2052 911 Jacca,
2085 852 2142 903 et

496 938 954 1010 circumquaque
984 953 1088 1012 per
1117 941 1300 992 totam
1331 937 1705 1012 Aragoniam,
1738 936 1965 994 illibata
1979 937 2138 998 dein-

496 1045 633 1100 ceps
662 1026 894 1082 servitio
923 1025 1333 1082 canonicorum
1391 1042 1496 1098 per
1525 1025 1753 1082 inﬁnita
1799 1025 2010 1082 szecula
2037 1025 2139 1080 ha-

495 1118 762 1173 beantur.
797 1114 856 1170 Si
913 1130 1031 1186 qua
1087 1130 1226 1170 sane
1281 1113 1341 1168 in
1372 1119 1671 1184 posterum
1727 1113 2140 1178 ecclesiastica,

499 1203 863 1262 saecularisve
885 1199 1152 1275 pe'rsona,
1172 1202 1351 1274 hujus
1367 1207 1579 1266 nostris
1605 1201 1946 1259 assertionis
1978 1206 2142 1257 teno-

499 1310 622 1349 rem
654 1291 866 1368 sciens,
899 1295 1101 1346 contra
1120 1308 1254 1346 eum
1281 1296 1496 1347 temere
1513 1291 1706 1346 venire
1726 1289 2144 1358 tentaverit,sc-

497 1382 689 1437 eundo
711 1381 950 1436 tertiove
971 1380 1387 1446 commonitus,
1414 1380 1462 1435 si
1495 1397 1609 1435 non
1637 1397 1892 1452 congrue
1922 1379 2146 1438 satisfe-

497 1470 659 1536 cerit,
690 1469 998 1542 potestatis
1020 1467 1374 1540 honorisque
1416 1469 1505 1522 sui
1553 1469 1834 1541 dignitate
1881 1471 2141 1524 careat...

495 1559 936 1630 Divinojudicio
958 1557 1030 1614 de
1050 1561 1379 1630 perpetrata
1397 1557 1705 1630 iniquitate
1725 1561 2058 1630 cognoscat,
2090 1560 2148 1620 et

449 1634 460 1638 ’
496 1668 530 1708 a
555 1648 953 1706 sacratissimo
983 1663 1224 1720 corpore
1253 1664 1320 1703 ac
1379 1647 1666 1719 sanguine
1696 1646 1925 1706 Domini
1960 1645 2144 1702 nostri

495 1744 635 1796 Jesu
657 1737 869 1794 Christi
921 1736 1112 1792 aliena
1133 1736 1252 1792 ﬁat.
1287 1736 1526 1792 Cunctis
1556 1741 1751 1792 autem
1783 1736 2015 1808 praefixa
2047 1739 2145 1789 Ec-

500 1827 687 1886 clesiae
716 1827 922 1883 Oscen.
959 1829 1016 1880 et
1067 1825 1298 1881 Jaccen.
1353 1825 1491 1896 jura
1521 1825 1892 1882 servantibus
1923 1823 2004 1882 sit
2038 1839 2150 1898 pax

501 1917 734 1976 Domini
763 1913 946 1972 nostri
977 1914 1117 1971 Jesu
1147 1913 1382 1981 Christi,
1406 1919 1464 1970 et
1481 1914 1598 1970 vita
1626 1918 1860 1970 aeterna.

1193 2011 1468 2073 CCLXVI.

507 2107 758 2164 Urbanus
785 2103 1124 2168 Petronium,
1145 2102 1454 2174 episcOpum
1478 2103 1899 2174 Legionensem,
1929 2116 1999 2174 ea:
2027 2116 2148 2174 ma-

573 2181 653 2234 tre
681 2191 794 2230 non
823 2175 1065 2246 legitima
1118 2169 1345 2241 editum,
1401 2173 1469 2228 ab
1497 2169 1660 2244 hujus
1693 2173 1901 2244 peccati
1928 2169 2148 2226 vinculo

573 2247 820 2304 absolvit.

985 2316 1164 2389 (Intra
1194 2332 1288 2377 an.
1325 2315 1672 2386 1088-1099.)

751 2406 1079 2478 murum,
1107 2406 1310 2462 Decret.
1345 2422 1384 2470 ι,
1419 2405 1556 2471 dist,
1575 2405 1666 2472 56,
1699 2421 1750 2459 c.
1786 2401 1899 2476 1/1.]

573 2497 722 2564 Quia
749 2493 1094 2568 simpliciter
1133 2493 1206 2549 ad
1238 2493 1436 2550 sedem
1489 2489 1866 2564 apostolicam
1908 2487 2148 2546 veniens

504 2583 808 2643 humiliter
837 2585 1138 2655 peccatum
1171 2582 1476 2638 confessus
1495 2597 1558 2636 es
1576 2580 1729 2652 quod
1755 2575 2036 2651 pontiﬁcii
2062 2575 2148 2635 tui

501 2671 1078 2731 videbaturofﬁcium
1104 2667 1859 2742 impedire,vidclicet,quod
1879 2682 1949 2725 ex
1963 2668 2149 2726 matre

505 2780 620 2828 non
651 2761 915 2834 legitima
963 2764 1301 2834 procreatus
1325 2759 1428 2826 sis,
1463 2775 1640 2830 quam
1670 2757 1893 2824 vivente
1915 2753 2152 2828 propria

505 2868 682 2908 uxore
713 2857 876 2924 pater
905 2855 1044 2906 tuus
1073 2848 1416 2922 cognovisse
1473 2845 1874 2919 dignoscitur;
1909 2859 1973 2918 οι·
2010 2843 2146 2908 Nos,

505 2939 832 3014 apostolica;
845 2935 1900 3009 mansuetudinisgratiaadmonente,
1936 2935 2146 2987 acaate-

505 3031 586 3088 ris
617 3047 744 3102 quas
773 3024 1515 3097 sacerdotiumimpediunt
1535 3022 1882 3084 criminibus
1910 3024 2032 3077 tam
2061 3021 2146 3076 tui

503 3118 861 3194 professione
892 3132 1072 3188 quam
1101 3114 1347 3170 fratrum
1396 3111 1754 3182 testimonio,
1804 3111 1904 3183 qui
1952 3115 2146 3166 tecum

503 3208 992 3280 sunt,immunem
1004 3209 1060 3260 te
1074 3205 1457 3277 agnoscentes
1479 3207 1540 3267 et
1551 3202 1728 3257 vitam
1740 3205 1901 3256 tuam
1916 3198 2146 3272 religio-

502 3315 626 3362 sam
659 3296 984 3359 audientes,
1016 3293 1088 3348 ab
1118 3291 1300 3364 hujus
1329 3296 1385 3347 te
1414 3289 1630 3364 peccati
1661 3289 1890 3347 vinculo
1921 3287 2150 3346 absolu-

502 3393 629 3446 tum
662 3387 722 3444 in
753 3385 1026 3454 suscepto
1075 3379 1419 3438 sacerdotali
1471 3379 1662 3435 ofﬁcio
1706 3378 2146 3437 conﬁrmamus.

1170 3477 1492 3536 CCLXVIII.

512 3577 758 3642 Urbanus
788 3573 839 3627 II
861 3585 1009 3643 papa
1054 3569 1340 3643 committit
1364 3566 1964 3643 AMgthitdicmnitissae
1992 3566 2149 3643 resti-

570 3635 835 3724 tutionenc
861 3635 1128 3724 'ec'ctesiz
1183 3640 1673 3724 Sancti-Floriani,
1731 3636 2042 3724 faciendam
2083 3635 2152 3724 ab

571 3719 814 3842 episcto/oo
879 3714 1170 3768 Mantuano
1225 3711 1294 3766 ad
1321 3711 1564 3783 favorem
1593 3711 1910 3766 monasterii
1964 3709 2149 3763 Sancti

571 3790 714 3844 Bene
752 3786 850 3842 icti
877 3783 942 3840 de
973 3783 1330 3854 Padolyrone.

923 3873 1104 3944 (Intra
1123 3887 1345 3926 annum
1376 3869 1724 3940 1088-1099.)

755 3963 1135 4036 [Mancnamn
1159 3959 1372 4014 Bullar.
1408 3959 1614 4025 Casin.,
1652 3957 1720 4024 II,
1753 3955 1902 4028 118.]

578 4053 860 4109 URBANUS
889 4049 1435 4122 episcopus,servus
1457 4062 1754 4102 servorum
1786 4045 1904 4114 Dei,
1925 4044 2148 4118 inclytae

502 4145 809 4207 MATHILDI,
841 4140 1026 4195 unicae
1069 4137 1224 4193 beati
1267 4137 1419 4193 Petri
1464 4134 1617 4204 ﬁliae,
1641 4135 1888 4192 salutem
1921 4141 1976 4192 et
2004 4151 2148 4208 apo-

501 4231 765 4288 stolicam
791 4227 1278 4285 benedictionem.

569 4322 937 4392 Conquestus
969 4319 1058 4372 est
1088 4313 1243 4370 ﬁlius
1267 4319 1464 4370 noster
1484 4313 1725 4370 cmnobii
1748 4314 1941 4375 Sancti
1972 4315 2147 4370 Bene-

499 4409 635 4464 dicti
659 4409 840 4464 abbas
871 4421 1050 4478 super
1073 4404 1326 4477 quadam
1365 4401 1609 4459 ecclesia
1623 4404 1816 4458 Sancti
1835 4401 2082 4458 Floriani
2115 4419 2150 4457 a

496 4499 680 4554 beata:
729 4494 1024 4552 memoriis
1069 4499 1231 4566 patre
1261 4497 1366 4549 tuo
1415 4497 1476 4548 Β.
1535 4493 1591 4548 in
1625 4493 1842 4564 prcedio
1882 4491 2146 4562 ejusdem

499 4585 842 4642 monasterii
893 4584 1153 4650 fundata,
1188 4585 1246 4638 et
1291 4599 1326 4637 a
1356 4581 1630 4654 religione
1661 4587 1763 4638 tua
1812 4583 1937 4652 jam
1992 4580 2146 4636 dicto

493 4674 755 4731 coenobio
783 4678 986 4747 postea
1035 4671 1282 4728 reddita.
1317 4672 1502 4736 Quam
1553 4687 1686 4726 cum
1721 4668 2142 4725 monasterium
2175 4691 2240 4756 Ι).

494 4763 640 4819 illud
664 4762 860 4835 quiete
877 4761 1162 4818 tenuisset
1189 4765 1247 4816 et
1277 4777 1310 4816 a
1341 4758 1658 4831 capellanis
1687 4757 1811 4814 suis
1840 4774 1969 4814 eam
2001 4757 2141 4830 regi,

492 4857 695 4924 utpote
746 4851 900 4924 quod
945 4868 1122 4907 suum
1173 4854 1318 4917 erat,
1351 4849 1479 4904 sine
1510 4846 1780 4904 molestia
1808 4851 1865 4904 et
1894 4845 2164 4918 alicujus.

493 4941 886 4997 controversia
935 4939 1336 4996 administrari
1371 4937 1606 4992 fecisset
1636 4935 1787 4990 facta
1815 4941 2139 4991 commuta-

493 5029 812 5086 tioneinter
835 5030 1221 5085 Mantuanum
1244 5025 1668 5098 episcopum,et
1700 5023 2140 5089 monasterium,

491 5121 562 5176 de
595 5118 966 5194 monasteriis
987 5118 1380 5189 episcopatus,
1413 5120 1468 5168 et
1497 5113 1568 5167 de
1589 5111 1850 5168 ecclesiis
1872 5113 2138 5180 abbatize,

493 5210 646 5264 sicut
704 5209 850 5264 bene
909 5207 1070 5262 novit
1121 5203 1434 5276 prudentia
1492 5207 1612 5267 tua,
1646 5219 1779 5256 cum
1834 5211 2033 5274 postea
2081 5203 2138 5258 id

488 5299 854 5354 destructum
869 5292 1366 5362 fuisset,utrisque
1379 5291 1824 5363 partibus,quod
1839 5291 2142 5364 proprium

487 5393 635 5454 erat,
669 5383 1104 5456 recipientibus,
1137 5380 1288 5435 hanc
1319 5378 1502 5435 solam
1549 5379 1874 5448 ecclesiam,
1922 5381 1993 5439 de
2025 5398 2142 5454 qua

488 5477 555 5529 ﬁt
579 5472 966 5546 querimonia,
987 5470 1297 5542 episcopus
1321 5466 1434 5524 sibi
1457 5469 1716 5536 retinuit,
1749 5486 1995 5543 eamque
2011 5488 2139 5526 mo-

489 5563 745 5618 nasterio
768 5549 1006 5614 reddere
1026 5557 1230 5612 noluit.
1256 5557 1496 5622 Quando
1514 5559 1692 5614 etiam
1717 5561 2140 5617 monasterium

489 5650 637 5708 illud
663 5647 930 5704 Ecclesiae
955 5647 1150 5703 Sancti
1174 5647 1347 5717 Petri,
1375 5646 1490 5713 cui,
1511 5646 1910 5722 licetindigni,
1939 5651 2138 5722 praesi-

491 5739 724 5810 demus,
757 5736 1130 5796 concessione
1179 5741 1282 5796 tua
1309 5735 1591 5796 traditum
1623 5744 1750 5810 est;
1785 5737 2012 5800 abbatis
2044 5757 2137 5812 ca-

2178 1955 2230 2022 B.

2249 669 2532 739 lebrabat,
2557 679 2614 726 et
2633 671 2916 744 quidquid
2943 672 3014 728 ad
3039 671 3368 728 animarum
3390 687 3590 738 curam
3621 670 3906 746 pertinet,

2251 758 2635 831 permissione
2658 760 3110 816 Mantuanorum
3123 759 3531 832 episcoporum
3545 759 3625 826 ibi
3640 761 3907 836 regebat.

2251 847 2535 904 Volumus
2565 847 2764 920 itaque
2787 854 2846 904 et
2866 847 3238 927 principimus
3263 851 3328 904 ut
3347 848 3776 905 monasterium
3801 866 3912 905 no-

2251 941 2464 1010 strum,
2497 938 2654 1010 quod
2711 953 2886 993 suum
2917 942 3060 1006 erat,
3120 952 3357 1014 quoque
3379 938 3513 1013 jure
3543 938 3809 1008 tenebat,
3844 955 3918 1000 ex

2251 1025 2478 1098 integro
2511 1025 2768 1098 recipiat,
2813 1025 3157 1100 nullamque
3185 1027 3476 1084 bonorum
3525 1043 3778 1083 suorum
3811 1027 3911 1083 di-

2252 1113 2638 1169 minutionem
2663 1113 2959 1171 ullomodo
2979 1116 3053 1172 de
3074 1115 3168 1170 his
3197 1131 3327 1190 quas
3355 1114 3592 1175 tenebat
3621 1114 3912 1188 patiatur.

2251 1203 2488 1274 Oportet
2507 1203 2762 1275 igiturut
2781 1205 2842 1263 in
2863 1204 3171 1278 praesentia
3192 1203 3496 1278 Regiensis
3527 1204 3820 1277 episcopi,
3853 1212 3917 1262 et

2251 1289 2499 1352 aliorum
2533 1292 2908 1364 prudentium
2939 1293 3216 1362 virorum,
3256 1293 3636 1352 Mautuanum
3670 1293 3914 1367 episco»

2255 1397 2394 1452 pum
2426 1381 2776 1436 conveniens
2807 1382 2978 1454 eique
3009 1381 3315 1454 praecipias
3347 1385 3411 1437 ut
3440 1397 3510 1437 ea
3536 1398 3666 1456 qua
3697 1399 3915 1454 mqua-

2255 1469 2413 1525 sterii
2446 1471 2684 1524 fuerunt
2712 1471 2824 1525 sibi
2875 1471 3145 1526 restituat
3174 1475 3230 1526 et
3260 1469 3376 1531 alia
3407 1469 3466 1526 in
3517 1487 3659 1548 pace
3707 1469 3917 1553 ipsum

2257 1557 2556 1630 possidere
2588 1562 2904 1632 permittat.

2913 1667 3242 1724 CCLXVIII.

2262 1755 2468 1810 Urbani
2514 1755 2562 1810 II
2598 1741 2826 1828 epistola
2872 1755 2944 1811 ad
2971 1756 3180 1812 clerum
3223 1756 3593 1828 populumque
3659 1755 3920 1824 Salerni}

2467 1835 2679 1881 tanum.
2708 1859 2772 1866 —
2803 1827 2910 1882 Pro
2942 1829 3296 1883 immunitate
3313 1827 3690 1894 ecclesiastica.

2737 1916 2919 1986 (Intra
2949 1933 3043 1971 an.
3078 1915 3437 1987 1088-1099.)

2713 2002 2948 2076 [MANSI,
2981 2003 3184 2066 Concit.
3208 2002 3276 2072 X,
3300 2003 3458 2074 660.]

2328 2107 2602 2165 Uaaasus
2624 2109 2952 2182 episcopus,
2973 2125 3176 2166 servus
3198 2125 3502 2168 servorum
3521 2107 3644 2178 Dei,
3676 2108 3920 2170 dilectis

2258 2195 2393 2251 ﬁliis
2425 2197 2576 2255 clero
2607 2203 2664 2260 et
2691 2196 2904 2270 populo
2927 2196 3294 2262 Salernitano
3325 2196 3576 2260 salutem
3606 2203 3922 2274 etapoato-

2257 2283 2430 2342 licam
2464 2286 2945 2342 benedictionem.
3633 2334 3640 2338 .

2329 2374 2656 2434 Lanzonem
2680 2374 3080 2447 presbyterum
3091 2374 3210 2447 ,qui
3235 2373 3540 2436 ecclesiam
3556 2375 3785 2440 Sanctae
3800 2375 3922 2440 Ma-

2258 2463 2356 2520 riae
2387 2480 2489 2536 per
2521 2480 2762 2524 manum
2792 2462 3003 2524 laicam
3031 2463 3514 2538 invasit,expulso
3542 2480 3609 2521 eo
3628 2465 3740 2545 qui
3763 2463 3915 2546 legi.-

2256 2553 2399 2610 time
2432 2551 2788 2626 possidebat,
2813 2553 3088 2610 noveritis
3104 2553 3400 2616 sententia
3417 2557 3616 2616 nostra
3638 2553 3921 2615 ofﬁciosi

2260 2641 2540 2698 beneﬁcio
2560 2641 2957 2699 interdictum.
2992 2641 3208 2698 Omnes
3223 2645 3498 2717 praeterea
3510 2641 3921 2722 quiecclesias

2257 2729 2346 2786 vel
2370 2729 2764 2788 ecclesiastica
2787 2729 3070 2788 beneﬁcia
3087 2734 3191 2786 aut
3209 2729 3601 2806 cappellanias
3613 2731 3756 2789 sine
3768 2733 3922 2808 epis-

2258 2819 2384 2892 copi
2410 2835 2696 2874 consensu
2719 2835 2820 2890 per
2843 2835 3080 2874 manum
3097 2819 3308 2882 laicam
3327 2819 3912 2890 obtinueringdonec

2255 2906 2618 2964 satisfaciant
2674 2924 2780 2964 suo
2837 2909 3130 2981 episcopo,
3185 2908 3510 2964 secundum
3560 2913 3910 2968 sanctorum

2257 3013 2548 3052 canonum
2579 2995 2916 3066 constituta,
2949 2997 3022 3053 ab
3051 2997 3243 3054 oﬂicio
3275 3001 3332 3054 et
3359 2997 3642 3054 beneﬁcio
3671 2997 3920 3055 interdi-

2257 3085 2466 3142 cimus.

2947 3175 3216 3232 CCLXIX.

2265 3265 2472 3322 Urbani
2507 3265 2558 3320 Π
2605 3265 2836 3332 epistola
2891 3265 2963 3322 ad
3013 3264 3302 3332 Godinum,
3361 3267 3666 3330 antistitas;
3725 3267 3915 3330 Urita-

2330 3353 2466 3391 num
2519 3367 2586 3377 —
2616 3335 2834 3408 Mandat
2877 3339 2936 3391 ut
2982 3335 3162 3395 sedem
3192 3338 3568 3408 episcopalem,
3601 3339 3660 3392 in
3718 3339 3916 3396 urbem

2334 3408 2518 3464 Uriam
2555 3407 2825 3478 quondam
2846 3407 3194 3475 translatam,
3217 3407 3520 3465 Brundisio
3548 3409 3680 3465 urbi
3693 3408 3913 3466 reddat.

2725 3497 2908 3568 (Intra
2957 3513 3052 3552 an.
3089 3497 3446 3570 10884099.)

2616 3584 2910 3657 [Ηω-ιειιι,
2933 3586 3096 3642 Italia
3111 3601 3288 3653 sacra,
3314 3585 3404 3656 IX,
3436 3585 3552 3656 30.]

2330 3691 2607 3748 Uaewus
2637 3691 2687 3748 Il
2717 3690 3256 3765 episcopus,servus
3287 3709 3593 3758 servorum,
3616 3691 3743 3762 Dei,
3773 3693 3918 3750 dile-

2257 3787 2350 3837 cto
2380 3780 2437 3836 in
2471 3780 2704 3837 Christo
2739 3781 2902 3836 fratri
2931 3781 3177 3842 Gonmo.
3210 3780 3916 3854 Oritano.antistiti,.salu-

2255 3874 2374 3926 tem
2408 3873 2466 3926 et
2489 3869 2870 3942 apostolicam
2899 3869 3388 3926 benedictionem.

2327 3959 2474 4024 Quia
2496 3958 2668 4015 nobis
2699 3959 2950 4018 virorum
2971 3957 3260 4016 veracium
3283 3958 3627 4028 assertione,
3649 3960 3752 4032 qui
3785 3977 3919 4024 rem.

2256 4046 2570 4120 diligenter.
2587 4047 3032 4123 investigarunt,
3064 4052 3429 4120 compertum
3447 4053 3538 4108 est
3565 4047 3908 4106 cathedram

2254 4140 2440 4204 tuam,
2464 4154 2590 4208 quae
2621 4153 2777 4192 nunc
2799 4137 2954 4210 apud
2973 4136 3284 4194 Oritanum
3309 4137 3696 4212 municipium
3725 4138 3910 4196 habe-

2255 4230 2371 4292 tur,
2403 4226 2557 4298 apud
2591 4225 2905 4293 Brundusii
2929 4226 3222 4284 civitatem
3247 4226 3573 4299 antiquitus
3588 4228 3911 4300 exstitisse,

2255 4320 2457 4387 postea
2486 4314 2715 4372 civitate
2743 4315 3006 4372 desolata
3037 4313 3093 4370 in
3117 4313 3496 4372 Orientanum
3517 4315 3910 4389 municipium

2254 4419 2382 4460 esse
2407 4403 3282 4475 translatam,nunc,miserante
3295 4403 3565 4475 Domino,
3588 4404 3907 4472 Brundusii

2255 4497 2345 4548 est
2375 4491 2576 4548 civitas
2609 4492 2900 4558 restituta,
2961 4484 3234 4557 volumus
3263 4495 3321 4550 et
3348 4493 3649 4565 praesentis
3680 4495 3904 4568 pagina

2255 4582 2598 4638 auctoritate
2627 4581 2928 4638 sancimus
2961 4585 3022 4637 ut
3051 4582 3319 4638 eamdem
3344 4581 3695 4654 episcopalis
3717 4583 3902 4663 cathel

2254 4669 2360 4724 dra
2403 4669 2799 4727 Brundusium
2833 4671 3140 4739 referatur,
3173 4686 3239 4726 eo
3288 4674 3486 4726 tenore
3516 4674 3580 4728 ut
3608 4671 3900 4735 Goﬁ‘ridus

2253 4757 2525 4832 egregius
2555 4775 2750 4818 comes
2809 4763 3007 4816 noster
3056 4757 3116 4815 in
3147 4758 3381 4820 Christo
3419 4759 3576 4817 ﬁlius
3606 4759 3898 4834 pollicitus

2251 4852 2361 4914 est,
2389 4852 2498 4904 etc.

2952 4939 3198 4995 CCLXX.

2255 5027 2462 5084 Urbani
2506 5026 2749 5100 epistola
2785 5027 2854 5083 ad
2913 5028 3141 5085 l’italem
3181 5028 3562 5100 presbyterum
3621 5027 3890 5099 [Bn'xien-

2319 5101 2474 5164 sem.]
2519 5094 2585 5138 '—
2618 5101 2686 5154 In
2715 5097 2984 5168 dignitate
3029 5094 3300 5155 servanda
3317 5094 3649 5155 S'imom'acis
3675 5103 3888 5156 miseri-

2320 5171 2508 5225 cordia
2535 5177 2707 5240 potest
2738 5171 3080 5242 impmdi,'si
3108 5187 3196 5228 eos
3223 5172 3338 5226 vita
3361 5170 3723 5227 commendat.

2732 5276 2912 5350 (Intra
2943 5294 3038 5334 an.
3076 5277 3408 5334 1088:1099.

2497 5363 2794 5436 [Gnarum
2828 5365 3055 5432 Decret,
3091 5365 3152 5420 C.
3187 5380 3225 5434 ι,
3258 5380 3358 5445 qu.
3390 5363 3446 5432 5,
3491 5380 3539 5421 c.
3572 5361 3654 5436 2:]

2325 5477 2432 5528 Eos
2485 5471 2587 5544 qui
2643 5469 2948 5528 ecclesiam
3003 5475 3290 5541 emerunt,
3352 5470 3404 5532 si
3463 5487 3716 5544 persona
3763 5471 3878 5540 tali:

2251 5562 2428 5618 fuerit
2455 5577 2632 5633 quam
2665 5561 2783 5618 vita
2812 5561 3203 5632 commendet,
3237 5559 3502 5622 videlicet
3545 5565 3614 5618 ut
3637 5559 3697 5615 in
3725 5577 3876 5620 cano

2247 5650 2384 5718 niis,
2417 5649 2504 5706 vel
2553 5649 2927 5706 monasteriis
2960 5649 3302 5724 regulariter
3320 5649 3502 5728 vivat,
3521 5649 3581 5705 in
3601 5647 3872 5707 suihono

2247 5740 2331 5802 ris
2362 5737 2575 5814 ofﬁcio,
2608 5738 3062 5800 misericorditer
3118 5738 3657 5812 condescendendo,
3718 5737 3870 5806 mini
