3958 6354
108 350 227 431 ⁵η

1280 355 1687 424 ΕΡᾹΒΤΟῙΛΕ
1728 346 1831 423 E'l‘
1870 344 2345 428 PRIVILEGIA.

3390 363 3510 437 830

110 494 299 549 strare
327 488 725 565 ceneedimus,
759 494 981 570 absque
1006 497 1201 552 tamen
1225 488 1561 552 sanctorum
1591 506 1760 550 cane-
1785 484 1841 562 Α
1870 496 2153 571 SpiritUm
2183 503 2475 567 sanctum,
2506 515 2622 574 quo
2640 498 3057 577 ipseindignus
3071 507 3195 562 erat
3210 503 3507 580 (quoniam

108 592 253 637 eum
286 582 642 656 praeiudicio.

794 668 1040 731 CCLXXI
1050 718 1061 731 .

105 758 185 816 Λᾶ
206 754 482 836 eumdem.
514 784 580 803 ——'
611 760 761 829 Filii,
789 765 872 819 vel
928 765 1061 834 ﬁlim
1090 768 1215 820 ante
1266 764 1351 820 vel
1373 771 1497 836 post
1537 777 1755 835 compa-

253 835 570 889 ternilatem
595 836 768 907 geniti
795 836 1040 905 legitime
1065 836 1329 907 conjungi
1351 835 1593 907 possunt.

588 923 774 995 (Intra
802 925 1280 995 au.1088-1899.)

312 1011 616 1079 [Gaul/cu.
649 1014 877 1080 Deerat,
908 1014 969 1069 C.
1002 1026 1137 1081 nx,-
1167 1028 1264 1085 qu.
1302 1012 1357 1078 3,
1388 1029 1440 1077 c,
1472 1006 1553 1085 4.]

169 1095 371 1174 Super
425 1101 642 1173 quibus
688 1102 944 1158 consulit
1004 1112 1113 1158 nos
1169 1106 1273 1156 tua
1330 1101 1586 1168 dilectio,
1647 1102 1757 1159 hoc

105 1190 337 1245 vier
369 1190 541 1246 nobis
591 1200 659 1247 ei
707 1192 1000 1247 sententia
1057 1191 1572 1263 respondendum;
1606 1196 1672 1247 ut
1700 1196 1759 1248 et

104 1279 444 1352 baptismus
455 1279 552 1348 sit,
587 1279 635 1336 si
650 1281 905 1336 instante
917 1280 1266 1336 necessitate
1280 1280 1496 1335 femina
1508 1295 1756 1352 puerum

108 1366 164 1422 in
191 1367 441 1423 nomine
466 1367 768 1423 Trinitatis
789 1367 1184 1439 baptizaverit,
1219 1371 1276 1423 et
1305 1368 1458 1439 quod
1481 1367 1756 1439 spiritua-

110 1454 252 1511 lium
283 1459 599 1528 parentum
632 1453 755 1524 filii,
788 1455 873 1511 vel
892 1455 1045 1526 ﬁliae,
1074 1460 1229 1520 ante,
1252 1454 1343 1511 vel
1374 1460 1506 1527 post
1529 1471 1759 1529 compa-

107 1544 446 1601 ternirtatem'
474 1545 652 1619 geniti
685 1550 932 1619 possunt
963 1544 1222 1617 legitime
1238 1546 1760 1619 conjungi,prmter

106 1633 267 1690 illam
299 1648 612 1707 personam
644 1651 747 1707 per
775 1651 950 1707 quam
983 1640 1311 1707 eompatres
1360 1640 1500 1691 sunt
1548 1628 1754 1692 effecti.

786 1740 1078 1798 CCLXXII.

1867 589 1934 643 ut
1963 587 2244 661 scriptum
2276 593 2383 644 est.
2418 589 2658 661 Spiritus
2684 593 2905 648 sanctus
2953 592 3264 666 disciplina?
3292 597 3511 669 eﬁ'ugiet

1866 676 2051 748 ﬁctum
2082 677 2233 749 [Sap.
2267 678 2351 750 1]),
2402 680 2501 734 sed
2545 678 2696 749 ideo,
2754 686 3041 752 quantum
3069 682 3127 738 in
3188 682 3315 757 ipso
3366 690 3509 753 erat,

1867 776 2061 821 emere
2091 766 2290 829 voluit,
2323 771 2389 822 ut
2418 784 2484 822 ex
2522 768 2852 826 venditione
2902 771 3204 844 signorum
3251 790 3379 845 qua
3412 792 3515 847 per

1867 855 2138 910 eumdem
2187 856 2401 912 flebant
2462 856 2910 930 multiplicatam
2972 861 3280 933 pecuniam
3334 880 3511 935 quam

1866 942 2158 999 obtulerat
2211 943 2556 1000 lucraretur.
2612 947 2728 1003 Nec
2786 949 3083 1021 apostolus
3129 952 3509 1023 emptionem.

1866 1032 2121 1104 Spiritus
2152 1033 2337 1089 sancti
2370 1049 2546 1106 quam
2573 1035 2719 1091 bene
2750 1041 2988 1093 noverat
3018 1037 3141 1093 fieri
3173 1056 3287 1095 non
3319 1054 3509 1112 posse,

1866 1122 1966 1177 sed
1983 1121 2363 1178 ambitionem
2377 1122 2513 1179 talis
2526 1128 2807 1196 quaestus,
2825 1125 2882 1181 id
2897 1130 2986 1181 est
3011 1127 3336 1195 avaritiam,
3357 1130 3512 1201 quod

1865 1213 1955 1266 est
1985 1209 2272 1266 idolorum
2301 1211 2569 1279 servitus,
2602 1212 2662 1268 in
2695 1215 2896 1270 eodem
2929 1216 3163 1273 Simone
3194 1218 3511 1288 exhorruit,

1864 1300 1921 1354 et
1951 1297 2377 1356 maledictionis
2401 1300 2601 1371 jaculo
2634 1302 2903 1374 perculit.

1935 1387 2214 1459 Quisquis
2243 1388 2439 1461 itaque
2472 1406 2563 1445 res
2594 1389 3025 1448 ecclesiasticas
3075 1410 3201 1465 quae
3233 1394 3332 1450 Dei
3364 1395 3518 1452 dona

1867 1480 2024 1544 sunt,
2058 1476 2335 1548 quoniam
2367 1492 2401 1532 a
2430 1478 2546 1533 Deo
2606 1477 2876 1535 ﬁdelibus
2908 1484 2965 1536 et
3022 1497 3055 1536 a
3081 1480 3352 1538 fidelibus
3403 1488 3515 1540 Deo

1867 1562 2179 1633 donantur,
2214 1582 2458 1638 quaeque
2490 1567 2563 1621 ab
2592 1567 2794 1623 eodem
2828 1569 3013 1641 gratis
3036 1570 3423 1642 accipiuntur,
3459 1576 3518 1627 et

1867 1652 1996 1709 ideo
2031 1653 2212 1726 gratis
2245 1654 2371 1709 dari
2421 1654 2654 1724 deb'ent,
2714 1660 2951 1730 propter
2980 1673 3087 1714 sua
3131 1657 3292 1715 lucra
3318 1660 3518 1716 vendit

1864 1740 1953 1798 vel
1984 1742 2145 1808 emit,
2178 1759 2310 1798 cum
2338 1742 2540 1799 eodem
2582 1744 2821 1801 Simone
2868 1746 3087 1801 donum
3118 1747 3217 1803 Dei
3268 1749 3517 1821 pecunia

107 1824 189 1886 ad
213 1827 954 1931 δειπνήσειαῐιζζξρέἑίζιηιι
984 1824 1477 1931 {flium
1522 1831 1758 1902 alicujus
1789 1854 1836 1931 Β
1867 1831 2151 1931 possideri
2182 1831 2496 1931 existimat.
2543 1832 2676 1889 Ideo
2721 1834 2821 1905 qui
2879 1835 3114 1890 easdem
3145 1851 3237 1892 res
3295 1853 3411 1893 non
3443 1839 3514 1893 ad

502 1904 561 1958 in
592 1900 918 1973 baptismate
946 1916 1053 1958 non
1081 1903 1365 1974 suscipiat.

588 1991 771 2059 (Intra
800 2000 895 2047 an.
932 1990 1279 2062 10884099.)

315 2080 609 2151 [Gnarum
646 2083 880 2143 Decret.,
913 2079 975 2135 C.
1010 2097 1139 2148 xxx,
1173 2094 1272 2151 qu.
1306 2080 1361 2150 ll,
1390 2090 1440 2134 e.
1474 2080 1553 2150 6.]

189 2186 351 2251 Quod
368 2185 725 2258 autemjuxor
753 2203 885 2242 eum
909 2185 1116 2241 marito
1131 2186 1187 2241 in
1215 2184 1565 2257 baptismate
1581 2183 1759 2241 simul

107 2284 226 2332 non
242 2275 452 2331 debeat
480 2275 776 2347 suscipere
791 2273 1229 2348 puerum,nulla
1253 2273 1593 2330 auctoritate
1604 2290 1762 2345 repe-

104 2362 265 2420 ritur
288 2357 788 2437 prohibitumSed
805 2368 869 2419 ut
884 2364 1107 2436 paritas
1121 2362 1443 2436 spiritualis
1456 2362 1762 2436 paternita-

100 2452 441 2509 tisab‘ouini
456 2451 655 2509 labe'et
681 2452 923 2509 infamia
948 2456 1325 2508 conservetur
1346 2451 1651 2519 immunis,
1672 2451 1759 2506 di-

102 2532 288 2617 gnum
302 2556 429 2599 esse
441 2536 809 2598 decernimus
823 2544 886 2597 ut
903 2543 1134 2614 utrique
1152 2539 1388 2596 insimul
1403 2540 1475 2595 ad
1490 2539 1596 2595 hoc
1610 2540 1760 2612 aspi-

104 2640 235 2687 rare
267 2629 509 2685 minime
539 2635 915 2702 praesumant.
948 2630 1097 2695 Quia
1124 2647 1257 2686 vero
1276 2628 1569 2702 piaculare
1596 2628 1756 2701 ﬂagi-

101 2720 253 2775 tium
313 2716 632 2789 commisit,
691 2718 793 2791 qui
851 2719 1084 2775 duabus
1133 2718 1556 2774 commatribus
1601 2716 1760 2773 velut

104 2808 339 2863 duabus
398 2807 696 2864 sororibus
755 2806 975 2880 nupsit,
1038 2820 1253 2880 magna
1298 2808 1469 2877 juxta
1515 2806 1755 2861 modum

103 2896 292 2970 culpae
313 2895 652 2970 pmnitentia
683 2895 796 2952 sibi
828 2896 1000 2952 debet
1029 2894 1277 2969 injungi.

762 2996 985 3058 CCLXX
996 3002 1070 3058 III
1079 3044 1091 3056 .

101 3093 188 3150 Ad
217 3094 466 3158 Lucium,
493 3093 845 3164 praepositum
873 3091 1063 3147 Sancti
1089 3092 1351 3147 Jurentii.
1375 3123 1442 3131 --
1477 3091 1547 3145 De
1577 3091 1757 3164 valere

178 3165 440 3236 baptismi
468 3163 814 3235 aliorumque
858 3166 1328 3219 sacramentorum
1359 3179 1393 3217 a
1440 3163 1754 3218 criminosis

174 3227 541 3292 sacerdotibus
571 3227 914 3292 callidorum.

602 3324 785 3395 (Intra
816 3338 910 3379 an.
950 3324 1299 3391 1088-1099.)

531 3413 764 3484 [Manen
800 3415 1005 3469 Concil.
1043 3413 1162 3476 XX,
1198 3410 1348 3484 660.]

168 3519 449 3576 Uanaaus
478 3518 809 3592 episcopus,
844 3534 1047 3576 servus
1064 3530 1363 3575 servorum
1396 3518 1520 3583 Dei,
1544 3517 1755 3573 dilecto

97 3608 224 3665 ﬁlio
257 3602 459 3674 Lucro,
494 3608 803 3680 praeposito
834 3607 1089 3664 ecclesia:
1108 3605 1303 3663 Sancti
1324 3606 1578 3663 Juventii
1599 3606 1754 3676 apud

95 3696 393 3763 Ticinum,
427 3696 673 3752 salutem
696 3701 764 3752 .et
794 3696 1174 3768 apostolicam
1198 3695 1681 3751 benedictionem.

172 3785 443 3842 Salvator
471 3784 734 3856 praedixit
761 3785 822 3840 in
855 3783 1160 3857 Evangelia
1193 3784 1346 3840 circa
1362 3782 1753 3839 ﬁnemsaaculi

98 3864 585 3950 pseudochristos
606 3878 663 3930 et
691 3873 1228 3947 pseudOprophetas
1257 3882 1517 3945 surgere,
1535 3876 1591 3928 et
1607 3871 1754 3926 mul-

99 3970 193 4020 t‘os
223 3964 522 4031 seducere,
555 3965 612 4018 et
632 3962 832 4019 ﬁdeles
849 3979 988 4020 suos
1016 3963 1075 4018 in
1108 3962 1329 4018 mundo
1352 3961 1567 4016 multas
1586 3960 1752 4015 habi-

99 4060 266 4110 turos
297 4062 646 4125 pressurae;
678 4052 778 4107 sed
812 4055 1007 4106 tamen
1042 4054 1243 4123 portas
1270 4049 1439 4105 inferi
1471 4050 1753 4106 adversus

100 4134 423 4198 Ecclesium
475 4155 588 4196 non
648 4140 1068 4213 praevalituras.
1133 4138 1303 4194 Proin
1360 4139 1516 4211 quia,
1568 4142 1634 4192 ut
1673 4137 1756 4193 ait

101 4229 419 4304 Apostolus
449 4231 498 4303 (l
525 4230 643 4286 Cor.
687 4231 789 4299 XI),
848 4231 1057 4301 oportet
1106 4228 1341 4286 haereses
1388 4243 1521 4294 esse,
1571 4228 1756 4300 utqui

100 4320 323 4393 probati
345 4323 475 4375 sunt
502 4320 784 4390 manifesti
827 4319 984 4389 ﬁant,
1034 4322 1261 4389 oportet
1291 4333 1396 4372 nos
1454 4332 1589 4372 cum
1621 4334 1753 4389 pro-

102 4402 282 4482 pheta
311 4422 378 4465 ex
407 4408 647 4469 adverso
703 4408 1040 4474 ascendere,
1086 4411 1143 4462 et
1170 4422 1405 4461 murum
1464 4420 1757 4477 opponere

103 4510 210 4571 pro
241 4498 417 4553 domo
448 4496 643 4565 Israel,
677 4500 734 4553 et
752 4511 885 4552 cum
913 4497 1116 4551 eodem
1140 4494 1401 4567 apostolo
1414 4509 1516 4566 per
1540 4494 1755 4550 multas

1871 1919 1979 1976 hoc
2009 1920 2080 1976 ad
2114 1921 2269 1992 quod
2299 1920 2582 1976 institutae
2615 1926 2773 1988 sunt,
2824 1924 2927 1979 sed
2958 1925 3029 1979 ad
3066 1925 3301 1996 propria
3331 1925 3513 1996 lucra,

1868 2025 2112 2064 munere
2144 2008 2376 2079 linguas,
2409 2008 2495 2065 vel
2525 2010 2766 2065 indebiti
2818 2012 3107 2084 obsequii,
3155 2013 3241 2070 vel
3274 2014 3519 2086 pecunia

1868 2097 2116 2170 largitur
2142 2097 2230 2152 vel
2261 2098 2623 2170 adipiscitur,
2657 2099 3026 2157 Simoniacus
3046 2098 3311 2167 est,'cum
3357 2104 3516 2177 prin-

1869 2186 2076 2259 cipalis
2102 2186 2347 2242 intentio
2377 2187 2633 2243 Simonis
2664 2188 2843 2244 fuerit
2870 2190 2996 2246 sola
3025 2191 3283 2262 pecuniae
3332 2193 3517 2249 avari-

1869 2274 1972 2340 tia,
2004 2275 2061 2329 id
2094 2279 2183 2331 est
2212 2275 2560 2338 idololatria,
2589 2281 2654 2331 ut
2685 2276 2765 2332 ait
2781 2278 3082 2349 apostolus
3101 2280 3338 2336 Paulu's.
3362 2281 3518 2337 Alio-

1868 2364 2013 2435 quin
2044 2380 2149 2420 eur
2180 2364 2437 2437 synodus
2468 2362 2961 2423 Chalcedonensis
2992 2373 3394 2425 sexcentarum
3417 2371 3518 2425 tri-

1866 2454 2031 2525 ginta
2078 2453 2485 2526 episcoporum
2535 2459 2968 2525 procuratorem
3028 2455 3116 2511 vel
3150 2457 3514 2513 defensorem

1867 2541 2154 2609 Ecclesiae,
2186 2540 2273 2596 vel
2307 2558 2663 2613 qnemquam
2709 2541 2922 2613 regula;
2971 2544 3321 2615 subjectum,
3372 2546 3514 2601 adeo

1868 2645 1970 2701 per
1997 2631 2300 2704 pecuniam
2335 2630 2588 2685 ordinari
2636 2631 2927 2703 prohibet,
2977 2634 3042 2687 ut
3092 2633 3513 2691 interventores

1867 2734 2100 2790 quoque
2129 2719 2277 2773 tanti
2309 2718 2544 2775 sceleris
2576 2719 3046 2789 anathematizet,
3072 2720 3183 2776 nisi
3216 2723 3367 2794 quod
3393 2736 3518 2779 eos-

1867 2806 1998 2862 dem
2030 2807 2395 2863 Simoniacos
2430 2808 2702 2879 judicet‘?
2729 2808 2894 2873 Quod
2927 2809 2976 2865 si
3024 2808 3249 2880 praefati
3293 2809 3512 2867 milites

1864 2895 2130 2951 Ecclesia
2162 2897 2234 2952 ob
2268 2896 2446 2967 hujus
2462 2896 2651 2953 scelus
2671 2897 2869 2952 taliter
2899 2897 3318 2969 percelluntur,
3343 2917 3515 2957 nemo

1865 2985 2103 3056 sapiens
2133 2986 2368 3059 negabit
2397 3002 2507 3041 non
2534 2985 2855 3042 militantes
2870 2987 3138 3043 Ecclesia:
3161 2987 3346 3045 multo
3360 2989 3519 3044 dam-

1865 3070 2116 3146 nabilius
2146 3074 2295 3130 hanc
2327 3074 2399 3130 ob
2429 3090 2689 3146 causam,
2715 3074 2772 3131 id
2805 3078 2896 3131 est
2910 3076 3260 3133 venditionis
3280 3077 3367 3134 vel
3389 3095 3517 3135 em-

1865 3162 2102 3234 ptionis,
2137 3163 2345 3219 debere
2376 3163 2628 3235 percelli.

1939 3246 2049 3306 Sed
2083 3256 2141 3306 et
2171 3253 2379 3307 beatus
2410 3252 2803 3324 praedecessor
2832 3257 3032 3309 noster
3059 3252 3356 3311 Paschalis
3403 3256 3516 3329 (51)

1865 3339 1938 3395 de
1969 3340 2428 3405 consecratione,
2463 3343 2519 3395 et
2550 3341 2621 3396 de
2672 3342 2849 3398 rebus
2882 3358 3010 3415 quae
3062 3345 3413 3415 proveniunt
3448 3362 3517 3402 ex

1866 3427 2183 3484 consecrati
2191 3429 2421 3496 one,al‘fi
2430 3433 2579 3483 rmat
2591 3429 2743 3501 quod
2760 3431 3030 3503 quisquis
3042 3432 3288 3488 alterum
3312 3449 3514 3490 eorum

1864 3517 2080 3582 vendit,
2116 3517 2240 3572 sine
2270 3534 2386 3589 quo
2416 3516 2665 3573 alterum
2700 3518 2913 3574 habere
2944 3537 3058 3575 non
3090 3526 3299 3591 potest,
3345 3528 3513 3578 neut-

1866 3621 1997 3660 rum
2030 3622 2141 3659 non
2159 3606 2458 3659 venditum
2475 3604 2850 3677 derelinquit.
2883 3609 2962 3663 Ac
2984 3624 3086 3679 per
3111 3608 3221 3663 hoc
3252 3626 3385 3664 eum
3412 3611 3513 3682 qui

1865 3710 1986 3749 rem
2022 3693 2285 3749 Ecclesiae
2317 3693 2517 3748 vendit
2533 3694 2617 3748 vel
2637 3694 2779 3749 emit
2795 3692 3191 3751 Simoniacum
3214 3696 3511 3770 intelligit;

1864 3784 1921 3838 in
1955 3782 2190 3837 nomine
2219 3799 2350 3837 vero
2384 3781 2781 3854 procuratoris
2802 3782 3328 3857 intelligitprael‘ata
3347 3803 3518 3859 syno-

1864 3872 1977 3928 dus
2007 3870 2326 3944 quemlibet
2356 3870 2892 3928 ecclesiasticarum
2925 3890 3116 3929 rerum
3138 3874 3515 3932 administra-

1862 3965 2069 4028 torem,
2102 3965 2169 4016 ut
2196 3976 2315 4016 ver.
2348 3977 2432 4032 gr.
2470 3961 2868 4033 praepositum,
2891 3980 3256 4033 cecononum,
3287 3964 3517 4022 vicedo-

1866 4050 2113 4106 minum:
2148 4048 2474 4105 defensoris
2506 4050 2743 4105 nomine
2774 4052 3123 4108 advocatum
3155 4052 3273 4109 sive
3303 4054 3514 4110 castel-

1864 4141 2029 4205 dum,
2057 4143 2114 4194 et
2135 4139 2420 4209 judicem:
2453 4139 2509 4193 in
2530 4139 2791 4210 subjecto
2822 4140 3036 4213 regulae
3054 4141 3517 4216 archipresbyte-

1865 4244 1993 4283 rum
2028 4227 2527 4291 archidiaconum,
2570 4228 2941 4296 canonicum,
2998 4230 3373 4297 monachum,
3426 4232 3515 4287 vel

1866 4316 2186 4389 quemlibet
2214 4315 2607 4372 ecclesiastico
2640 4318 3038 4390 mancipatum
3086 4319 3298 4375 ofﬁcio.
3353 4320 3516 4386 Quod

1863 4422 1997 4461 vero
2026 4404 2305 4476 Spiritum
2340 4409 2631 4469 sanctum,
2666 4410 2952 4477 quantum
2988 4408 3044 4462 in
3078 4424 3140 4463 se
3169 4414 3279 4473 est,
3308 4410 3521 4464 vendat

1865 4495 1952 4548 vel
1985 4499 2141 4549 emat
2158 4494 2254 4564 qui
2273 4493 2716 4565 praepositurum
2732 4494 2819 4549 vel
2839 4495 3179 4566 hujusmodi
3212 4497 3411 4552 vendit
3430 4498 3518 4551 vei

104 4585 521 4643 tribulationes
550 4585 767 4641 intrare
795 4584 855 4640 in
884 4600 1128 4657 regnum
1154 4582 1277 4649 Dei,
1310 4584 1465 4638 unde
1492 4600 1605 4639 non
1620 4587 1758 4639 sunt
1791 4595 1834 4660 θ
1866 4583 2030 4650 emit,
2065 4581 2198 4636 audi
2231 4581 2621 4651 Augustinum
2657 4598 2835 4653 super
2863 4583 3150 4638 Joannem
3179 4600 3191 4637 :
3243 4606 3271 4634 ‹‹
3303 4585 3346 4638 Ο
3377 4590 3521 4655 quot

103 4673 409 4748 condigna
453 4675 756 4746 passiones
815 4674 995 4746 hujus
1050 4673 1332 4744 temporis
1392 4673 1754 4728 adfuturam

105 4763 353 4836 gloriam
413 4778 540 4835 quae
599 4761 953 4818 revelabitur
1007 4762 1067 4816 in
1131 4761 1321 4817 nobis.
1385 4762 1566 4834 Igitur
1622 4762 1761 4833 quia

106 4850 416 4908 innotuisti
440 4851 613 4907 nobis
641 4852 797 4923 quod
828 4851 935 4907 tibi
967 4850 1259 4921 objicitur:
1293 4848 1760 4905 Utrumvendere

106 4940 564 4998 ecclesiasticam
580 4954 701 4996 rem
715 4938 1114 4996 Simoniacum
1126 4938 1269 4995 sit"b
1279 4953 1344 4993 oc
1358 4937 1579 4993 Simoni
1587 4954 1758 4995 acum

108 5043 253 5087 esse
295 5032 563 5102 patenter
612 5023 909 5103 colligitur
961 5046 1035 5085 ex
1075 5029 1186 5084 hoc
1245 5027 1398 5100 quod
1457 5026 1519 5082 B.
1553 5028 1759 5083 Petrus

109 5110 413 5191 apostolus
457 5116 540 5174 ait
593 5117 858 5174 Simoni:
916 5119 1158 5174 Pecunia
1214 5125 1311 5173 tua
1367 5120 1542 5171 tecum
1587 5118 1662 5171 sit
1699 5118 1761 5171 in

104 5202 492 5280 perditionem,
552 5210 683 5278 quia
737 5208 1063 5263 existimasti
1117 5207 1321 5262 donum
1376 5206 1473 5261 Dei
1526 5208 1762 5276 pecunia

108 5294 379 5367 possideri
407 5296 543 5367 (Act.
574 5296 720 5368 vm).
754 5296 983 5352 Donum
1014 5295 1232 5367 quippe
1262 5293 1361 5350 Dei
1394 5297 1483 5349 est
1503 5292 1759 5366 Spiritus

110 5388 373 5452 sanctus;
406 5387 463 5440 et
491 5384 709 5441 donum
734 5384 834 5441 Dei
857 5388 948 5440 est
967 5384 1256 5456 resipsius
1270 5382 1526 5439 ecclesia:
1542 5381 1758 5449 oblata,

110 5473 260 5530 Etsi
291 5474 445 5530 bene
496 5472 769 5540 advertis,
828 5474 1028 5531 Simon
1089 5472 1314 5545 Magus,
1366 5471 1466 5544 qui
1504 5470 1636 5527 ficte
1686 5472 1759 5527 ad

113 5562 291 5620 ﬁdem
343 5563 610 5631 accessit,
688 5580 803 5619 non
860 5563 1142 5636 Spiritum
1200 5565 1470 5620 sanctum
1528 5564 1764 5633 propter

183 5653 298 5726 (51)
328 5651 633 5711 Paschalis
663 5652 911 5724 primus.

1869 4671 2165 4742 proposita
2196 4669 2487 4724 fecerunt!
2522 4669 2782 4724 Alterum
2807 4670 3361 4741 propositumhahet
3382 4672 3517 4726 Car-

1868 4758 2106 4830 thagine
2138 4758 2488 4824 Primianus,
2524 4756 2772 4812 alterum
2795 4757 2971 4813 habet
3001 4759 3407 4825 Maximianus,
3442 4760 3521 4815 al~

1869 4854 2057 4904 terum
2087 4848 2264 4902 habet
2294 4846 2353 4901 in
2388 4846 2739 4902 Mauritania
2794 4847 3076 4920 Rogatus,
3134 4847 3381 4903 alterum
3414 4848 3519 4903 ha-

1869 4939 2008 4992 bent
2035 4937 2095 4991 in
2128 4935 2410 4991 Numidia
2439 4935 2521 4990 illi
2549 4941 2606 4991 et
2635 4935 2718 4990 illi
2750 4952 2897 5009 quos
2919 4937 3046 5007 jam
3079 4954 3186 4993 nec
3215 4938 3519 4994 nominare

1870 5026 2221 5083 sufficimus.
2240 5024 2520 5079 Circumit
2544 5040 2678 5097 ergo
2709 5024 2920 5098 aliquis
2933 5042 3124 5083 emere
3153 5026 3520 5082 columbam?

1870 5114 2283 5188 unusquisque
2295 5114 2657 5185 prepositum
2675 5131 2850 5171 suum
2865 5115 3066 5172 laudat
3089 5117 3245 5188 quod
3264 5117 3518 5182 vendit,»

1869 5211 1976 5261 etc.

1940 5296 2085 5351 Ecce
2109 5290 2459 5349 venerabilis
2486 5293 2850 5365 Augustinus
2883 5294 2953 5350 de
2984 5295 3377 5368 praepositum?
3404 5295 3524 5351 dis-

1871 5383 2156 5440 tractione
2189 5396 2389 5453 agens,
2446 5380 2506 5436 in
2538 5382 2775 5437 nomine
2828 5384 3114 5440 columba:
3173 5384 3361 5439 sancti
3393 5383 3525 5454 Spi-

1871 5474 2018 5529 ritus
2039 5471 2432 5527 venditionem
2462 5469 2550 5524 vel
2605 5472 2959 5543 emptionem
3010 5473 3239 5546 aecipit,
3292 5472 3444 5527 sicut
3469 5475 3527 5526 et

1870 5578 2076 5619 omnes
2106 5561 2288 5633 hujus
2340 5559 2654 5633 evangelici
2712 5561 2951 5634 capituli
2983 5567 3341 5619 tractatores.
3378 5560 3523 5615 Pen-
