3958 6398
131 419 252 487 833

1308 416 1715 490 EPISTULA;
1756 418 1859 487 ET
1901 422 2367 489 PRIVILEGIA.

3419 370 3566 482 534”

134 584 163 659 ᾖ
182 548 617 657 Δ’,τιψιιθεηεθιίοο
649 557 768 617 sive
799 555 1174 618 schismatico
1197 558 1594 616 ecclesiastico
1617 574 1779 616 more
1808 560 1861 627 Α
1893 559 2203 632 iniquitate
2225 562 2555 635 cognoscat,
2589 562 2765 634 atque
2794 574 2830 618 a
2870 552 3271 617 sacratissimo
3302 570 3539 631 corpore

204 636 486 722 "mii‘atum
543 652 734 705 ratum
785 665 951 719 esse;
984 653 1042 706 et
1089 649 1316 717 merito,
1367 649 1506 722 quia
1560 647 1675 705 alia
1718 649 1778 703 in

118 714 447 808 1xi'qiitismo,
476 740 533 792 et
553 735 668 791 alia
687 736 746 792 in
771 737 1016 810 reliquis
1040 736 1422 794 sacramentis
1443 737 1780 794 considera-

126 823 209 879 tio
239 830 356 880 est:
382 825 598 898 quippe
633 843 769 882 cum
817 829 874 882 et
902 828 1105 882 ordine
1145 826 1303 899 prior
1333 830 1388 881 et
1418 827 1781 881 necessarior

129 913 245 981 sit;
276 915 470 971 subito
496 915 653 971 enim
676 916 962 972 morituro
992 916 1159 988 prius
1190 915 1565 987 baptismate,
1600 932 1778 988 quam

127 1001 416 1059 Dominici
440 1003 696 1074 corporis
710 1005 1118 1061 communione
1131 1004 1219 1061 vel
1245 1004 1378 1060 aliis
1397 1003 1779 1060 sacramentis

127 1090 472 1148 consulitur.
507 1093 576 1147 Et
604 1093 746 1149 dum
776 1095 927 1149 forte
957 1092 1283 1149 catholicus
1312 1111 1429 1148 non
1458 1092 1774 1158 invenitur,

130 1179 319 1236 satius
339 1184 429 1236 est
470 1181 542 1236 ab
573 1180 845 1237 heretico
890 1181 1171 1255 baptismi
1210 1185 1645 1237 sacramentum
1676 1198 1776 1237 su-

132 1284 289 1325 mere
317 1287 495 1343 quam
527 1269 587 1325 in
634 1274 917 1327 aeternum
967 1270 1175 1345 perire.
1228 1272 1297 1326 Et
1345 1270 1496 1326 hanc
1547 1274 1776 1327 senten-

132 1357 273 1413 tiam
305 1359 776 1431 praescriptorum
808 1360 1151 1433 pontiﬁcum
1183 1358 1776 1431 Cornelii,Stephani,

127 1450 186 1502 et
238 1446 571 1519 Augustini,
621 1449 806 1505 secuti
861 1453 1000 1505 sunt
1054 1448 1445 1513 Innocentius,
1509 1447 1777 1512 Siricius,

130 1535 263 1603 Leo,
296 1536 642 1592 Anastasius
685 1542 743 1593 et
800 1554 1051 1611 magnus
1106 1537 1446 1609 Gregorius,
1480 1541 1539 1592 et
1585 1536 1780 1592 omnis

127 1622 388 1680 Ecclesia
440 1623 745 1681 catholica.
806 1627 877 1682 Et
922 1626 1200 1699 quoniam
1258 1625 1588 1698 epistolaris
1648 1626 1778 1680 bre-

128 1712 280 1785 vitas
336 1713 657 1786 propositis
715 1714 822 1770 tibi
881 1715 1310 1787 quaestionibus
1357 1714 1605 1769 fortasse
1663 1730 1779 1769 non

129 1801 371 1867 sufﬁcit,
410 1803 750 1858 eorumdem
809 1804 1200 1860 temeritatem
1260 1803 1334 1858 ad
1384 1804 1582 1858 sedem
1642 1819 1778 1874 apo-

130 1888 399 1947 stolicam
448 1887 855 1954 instruendam
908 1892 1094 1961 mitte,
1141 1896 1263 1960 aut,
1307 1894 1477 1964 juxta
1532 1895 1780 1964 Aposto-

129 1979 278 2050 lum,
308 1979 479 2035 veluti
505 1996 661 2039 sana
703 1981 965 2037 doctrinae.
1008 1982 1385 2037 adversarium
1430 1990 1550 2052 post
1591 1997 1780 2036 secun-

132 2067 258 2123 dam
298 2070 349 2123 et
407 2070 627 2125 tertiam
680 2072 1074 2142 correptionem
1127 2070 1310 2126 devita
1366 2070 1487 2142 (Tit.
1536 2070 1641 2142 In).
1692 2071 1780 2125 Tu

132 2173 263 2212 vero
294 2161 418 2212 esto
448 2156 639 2214 ﬁdelis
672 2175 859 2230 usque
890 2159 961 2215 ad
995 2162 1263 2226 mortem,
1297 2162 1363 2214 ut
1388 2158 1674 2231 percipias
1695 2175 1782 2214 co-

136 2262 340 2302 ronam
371 2246 522 2302 vitae.

206 2336 349 2390 Data
380 2336 593 2391 Romae.

796 2450 1121 2508 CCLXXIV.

137 2539 386 2612 Urbanus
414 2539 657 2612 ecclesia?
684 2539 737 2594 S.
774 2541 1076 2604 Trinitatis,
1108 2543 1168 2597 in
1217 2542 1329 2596 loco
1364 2542 1459 2612 qui
1482 2543 1626 2598 Pons
1657 2539 1782 2597 Gui-

200 2611 374 2666 m’zeli
411 2611 636 2682 dicitur,
666 2613 961 2682 privilegia
1009 2614 1267 2676 instituit,
1301 2611 1385 2668 ea
1425 2614 1541 2681 lege
1592 2621 1651 2668 ut
1679 2614 1783 2668 cle-

203 2683 307 2736 rici
334 2703 366 2755 ν‹‹
397 2681 813 2755 Mediolanensis
845 2681 1068 2739 moneta:
1115 2701 1366 2739 nummos
1407 2701 1503 2739 sex
1551 2692 1784 2755 quatuor

202 2754 367 2808 annis
394 2754 755 2809 Lateraneusi
776 2756 990 2826 palatio
1016 2756 1349 2827 persolvant.
1390 2778 1417 2805 ››

614 2842 798 2912 (Intra
828 2859 921 2898 an.
960 2843 1312 2915 l088-l099.)

349 2929 707 3002 [Memnona
741 2931 861 2987 Rer.
898 2932 1021 2987 Ital.
1066 2932 1284 3004 Script,
1316 2936 1388 3000 V,
1421 2932 1567 3003 479.)

152 3110 161 3115 4
208 3046 487 3103 UaBANUS
517 3046 847 3119 episcopus,
883 3064 1084 3105 servus
1115 3065 1415 3104 servorum
1446 3048 1783 3115 Dei,dilecto

138 3134 258 3191 ﬁlio
294 3139 605 3203 LIPRANDO,
640 3139 749 3191 etc.

204 3223 538 3280 Statuimus
569 3223 870 3280 ecclesiam
905 3224 1067 3280 illam
1100 3242 1231 3281 cum
1269 3225 1561 3298 praediolo,
1590 3226 1646 3280 in
1667 3243 1783 3297 quo

132 3312 382 3369 fundata
408 3317 500 3368 est
533 3355 545 3367 .

129 3400 418 3474 largiente
439 3400 651 3458 collata
679 3402 916 3468 fuerint,
950 3403 1021 3458 ab
1055 3404 1217 3459 omni
1257 3404 1522 3460 saeculari
1550 3403 1784 3476 opposi-

128 3491 291 3546 tione
312 3490 573 3562 quietam
597 3494 873 3564 perpetuo
902 3508 1160 3557 manere,
1180 3496 1237 3546 et
1263 3492 1527 3547 liberam.
1551 3492 1785 3547 Clericis

128 3596 266 3636 vero
313 3579 394 3634 ibi
441 3579 683 3635 victuris
738 3579 965 3635 vivendi
1015 3580 1361 3652 regulariter
1408 3582 1785 3636 concedimus

133 3668 495 3736 facultatem,
528 3684 745 3741 eosque
776 3669 1147 3725 decernimus
1178 3674 1296 3725 tam
1334 3669 1599 3742 proprias
1631 3670 1785 3725 ordi-

137 3757 427 3823 nationes,
462 3774 639 3829 quam
672 3757 946 3813 altarium
980 3762 1036 3814 et
1074 3757 1453 3814 ecclesiarum
1485 3774 1787 3813 consecra-

134 3846 349 3913 tiones,
383 3851 844 3923 caeterorumque
881 3848 1036 3902 dona
1064 3852 1564 3903 sacramentorum
1615 3864 1649 3902 a
1678 3848 1790 3903 Me-

142 3933 471 3990 diolanensi
508 3933 943 4007 archiepiscopo
995 3935 1314 4007 suscipere,
1347 3935 1395 3992 si
1429 3935 1665 4008 quidem
1697 3952 1789 3990 ca-

138 4021 397 4078 tholicus
432 4022 691 4089 fuerit,et
711 4024 1183 4080 communionem
1209 4041 1274 4079 ac
1296 4024 1538 4097 gratiam
1568 4028 1793 4097 aposto-

136 4112 265 4167 licae
288 4111 446 4167 sedis
471 4111 759 4182 habuerit,
794 4118 850 4168 et
879 4112 928 4169 si
960 4129 1028 4169 ea
1058 4112 1242 4186 gratis
1274 4118 1330 4168 et
1362 4130 1476 4168 non
1511 4112 1794 4185 pravitate

136 4199 484 4267 indulserit,
520 4200 665 4256 alias
695 4206 889 4257 autem
940 4201 1192 4257 liberum
1235 4202 1320 4257 eis
1376 4200 1686 4257 arbitrium
1720 4202 1797 4257 sit

136 4292 510 4345 sacramenta
533 4290 735 4345 eadem
760 4290 1058 4363 suscipere
1080 4308 1113 4346 a
1136 4306 1489 4363 quocunque
1507 4289 1797 4345 voluerint

138 4377 430 4433 catholico
461 4378 752 4451 episcopo.
788 4379 1167 4435 Decernimus
1205 4396 1341 4451 ergo
1374 4383 1438 4434 ut
1469 4395 1656 4450 neque
1688 4379 1799 4434 Me-

140 4466 469 4522 diolanensi
530 4466 988 4540 archiepiscopo,
1014 4484 1204 4538 neque
1255 4466 1427 4523 alicui
1475 4467 1797 4523 viventium

143 4554 322 4610 liceat
347 4544 613 4610 eamdem
658 4554 988 4620 ecclesiam,
1023 4561 1079 4609 et
1136 4556 1344 4611 fratres
1376 4556 1475 4628 qui
1535 4555 1654 4611 illic
1684 4556 1799 4611 Deo

142 4642 476 4705 servierint,
507 4644 768 4715 quolibet
790 4643 1116 4699 occasionis
1144 4645 1290 4716 jugo
1313 4644 1660 4716 deprimere,
1696 4649 1798 4699 aut
1835 4666 1877 4730 ο

143 4732 305 4787 bona
333 4747 534 4787 eorum
566 4732 891 4789 distrahere
922 4738 978 4788 et
995 4732 1119 4787 suis
1143 4733 1350 4788 usibus
1372 4732 1685 4805 applicare,
1709 4732 1798 4787 vel

141 4819 480 4876 temerariis
495 4821 898 4877 vexationibus
924 4822 1185 4894 fatigare,
1217 4821 1316 4876 sed
1349 4822 1549 4877 omnia
1576 4821 1802 4893 integre

144 4912 570 4964 conserventur
590 4909 772 4978 vobis,
807 4914 863 4965 et
894 4910 1336 4967 successoribus
1377 4896 1583 4966 vestris
1613 4911 1800 4965 omni-

146 4995 345 5051 modis
362 4996 690 5068 profutura,
726 4998 886 5053 salva
914 4999 1179 5069 ejusdem
1226 4996 1679 5054 Mediolanensis
1710 5016 1801 5053 ar-

144 5078 507 5157 chiepiscopi
531 5085 813 5142 catholica
832 5088 1170 5143 reverentia.
1187 5087 1271 5142 Ad
1308 5086 1591 5142 indicium
1610 5092 1805 5143 autem

144 5173 335 5245 hujus
352 5174 983 5246 perceptaelibertatisa
1012 5177 1276 5233 Romana
1300 5175 1558 5231 Ecclesia
1588 5176 1805 5231 Medio-

148 5260 419 5318 lanensis
451 5268 694 5319 monetae
726 5283 1004 5322 nummos
1034 5282 1139 5321 sex
1171 5270 1421 5337 quatuor
1449 5264 1620 5319 annis
1642 5266 1807 5321 Late-

152 5350 395 5406 ranensi
420 5350 635 5423 palatio
688 5353 1105 5425 persolveritis.
1142 5354 1198 5409 Si
1234 5372 1351 5425 qua
1380 5352 1560 5426 igitur
1588 5353 1647 5408 in
1679 5371 1809 5409 cra-

152 5437 385 5494 stinum
444 5438 842 5498 ecclesiastica
897 5443 1263 5499 saecularisve
1316 5459 1583 5515 persona,
1629 5442 1810 5514 hujus

153 5527 376 5583 decreti
407 5526 683 5600 paginam
716 5531 930 5597 sciens,
960 5535 1162 5587 contra
1193 5547 1323 5586 eam
1367 5535 1585 5586 temere
1616 5532 1812 5587 venire

152 5616 494 5686 tentaverit,
527 5618 834 5689 potestatis
879 5620 1235 5692 honorisque
1283 5619 1566 5691 dignitate
1597 5624 1810 5687 careat,

593 3354 605 3367 .
652 3354 664 3368 .
696 3312 784 3368 vel
816 3330 919 3385 per
939 3313 1084 3369 alios
1120 3314 1322 3371 ﬁdeles
1372 3314 1488 3371 illic
1535 3315 1781 3371 Domino
1812 3298 1856 3363 (ἶ

1885 652 1944 705 et
1987 650 2274 723 sanguine
2318 649 2529 707 Christi
2561 650 2662 706 Dei
2714 667 2779 706 ac
2841 648 3069 705 Domini
3135 644 3539 719 Redemptoris

1887 739 2071 794 nostri
2126 742 2267 794 Jesu
2322 738 2540 794 Christi
2618 738 2811 794 aliena
2867 739 2991 805 fiat,
3047 740 3104 792 et
3164 737 3223 791 in
3282 739 3539 792 extremo

1887 828 2150 884 examine
2175 827 2450 884 districta:
2474 827 2683 883 ultioni
2727 828 3047 898 subjaceat.
3074 824 3310 881 Cunctis
3343 827 3539 880 autem

1887 916 2077 972 eidem
2109 916 2234 971 loco
2256 917 2423 987 justa
2445 916 2834 973 servientibus
2865 915 2942 972 sit
2962 932 3074 988 pax
3096 913 3324 970 Domini
3350 912 3541 970 nostri

1887 1005 2026 1062 Jesu
2058 1004 2293 1070 Christi,
2319 1010 2609 1078 quatenus
2636 1009 2693 1060 et
2721 1000 2819 1060 bic
2852 1004 3076 1060 fruetus
3098 1004 3263 1058 bonae
3295 1000 3541 1057 actionis

1887 1094 2232 1167 percipiant,
2265 1099 2322 1151 et
2377 1095 2531 1166 apud
2590 1094 2931 1151 districtum
2974 1092 3237 1165 judisem
3294 1090 3542 1163 praemia

1889 1187 2114 1239 aeternae
2158 1183 2319 1255 pacis
2349 1182 2669 1238 inveniant.
2693 1187 2899 1239 Amen.

2564 1299 2861 1355 CCLXXV.

1891 1388 2138 1446 Urbanus
2161 1404 2311 1459 papa
2360 1390 2417 1443 in
2480 1388 2711 1459 epistola
2747 1387 2817 1442 ad
2864 1388 3133 1459 populum
3180 1385 3233 1440 S.
3275 1384 3542 1440 Vincentii

2285 1458 2663 1515 Vulturnensis
2685 1460 2853 1529 juxta
2882 1458 3140 1529 Capuam.

2360 1548 2538 1620 (Intra
2569 1564 2662 1603 an.
2699 1534 3077 1617 10884099)

2308 1637 2542 1709 [ΜΑΝ81,
2577 1636 2780 1691 Concil.
2816 1636 2934 1704 XX,
2964 1635 3118 1706 714.)

1958 1727 2017 1782 Si
2048 1725 2294 1782 adulteri
2323 1725 2408 1781 vel
2432 1723 2576 1781 alias
2598 1724 2899 1780 criminosi
2924 1722 3127 1778 haeresi
3144 1721 3233 1777 vel
3255 1721 3538 1778 schisma-

1887 1820 1966 1883 te,
1986 1816 2045 1871 id
2070 1820 2158 1872 est
2175 1815 2513 1888 praecisione
2532 1814 2621 1870 vel
2643 1812 3009 1886 depositione
3034 1812 3112 1867 ab
3132 1810 3392 1867 Ecclesia
3421 1827 3536 1865 non

1813 1930 1860 1996 Β
1890 1907 2633 1979 separantur,sacramenta
2654 1919 2857 1958 eorum
2872 1904 3077 1959 saneta
3089 1917 3203 1956 non
3227 1914 3536 1972 negamus,

1892 1994 1975 2050 sic
1997 1993 2393 2067 Augustinum
2413 1992 2851 2065 sequentes;sed
2879 1990 3334 2062 praedecessores
3354 1986 3540 2043 nostri

1891 2083 2205 2157 Gregorius
2221 2087 2276 2139 et
2295 2081 2568 2139 Nicolaus
2582 2099 2614 2137 a
2632 2081 2832 2136 missis
2846 2079 3054 2135 talium
3079 2078 3372 2134 abstinere
3396 2094 3541 2149 prae-

1890 2176 2192 2246 ceperunt,
2223 2177 2289 2227 ut
2311 2171 2419 2226 hoc
2450 2175 2669 2227 terrore
2698 2174 2757 2226 et
2801 2168 3077 2241 peccandi
3108 2167 3404 2222 licentiam
3435 2181 3539 2220 caa-

1889 2263 2031 2318 teris
2062 2262 2375 2327 auferrent,
2403 2264 2460 2314 et
2489 2260 2649 2331 ipsos
2680 2260 2892 2314 rubore
2912 2257 3007 2313 sui
3063 2259 3441 2328 contemptus
3467 2254 3539 2309 ad

1890 2351 2071 2424 digna
2100 2347 2453 2422 poenitentiae
2482 2347 2742 2404 lamenta
2766 2349 3123 2402 revocarent.

1962 2442 2026 2495 Et
2050 2447 2169 2511 post
2195 2437 2467 2493 modicum
2490 2454 2509 2490 :
2542 2435 2811 2508 Proprias
2840 2434 3062 2489 habent
3083 2432 3536 2489 criminosorum

1892 2531 2259 2587 sacramenta
2276 2525 2507 2581 virtutis
2530 2523 2938 2595 dignitates,ut
2951 2522 3157 2577 beatus
3173 2519 3537 2592 Augustinus

1891 2634 2068 2690 super
2094 2617 2377 2672 Joannem
2401 2616 2601 2668 contra
2624 2610 2959 2666 Donatistae
2980 2609 3081 2677 ait;
3102 2608 3202 2665 sed
3225 2607 3537 2681 agentibus

1890 2711 1948 2763 et
1966 2702 2424 2777 suscipientibus
2445 2702 2645 2757 eadem
2669 2702 3036 2756 sacramenta
3066 2701 3268 2753 contra
3313 2698 3539 2752 sancto-

1892 2812 2021 2851 rum
2049 2792 2391 2866 pontiﬁcum
2426 2789 2715 2854 instituta,
2743 2787 2855 2844 nisi
2891 2788 3035 2843 forte
3066 2786 3190 2843 sola
3229 2788 3414 2841 morte
3443 2784 3537 2839 in-

1890 2883 2483 2952 terveniente,utpote
2513 2896 2584 2934 ne
2614 2878 2740 2934 sine
2769 2876 3122 2949 baptismate
3154 2874 3245 2931 vel
3275 2890 3537 2930 commu-

1892 2974 2066 3030 nione
2092 2970 2358 3045 quilibet,
2381 2967 2655 3024 humanis
2678 2967 2854 3022 rebus
2875 2966 3131 3030 excedat,
3155 2964 3240 3020 eis
3272 2963 3536 3036 inquam,

1890 3062 1949 3117 in
1980 3064 2206 3116 tantum
2241 3059 2478 3123 obsunt,
2504 3060 2569 3111 ut
2599 3055 2714 3111 veri
2746 3053 3063 3111 idololatraa
3096 3053 3379 3121 sint,cum
3410 3051 3538 3106 tali-

1892 3153 2003 3206 bus
2034 3154 2090 3205 et
2117 3146 2574 3212 ordinationum,
2609 3149 2666 3201 et
2695 3146 3199 3200 sacramentorum
3231 3139 3539 3209 confectio,

1893 3244 1950 3297 et
1980 3238 2147 3295 aliter
2175 3253 2350 3309 quam
2394 3234 2763 3308 praemissum
2814 3231 3129 3303 susceptio,
3163 3229 3542 3285 vehementer

1894 3347 1929 3386 a
1958 3327 2141 3385 sacris
2172 3325 2479 3382 ordinibus
2510 3322 2949 3395 prohibeantur.
3211 3381 3218 3388 ,

1963 3419 2097 3473 Item
2120 3422 2240 3487 post
2264 3428 2440 3485 pauca
2461 3430 2480 3466 :
2512 3412 2641 3466 Haec
2673 3411 2744 3465 de
2760 3409 2931 3465 malis
2946 3407 3249 3465 catholicis
3266 3406 3368 3479 qui
3389 3406 3542 3461 intra

1892 3504 2209 3562 Ecclesiam
2240 3506 2398 3557 sunt.
2423 3504 2701 3555 Caeterum
2735 3496 3246 3553 schismaticorum
3280 3499 3338 3550 et
3366 3495 3543 3549 lucre-

1895 3595 2142 3651 ticorum
2164 3592 2533 3646 sacramenta
2554 3586 2832 3659 quoniam
2855 3591 3018 3641 extra
3041 3584 3377 3653 sunt,juxta
3406 3600 3540 3638 sau-

1895 3688 2122 3740 ctorum
2156 3681 2393 3736 Patrum
2442 3676 2809 3742 traditiones,
2863 3673 3079 3745 Pelagii
3126 3670 3367 3739 scilicet,
3401 3672 3539 3727 Gre-

1897 3770 2066 3845 gorii,
2099 3767 2386 3841 Cypriani,
2420 3761 3119 3838 Augustini,Hieronymi,
3142 3761 3388 3816 formam
3412 3759 3542 3830 qui-

1898 3861 2033 3916 dem
2066 3860 2585 3919 sacramentorum,
2619 3871 2735 3909 non
2768 3856 2962 3908 autem
3001 3849 3238 3906 virtutis
3272 3848 3544 3904 ell‘ectum

1900 3948 2114 4004 habere
2144 3946 2505 4018 profitemur,
2539 3942 2652 3999 nisi
2679 3958 2814 3998 cum
2848 3941 2960 4013 ipsi
3004 3937 3089 3996 vel
3123 3954 3326 3995 eorum
3359 3951 3549 3993 sacra-

1901 4037 2116 4093 mentis
2144 4034 2357 4090 initiati
2389 4050 2492 4105 per
2512 4048 2725 4088 manus
2768 4030 3204 4103 impositionem
3236 4028 3308 4083 ad
3360 4026 3552 4083 catho-

1905 4126 2077 4181 licam
2108 4123 2406 4179 veritatem
2440 4119 2738 4177 redierint.

2561 4235 2893 4293 CCLXXVI.

1910 4332 2158 4389 Urbanus
2188 4331 2237 4384 11
2278 4328 2555 4400 permittit
2604 4333 2663 4400 ut
2694 4324 2953 4400 Jorztani
2997 4324 3268 4400 principis
3299 4321 3439 4400 ﬁlia,
3472 4321 3556 4374 in-

1974 4402 2191 4474 fantuta
2225 4396 2523 4474 Rgiinaldo,
2546 4397 2732 4474 Rodeti
2759 4398 2898 4474 ﬁlio,
2933 4396 3124 4474 inuitis
3173 4401 3348 4474 matre
3377 4396 3439 4447 et
3458 4408 3556 4463 pa-

1979 4466 2209 4537 rentela,
2240 4471 2583 4541 desponsata,
2615 4470 2719 4523 alii
2748 4466 2865 4523 uiro
2894 4470 3127 4537 nuptum
3155 4466 3329 4521 detur.

2380 4557 2563 4629 (Intra
2594 4574 2687 4610 an.
2723 4555 3083 4625 10884099.)

2098 4650 2395 4719 [numam
2430 4647 2660 4708 Decret.,
2697 4644 2756 4699 [ἶ.
2792 4659 2947 4708 xxxx,
2978 4660 3078 4714 qu.
3112 4644 3168 4707 5,
3202 4659 3251 4696 c.
3294 4642 3367 4710 1.]

1979 4739 2034 4793 Si
2097 4753 2295 4791 verum
2351 4751 2480 4789 esse
2536 4730 2883 4799 constiterit,
2941 4732 3096 4802 quod
3156 4728 3326 4784 nobis
3370 4725 3559 4797 .legati

1908 4825 2183 4882 Jordanis
2216 4822 2498 4895 principis
2545 4821 2887 4885 retulerunt,
2921 4819 3165 4885 scilicet,
3226 4816 3382 4889 quod
3438 4814 3563 4886 ipse

1913 4920 2150 4971 coactus
2173 4919 2228 4968 et
2244 4912 2448 4969 dolens
2471 4911 2651 4966 tiliam
2673 4926 2843 4966 suam
2864 4906 3217 4964 infantulam
3242 4904 3562 4969 nolentem,

1916 5004 2234 5067 ﬂentem,et
2263 5018 2366 5073 pro
2396 5000 2620 5055 viribus
2653 4997 3019 5063 renitentem,
3045 5013 3161 5051 non
3196 4992 3568 5050 assentienti-

1914 5094 2048 5161 bus,
2082 5091 2183 5146 sed
2207 5088 2372 5145 valde
2403 5086 2740 5143 dolentibus
2766 5090 2950 5141 matre
2967 5090 3024 5141 et
3070 5081 3391 5157 parentela,
3418 5081 3565 5152 Ray-

1915 5177 2317 5247 naldo,Rodcli
2343 5172 3241 5247 fi|io,desponsaverit;quonium
3274 5186 3567 5226 canonum

1918 5275 1973 5325 et
2000 5270 2195 5342 legum
2230 5265 2545 5323 auctoritas
2577 5263 2718 5319 talia
2756 5264 3057 5337 sponsalia
3084 5265 3171 5336 (ut
3200 5261 3353 5317 infra
3382 5262 3572 5314 osten-

1918 5360 2099 5427 ditur)
2160 5374 2272 5412 non
2335 5354 2636 5426 approbat,
2697 5370 2769 5409 ne
2826 5352 3238 5426 ignorantibus
3297 5350 3454 5421 leges
3514 5350 3572 5401 et

1920 5463 2191 5513 canones,
2226 5444 2405 5499 nimis
2462 5442 2703 5509 durum,
2755 5443 2910 5513 quod
2969 5442 3244 5506 dicimus,
3278 5438 3568 5502 videatur,

1918 5537 2004 5592 ita
2034 5533 2384 5593 sententiam
2442 5534 2863 5602 temperamus,
2900 5536 2965 5585 ut
3000 5531 3050 5586 si
3112 5529 3382 5602 princeps
3437 5539 3572 5578 cum

1923 5625 2075 5691 tiliae,
2110 5622 2339 5689 matris,
2363 5623 2421 5677 et
2452 5619 2760 5692 parentela:
2783 5619 3114 5687 assensu,id
3142 5616 3295 5689 quod
3319 5616 3572 5683 coeptum

157 5719 447 5776 reamque
477 5722 539 5764 se
570 5707 769 5765 divino
796 5708 1015 5779 judicio
1064 5709 1308 5765 existere
1365 5709 1437 5764 de
1484 5713 1815 5782 perpetrata
1922 5720 2030 5783 est,
2084 5713 2357 5787 perficere
2415 5708 2680 5776 voluerit,
2743 5709 3155 5765 concedamus.
3215 5704 3316 5761 Sin
3377 5705 3573 5756 autem
