3958 6352
1641 361 1725 427 Β.
1766 361 2066 430 URBANI
2107 359 2162 428 ῙῙ
2205 362 2460 426 ΡΛΡιΕ.

353 491 584 568 legatus
614 495 812 553 noster
843 496 1123 569 utrasque
1169 500 1366 570 partes
1413 497 1650 567 audiat;
1681 501 1738 553 et
1767 496 1816 553 si
1849 495 1994 554 nihil
2021 495 2080 564 Α
2107 498 2318 552 sanctae
2377 499 2596 560 exorta,
2637 494 2738 552 sed
2787 495 3080 550 crescente
3128 486 3386 548 Ecclesia
3429 488 3560 563 jam
3606 503 3762 562 pene

355 581 532 668 fuerit
559 597 628 638 ex
656 586 821 655 parte
864 585 1187 657 supradicti
1231 585 1499 641 Rainaldi
1541 584 1815 658 amplius,
1839 585 1997 658 quod

352 668 656 751 impediat,
689 671 762 727 ab
790 671 917 744 ipso
945 672 1200 728 Jordane
1244 677 1701 742 sacramentum,
1731 674 1886 747 quod
1915 675 2000 730 ita

351 761 622 816 constent
645 757 794 828 haec,
829 761 894 814 ut
921 759 1077 816 dicta
1101 764 1262 830 sunt,
1293 761 1580 834 accipiat;
1614 766 1670 817 et
1699 779 1805 818 nos
1834 778 2000 817 cano-

355 847 500 903 num
531 863 598 902 ac
613 845 820 920 legum
851 847 999 904 scita
1043 853 1376 922 sequentes,
1409 849 1686 922 deinceps
1717 867 1834 906 non
1864 867 1996 922 pro-

353 930 646 1004 hibemus,
679 934 824 1008 quin
872 935 972 992 alii
1001 937 1124 994 viro
1173 938 1223 994 si
1269 936 1535 1006 voluerit,
1571 938 1848 1011 praedicta
1880 937 2000 994 ﬁlia

352 1022 482 1095 ejus
509 1023 716 1106 nubat,
747 1027 984 1082 tantum
1015 1023 1076 1082 in
1105 1026 1374 1082 Domino.

610 1113 614 1120 ’
1003 1114 1352 1171 CCLXXVII.

779 1202 944 1259 Aliud
981 1202 1188 1260 Urbani
1214 1204 1265 1260 ΙΙ
1291 1203 1584 1260 decretum.

834 1291 1015 1364 (Intra
1044 1309 1138 1348 an.
1175 1293 1530 1363 1088-1099.)

537 1377 837 1450 [Gnarum
870 1382 1173 1449 Decretum,
1207 1381 1268 1437 Ο.
1299 1398 1416 1452 xux,
1449 1385 1626 1454 qu.2,
1662 1398 1712 1437 c.
1744 1383 1823 1453 3.]

431 1463 640 1522 Nullus
668 1468 980 1542 episcopus
1010 1467 1251 1526 clericos
1282 1487 1441 1536 suos,
1468 1470 1582 1526 nisi
1615 1471 2003 1543 forte,quibus

357 1553 886 1612 ecclesiasticarum
917 1574 1114 1614 rerum
1145 1558 1504 1631 dispensatio
1535 1559 1852 1616 commissa
1880 1559 2005 1615 fus.

360 1641 457 1711 rit,
489 1641 602 1700 sibi
622 1643 826 1715 jurarc
854 1647 1190 1720 compellat.

992 1735 1268 1792 CCLXXV
1277 1736 1370 1792 ΙΙΙ.

777 1824 944 1880 Aliud
977 1825 1187 1882 Urbani
1209 1825 1260 1881 II
1286 1825 1576 1881 decretum.

841 1913 1024 1984 (Intra
1055 1930 1150 1970 an.
1187 1913 1534 1984 1088-4099.)

791 2001 1024 2073 [Manen
1057 2003 1258 2060 Concil.
1291 2002 1406 2071 XX,
1433 2001 1582 2070 744.]

438 2088 711 2146 Urbanus
739 2107 892 2164 papa
919 2091 1236 2160 secundus,
1259 2095 1417 2158 Duae,
1445 2091 1821 2166 inquit,leges
1847 2096 2008 2163 sunt,

367 2195 487 2235 una
513 2177 767 2251 publica,
799 2178 984 2237 altera
1011 2181 1235 2254 privata
1261 2200 1274 2251 ;
1308 2181 1543 2256 publica
1580 2180 1670 2238 lex
1698 2186 1787 2238 est
1817 2199 1948 2256 quae
1975 2201 2010 2238 ει

367 2267 587 2325 sanctis
618 2267 888 2325 Patribus
919 2269 1138 2342 scripta
1164 2274 1254 2328 est
1296 2271 1546 2339 firmata,
1573 2267 1647 2326 'ut
1675 2275 1766 2327 est
1793 2271 1884 2328 lex
1914 2289 2009 2328 ca-

366 2373 747 2430 nonum,quae
775 2357 1014 2430 quidem
1035 2363 1272 2432 propter
1285 2362 1752 2432 transgressores
1774 2365 1863 2417 est
1891 2365 2010 2417 tra-

367 2445 670 2515 dita;verbi
691 2446 1201 2520 gratia,decretum
1215 2453 1305 2505 est
1319 2447 1380 2503 in
1397 2449 1721 2505 canonibus
1734 2449 2008 2506 clericum

367 2549 482 2592 non
513 2535 724 2592 debere
753 2536 827 2592 de
869 2551 977 2592 suo
1020 2537 1362 2611 episcOpatu
1397 2537 1470 2593 ad
1513 2536 1696 2594 alium
1736 2539 2008 2606 transire,

367 2621 482 2681 nisi
511 2625 959 2682 commendatiis
989 2625 1200 2682 litteris
1249 2626 1506 2698 episcopi
1555 2627 1669 2692 sui,
1701 2627 1857 2698 quod
1886 2645 2015 2700 pro-

367 2715 496 2786 pter
511 2709 857 2770 criminosos
894 2715 980 2770 sic
1005 2717 1292 2771 statutum
1323 2717 1432 2782 est,
1459 2731 1562 2770 nec
1587 2714 1853 2772 videlicet
1869 2715 2014 2772 infa-

369 2802 580 2860 mesab
601 2801 794 2874 aliquo
815 2803 1090 2876 episcopo
1124 2803 1525 2876 suscipiantur
1546 2819 1825 2875 personae.
1855 2803 2013 2860 Sole-

369 2891 515 2948 bant
533 2889 724 2948 ofﬁcia
769 2908 878 2948 sua
917 2908 1051 2948 cum
1085 2908 1203 2947 non
1246 2894 1515 2964 poterant
1563 2891 1621 2946 in
1647 2909 1775 2964 suo,
1810 2893 1868 2948 in
1899 2893 2016 2966 epi-

371 2981 616 3052 scopatu
653 2977 834 3035 altero
877 2977 1190 3043 celebrare,
1224 2977 1380 3049 quod
1421 2978 1555 3050 jure
1603 2979 1925 3051 praeceptis,
1959 2982 2017 3035 et

373 3065 610 3140 scriptis
638 3067 989 3124 detestatum
1023 3069 1134 3122 est.
1166 3065 1278 3120 Lex
1302 3080 1436 3120 vero
1463 3063 1706 3137 privata,
1740 3066 1895 3138 quod
1926 3066 2014 3122 in-

371 3155 656 3214 stinctum
683 3158 774 3212 est
793 3156 981 3212 sancti
1005 3153 1345 3228 Spiritus,in
1368 3153 1538 3210 corde
1559 3154 2015 3224 scribitur,sicut

371 3245 443 3302 de
462 3241 818 3317 quibusdam
839 3243 981 3301 dicit
1000 3243 1437 3318 Apostolus,qui
1461 3241 1678 3300 habent
1698 3243 1885 3318 legem
1909 3245 2011 3300 Dei
2044 3231 2086 3297 C

369 3333 726 3408 scriptamin
747 3333 1022 3392 cordibus
1043 3333 1190 3402 suis,
1211 3336 1268 3389 et
1297 3332 1408 3388 sibi
1441 3332 1626 3406 etipsi
1655 3333 1842 3390 sancti
1875 3338 2013 3390 sunt

365 3421 544 3480 lex.Si
575 3421 709 3496 quis
739 3422 950 3479 horum
981 3421 1040 3477 in
1072 3419 1325 3477 Ecclesia
1343 3437 1452 3476 sua
1481 3420 1589 3476 sub
1608 3419 1880 3493 episcopo
1905 3437 2012 3476 suo

365 3511 670 3585 proprium
701 3511 930 3583 retinet,
961 3515 1020 3568 et
1076 3508 1432 3567 sarculariter
1486 3499 1643 3578 vivit,
1677 3509 1726 3565 si
1775 3509 2012 3566 afﬂante

365 3593 587 3675 Spiritu
617 3603 818 3659 sancto
848 3601 909 3658 in
941 3599 1136 3672 aliquo
1169 3597 1526 3654 monasterio
1575 3615 1638 3654 se
1669 3597 1890 3654 salvere
1920 3615 2013 3654 vo-

363 3689 558 3760 luerit,
591 3691 732 3764 quia
759 3689 886 3764 lege
917 3690 1141 3763 privata
1178 3687 1432 3755 ducitur,
1466 3686 1629 3742 nulla
1659 3686 1804 3743 ratio
1834 3687 2013 3760 exigit

363 3783 430 3835 ut
459 3779 529 3836 ad
552 3777 791 3852 publica
819 3778 1184 3850 constringat
1204 3779 1294 3849 [f.,
1320 3780 1440 3832 uta
1465 3774 1698 3848 publica
1728 3775 2011 3832 constrin-

364 3867 594 3943 gatur];
625 3866 857 3940 dignior
883 3869 972 3924 est
1000 3867 1157 3922 enim
1191 3866 1414 3939 privata
1437 3863 1528 3919 lex
1553 3881 1730 3936 quam
1752 3863 2006 3936 publica.

365 3954 619 4030 Spiritus
665 3953 902 4028 quidem
951 3955 1050 4012 Dei
1097 3955 1188 4011 lex
1219 3957 1328 4024 est,
1390 3956 1448 4008 et
1500 3952 1599 4024 qui
1657 3952 1876 4024 Spiritu
1908 3951 2008 4008 Dei

367 4047 644 4119 aguntur,
677 4043 805 4119 lege
827 4044 931 4102 Dei
963 4044 1284 4102 ducuntur.
1317 4043 1387 4098 Et
1418 4040 1552 4114 quis
1577 4045 1665 4096 est
1695 4041 1793 4113 qui
1827 4042 2014 4114 possit

363 4133 604 4207 Spiritui
638 4139 842 4192 sancto
870 4133 1045 4206 digne
1091 4131 1360 4188 resistere
1380 4131 1406 4185 ?
1437 4129 1718 4202 Quisquis
1739 4147 1874 4203 ergo
1899 4131 2010 4188 hoc

364 4222 591 4296 Spiritu
617 4223 872 4291 ducitur,
905 4227 963 4278 et
990 4221 1260 4294 episcopo
1293 4236 1400 4275 suo
1435 4219 1886 4288 contradicente,
1915 4225 2011 4277 eat

363 4311 514 4369 liber
541 4313 742 4368 nostra
769 4311 1168 4368 auctoritate.J
1178 4311 1308 4364 usto
1340 4309 1496 4364 enim
1527 4305 1621 4363 lex
1651 4325 1763 4364 non
1795 4315 1884 4366 est
1913 4327 2009 4382 po-

363 4401 563 4469 sita,et
593 4398 691 4456 ubi
721 4399 972 4472 Spiritus
1003 4397 1236 4454 Domini
1269 4396 1348 4452 ibi
1380 4396 1640 4466 libertas,
1659 4402 1716 4454 et
1743 4399 1790 4454 si
1823 4399 2006 4472 Spiri-

364 4493 429 4547 tu
460 4487 564 4546 Dei
593 4486 902 4558 ducimini,
934 4504 1050 4544 non
1079 4486 1222 4544 estis
1254 4486 1364 4542 sub
1393 4486 1540 4559 lege.

1019 4593 1348 4651 CCLXXlX.

365 4687 613 4746 Urbanus
641 4685 694 4742 ιι
729 4685 1011 4741 canonicis
1053 4683 1405 4754 regularibus
1451 4683 1775 4754 quibusdam
1813 4687 2006 4742 scribit

585 4756 651 4814 de
677 4757 1068 4814 canonicorum
1096 4755 1392 4826 disciplina
1422 4755 1777 4812 restituenda.

833 4843 1015 4919 (Intra
1045 4861 1140 4902 an.
1174 4844 1530 4916 1088-1099.)

783 4934 1016 5010 [Mstn
1051 4933 1256 4992 Concil.
1288 4934 1400 5005 XX,
1431 4935 1586 5006 712.]

427 5025 668 5098 Oportet
697 5041 804 5082 nos
862 5024 984 5098 qui,
1017 5023 1153 5082 licet
1197 5024 1444 5099 indigni,
1478 5022 1628 5080 Petri
1679 5023 2004 5079 residamus

353 5115 414 5171 in
447 5114 594 5183 loco,
629 5131 808 5188 prava
851 5115 1160 5189 corrigere,
1192 5118 1348 5171 recta
1376 5115 1630 5181 firmare,
1665 5118 1722 5168 et
1753 5113 1811 5168 in
1844 5112 2001 5168 omni

353 5202 614 5262 Ecclesia
645 5203 956 5260 arbitrium
979 5203 1200 5276 judicis
1229 5205 1364 5276 ejus
1406 5201 1700 5275 judicium
1735 5205 2002 5258 nostrum

352 5292 611 5367 prodeat,
645 5293 795 5350 oculi
827 5293 1008 5350 nostri
1060 5293 1297 5350 videant
1343 5289 1699 5364 aequitatem.
1733 5290 2003 5362 Omnipo-

350 5383 495 5439 tenti
526 5398 662 5466 ergo
692 5383 832 5450 Deo,
853 5383 1024 5456 cujus
1045 5383 1254 5439 melior
1282 5385 1371 5438 est
1403 5378 1810 5436 misericordia
1826 5396 2004 5452 super

349 5471 520 5543 vitas,
551 5465 771 5546 gratias
803 5473 1066 5546 agimus:
1099 5473 1255 5545 quod
1286 5487 1387 5526 vos
1431 5467 1576 5525 estis
1629 5465 1728 5541 qui
1771 5473 1998 5526 sancto-

353 5579 484 5618 rum
516 5561 751 5617 Patrum
777 5561 949 5617 vitam
976 5559 1337 5634 probabilem
1377 5557 1672 5614 renovatis
1697 5562 1752 5613 et
1773 5561 2002 5630 aposto-

355 5651 466 5707 lica
519 5649 788 5708 instituta
843 5649 1167 5724 disciplinae
1227 5649 1284 5703 in
1343 5646 1678 5720 primordiis
1727 5647 1998 5706 Ecclesia

2106 584 2327 642 delecta
2378 585 2660 642 instinctu
2717 583 2905 640 sancti
2961 581 3214 654 Spiritus
3263 577 3586 636 suscitatis.
3619 578 3805 636 Duae.

2106 673 2262 729 enim
2285 674 2356 728 ab
2384 671 2652 728 Ecclesiae
2675 676 2891 728 sanctae
2911 669 3248 744 primordiis
3293 667 3423 724 vitae
3460 668 3590 742 ejus
3621 666 3764 724 filiis

2107 765 2246 819 sunt
2274 761 2580 828 institutae,
2611 779 2750 828 una,
2777 777 2894 832 qua
2921 760 3292 814 infirmorum
3315 755 3590 814 debilitas
3621 756 3761 812 reti-

2111 854 2314 907 netur:
2351 849 2556 918 altera,
2589 866 2708 922 qua
2737 849 3045 905 fortiorum
3090 847 3276 904 virtus
3335 846 3503 902 beata
3532 846 3765 919 perﬁci-

2107 943 2224 994 tur.
2258 938 2385 994 Una
2415 955 2724 995 remanens
2775 939 2835 993 in
2888 938 3070 1010 Segor
3125 933 3390 1008 parvula,
3445 933 3632 990 altera
3687 933 3764 990 ad

2109 1028 2328 1085 montis
2359 1027 2564 1084 altiora
2593 1027 3014 1084 conscendens.
3051 1025 3181 1082 Una
3202 1022 3481 1096 lacrymis
3523 1026 3583 1080 et
3609 1022 3764 1082 elec-

2111 1116 2373 1190 mosynis
2403 1116 2748 1188 quotidiana
2775 1119 3015 1189 peccata
3041 1113 3374 1182 redimens;
3407 1111 3588 1168 altera
3617 1129 3764 1185 quo-

2110 1205 2334 1262 tidiana
2356 1204 2638 1262 instantia
2659 1206 2868 1261 merita
2887 1208 3104 1260 aeterna
3115 1200 3762 1274 conquirens.Alteram

2105 1298 2376 1361 tenentes
2395 1292 3010 1363 inferiorem,terrenis
3031 1291 3202 1349 bonis
3219 1295 3490 1358 utuntur,
3513 1289 3761 1348 alteram

2112 1386 2424 1456 sequentes
2445 1383 3046 1456 superiorem,bonam
3076 1386 3295 1438 terram
3325 1379 3660 1458 despiciunt
3688 1395 3757 1435 ac

2112 1471 2472 1544 relinquunt.
2507 1471 2637 1530 Haec
2667 1476 2866 1528 autem
2897 1488 3026 1544 qua:
3073 1487 3108 1526 a
3153 1469 3404 1526 terrenis
3432 1467 3764 1533 divertitur,

2111 1559 2172 1616 in
2201 1561 2348 1616 duas
2378 1577 2526 1632 pene
2549 1559 2726 1618 unius
2753 1561 3136 1632 ejusdemque
3158 1557 3454 1630 praepositi
3481 1555 3766 1613 dividitur

2114 1649 2432 1722 portiones,
2467 1649 2883 1705 canonicorum
2934 1648 3156 1704 scilicet
3203 1651 3260 1703 et
3314 1645 3761 1702 monachorum.

2113 1738 2333 1794 Harum
2372 1738 2631 1795 secunda
2676 1754 2780 1810 per
2825 1737 3083 1793 divinam
3133 1734 3599 1792 misericordiam
3653 1733 3765 1790 fre-

2039 1867 2089 1932 B
2116 1830 2394 1898 quentata
2424 1825 2568 1882 satis
2594 1827 2716 1898 jam
2746 1825 2958 1882 saeculo
2987 1825 3290 1932 univ'erso_
3310 1821 3522 1880 elucet.
3568 1821 3768 1878 Prima

2116 1931 2250 1971 vero
2282 1914 2680 1972 decalescente
2727 1915 2948 1971 fervore
2999 1911 3260 1970 ﬁdelium
3303 1913 3432 1984 jam
3463 1927 3611 1984 pene
3637 1927 3763 1967 om-

2118 2004 2258 2060 nino
2290 2005 2550 2061 deﬂuxit.
2584 2005 2744 2060 Hanc
2794 2009 3018 2076 martyr
3070 2007 3128 2059 et
3184 2000 3446 2074 pontifex
3494 1999 3769 2056 Urbanus

2115 2092 2394 2150 instituit.
2422 2097 2582 2149 Hanc
2610 2093 2978 2166 Augustinus
3011 2091 3136 2148 suis
3183 2089 3404 2164 regulis
3452 2087 3766 2146 ordinavit.

2116 2182 2276 2238 Hanc
2297 2182 2612 2254 Gregorius
2635 2181 2962 2255 Augustino
2981 2179 3306 2254 Anglorum
3327 2177 3769 2250 archiepiscopo

2117 2269 2537 2326 instituendam
2586 2270 2877 2344 prmeepit.
2927 2272 3126 2342 Itaque
3173 2285 3290 2324 non
3335 2267 3583 2324 minoris
3613 2266 3768 2324 aesti-

2117 2360 2401 2415 mandum
2433 2364 2523 2415 est
2552 2359 2769 2424 meriti,
2819 2359 2970 2415 hanc
3023 2358 3202 2414 vitam
3262 2356 3532 2413 Ecclesia).
3565 2355 3770 2429 primi-

2115 2447 2245 2503 tivae
2276 2447 2572 2520 aspirante
2603 2465 2670 2505 ac
2702 2451 3088 2522 prosequente
3118 2445 3350 2503 Domini
3383 2445 3604 2518 Spiritu
3635 2461 3769 2502 sus-

2118 2535 2314 2605 citare,
2349 2553 2527 2610 quam
2576 2538 2879 2594 ﬂorentem
2938 2535 3364 2592 monachorum
3423 2533 3768 2607 religionem

2117 2625 2382 2698 ejusdem
2405 2625 2659 2699 Spiritus
2688 2624 3119 2697 perseverantia
3149 2622 3466 2680 custodire.

2785 2731 3086 2787 CCLXXX.

2125 2821 2329 2880 Urbani
2355 2821 2608 2903 epistola“
2623 2821 2693 2876 ad
2735 2819 3087 2903 limandum;
3128 2819 3456 2903 Moletanum
3501 2816 3771 2903 archiepi:

2190 2891 2710 3045 sisset-12932;:
2722 2889 3773 3045 ista.-,tgrzssmreegg

2190 3033 2381 3106 scapus
2415 3033 2876 3105 Compostellanus
2921 3034 3159 3090 vinculis
3205 3033 3770 3106 solutus,psuo_resti-

2190 3104 2378 3161 tuetur
2399 3104 2597 3177 ofﬁcio.
2618 3110 2834 3162 Maneat
2850 3107 2943 3161 cui
2969 3105 3419 3161 committendam
3442 3104 3771 3172 legationem

2193 3181 2368 3250 putet.

2602 3248 2784 3318 (Intra
2810 3264 2905 3303 an.
2947 3245 3287 3318 1096-1099.)

2539 3336 2772 3408 [MANSI,
2807 3335 3010 3392 Concil.
3047 3334 3160 3401 XX,
3191 3333 3344 3407 697.]

2189 3426 2430 3497 Semper
2459 3429 2513 3480 te
2545 3440 2865 3480 memorem
2895 3439 3024 3480 esse
3055 3426 3283 3496 oportet
3337 3421 3763 3479 benedictionis

2116 3519 2174 3571 et
2202 3514 2421 3588 gratiae,
2453 3511 2906 3584 excellentisque
2959 3510 3326 3568 liberalitatis
3358 3528 3535 3584 quam
3567 3528 3602 3566 a
3627 3511 3766 3567 sede

2117 3603 2440 3676 apostolica
2461 3601 2759 3674 accepisti;
2795 3618 3028 3674 semper
3042 3605 3097 3657 te
3119 3599 3322 3672 quanti
3343 3616 3513 3673 geras
3534 3599 3765 3656 culmen

2117 3693 2382 3761 ofﬁcii,et
2421 3692 2594 3748 rebus
2639 3690 2982 3758 ostendere;
3011 3689 3200 3745 rivum
3223 3694 3278 3746 te
3333 3706 3368 3744 a
3427 3688 3584 3744 fonte
3615 3687 3764 3744 Petri

2117 3780 2364 3853 apostoli
2393 3779 2789 3846 descendisse,
2821 3782 2878 3836 et
2925 3779 3225 3834 ﬂammam
3279 3793 3454 3850 quam
3508 3776 3580 3833 ab
3610 3775 3766 3850 ignis

2118 3871 2247 3942 ejus
2287 3869 2516 3925 camino
2563 3871 2896 3941 susceptam
2927 3868 3106 3934 foves,
3167 3883 3398 3939 semper
3453 3865 3514 3922 in
3559 3864 3768 3923 altiora

2119 3959 2458 4032 producere.
2487 3958 2652 4013 Nunc
2683 3957 2969 4030 przecipue
2995 3957 3418 4012 fraternitatem
3442 3961 3607 4011 tuam
3639 3972 3764 4010 am-

2119 4047 2361 4120 pliorem
2397 4047 2728 4120 principum
2761 4047 2914 4102 Petri
2955 4050 3012 4102 et
3059 4045 3222 4102 Pauli
3270 4043 3642 4117 disciplinam
3673 4043 3766 4099 in-

2117 4140 2363 4206 struere,
2397 4136 2600 4208 tuique
2630 4134 2808 4190 officii
2839 4139 3065 4207 Oportet
3109 4134 3381 4190 exhibere
3413 4149 3760 4189 censuram:

2115 4242 2270 4281 nunc
2301 4224 2755 4298 praecipue,cum
2786 4223 2985 4280 nullus
3017 4223 3074 4278 in
3097 4224 3308 4279 vestris
3340 4222 3608 4294 partibus
3633 4239 3767 4294 apo-

2115 4314 2329 4372 stolica:
2348 4315 2506 4370 sedis
2534 4313 2764 4385 legatus
2806 4312 3022 4368 existit.
3055 4312 3301 4368 Ricardo
3332 4311 3487 4368 enim
3521 4309 3766 4385 legatio-

2115 4421 2271 4472 nem,
2303 4420 2480 4476 quam
2512 4402 2795 4458 hactenus
2827 4401 3053 4468 habuit,
3101 4399 3540 4474 denegavimus,
3574 4415 3766 4472 neque

2115 4492 2482 4565 aliicuipiam
2505 4497 2828 4548 vestrarum
2848 4490 3105 4564 partium
3127 4489 3479 4562 legationem
3503 4487 3766 4560 injunxi-

2037 4602 2085 4668 Β
2115 4585 2352 4638 mus.Te
2382 4580 2578 4654 igitur,
2605 4584 2669 4636 ut
2697 4579 3047 4652 prudentem
3079 4595 3146 4634 ac
3177 4576 3518 4668 religiosum
3546 4577 3764 4646 virum,

2114 4669 2428 4726 hurtamur
2455 4673 2512 4725 et
2541 4669 2920 4726 obsecramus
2949 4667 3010 4724 in
3057 4666 3304 4724 Domino
3354 4672 3419 4723 ut
3449 4683 3578 4740 qua
3609 4665 3769 4724 dicta

2115 4762 2255 4816 sunt
2301 4756 2562 4814 studiose
2609 4773 2898 4826 exerceas,
2930 4757 3115 4813 bonos
3170 4756 3230 4812 in
3290 4755 3502 4812 melius
3559 4772 3761 4824 acuas,

2116 4864 2324 4921 pravos
2344 4845 2625 4920 corrigas,
2645 4850 2702 4904 et
2729 4846 3072 4902 canonicam
3103 4846 3162 4902 in
3193 4845 3469 4901 omnibus
3499 4843 3762 4916 discipli-

2115 4954 2252 4993 nam
2285 4937 2356 4992 ad
2409 4937 2681 4992 Romana:
2725 4933 2991 4992 Ecclesiw
3033 4933 3282 5007 gloriam
3345 4933 3552 5006 tuique
3578 4932 3764 4990 studii

2115 5025 2460 5092 mercedem,
2517 5025 2803 5080 ferventer
2859 5027 2916 5080 et
2987 5023 3387 5079 indesinenter
3455 5021 3762 5079 observare

2115 5133 2410 5188 procures.
2466 5114 2700 5180 Adesto,
2762 5112 3022 5185 invigila,
3076 5112 3232 5168 insta
3288 5128 3424 5168 cum
3481 5111 3760 5168 fratribus

2113 5204 2327 5260 nostris
2359 5203 2671 5277 episcopis,
2709 5201 2966 5274 regibus,
2997 5200 3362 5275 principibus
3401 5217 3470 5256 ac
3519 5198 3757 5272 populo,

2113 5298 2402 5366 quatenus
2425 5294 2766 5348 aberrantes
2789 5291 2858 5346 ad
2879 5295 3101 5348 rectum
3115 5289 3480 5364 propositum
3499 5288 3757 5352 redeant,

2111 5387 2414 5440 manentes
2437 5381 2496 5438 in
2523 5381 2655 5442 ﬁdei
2673 5379 2912 5437 veritate
2934 5381 3007 5436 ad
3048 5380 3267 5437 exitum
3311 5393 3498 5450 usque
3518 5375 3761 5433 viriliter

2110 5475 2496 5544 perseverent.
2533 5470 2594 5526 Id
2639 5485 2772 5525 vero
2813 5469 3102 5540 praecipue
3121 5473 3178 5524 te
3199 5467 3466 5524 laborare
3489 5465 3758 5524 volumus

2109 5565 2164 5617 ct
2196 5561 2565 5633 rogamus,ut
2582 5559 2776 5615 Sancti
2794 5558 2994 5614 Jacobi
3013 5555 3760 5630 episcopus,emancipatus

2107 5650 2380 5719 vinculis,
2412 5665 2518 5705 suo
2551 5648 2895 5705 restituatur
2929 5647 3140 5705 officio.
3169 5648 3250 5705 De
3299 5662 3415 5720 quo
3447 5643 3752 5718 quidquid,

3636 353 3778 424 330.
3837 359 3854 398 '.
