3958 6354
115 367 226 437 53.,
251 382 257 389 .

1279 364 1688 431 EPISTOLu‘E
1731 363 1834 428 ΕΤ
1874 363 2350 431 PBIVILEGIA.

3398 364 3549 431 53a.
3592 374 3599 385 .

115 497 432 563 auxiliante
458 497 726 569 Domino,
758 498 968 574 egeris,
998 498 1118 561 tuis
1148 497 1319 559 nobis
1348 497 1561 557 litteris
1599 497 1752 557 indi-
1782 497 1840 566 Α
1939 497 2209 559 Relatum
2229 499 2400 558 nobis
2428 503 2518 559 est
2547 498 2703 575 quod
2734 496 3109 559 Carnotensis
3137 500 3445 574 episcopus
3484 519 3520 561 α

116 589 296 649 cabis.
329 590 414 647 De
443 589 695 660 ceteris,
747 594 805 647 et
835 606 963 662 qum
998 589 1058 645 in
1103 588 1520 662 Hispaniarum
1566 588 1763 661 regnis

113 697 219 753 per
245 696 356 737 nos
386 678 754 751 disponenda
783 678 1127 752 provideris,
1161 682 1221 735 et
1249 677 1343 733 cui
1384 677 1761 751 potissimum

112 768 535 829 committenda
561 767 718 825 sedis
750 767 1077 841 apostolicae
1098 766 1308 840 legatio
1338 767 1620 835 videatur,
1643 767 1764 822 tuis

112 875 220 914 nos
252 856 481 913 nuntiis
511 860 568 913 et
596 856 860 929 apicibus
883 856 1248 912 informabis.
1284 856 1534 911 Labores
1565 858 1762 911 autem

111 963 263 1019 quos
273 945 333 1001 in
347 946 630 1003 membris
647 945 1181 1018 suisapostolorum
1198 944 1492 1017 principes
1503 942 1765 1015 quotidie

110 1036 439 1108 patiuntur,
471 1033 653 1091 nolito
684 1034 805 1090 ullo
822 1035 995 1090 modo
1027 1033 1309 1101 oblivisci;
1335 1034 1435 1089 sed
1457 1050 1520 1088 os
1534 1048 1766 1104 semper

108 1124 167 1178 in
198 1124 375 1180 corde
403 1122 697 1195 bajulans,
728 1126 785 1179 et
833 1121 1104 1178 ﬁdelibus
1152 1121 1425 1178 omnibus
1474 1137 1765 1177 commen-

109 1213 281 1281 dans,
315 1211 657 1269 solatiorum
687 1215 1015 1269 vestrorum
1047 1227 1155 1283 ope
1183 1210 1366 1266 lenire
1396 1209 1624 1266 festina.

114 1425 324 1499 Urbani
351 1426 405 1481 11
445 1438 609 1499 papae
663 1334 1361 1499 ερὶδῗοῗὲχέἀχῐξῖαιρηωῃ,
1395 1423 1449 1477 S.
1512 1423 1766 1499 Quintini

178 1493 582 1567 eamme
620 1493 1002 1567 praepositum.
1062 1525 1130 1535 ——-
1162 1493 1470 1567 Conﬁrmat
1518 1494 1762 1550 donatio-

176 1584 309 1650 nem
332 1570 502 1625 teme
529 1566 593 1624 de
621 1565 837 1624 amata
857 1569 1060 1638 factam
1090 1584 1123 1621 a
1144 1565 1429 1622 Guillelmo
1458 1567 1767 1622 Parisiensi

178 1654 450 1712 episcopo.

588 1710 772 1778 (Intra
803 1725 895 1765 an.
932 1708 1287 1777 1096-1099.)

384 1797 551 1869 [Dom
583 1797 875 1864 Bouous'r,
908 1798 1141 1864 Recueit,
1175 1796 1322 1864 XIV,
1353 1796 1505 1867 734.)

174 1904 463 1962 URBANUS
492 1902 823 1976 episcopus,
847 1919 1051 1959 servus
1075 1918 1374 1960 servorum
1411 1902 1531 1969 Dei,
1556 1901 1766 1959 dilecto
1797 1870 1844 1936 B

106 1978 478 2051 ἣιίοΌιΑιοΝι
527 1993 661 2065 (53),
716 1991 1025 2065 praeposito
1076 1991 1331 2048 ecclesia)
1363 1992 1423 2047 S.
1479 1991 1764 2060 Quintini,

106 2100 234 2155 qua:
268 2081 501 2141 Belvaei
531 2082 645 2138 sita
669 2086 777 2151 est,
810 2080 1059 2138 salutem
1091 2085 1150 2135 et
1179 2079 1560 2153 apostolicam
1588 2082 1768 2136 bene-

108 2172 449 2229 dictionem.

174 2261 250 2318 Et
281 2259 581 2318 commissi
628 2258 803 2315 ofﬁcii
840 2276 943 2315 nos
996 2257 1293 2331 compellit
1342 2257 1678 2325 auctoritas,
1712 2262 1769 2313 et

110 2348 388 2422 specialis
418 2348 675 2405 charitas
706 2347 1069 2415 exhortatur,
1102 2352 1165 2403 ut
1195 2363 1320 2419 quae
1366 2351 1519 2402 recte
1549 2350 1769 2402 statuta

108 2442 249 2497 sunt
279 2438 650 2505 confirmare,
684 2440 739 2491 et
770 2436 852 2492 eis
880 2453 1007 2508 quas
1039 2436 1148 2492 sub
1168 2435 1350 2491 tutela
1378 2438 1587 2491 nostra:
1611 2435 1767 2491 sedis

108 2527 222 2583 sita
267 2529 429 2591 sunt,
481 2525 921 2603 propensiorem
972 2525 1292 2581 debeamus
1348 2522 1764 2596 protectionem

108 2616 471 2689 impendere.
505 2614 724 2672 Idcirco
756 2613 1129 2670 donationem
1160 2618 1327 2668 terra)
1376 2628 1503 2684 quae
1552 2612 1767 2668 dicitur

104 2703 351 2772 Alnella,
386 2720 421 2759 a
449 2702 759 2760 Parisiensi
788 2702 1059 2774 episcopo
1078 2700 1387 2758 Guillelmo
1419 2702 1531 2774 (54)
1562 2706 1764 2758 vestra:

109 2792 371 2849 ecclesia:
392 2792 632 2864 factam,
660 2791 1036 2865 praesentium
1070 2790 1405 2846 litterarum
1446 2791 1767 2847 assertione

104 2882 417 2939 ﬁrmamus
441 2897 455 2936 :
488 2898 666 2954 quam
695 2879 965 2937 videlicet
980 2884 1196 2935 terram
1216 2879 1528 2952 praedictus
1548 2879 1766 2951 episco-

104 2988 214 3044 pus
243 2962 280 3027 a
311 2969 609 3041 canonicis
637 2970 695 3025 S.
730 2968 1003 3025 Germani
1033 2967 1565 3025 Antissiodorensis
1603 2986 1763 3024 acce-

102 3064 292 3133 perat,
326 3060 463 3115 data
492 3058 775 3115 nimirum
808 3058 867 3112 in
900 3057 1420 3114 commutationem
1453 3059 1767 3130 praebenda

106 3149 367 3221 quadam
398 3147 745 3205 Parisiensis
778 3146 1074 3214 Ecclesiae,
1117 3145 1506 3218 praesentibus
1537 3151 1592 3201 et
1624 3148 1763 3204 sub-

1870 586 2218 645 charissimo
2250 590 2372 647 ﬁlio
2407 594 2606 647 nostro
2637 590 2951 657 Gaufredo,
2982 598 3174 649 vestro
3207 591 3435 661 abbate,
3458 592 3519 648 in

1870 677 2303 734 consecratione
2348 696 2527 751 quam
2575 679 2815 752 accepit,
2867 680 2941 736 ab
2978 695 3045 735 eo
3094 678 3519 751 professionem

1870 766 2194 822 extorserit.
2236 768 2420 831 Quam
2480 767 2619 840 quia
2675 771 2877 824 contra
2928 767 3201 823 Romanae
3254 767 3522 827 Ecclesiae

1871 856 2273 912 auctoritatem
2308 856 2519 913 factam
2535 857 2902 929 agnovimus,
2930 856 3127 912 abbati
3152 855 3389 928 quidem
3414 874 3522 913 nos

1871 944 2326 1001 misericorditer
2348 945 2687 1017 hujusmodi
2712 962 2921 1002 noxam
2944 944 3263 1001 indulsisse
3292 945 3519 1003 noveri-

1870 1032 2395 1090 tis.Proiessionem
2410 1052 2543 1090 vero
2556 1034 2745 1107 ipsam
2756 1034 2839 1091 ita
2850 1033 3316 1100 adnullamus,ut
3328 1032 3520 1093 nullas

1871 1121 2105 1194 penitus
2134 1124 2286 1179 vires
2345 1124 2656 1180 obstineat.
2708 1125 2961 1196 Insuper
3013 1122 3190 1178 etiam
3242 1139 3313 1180 ne
3341 1123 3523 1181 abbas

1872 1212 2209 1267 monasterii
2240 1212 2413 1268 vestri
2476 1212 2749 1284 deinceps
2780 1212 3055 1285 episcopo
3100 1212 3522 1283 professionem

1871 1299 2127 1367 faciat,ct
2142 1305 2350 1355 nostris
2382 1300 2745 1357 auctoritatis
2767 1300 3067 1373 privilegio
3091 1300 3389 1356 firmatum
3412 1303 3521 1368 est,

1870 1393 1928 1444 et
1957 1388 2339 1460 praesentibus
2373 1388 2582 1446 litteris
2599 1388 2998 1461 prohibemus.
3015 1389 3221 1460 Siquis
3245 1393 3441 1445 autem
3459 1388 3521 1445 in

1870 1482 2170 1549 posterum
2218 1482 2418 1534 contra
2464 1478 2586 1534 haec
2635 1477 2827 1534 venire
2874 1477 3202 1544 tentaverit,
3233 1494 3269 1533 a
3306 1481 3520 1534 sanctas

1870 1566 2136 1622 Ecclesiae
2168 1566 2475 1623 liminibus
2493 1571 2777 1635 arceatur,
2794 1571 2852 1623 et
2864 1569 3099 1623 maneat
3115 1568 3520 1623 excommuni-

1870 1659 2036 1713 catus
2065 1657 2246 1713 donec
2277 1655 2589 1729 resipiscat
2618 1661 2674 1713 et
2718 1657 2992 1712 Romana
3042 1654 3308 1712 Ecclesiae
3353 1654 3521 1715 satis-

1873 1745 2064 1800 faciat.

1944 1834 2160 1890 Datum
2191 1834 2385 1889 Roma:
2415 1851 2512 1890 vm
2548 1833 2671 1890 Kal.
2704 1833 2976 1889 Decemb.

2532 1940 2874 1996 CCLXXXV.

1881 2030 2089 2111 Urbani
2117 2031 2356 2111 epistola.
2383 2030 2453 2085 ad
2493 2030 2918 2111 archiepiscopos
2949 2033 3000 2111 et
3039 2030 3310 2111 episcopos
3349 2029 3523 2083 Fran-

1945 2103 2068 2173 cise.
2103 2099 2172 2140 -ὲ
2200 2101 2524 2173 Philippum
2554 2099 2755 2173 regem,
2793 2099 2891 2173 qui
2938 2099 3167 2173 dimissa
3213 2115 3386 2156 uxore
3411 2113 3525 2155 sese

1945 2172 2203 2227 (utulleraa
2222 2171 2531 2236 addixerat,
2564 2171 2765 2243 gaudet
2793 2171 2863 2227 ad
2891 2186 2983 2227 cor
3010 2171 3254 2227 rediisse.

2355 2261 2535 2329 (Intra
2564 2278 2659 2315 an.
2695 2261 3047 2331 1097-1099.)

2178 2350 2488 2420 [Dscnsnr,
2522 2349 2735 2421 Spicil.,
2770 2353 2812 2404 t.
2847 2349 2940 2416 IlI,
2976 2365 3033 2421 p.
3069 2348 3217 2418 431.]

1946 2437 2223 2493 Unsmus
2255 2438 2582 2509 episcopus,
2606 2454 2807 2493 servus
2836 2452 3135 2492 servorum
3149 2437 3270 2502 Dei,
3303 2436 3524 2493 charis-

1875 2527 2042 2583 simis
2075 2527 2132 2581 in
2164 2526 2390 2582 Christo
2421 2527 2702 2582 fratribus
2726 2526 2998 2601 MAN‘ASSE
3028 2524 3299 2581 Remensi
3331 2524 3523 2582 archi-

1874 2616 1962 2689 epi
1970 2633 2067 2672 sco
2073 2633 2166 2689 po,
2191 2619 2247 2672 et
2263 2615 2484 2673 caeteris
2499 2632 2599 2688 per
2615 2614 2916 2671 Franciam
2932 2620 3053 2669 tam
3069 2612 3523 2687 archiepiscopis

1875 2721 2053 2777 quam
2084 2704 2395 2778 episcopis,
2428 2703 2674 2761 salutem
2699 2708 2757 2759 et
2776 2703 3157 2775 apostolicam
3173 2702 3523 2765 benedictio-

1874 2811 2031 2850 nem.

1944 2882 2285 2940 Charissimi
2318 2881 2423 2937 ﬁlii
2453 2880 2637 2938 nostri
2666 2880 2915 2954 Philippi
2964 2881 3318 2937 Francorum
3367 2881 3525 2953 regis

1875 2972 2120 3028 nuntius
2150 2972 2222 3026 ad
2255 2972 2452 3028 sedem
2486 2970 2864 3043 apostolicam
2896 2970 3154 3038 veniens,
3188 2970 3392 3026 debita:
3412 2969 3537 3026 bu-~

1875 3059 2143 3116 militatis
2175 3059 2400 3116 litteras
2432 3077 2499 3116 ac
2531 3059 2849 3116 devotionis
2882 3058 3077 3115 attulit
3106 3059 3316 3125 verba;
3351 3062 3526 3131 atque

1878 3150 1947 3206 de
1978 3148 2139 3206 illius
2170 3148 2436 3205 mulieris
2464 3149 2657 3221 culpa,
2692 3165 2798 3222 pro
2829 3165 2946 3221 qua
2989 3147 3343 3205 venerabilis
3391 3163 3526 3206 con-

106 3235 792 3295 scribentibusfratribus
810 3235 1117 3307 utriusque
1132 3233 1392 3307 capituli.
1419 3234 1573 3290 Nulli
1596 3234 1755 3291 dein-
1788 3239 1831 3308 (Γ,
1873 3239 2048 3295 frater
2080 3244 2277 3295 noster
2306 3238 2720 3311 Lugdunensis
2760 3236 3232 3309 archiepiscopus
3281 3236 3526 3293 interdi-

106 3343 245 3400 ceps
275 3325 799 3385 commutationem
830 3324 979 3380 hanc
1009 3323 1431 3393 violareliceat,
1466 3325 1579 3381 nisi
1615 3326 1761 3381 forte

104 3413 435 3490 apostolica:
460 3417 671 3471 nostrae
697 3413 853 3470 sedis
871 3412 1096 3485 judicio
1129 3416 1501 3469 retractetur.

763 3528 1108 3584 CCLXXXII.

106 3623 126 3644 θ
156 3620 431 3677 Urbanus
461 3617 639 3677 mittit
670 3640 697 3667 «
730 3618 943 3673 litteras
994 3620 1050 3673 in
1082 3619 1328 3689 gratiam
1369 3616 1762 3673 monachorum

173 3691 228 3748 S.
264 3689 515 3761 Andreae,
561 3690 901 3761 Viennensis
932 3706 1063 3760 quos
1120 3692 1393 3761 eteorum
1444 3690 1654 3761 baiulos
1702 3692 1761 3744 in

172 3764 391 3823 tantum
432 3758 723 3817 vexaverat
765 3758 957 3832 Guido,
1005 3759 1249 3832 ejusdem
1276 3760 1427 3815 urbis
1483 3760 1759 3831 archiepi-

170 3848 382 3906 scopus,
408 3840 472 3888 ut
499 3834 664 3888 etiam
695 3848 764 3887 ac
793 3831 877 3886 his
906 3831 1200 3887 nonnullos
1246 3833 1307 3886 in.
1355 3847 1572 3887 carcere
1618 3834 1759 3887 reti-

174 3912 342 3961 neret.
382 3925 411 3954 »

586 3974 769 4046 (Intra
799 3990 891 4029 an.
932 3974 1281 4044 1097-1099.)

256 4064 429 4136 [Vide
460 4064 724 4120 Romam
753 4062 811 4118 in
842 4062 974 4118 Vita
1006 4062 1222 4119 Urbani
1253 4062 1323 4129 II,
1357 4079 1411 4135 p.
1445 4063 1597 4133 292.)

746 4170 1119 4226 CCLXXXIII.

111 4261 360 4318 Urbanus
408 4260 934 4333 [veniJGarnotensi
984 4267 1037 4333 ret
1098 4259 1394 4333 Ramuuifo
1433 4258 1758 4333 Santoaeasi

172 4332 439 4404 episcopis
467 4330 658 4387 scribit
687 4351 714 4380 «
750 4332 824 4404 ia
840 4332 1081 4400 gratiam
1115 4330 1507 4386 monachorum
1563 4332 1755 4386 Vindo-

172 4402 502 4471 cineniium,
581 4418 712 4474 quos
768 4402 846 4474 ab!
905 4403 1056 4474 omni
1129 4405 1503 4474 episcOporum
1568 4403 1753 4474 subje-

172 4477 350 4533 ctionc
380 4472 651 4530 immunes
671 4488 784 4529 esse
813 4472 1078 4529 declarat.
1104 4495 1130 4522 ››

577 4562 757 4649 (Intra
788 4578 883 4617 an.
928 4560 1287 4632 1097-1099.)

416 4649 585 4726 [Vide
616 4650 772 4723 apud
807 4651 1068 4706 RUINAa'r
1097 4650 1193 4706 ubi
1229 4653 1444 4723 supra.]

743 4772 1116 4830 CCLXXXIV.

220 4863 534 4931 Monasterii
560 4862 969 4920 Vindocinensis
1000 4863 1224 4919 libertas
1254 4862 1626 4931 conﬁrmatur.

585 4934 769 5007 (Intra
794 4951 888 4989 an.
926 4934 1277 5005 1097-1099.)

528 5023 684 5096 [0pp.
714 5023 1023 5093 Sirmundi,
1055 5023 1153 5092 III,
1186 5021 1339 5096 468.]

178 5119 1028 5194 Uwus,episcopus,servus
1052 5137 1350 5179 servorum
1379 5120 1496 5189 Dei,
1520 5138 1754 5178 venera-

117 5208 1115 5291 bilieengregationiVindocinensis
1135 5209 1757 5277 monasterii,salutem

114 5299 167 5352 et
194 5297 575 5371 apostolicam
605 5298 1095 5363 benedictionem.

179 5438 285 5511 (53)
319 5441 434 5497 Seu
462 5440 693 5515 Waloai,
743 5441 1029 5515 discipulo
1078 5445 1135 5497 et
1162 5439 1533 5515 successori
1564 5442 1753 5500 Ivonis

113 5507 496 5639 Eggtéohbgui
525 5516 585 5569 et
626 5507 752 5585 ipse
803 5507 987 5570 evasit
1041 5512 1391 5570 Parisiensis
1448 5514 1758 5588 episcopus

183 5624 623 5727 (Ξὶίόἶῶὶειωο
655 5656 724 5715 de
756 5656 1108 5726 Monteforti,
1144 5656 1306 5713 fratri
1340 5656 1573 5715 famosa:
1596 5656 1756 5715 illius

1872 3326 2082 3383 ctionis
2115 3328 2172 3382 in
2208 3327 2402 3399 ipsum
2433 3325 2783 3381 sententiam
2815 3323 3154 3397 protulerat,
3197 3323 3523 3381 secundum

1870 3416 2119 3471 fratrum
2132 3418 2468 3471 nostrorum
2483 3413 2794 3469 consilium
2812 3413 3063 3469 satisfeci
3075 3412 3347 3468 t.Juravit
3360 3412 3524 3469 enim

1871 3505 2025 3576 quod
2057 3504 2212 3559 idem
2240 3520 2339 3559 rex
2370 3501 2680 3557 mulierem
2716 3501 2878 3558 illam
2912 3505 3219 3573 postquam
3256 3501 3313 3555 in
3344 3517 3523 3557 manu

1870 3598 2093 3660 nostra,
2130 3592 2246 3647 imo
2278 3608 2382 3664 per
2412 3607 2517 3647 nos
2550 3590 2607 3645 in
2641 3590 2791 3646 beati
2824 3590 2977 3645 Petri
3010 3606 3184 3643 manu
3229 3588 3522 3656 refutavit,

1869 3698 2175 3753 nunquam
2192 3696 2317 3736 eam
2351 3678 2960 3735 carnaliterhabuerit.
2995 3681 3203 3733 Postea
3232 3693 3365 3733 vero
3388 3693 3524 3733 cum

1868 3769 2263 3826 confratribus
2295 3768 2511 3824 nostris
2542 3766 2851 3823 consilium
2881 3765 3186 3835 habentes,
3206 3764 3525 3823 statuimus

1868 3864 1936 3914 ut
1966 3875 2065 3916 rex
2089 3859 2159 3913 de
2184 3857 2474 3930 episcopis
2494 3860 2551 3912 et
2577 3855 2737 3927 regni
2757 3856 2846 3911 sui
2879 3854 3227 3928 primatibus
3242 3869 3430 3925 usque
3452 3853 3535 3908 ad.

1873 3947 2248 4004 festivitatem
2275 3947 2553 4003 Omnium
2611 3948 2957 4001 Sanctorum
3019 3944 3243 4015 aliquot
3297 3943 3373 3999 ad
3419 3958 3528 3998 nos

1872 4036 2105 4110 dirigat,
2140 4037 2237 4109 qui
2272 4036 2381 4091 hoc
2412 4037 2608 4108 ipsum
2632 4035 2782 4107 quod
2818 4032 3064 4089 nuntius
3113 4033 3242 4104 ejus
3279 4032 3523 4105 juravit,

1869 4126 2119 4181 debeant
2150 4125 2460 4180 afﬁrmare.
2522 4123 2824 4195 Ejusmodi
2877 4121 3056 4194 igitur
3113 4138 3215 4192 per
3262 4119 3522 4193 legatum

1867 4214 2057 4287 ipsius
2090 4211 2484 4270 satisfactione
2497 4211 3027 4284 accepta,eumdem
3046 4209 3233 4264 filium
3256 4211 3523 4265 nostrum

1866 4319 2065 4375 regem
2098 4302 2170 4357 ab
2200 4300 2650 4366 interdictionis,
2675 4318 2802 4372 qua:
2822 4316 2925 4372 pro
2960 4298 3067 4354 hac
3097 4314 3277 4356 causa
3308 4297 3365 4352 in
3390 4313 3523 4353 eum

1867 4391 2093 4464 prolata
2123 4390 2335 4456 fuerat,
2383 4390 2615 4446 vinculo
2664 4389 3047 4455 absolvimus,
3092 4391 3149 4442 et
3179 4386 3377 4443 utendi
3419 4402 3523 4460 pro

1866 4496 2028 4536 more
2060 4477 2224 4551 regni
2255 4495 2468 4533 corona
2497 4479 2907 4533 auctoritatem
2940 4476 2990 4532 ei
3022 4475 3406 4548 praabuimus.

1938 4569 2084 4624 Data
2114 4565 2381 4623 Laterani
2412 4583 2512 4621 VIII
2543 4566 2681 4622 Idus
2705 4564 2863 4621 Maii.

2504 4653 2879 4712 CCLXXXVI:

1876 4748 2082 4805 Urbani
2109 4745 2339 4816 epistola
2368 4743 2438 4799 ad
2474 4745 2771 4815 Hugonem,
2803 4742 3213 4797 Ctuniacensem
3254 4739 3522 4816 abbatem.

1941 4850 2009 4859 —
2039 4809 2438 4885 Illi'sigm'ﬁcat
2469 4838 2496 4865 «
2534 4809 2593 4870 ia
2653 4816 2919 4885 Romana
2942 4827 3117 4883 nuper
3142 4809 3367 4885 synodo
3390 4831 3428 4885 _»
3453 4826 3526 4885 _se

1940 4881 2242 4946 decrevisse
2266 4890 2324 4941 ut
2346 4888 2745 4942 mmzasterium
2773 4892 2832 4940 δ.
2892 4881 3150 4939 ϐενυιὴαηί
3191 4881 3524 4938 Αηίἰιςδίοάο-

1941 4977 2114 5030 rensc,
2148 4960 2214 5015 ab
2244 4958 2436 5014 abbate
2478 4960 2539 5014 in
2582 4958 2813 5013 concilio
2846 4955 3207 5012 Nemausensi
3250 4953 3361 5010 sibi
3394 4975 3416 5004 α
3442 4969 3525 5010 re-

1938 5034 2195 5103 futatum,
2234 5054 2254 5081 ι
2284 5033 2336 5085 ei
2364 5030 2805 5086 committeretur.

2352 5120 2532 5191 (Intra
2563 5133 2668 5173 an.
2694 5114 3043 5186 1097-1098.)

2112 5209 2365 5279 [BALUZ.,
2398 5208 2618 5264 Misce”.
2652 5205 2792 5262 edit.
2826 5204 2990 5269 Luc.,
3023 5203 3093 5272 II,
3128 5202 3277 5273 177.]

1943 5299 2214 5355 Uaesxus
2237 5296 2567 5371 episcopus,
2604 5312 2809 5353 servus
2841 5308 3142 5350 servorum
3184 5289 3310 5357 Dei,
3357 5303 3528 5345 vene-

1868 5438 2160 5496 Bertradaa
2193 5454 2320 5510 qum
2354 5439 2475 5511 regi
2496 5438 2762 5511 Philippo
2788 5435 3006 5508 nupsit.
3041 5434 3145 5490 Hic
3174 5433 3234 5488 in
3267 5430 3524 5487 Ecclesia

1868 5511 2214 5561 Carnotensi
2262 5509 2544 5561 educatus
2595 5512 2705 5561 sub
2764 5505 3075 5561 disciplina
3123 5505 3333 5561 lvonis.
3394 5502 3521 5561 iDso

1867 5509 2227 5568 Carnotensi'
2262 5509 2544 5566 educatus
2595 5509 2707 5567 sub
2764 5509 3075 5580 disciplina
3123 5509 3333 5571 Ivonis,
3394 5509 3521 5573 ipso

1869 5603 1903 5640 a
1946 5588 2101 5665 ente_
2132 5579 2519 5664 Parisiensem
2562 5583 2982 5665 episcopatum
3031 5578 3278 5649 adeptus
3308 5578 3398 5629 est
3422 5590 3517 5628 an.

1871 5602 2034 5711 1396.
2067 5653 2202 5711 licet
2228 5652 2381 5709 Infra
2410 5658 2723 5711 reau1s1tos
2756 5657 2943 5709 aetatis
2974 5666 3159 5708 annos
3188 5645 3450 5705 electus..

1871 5645 2034 5727 1096,
2067 5653 2202 5711 licet
2228 5652 2381 5709 infra
2410 5645 2723 5725 requisitos
2756 5645 2943 5709 aetatis
2974 5645 3159 5708 annos
3188 5645 3450 5705 electus..
