3958 6378
406 388 524 449 523
751 461 756 466 _
1690 395 1762 458 B.
1806 395 1969 460 URB.

2242 395 2480 457 ΡΑΡᾸέ.
3685 389 3805 455 524

405 522 653 591 reddita,
679 528 741 579 et
769 541 804 580 a
832 527 1167 584 venerabilii
1212 529 1334 586 viro
1379 530 1632 586 Gerardo
1677 535 2050 586 Cameracen-
2077 531 2131 596 Α
2161 529 2425 584 minuere
2453 528 2544 587 vel
2571 529 2901 585 temerariis
2940 526 3343 585 vexationibus
3391 525 3659 600 fatigare,
3703 525 3806 582 sed

407 610 564 666 sium
616 611 888 687 episcopo
947 618 1292 675 confirmata
1365 622 1522 686 sunt,
1594 621 1823 692 integra
1881 635 2051 691 pror-
2163 617 2322 672 omni
2372 617 2599 692 integra
2643 623 3079 687 conserventur,
3132 632 3334 673 eorum
3385 631 3488 688 pro
3554 630 3810 688 quorum

409 720 514 760 sus
560 706 618 758 et
658 703 818 758 omni
865 707 1162 764 exactione
1207 707 1392 764 libera
1438 709 1674 782 prazfato
1721 709 1879 764 Beati
1953 709 2054 764 Pe-
2163 707 2584 763 sustentatione
2607 723 2674 764 ac
2695 707 3117 779 gubernatione
3147 722 3426 762 concessa
3444 703 3814 762 suntusibus

409 792 486 847 tri
520 792 870 848 monasterio
919 793 980 850 in
1023 800 1372 869 perpetuum
1421 797 1776 871 possidenda
1820 813 2056 853 manere
2163 793 2518 850 omnimodis
2569 795 2892 867 profutura,
2944 794 3103 850 salvo
3169 791 3396 850 scilicet
3459 790 3812 847 Parisiensis

411 879 804 936 decernimus.
839 882 1118 940 Praeterea
1139 885 1458 958 apostolica
1487 885 1832 942 auctoritate
1853 885 2057 940 statui-
2099 936 2106 944 .
2164 881 2429 938 Ecclesiae
2450 883 2587 954 jure
2615 884 2916 952 Canonico,
2949 883 3031 938 ita
3051 887 3245 938 tamen
3267 882 3421 954 quod
3442 897 3631 954 neque
3651 881 3702 952 ej
3713 896 3812 936 us-

413 984 548 1023 mus
577 973 643 1024 ut
673 985 1037 1044 quaecunque
1066 973 1236 1028 hodie
1267 973 1418 1029 idem
1451 975 1870 1031 monasterium
1895 975 2056 1046 juste
2163 971 2296 1025 dem
2329 969 2592 1027 Ecclesiae
2624 971 2916 1044 episcopo,
2948 987 3138 1044 neque
3180 969 3588 1026 archidiacono
3637 967 3816 1024 liceat

412 1058 693 1128 possidet,
727 1057 846 1114 sive
865 1058 924 1114 in
948 1061 1271 1117 crastinum
1295 1063 1667 1119 concessione
1689 1063 2051 1135 pontificum.
2162 1059 2482 1114 temerarize
2514 1059 3133 1116 excommunicationis
3163 1059 3252 1114 vel
3281 1057 3675 1115 exsecutionis
3706 1059 3815 1112 aut

413 1143 724 1226 largitione
750 1147 1083 1222 principum
1123 1149 1228 1206 vel.
1254 1151 1548 1208 oblatione
1595 1151 1853 1208 ﬁdelium
1893 1153 2056 1224 juste
2163 1147 2542 1204 consuetudis
2567 1165 2882 1220 gravamen
2913 1147 3148 1221 aliquod
3195 1147 3476 1204 fratribus
3522 1146 3807 1219 irrogare.

413 1237 590 1305 atque
617 1235 892 1292 canonice
921 1237 1133 1308 poterit
1160 1237 1426 1310 adipisci,
1458 1239 1629 1294 ﬁrma
1664 1237 1772 1294 tibi
1819 1238 2056 1312 tuisque
2163 1235 2427 1292 Obeunte
2453 1242 2510 1292 te
2536 1253 2694 1294 nunc
2722 1238 2988 1310 ejusdem
3018 1236 3128 1294 loci
3157 1237 3388 1304 abbate,
3437 1234 3527 1292 vel
3568 1239 3810 1292 tuorum

413 1322 851 1380 successoribus
879 1323 1102 1380 illibata
1130 1331 1530 1398 permaneant,
1575 1328 1734 1384 salva
1778 1327 2050 1384 Camera-
2165 1325 2424 1396 quolibet
2452 1343 2880 1393 successorum,
2912 1325 3112 1381 nullus
3143 1325 3223 1381 ibi
3255 1324 3561 1398 quibusvis
3599 1324 3815 1381 subre-

413 1401 2054 1490 censisepiscopicanonicareverentia.Decernimusergo
2165 1415 2462 1486 ptionibus
2507 1413 2726 1470 astutia
2766 1413 2852 1470 vel
2906 1413 3180 1470 violentia
3229 1417 3624 1486 praeponatur.
3695 1411 3814 1468 Πίεὶ

415 1515 485 1554 ne
515 1497 617 1554 ulli
646 1502 884 1556 omnino
915 1501 1221 1558 hominum
1254 1503 1424 1559 liceat
1453 1504 1605 1560 idem
1631 1503 2052 1561 monasterium
2163 1519 2336 1574 quem
2373 1507 2582 1558 fratres
2614 1504 2912 1560 communi
2945 1520 3254 1570 consensu,
3286 1502 3377 1558 vel
3411 1503 3658 1558 fratrum
3677 1519 3820 1574 pars

412 1591 628 1644 temere
656 1591 1015 1662 perturbare,
1049 1596 1152 1647 aut
1177 1593 1229 1647 ei
1253 1592 1518 1650 subditas
1537 1594 1936 1666 possessiones
1956 1612 2057 1650 au-
2163 1591 2388 1646 consilii
2415 1591 2688 1657 sanioris,
2716 1609 2819 1646 seu
2843 1591 3279 1670 secundumDei
3297 1591 3569 1647 timorem
3586 1593 3645 1646 et
3659 1590 3818 1648 beati

413 1677 582 1744 ferre,
610 1669 894 1746 minuere,
915 1679 1002 1736 vel
1021 1681 1348 1738 temerariis
1364 1681 1768 1738 vexationibus
1790 1683 2054 1755 fatigare,
2166 1679 2458 1734 Benedicti
2490 1679 2752 1752 regulam
2781 1669 3082 1752 elegerint.
3117 1679 3347 1736 Electus
3391 1695 3550 1750 vero,
3587 1696 3621 1736 a
3658 1679 3822 1736 Pari-

413 1767 514 1822 scd
539 1767 776 1822 omnino
797 1769 1024 1840 integra
1039 1775 1453 1826 conserventur
1469 1787 1669 1826 eorum
1685 1788 1787 1844 pro
1805 1789 2055 1842 quorum
2164 1767 2341 1822 sicnsi
2363 1767 2634 1840 episcopo
2656 1773 3044 1826 consecretur.
3063 1769 3147 1823 Ad
3161 1767 3450 1840 judicium
3469 1773 3666 1825 autem
3681 1783 3818 1841 per-

412 1855 837 1911 sustentatione
867 1873 934 1912 ac
952 1857 1374 1930 gubernatione
1395 1874 1671 1915 concessa
1691 1865 1832 1916 sunt
1853 1860 2056 1918 usibus
2087 1897 2136 1961 Β
2165 1863 2340 1928 cepta?
2371 1875 2406 1912 ἃ
2451 1857 2712 1912 Romana
2757 1857 3015 1912 Ecclesia
3057 1856 3345 1912 libertatis
3396 1857 3520 1912 auri
3573 1857 3815 1912 unciam

414 1944 736 2016 profutura.
757 1945 908 2000 Sane
925 1945 974 2002 si
995 1945 1128 2018 quis
1152 1946 1209 2002 in
1231 1948 1551 2002 crastinum
1585 1949 2060 2022 archiepiscopus
2087 1944 2136 1961 "
2169 1945 2484 2017 quotannis
2499 1945 2868 2002 Lnteranensi
2886 1944 3100 2018 palatio
3112 1945 3471 2017 persolvetis.
3493 1944 3814 2018 Vosigitur

416 2036 517 2088 aut
544 2029 1215 2106 episcopus,'imperator
1239 2040 1341 2090 aut
1362 2053 1479 2104 rex,
1505 2037 1776 2110 princeps
1802 2039 2059 2108 autdux,
2167 2034 2271 2090 ﬁlii
2305 2035 2362 2090 in
2383 2035 2614 2090 Christo
2644 2033 2860 2101 dilecti,
2895 2035 2996 2090 Dei
3027 2034 3298 2090 timorem
3349 2037 3407 2089 et
3441 2049 3700 2090 amorem
3753 2035 3818 2090 in

414 2138 610 2176 comes
637 2132 738 2176 aut
756 2121 1426 2196 vicecomes,autjurlex,
1445 2129 1850 2198 autpersonna
1864 2127 2062 2200 quaali-
2168 2123 2443 2179 cordibus
2474 2123 2686 2180 habere
2712 2123 2979 2196 satagite,
3012 2128 3079 2179 ut
3107 2126 3327 2194 quanto
3357 2140 3392 2178 a
3434 2122 3819 2180 saecularibus

413 2210 510 2265 bet
540 2225 756 2282 magna
782 2211 870 2266 vel
898 2228 1092 2282 parva,
1129 2217 1333 2285 potens
1379 2213 1464 2270 vel
1515 2213 1827 2286 impotens,
1879 2215 2058 2288 hujus
2169 2211 2522 2269 tumultibus
2553 2212 2856 2269 liberiores
2886 2211 3048 2280 estis,
3087 2216 3244 2268 tanto
3284 2211 3542 2284 amplius
3581 2210 3818 2284 placare

411 2299 594 2354 nostri
629 2298 911 2372 privilegii
944 2289 1216 2374 paginam
1253 2303 1444 2358 sciens
1474 2309 1676 2360 contra
1703 2321 1832 2360 eam
1867 2305 2058 2361 venire
2167 2301 2283 2358 Deo
2313 2301 2493 2358 totius
2526 2301 2740 2358 mentis
2778 2306 2835 2356 et
2885 2300 3094 2356 animae
3140 2299 3461 2356 virtutibus
3505 2299 3816 2358 anheletis.

410 2386 739 2456 tentaverit,
769 2389 1026 2443 secundo
1059 2390 1298 2444 tertiove
1312 2392 1670 2448 commonita
1687 2391 1737 2448 si
1754 2409 1867 2448 non
1884 2394 2056 2450 satis-
2164 2394 2311 2447 Sane
2334 2390 2382 2447 si
2404 2390 2540 2464 quis
2563 2389 2620 2446 in
2642 2390 2968 2446 crastinum
2989 2389 3466 2462 archiepiscopus
3486 2389 3821 2462 autepisco—

411 2475 659 2531 factione
684 2493 944 2549 congrua
969 2479 1908 2544 emendaverit,aChristiEcclesiae
1929 2499 2055 2538 cor-
2165 2497 2298 2553 pus,
2334 2480 2650 2552 imperator
2681 2487 2780 2534 aut
2809 2495 2928 2545 rex,
2959 2483 3062 2535 aut
3090 2479 3230 2545 dux,
3252 2493 3448 2534 comes
3468 2477 3816 2548 vicecomes,

407 2581 548 2636 pore
577 2581 711 2620 cum
745 2565 1086 2621 auctoritate
1113 2569 1416 2639 potestatis
1436 2569 1766 2642 apostolicae
1787 2587 2054 2644 segrega-
2153 2569 2356 2641 judex,
2376 2567 3171 2641 autecclesiasticaquaalibet
3189 2566 3552 2624 saecularisve
3569 2583 3821 2638 persona

407 2652 2057 2729 mus.Cdnservantibusautempaaneoetmisericordia
2163 2657 2313 2713 hanc
2346 2663 2556 2713 nostrae
2603 2657 2969 2713 auctoritatis
3001 2655 3294 2728 .paginam
3343 2655 3558 2723 sciens,
3613 2660 3820 2712 contra

408 2742 795 2814 praesentibus
825 2760 890 2798 ac
921 2743 1134 2798 futuris
1165 2743 1396 2800 saeculis
1428 2751 1818 2804 conservetur.
1848 2750 2051 2805 Amen.
2161 2762 2290 2802 eam
2311 2751 2527 2802 temere
2549 2747 2742 2802 venire
2765 2746 3090 2816 tentaverit,
3115 2744 3374 2800 secundo
3392 2744 3632 2800 tertiove
3653 2760 3816 2800 com-

1121 2831 1321 2888 CCLX.
2162 2835 2442 2903 monitus,
2478 2835 2527 2890 si
2559 2851 2674 2890 non
2705 2834 3102 2890 satisfactione
3122 2847 3412 2904 congruae
3435 2832 3817 2903 mendaverit,

414 2921 661 2976 Urbanus
689 2921 746 2998 ΙΙ.
771 2941 793 2968 ε
827 2920 1130 2998 ownobz'um
1161 2920 1460 2998 Genercnse
1479 2923 1539 2976 in
1563 2923 1865 2998 (ἔμαθε-οητά
1885 2927 1945 2998 in
1957 2927 2055 2998 jus
2161 2923 2464 2996 potestatis
2493 2922 2851 2994 honorisque
2869 2923 2960 2978 sui
2984 2921 3266 2994 dignitate
3289 2924 3500 2992 careat,
3524 2937 3812 2994 reumque

483 2999 536 3046 et
555 2991 946 3084 propri-elateri
974 2993 1282 3062 apostoliae
1309 2993 1451 3084 sedis
1471 2996 1663 3077 recipit
1688 3005 1738 3050 et
1762 2991 2046 3080 privilequ

2249 3011 2444 3067 divino
2459 3011 2684 3082 judicio
2703 2991 2773 3066 de
2794 2991 3125 3084 perpetrata
3139 3009 3449 3082 iniquitate
3469 2991 3806 3083 cognoscat,

751 3063 760 3072 .
1535 3063 1593 3077 .-
1762 3063 1776 3068 -
1855 3069 1866 3080 .
1962 3063 1981 3069 ν
2159 3063 2218 3067 -ν
2256 3063 2679 3082 man-rm"-
2710 3063 3123 3084 ᾐ-τ--τ---ηω

483 3070 782 3116 communit
809 3063 1706 3172 suﬂfffi’“?fe’fiffo",ﬂg‘ﬁ‘mm
1733 3084 1880 3123 aur"
1915 3091 1944 3118 "
2159 3107 2217 3156 et
2247 3118 2281 3156 a
2300 3100 2694 3156 sacratissimo
2715 3116 2955 3172 corpore
2975 3116 3042 3155 ac
3062 3099 3348 3172 sanguine
3367 3097 3468 3154 Dei
3490 3103 3548 3154 et
3568 3097 3803 3154 Domini

873 3150 1178 3262 (IntfaLan.
1211 3136 1569 3262 1088-1999,)
1676 3244 1692 3262 ‘
1741 3245 1795 3262 ῃ

2247 3136 2281 3156 α
2300 3136 2694 3156 σαυιαυωοιυιυ
2715 3136 2802 3156 υυι
2816 3136 2955 3172 pun.
2975 3136 3042 3155 αν
3063 3136 3348 3172 sanan"...
3367 3136 3468 3154 υνι
3490 3136 3548 3154 υ..
3568 3136 3803 3154 "ea"...

2246 3189 2563 3262 demptoris
2594 3189 2780 3245 nostri
2808 3188 2949 3244 Jesu
2982 3187 3195 3244 Christi
3226 3185 3453 3243 alienus
3483 3187 3605 3254 ﬁat,
3628 3191 3809 3260 atque

410 3239 618 3312 [Gentii
647 3239 958 3294 Camerarii
989 3239 1158 3296 Liber
1187 3240 1498 3308 censualis,
1542 3244 1694 3316 apud
1741 3245 1973 3302 Mona-rc

906 3310 1086 3383 Antiq.
1121 3313 1266 3380 Ital.,
1301 3316 1368 3380 V,
1404 3315 1554 3385 885.]

2246 3239 2560 3262 “⁷“““Γ“⁷““”
2595 3239 2780 3245 —""__
2811 3239 2949 3244 ""'"
2990 3239 3195 3244 r—""'
3230 3239 3448 3243 """"‘
3484 3239 3605 3254 ""'I
3632 3239 3805 3260 “‘1“'

2273 3284 2529 3336 extremo
2566 3279 2832 3336 examine
2879 3277 3157 3334 districta:
3205 3275 3414 3332 ultioni
3481 3275 3807 3348 subjaceat.

2327 3368 2362 3385 ιο
2511 3373 2552 3385 n,
2695 3368 2774 3385 ’ὶμ
2826 3383 2834 3385 ξ
2877 3365 2992 3385 ΙΑ--
3033 3367 3180 3385 _',,-a,
3227 3363 3807 3385 --__---_13L__-_:L__._

1408 3363 1553 3385 "VU
2163 3368 2399 3426 Cunctis
2427 3373 2626 3424 autem
2657 3368 2846 3424 eidem
2876 3365 3002 3423 loco
3023 3367 3192 3438 justa
3224 3363 3592 3456 servantibus
3611 3363 3688 3420 sit
3701 3380 3817 3438 pax

410 3470 620 3528 Urbani
642 3472 695 3526 11
714 3486 875 3543 papae
900 3452 1378 3546 privilegium—pro
1427 3477 1757 3532 monasterio
1801 3479 2052 3534 Latinia—
2151 3458 2394 3515 Domini
2416 3457 2599 3514 nostri
2623 3457 2767 3546 Jesu
2784 3456 3021 3546 Christi,
3044 3458 3413 3546 quatenus-et
3437 3452 3532 3508 hic
3545 3453 3812 3546 fructum

1133 3541 1301 3600 censi.
2161 3549 2326 3604 bonae
2347 3547 2595 3604 actionis
2620 3544 2941 3619 percipiant
2952 3549 3009 3600 et
3019 3544 3170 3616 apud
3185 3543 3518 3600 districtum
3533 3541 3810 3598 Judicem

875 3631 1057 3703 (Intra
1086 3649 1182 3688 an.
1219 3635 1574 3707 1088-1099.)
2162 3637 2402 3710 praemia
2431 3641 2656 3694 aeternae
2681 3635 2844 3708 pacis
2874 3633 3192 3690 inveniant.
3225 3638 3432 3688 Amen.

501 3719 823 3792 [MABILLON
853 3724 910 3775 et
940 3720 1224 3792 Romam,
1260 3723 1420 3778 Ou-vr.
1454 3724 1654 3796 postia.
1687 3725 1781 3795 IlI,
1814 3727 1964 3797 401.]
2853 3739 3110 3796 CCLXII.

477 3809 758 3903 URBANUS
783 3809 1116 3903 BPisfopu‘s,
1143 3826 1347 3903 servus
1365 3827 1669 3903 servorum
1694 3813 2052 3880 Βθίνάίίθοιο
2165 3835 2372 3891 Urbani
2430 3834 2480 3888 Il
2537 3832 2765 3903 epistola
2833 3829 2903 3884 ad
2967 3830 3282 3903 Rotgerium
3363 3829 3811 3886 Suessionensem

404 3897 525 3954 ﬁlio
548 3903 870 3954 ARNULPHO
891 3897 1272 3954 Latiniacensi
1285 3900 1481 3956 abbati
1493 3903 1737 3974 ejusque
1762 3919 2054 3960 successo-
2231 3897 2661 3976 episcopum-7
2694 3903 2757 3958 Ut
2783 3903 2845 3957 in
2867 3897 3224 3972 parochianis
3269 3902 3512 3958 ecclesiis
3553 3902 3814 3957 canonici

406 3988 571 4043 ribus
603 3985 950 4060 regulariter
979 3987 1388 4058 promovendis
1417 3988 1476 4045 in
1511 3995 1879 4062 perpetuum.
2235 3973 2510 4044 νὶΩυιάνθδ
2543 3973 2880 4062 ονάίηαηιαν.

479 4077 588 4130 Piie
604 4073 918 4147 postulatio
930 4073 1244 4132 voluntatis
1257 4077 1462 4131 effectu
1482 4060 1655 4134 debet
1667 4085 2052 4152 prosequente
2616 4151 2629 4152 γ
2652 4061 2838 4152 ςῙηῑιἪ
2868 4079 2964 4118 an-
2996 4060 3350 4152 Ιοέξβςίοξᾮέ)

405 4163 704 4236 compleri,
729 4167 1019 4234 quatenus
1039 4167 1097 4218 et
1115 4163 1440 4222 devotionis
1461 4149 1768 4222 sinceritas
1784 4149 1968 4226 lauda?

1812 4149 2049 4226 audam-
2585 4151 2822 4222 [MANSI,
2854 4150 3049 4207 concil.
3082 4149 3193 4218 XX,
3224 4150 3375 4220 677.]

401 4253 534 4308 liter
561 4253 872 4318 elucescat,
902 4256 959 4306 et
991 4253 1213 4308 utilitas
1233 4253 1528 4324 postulata
1546 4253 1695 4310 vires
1717 4255 2052 4313 indubitan-
2251 4259 2526 4316 Unsmus
2556 4273 2708 4330 papa
2737 4257 3024 4312 Boresan
3055 4254 3462 4313 Suessionensi
3490 4255 3710 4312 abbati.

401 4347 488 4396 ter
512 4344 796 4396 assumat.
820 4340 967 4406 Quia
993 4339 1173 4413 igitur
1203 4340 1406 4396 electio
1429 4347 1530 4399 tua
1550 4345 1622 4400 ad
1645 4345 1804 4401 sedis
1825 4351 2050 4418 aposto-
2227 4348 2259 4404 J
2267 4347 2416 4404 ustis
2443 4347 2590 4404 votis
2620 4362 2928 4402 assensum
2948 4347 3222 4418 praebere,
3231 4345 3533 4417 justisque
3553 4342 3809 4416 postula-

397 4429 520 4484 licae
553 4433 787 4500 portum
819 4429 1184 4502 confugiens,
1215 4431 1344 4502 ejus
1393 4433 1702 4490 tuitionem
1751 4435 2048 4493 devotione
2156 4437 2417 4493 tionibus
2437 4451 2610 4492 aures
2633 4434 3077 4490 accommodare
3093 4449 3199 4490 nos
3218 4433 3507 4502 convenit,
3531 4430 3806 4506 qui,licet

396 4517 598 4584 debita
627 4517 950 4590 requisivit,
985 4535 1092 4574 nos
1124 4519 1536 4591 supplicationi
1586 4521 1902 4579 clementer
1943 4542 2046 4580 an-
2155 4525 2404 4600 indigni,
2422 4524 2669 4596 justitia:
2696 4523 2971 4580 custodes
2987 4527 3164 4594 atque
3182 4538 3480 4596 praecones
3498 4522 3560 4578 in
3576 4519 3805 4578 excelsa

397 4607 659 4676 nuimus,
693 4612 751 4662 et
780 4607 932 4663 beati
968 4606 1118 4662 Petri
1150 4608 1545 4667 Latiniacense
1594 4613 2038 4681 monasterium,
2072 4629 2118 4694 D
2150 4615 2549 4688 apostolorum
2573 4612 2906 4686 principum
2927 4613 3079 4668 Petri
3096 4617 3154 4668 et
3175 4611 3342 4668 Pauli
3363 4610 3604 4684 specula
3625 4609 3804 4682 positi

397 4696 489 4751 cui
521 4695 636 4752 Deo
685 4700 920 4752 auctore
971 4697 1264 4768 praesides,
1315 4701 1372 4754 et
1415 4705 1538 4756 tam
1581 4700 1630 4756 ei
1675 4701 2038 4772 adjacentem
2149 4704 2396 4760 Domino
2443 4703 2788 4776 disponente
2840 4701 3110 4758 videmur
3155 4701 3423 4757 existere.
3475 4699 3548 4756 Ut
3617 4697 3802 4772 igitur

395 4783 593 4839 villam
618 4802 792 4857 quam
817 4791 1023 4842 caetera
1045 4787 1242 4844 omnia
1268 4790 1338 4844 ad
1361 4789 1552 4862 ipsum
1569 4791 1918 4862 pertinentia
1929 4793 2040 4848 sub
2150 4791 2433 4866 propositi
2461 4789 2637 4847 vestri
2663 4790 2927 4846 ordinem
2957 4790 3284 4846 secundum
3307 4789 3461 4845 beati
3479 4786 3798 4860 Augustini

398 4871 639 4928 tutelam
671 4873 1000 4945 apostolicae
1025 4876 1182 4933 sedis
1211 4878 1553 4950 excipimus.
1585 4879 1689 4934 Per
1740 4881 2040 4950 praesentis
2153 4881 2416 4954 regulam
2463 4879 2766 4936 commissi
2809 4879 2916 4936 tibi
2951 4879 3161 4934 fratres
3211 4876 3528 4950 tranquille
3568 4875 3802 4932 valeant

391 4961 822 5034 ergoprivilegii
843 4965 1116 5036 paginam
1135 4966 1452 5038 apostolica
1469 4967 1810 5022 auctoritate
1835 4969 2040 5023 statui-
2151 4971 2374 5041 absque
2405 4969 2772 5026 saecularium
2819 4967 3183 5024 tumultuum
3253 4965 3798 5040 perturbationibus

393 5066 531 5104 mus
553 5053 618 5104 ut
639 5055 757 5105 tam
779 5051 1016 5122 prefata
1039 5053 1460 5111 Latiniacensis
1483 5053 1618 5110 villa
1639 5071 1814 5126 quam
1837 5061 2044 5113 caetera
2149 5065 2444 5115 annuente
2475 5059 2720 5114 Domino
2751 5057 3064 5124 custodire,
3083 5055 3464 5130 postulationi
3480 5059 3594 5111 tua:
3610 5053 3798 5111 liben-

392 5137 597 5206 omnia
625 5155 754 5209 qua:
783 5143 975 5195 vestru
987 5159 1038 5196 m
1073 5143 1244 5198 hodie
1287 5143 1710 5199 monasterium
1759 5145 2037 5217 possidet,
2149 5152 2236 5204 ter
2265 5149 2603 5214 annuimus,
2625 5151 2683 5202 et
2705 5146 3080 5219 presentium
3104 5145 3432 5202 litterarum
3451 5142 3798 5202 auctoritate

396 5227 517 5284 sive
539 5227 597 5281 in
621 5228 885 5284 futurum
906 5232 1280 5287 concessione
1301 5231 1666 5303 pontificum,
1693 5231 2040 5291 liberalitate
2149 5239 2544 5306 concedimus,
2579 5241 2644 5293 ut
2672 5237 2732 5292 in
2759 5235 3131 5308 parochianis
3156 5232 3418 5292 ecclesiis
3448 5250 3575 5307 quis
3607 5232 3681 5288 ad
3702 5247 3795 5288 ve.

389 5315 724 5398 principum
739 5317 822 5373 vel
836 5319 1125 5376 oblatione
1138 5319 1394 5375 ﬁdelium
1414 5320 1567 5390 iuste
1577 5327 1752 5396 atque
1763 5323 2039 5380 canonice
2149 5331 2337 5383 strum
2359 5326 2785 5384 monasterium
2809 5324 3116 5398 pertinent,
3135 5321 3432 5398 regulares
3443 5321 3609 5380 vobis
3623 5321 3796 5378 liceat

387 5406 888 5480 poteritadipisci,
914 5407 1206 5464 ﬁrmatibi
1229 5407 1466 5482 tuisque
1486 5414 1946 5482 successoribus,
1982 5415 2042 5470 et
2147 5415 2388 5473 claustri
2417 5415 2594 5474 vestri
2626 5413 2868 5471 clericos
2897 5413 3208 5471 canonicos
3254 5412 3549 5480 ordinare,
3588 5410 3691 5483 qui
3735 5415 3796 5468 et

391 5494 2037 5574 illibatapermaneant.Decernimusergoutnulliomnino
2145 5505 2410 5562 ecclesiis
2437 5505 2583 5578 ipsis
2613 5502 2882 5575 religiose
2911 5503 3186 5572 serviant,
3213 5507 3272 5560 et
3318 5500 3640 5574 adjacentis
3691 5516 3792 5573 po-

384 5582 699 5640 bominum
731 5584 903 5642 liceat
933 5585 1206 5642 eumdem
1237 5585 1428 5644 locum
1459 5593 1676 5648 temere
1695 5593 2036 5666 perturbare
2144 5594 2266 5670 puli
2297 5593 2638 5668 parochiam
2667 5593 2992 5648 secundum
3022 5591 3293 5648 timo-rem
3324 5591 3448 5658 Dei,
3481 5589 3640 5648 salvo
3662 5588 3793 5664 epi-

391 5677 491 5740 aut
522 5675 650 5748 ejus
682 5675 1086 5750 possessiones
1117 5677 1342 5736 auferre
1371 5677 1459 5740 vel
1491 5679 1716 5740 ablatas
1763 5681 2031 5746 retinere.
2143 5685 2306 5760 scopi
2328 5684 2464 5760 jure
2480 5682 2708 5758 dubito,
2730 5681 2980 5742 sollicite
2999 5696 3312 5763 procurare
3329 5695 3446 5741 non
3464 5677 3794 5760 negligant,
