  <div class='ocr_page' id='page_1' title='image "/cluster/home/n/w/nwhite01/storage/ocr_20150623/151/umn.31951002477444s/336.png"; bbox 0 0 3958 6438; ppageno 0'>
   <div class='ocr_carea' id='block_1_1' title="bbox 34 511 167 606">
    <p class='ocr_par' dir='ltr' id='par_1_1' title="bbox 34 511 167 606">
     <span class='ocr_line' id='line_1_1' title="bbox 34 511 167 606; baseline 0.015 -2"><span class='ocrx_word' id='word_1_1' title='bbox 34 511 130 606; x_wconf 69' lang='grc' dir='ltr'>δὲξέ</span> <span class='ocrx_word' id='word_1_2' title='bbox 162 523 167 526; x_wconf 77' lang='grc'><em>’</em></span> 
     </span>
    </p>
   </div>
   <div class='ocr_carea' id='block_1_2' title="bbox 1174 502 2229 602">
    <p class='ocr_par' dir='ltr' id='par_1_2' title="bbox 1174 502 2229 602">
     <span class='ocr_line' id='line_1_2' title="bbox 1174 502 2229 602; baseline -0.005 0"><span class='ocrx_word' id='word_1_3' title='bbox 1174 502 1587 602; x_wconf 56' lang='grc' dir='ltr'>ΕΡΕΤΟΒΕ</span> <span class='ocrx_word' id='word_1_4' title='bbox 1620 539 1720 599; x_wconf 86' lang='lat' dir='ltr'><strong>ET</strong></span> <span class='ocrx_word' id='word_1_5' title='bbox 1763 537 2229 600; x_wconf 84' lang='lat' dir='ltr'>PRIVILEGIA.</span> 
     </span>
    </p>
   </div>
   <div class='ocr_carea' id='block_1_3' title="bbox 3283 544 3401 602">
    <p class='ocr_par' dir='ltr' id='par_1_3' title="bbox 3283 544 3401 602">
     <span class='ocr_line' id='line_1_3' title="bbox 3283 544 3401 602; baseline 0.017 -1"><span class='ocrx_word' id='word_1_6' title='bbox 3283 544 3401 602; x_wconf 76' lang='grc'>526</span> 
     </span>
    </p>
   </div>
   <div class='ocr_carea' id='block_1_4' title="bbox 33 671 3405 750">
    <p class='ocr_par' dir='ltr' id='par_1_4' title="bbox 33 671 3405 750">
     <span class='ocr_line' id='line_1_4' title="bbox 33 671 3405 750; baseline 0 -17"><span class='ocrx_word' id='word_1_7' title='bbox 33 684 291 750; x_wconf 79' lang='lat' dir='ltr'>quatenus</span> <span class='ocrx_word' id='word_1_8' title='bbox 311 677 510 733; x_wconf 80' lang='lat' dir='ltr'>omnia</span> <span class='ocrx_word' id='word_1_9' title='bbox 533 694 659 749; x_wconf 72' lang='lat' dir='ltr'>qua:</span> <span class='ocrx_word' id='word_1_10' title='bbox 683 677 894 731; x_wconf 90' lang='lat' dir='ltr'>domus</span> <span class='ocrx_word' id='word_1_11' title='bbox 926 675 1027 731; x_wconf 91' lang='lat' dir='ltr'>Dei</span> <span class='ocrx_word' id='word_1_12' title='bbox 1050 679 1188 730; x_wconf 86' lang='lat' dir='ltr'>sunt</span> <span class='ocrx_word' id='word_1_13' title='bbox 1212 690 1246 728; x_wconf 88' lang='lat' dir='ltr'>a</span> <span class='ocrx_word' id='word_1_14' title='bbox 1285 672 1648 745; x_wconf 73' lang='lat' dir='ltr'>sapientibus</span> <span class='ocrx_word' id='word_1_15' title='bbox 1676 676 1733 739; x_wconf 86' lang='grc' dir='ltr'><strong>Α</strong></span> <span class='ocrx_word' id='word_1_16' title='bbox 1762 675 1983 740; x_wconf 87' lang='lat' dir='ltr'>serunt,</span> <span class='ocrx_word' id='word_1_17' title='bbox 2016 671 2206 726; x_wconf 89' lang='lat' dir='ltr'>redire</span> <span class='ocrx_word' id='word_1_18' title='bbox 2236 671 2475 725; x_wconf 88' lang='lat' dir='ltr'>omnino</span> <span class='ocrx_word' id='word_1_19' title='bbox 2505 672 2577 727; x_wconf 91' lang='lat' dir='ltr'>ad</span> <span class='ocrx_word' id='word_1_20' title='bbox 2632 672 3077 742; x_wconf 82' lang='lat' dir='ltr'>monasterium,</span> <span class='ocrx_word' id='word_1_21' title='bbox 3119 679 3176 732; x_wconf 93' lang='lat' dir='ltr'>et</span> <span class='ocrx_word' id='word_1_22' title='bbox 3206 678 3405 733; x_wconf 84' lang='lat' dir='ltr'>votum</span> 
     </span>
    </p>
   </div>
   <div class='ocr_carea' id='block_1_5' title="bbox 31 766 917 840">
    <p class='ocr_par' dir='ltr' id='par_1_5' title="bbox 31 766 917 840">
     <span class='ocr_line' id='line_1_5' title="bbox 31 766 917 840; baseline -0.002 -16"><span class='ocrx_word' id='word_1_23' title='bbox 31 772 74 824; x_wconf 88' lang='lat' dir='ltr'>et</span> <span class='ocrx_word' id='word_1_24' title='bbox 99 766 381 840; x_wconf 79' lang='lat' dir='ltr'>sapienter</span> <span class='ocrx_word' id='word_1_25' title='bbox 415 766 917 823; x_wconf 80' lang='lat' dir='ltr'>administrentur.</span> 
     </span>
    </p>
   </div>
   <div class='ocr_carea' id='block_1_6' title="bbox 86 853 643 913">
    <p class='ocr_par' dir='ltr' id='par_1_6' title="bbox 86 853 643 913">
     <span class='ocr_line' id='line_1_6' title="bbox 86 853 643 913; baseline -0.002 -2"><span class='ocrx_word' id='word_1_26' title='bbox 86 859 219 913; x_wconf 85' lang='lat' dir='ltr'>Data</span> <span class='ocrx_word' id='word_1_27' title='bbox 246 873 282 911; x_wconf 84' lang='grc' dir='ltr'>ιι</span> <span class='ocrx_word' id='word_1_28' title='bbox 315 855 454 911; x_wconf 90' lang='lat' dir='ltr'>Idus</span> <span class='ocrx_word' id='word_1_29' title='bbox 483 853 643 910; x_wconf 84' lang='lat' dir='ltr'>Julii.</span> 
     </span>
    </p>
   </div>
   <div class='ocr_carea' id='block_1_7' title="bbox 683 942 952 999">
    <p class='ocr_par' dir='ltr' id='par_1_7' title="bbox 683 942 952 999">
     <span class='ocr_line' id='line_1_7' title="bbox 683 942 952 999; baseline -0.007 0"><span class='ocrx_word' id='word_1_30' title='bbox 683 942 952 999; x_wconf 83' lang='lat' dir='ltr'>CCLXIII.</span> 
     </span>
    </p>
   </div>
   <div class='ocr_carea' id='block_1_8' title="bbox 32 1028 1650 1158">
    <p class='ocr_par' dir='ltr' id='par_1_8' title="bbox 32 1028 1650 1158">
     <span class='ocr_line' id='line_1_8' title="bbox 32 1028 1650 1158; baseline -0.007 -66"><span class='ocrx_word' id='word_1_31' title='bbox 32 1035 213 1093; x_wconf 86' lang='lat' dir='ltr'>Urbani</span> <span class='ocrx_word' id='word_1_32' title='bbox 245 1048 411 1107; x_wconf 66' lang='lat' dir='ltr'>papae</span> <span class='ocrx_word' id='word_1_33' title='bbox 449 1029 1157 1158; x_wconf 54' lang='lat' dir='ltr'>epistolqaldtBernardmn</span> <span class='ocrx_word' id='word_1_34' title='bbox 1191 1028 1650 1100; x_wconf 74' lang='lat' dir='ltr'>archiepiscopum</span> 
     </span>
     <span class='ocr_line' id='line_1_9' title="bbox 696 1119 996 1158; baseline -0.007 0"><span class='ocrx_word' id='word_1_35' title='bbox 696 1120 724 1158; x_wconf 91' lang='grc' dir='ltr'><em>ο</em></span> <span class='ocrx_word' id='word_1_36' title='bbox 751 1119 778 1158; x_wconf 84' lang='lat' dir='ltr'>e</span> <span class='ocrx_word' id='word_1_37' title='bbox 803 1119 996 1158; x_wconf 84' lang='lat' dir='ltr'>anum.</span> 
     </span>
    </p>
   </div>
   <div class='ocr_carea' id='block_1_9' title="bbox 696 1119 996 1159">
    <p class='ocr_par' dir='ltr' id='par_1_9' title="bbox 696 1119 996 1159">
     <span class='ocr_line' id='line_1_10' title="bbox 696 1119 996 1159; baseline -0.01 0"><span class='ocrx_word' id='word_1_38' title='bbox 696 1119 996 1159; x_wconf 74' lang='lat' dir='ltr'>eletanum.</span> 
     </span>
    </p>
   </div>
   <div class='ocr_carea' id='block_1_10' title="bbox 463 1189 1189 1267">
    <p class='ocr_par' dir='ltr' id='par_1_10' title="bbox 463 1189 1189 1267">
     <span class='ocr_line' id='line_1_11' title="bbox 463 1189 1189 1267; baseline -0.008 -18"><span class='ocrx_word' id='word_1_39' title='bbox 463 1194 645 1267; x_wconf 88' lang='lat' dir='ltr'>(Intra</span> <span class='ocrx_word' id='word_1_40' title='bbox 695 1210 788 1247; x_wconf 88' lang='lat' dir='ltr'>an.</span> <span class='ocrx_word' id='word_1_41' title='bbox 838 1189 1189 1260; x_wconf 68' lang='lat'>1088—1099.)</span> 
     </span>
    </p>
   </div>
   <div class='ocr_carea' id='block_1_11' title="bbox 429 1278 1224 1353">
    <p class='ocr_par' dir='ltr' id='par_1_11' title="bbox 429 1278 1224 1353">
     <span class='ocr_line' id='line_1_12' title="bbox 429 1278 1224 1353; baseline -0.006 -15"><span class='ocrx_word' id='word_1_42' title='bbox 429 1281 662 1353; x_wconf 68' lang='lat' dir='ltr'>[MANSI,</span> <span class='ocrx_word' id='word_1_43' title='bbox 689 1281 895 1337; x_wconf 84' lang='lat' dir='ltr'>Concil.</span> <span class='ocrx_word' id='word_1_44' title='bbox 929 1280 1036 1347; x_wconf 82' lang='lat' dir='ltr'>XX,</span> <span class='ocrx_word' id='word_1_45' title='bbox 1070 1278 1224 1348; x_wconf 78' lang='lat' dir='ltr'>70L]</span> 
     </span>
    </p>
   </div>
   <div class='ocr_carea' id='block_1_12' title="bbox 83 1382 1652 1462">
    <p class='ocr_par' dir='ltr' id='par_1_12' title="bbox 83 1382 1652 1462">
     <span class='ocr_line' id='line_1_13' title="bbox 83 1382 1652 1462; baseline -0.008 -14"><span class='ocrx_word' id='word_1_46' title='bbox 83 1392 347 1448; x_wconf 64' lang='lat' dir='ltr'>Unnanus</span> <span class='ocrx_word' id='word_1_47' title='bbox 374 1389 703 1462; x_wconf 86' lang='lat' dir='ltr'>episcopus,</span> <span class='ocrx_word' id='word_1_48' title='bbox 737 1405 941 1443; x_wconf 85' lang='lat' dir='ltr'>servus</span> <span class='ocrx_word' id='word_1_49' title='bbox 961 1402 1261 1442; x_wconf 89' lang='lat' dir='ltr'>servorum</span> <span class='ocrx_word' id='word_1_50' title='bbox 1286 1383 1409 1452; x_wconf 87' lang='lat' dir='ltr'>Dei,</span> <span class='ocrx_word' id='word_1_51' title='bbox 1445 1382 1652 1437; x_wconf 89' lang='lat' dir='ltr'>dilecto</span> 
     </span>
    </p>
   </div>
   <div class='ocr_carea' id='block_1_13' title="bbox 30 1472 1655 1551">
    <p class='ocr_par' dir='ltr' id='par_1_13' title="bbox 30 1472 1655 1551">
     <span class='ocr_line' id='line_1_14' title="bbox 30 1472 1655 1551; baseline -0.007 -15"><span class='ocrx_word' id='word_1_52' title='bbox 30 1481 170 1537; x_wconf 81' lang='lat' dir='ltr'>fratri</span> <span class='ocrx_word' id='word_1_53' title='bbox 201 1484 255 1536; x_wconf 88' lang='lat' dir='ltr'>et</span> <span class='ocrx_word' id='word_1_54' title='bbox 275 1479 615 1551; x_wconf 86' lang='lat' dir='ltr'>coepiscopo</span> <span class='ocrx_word' id='word_1_55' title='bbox 666 1478 979 1533; x_wconf 62' lang='lat' dir='ltr'>Benxanno</span> <span class='ocrx_word' id='word_1_56' title='bbox 1010 1474 1288 1531; x_wconf 88' lang='lat' dir='ltr'>Toletano</span> <span class='ocrx_word' id='word_1_57' title='bbox 1319 1472 1567 1528; x_wconf 82' lang='lat' dir='ltr'>salutem</span> <span class='ocrx_word' id='word_1_58' title='bbox 1599 1473 1655 1524; x_wconf 90' lang='lat' dir='ltr'>et</span> 
     </span>
    </p>
   </div>
   <div class='ocr_carea' id='block_1_14' title="bbox 29 1566 897 1642">
    <p class='ocr_par' dir='ltr' id='par_1_14' title="bbox 29 1566 897 1642">
     <span class='ocr_line' id='line_1_15' title="bbox 29 1566 897 1642; baseline -0.007 -17"><span class='ocrx_word' id='word_1_59' title='bbox 29 1569 384 1642; x_wconf 80' lang='lat' dir='ltr'>apostolicam</span> <span class='ocrx_word' id='word_1_60' title='bbox 416 1566 897 1623; x_wconf 82' lang='lat' dir='ltr'>benedictionem.</span> 
     </span>
    </p>
   </div>
   <div class='ocr_carea' id='block_1_15' title="bbox 88 1649 1654 1728">
    <p class='ocr_par' dir='ltr' id='par_1_15' title="bbox 88 1649 1654 1728">
     <span class='ocr_line' id='line_1_16' title="bbox 88 1649 1654 1728; baseline -0.006 -15"><span class='ocrx_word' id='word_1_61' title='bbox 88 1660 423 1713; x_wconf 84' lang='lat' dir='ltr'>Litterarum</span> <span class='ocrx_word' id='word_1_62' title='bbox 453 1655 825 1728; x_wconf 63' lang='lat' dir='ltr'>praesentium</span> <span class='ocrx_word' id='word_1_63' title='bbox 859 1654 1008 1710; x_wconf 84' lang='lat' dir='ltr'>lator</span> <span class='ocrx_word' id='word_1_64' title='bbox 1037 1653 1108 1708; x_wconf 88' lang='lat' dir='ltr'>ad</span> <span class='ocrx_word' id='word_1_65' title='bbox 1164 1669 1270 1707; x_wconf 88' lang='lat' dir='ltr'>nos</span> <span class='ocrx_word' id='word_1_66' title='bbox 1315 1651 1550 1706; x_wconf 88' lang='lat' dir='ltr'>veniens</span> <span class='ocrx_word' id='word_1_67' title='bbox 1581 1649 1654 1703; x_wconf 87' lang='lat' dir='ltr'>ab</span> 
     </span>
    </p>
   </div>
   <div class='ocr_carea' id='block_1_16' title="bbox 28 1740 1656 1816">
    <p class='ocr_par' dir='ltr' id='par_1_16' title="bbox 28 1740 1656 1816">
     <span class='ocr_line' id='line_1_17' title="bbox 28 1740 1656 1816; baseline -0.007 -13"><span class='ocrx_word' id='word_1_68' title='bbox 28 1747 289 1803; x_wconf 75' lang='lat' dir='ltr'>exorcisla</span> <span class='ocrx_word' id='word_1_69' title='bbox 313 1761 497 1816; x_wconf 87' lang='lat' dir='ltr'>usque</span> <span class='ocrx_word' id='word_1_70' title='bbox 521 1745 589 1798; x_wconf 87' lang='lat' dir='ltr'>ad</span> <span class='ocrx_word' id='word_1_71' title='bbox 618 1743 1010 1798; x_wconf 81' lang='lat' dir='ltr'>sacerdotium</span> <span class='ocrx_word' id='word_1_72' title='bbox 1043 1740 1273 1796; x_wconf 88' lang='lat' dir='ltr'>nullum</span> <span class='ocrx_word' id='word_1_73' title='bbox 1306 1740 1569 1795; x_wconf 81' lang='lat' dir='ltr'>ordinem</span> <span class='ocrx_word' id='word_1_74' title='bbox 1596 1754 1656 1793; x_wconf 89' lang='lat' dir='ltr'>sc</span> 
     </span>
    </p>
   </div>
   <div class='ocr_carea' id='block_1_17' title="bbox 28 1827 1661 1908">
    <p class='ocr_par' dir='ltr' id='par_1_17' title="bbox 28 1827 1661 1908">
     <span class='ocr_line' id='line_1_18' title="bbox 28 1827 1661 1908; baseline -0.007 -16"><span class='ocrx_word' id='word_1_75' title='bbox 28 1835 297 1908; x_wconf 84' lang='lat' dir='ltr'>accepisse</span> <span class='ocrx_word' id='word_1_76' title='bbox 328 1835 631 1890; x_wconf 86' lang='lat' dir='ltr'>confessus</span> <span class='ocrx_word' id='word_1_77' title='bbox 662 1839 767 1888; x_wconf 89' lang='lat' dir='ltr'>est.</span> <span class='ocrx_word' id='word_1_78' title='bbox 803 1832 965 1897; x_wconf 89' lang='lat' dir='ltr'>Quod</span> <span class='ocrx_word' id='word_1_79' title='bbox 998 1831 1303 1887; x_wconf 82' lang='lat' dir='ltr'>audientes</span> <span class='ocrx_word' id='word_1_80' title='bbox 1333 1827 1661 1900; x_wconf 84' lang='lat' dir='ltr'>plurimum</span> 
     </span>
    </p>
   </div>
   <div class='ocr_carea' id='block_1_18' title="bbox 28 1916 1658 1994">
    <p class='ocr_par' dir='ltr' id='par_1_18' title="bbox 28 1916 1658 1994">
     <span class='ocr_line' id='line_1_19' title="bbox 28 1916 1658 1994; baseline -0.007 -13"><span class='ocrx_word' id='word_1_81' title='bbox 28 1925 205 1982; x_wconf 83' lang='lat' dir='ltr'>mirati</span> <span class='ocrx_word' id='word_1_82' title='bbox 256 1940 485 1980; x_wconf 90' lang='lat' dir='ltr'>sumus.</span> <span class='ocrx_word' id='word_1_83' title='bbox 518 1923 585 1977; x_wconf 86' lang='lat' dir='ltr'>Et</span> <span class='ocrx_word' id='word_1_84' title='bbox 641 1922 780 1994; x_wconf 85' lang='lat' dir='ltr'>quia</span> <span class='ocrx_word' id='word_1_85' title='bbox 809 1923 937 1992; x_wconf 90' lang='lat' dir='ltr'>ejus</span> <span class='ocrx_word' id='word_1_86' title='bbox 968 1937 1224 1993; x_wconf 84' lang='lat' dir='ltr'>persona</span> <span class='ocrx_word' id='word_1_87' title='bbox 1255 1917 1424 1973; x_wconf 89' lang='lat' dir='ltr'>nobis</span> <span class='ocrx_word' id='word_1_88' title='bbox 1456 1916 1658 1989; x_wconf 89' lang='lat' dir='ltr'>ignota</span> 
     </span>
    </p>
   </div>
   <div class='ocr_carea' id='block_1_19' title="bbox 1761 759 2622 832">
    <p class='ocr_par' dir='ltr' id='par_1_19' title="bbox 1761 759 2622 832">
     <span class='ocr_line' id='line_1_20' title="bbox 1761 759 2622 832; baseline -0.001 -17"><span class='ocrx_word' id='word_1_89' title='bbox 1761 776 1938 816; x_wconf 90' lang='lat' dir='ltr'>suum</span> <span class='ocrx_word' id='word_1_90' title='bbox 1969 759 2288 832; x_wconf 82' lang='lat' dir='ltr'>adimplere</span> <span class='ocrx_word' id='word_1_91' title='bbox 2319 762 2622 832; x_wconf 89' lang='lat' dir='ltr'>cogantur.</span> 
     </span>
    </p>
   </div>
   <div class='ocr_carea' id='block_1_20' title="bbox 1833 852 2204 917">
    <p class='ocr_par' dir='ltr' id='par_1_20' title="bbox 1833 852 2204 917">
     <span class='ocr_line' id='line_1_21' title="bbox 1833 852 2204 917; baseline 0 -14"><span class='ocrx_word' id='word_1_92' title='bbox 1833 852 2063 917; x_wconf 88' lang='lat' dir='ltr'>Datum,</span> <span class='ocrx_word' id='word_1_93' title='bbox 2096 852 2204 904; x_wconf 90' lang='lat' dir='ltr'>etc.</span> 
     </span>
    </p>
   </div>
   <div class='ocr_carea' id='block_1_21' title="bbox 2457 938 2705 996">
    <p class='ocr_par' dir='ltr' id='par_1_21' title="bbox 2457 938 2705 996">
     <span class='ocr_line' id='line_1_22' title="bbox 2457 938 2705 996; baseline 0.008 -3"><span class='ocrx_word' id='word_1_94' title='bbox 2457 938 2705 996; x_wconf 85' lang='lat' dir='ltr'>CCLXV.</span> 
     </span>
    </p>
   </div>
   <div class='ocr_carea' id='block_1_22' title="bbox 1763 1028 3407 1101">
    <p class='ocr_par' dir='ltr' id='par_1_22' title="bbox 1763 1028 3407 1101">
     <span class='ocr_line' id='line_1_23' title="bbox 1763 1028 3407 1101; baseline 0.003 -16"><span class='ocrx_word' id='word_1_95' title='bbox 1763 1029 1967 1085; x_wconf 80' lang='lat' dir='ltr'>Urbani</span> <span class='ocrx_word' id='word_1_96' title='bbox 1995 1030 2045 1084; x_wconf 84' lang='lat' dir='ltr'><strong><em>II</em></strong></span> <span class='ocrx_word' id='word_1_97' title='bbox 2092 1042 2257 1100; x_wconf 73' lang='lat' dir='ltr'>papa:</span> <span class='ocrx_word' id='word_1_98' title='bbox 2305 1028 2670 1099; x_wconf 79' lang='lat' dir='ltr'>privilegium</span> <span class='ocrx_word' id='word_1_99' title='bbox 2702 1045 2805 1101; x_wconf 86' lang='lat' dir='ltr'>pro</span> <span class='ocrx_word' id='word_1_100' title='bbox 2854 1031 3093 1088; x_wconf 78' lang='lat' dir='ltr'>Ecclesia</span> <span class='ocrx_word' id='word_1_101' title='bbox 3144 1034 3407 1090; x_wconf 81' lang='lat' dir='ltr'>Jaccensi.</span> 
     </span>
    </p>
   </div>
   <div class='ocr_carea' id='block_1_23' title="bbox 2262 1117 2948 1192">
    <p class='ocr_par' dir='ltr' id='par_1_23' title="bbox 2262 1117 2948 1192">
     <span class='ocr_line' id='line_1_24' title="bbox 2262 1117 2948 1192; baseline 0.004 -21"><span class='ocrx_word' id='word_1_102' title='bbox 2262 1117 2443 1189; x_wconf 88' lang='lat' dir='ltr'>(Intra</span> <span class='ocrx_word' id='word_1_103' title='bbox 2463 1134 2556 1173; x_wconf 87' lang='lat' dir='ltr'>an.</span> <span class='ocrx_word' id='word_1_104' title='bbox 2590 1118 2948 1192; x_wconf 81' lang='lat'>1088-1099.)</span> 
     </span>
    </p>
   </div>
   <div class='ocr_carea' id='block_1_24' title="bbox 1761 1206 3412 1285">
    <p class='ocr_par' dir='ltr' id='par_1_24' title="bbox 1761 1206 3412 1285">
     <span class='ocr_line' id='line_1_25' title="bbox 1761 1206 3412 1285; baseline 0.004 -24"><span class='ocrx_word' id='word_1_105' title='bbox 1761 1209 1995 1278; x_wconf 44' lang='lat' dir='ltr'>[Amsm</span> <span class='ocrx_word' id='word_1_106' title='bbox 2046 1206 2381 1285; x_wconf 59' lang='grc' dir='ltr'>Ρίιηίίασίιηι3</span> <span class='ocrx_word' id='word_1_107' title='bbox 2435 1207 2789 1285; x_wconf 60' lang='lat' dir='ltr'>expetendas,</span> <span class='ocrx_word' id='word_1_108' title='bbox 2840 1209 3120 1285; x_wconf 54' lang='lat' dir='ltr'>grandem</span> <span class='ocrx_word' id='word_1_109' title='bbox 3175 1229 3210 1285; x_wconf 83' lang='lat' dir='ltr'><em>y</em></span> <span class='ocrx_word' id='word_1_110' title='bbox 3260 1228 3412 1268; x_wconf 77' lang='lat' dir='ltr'>cosas</span> 
     </span>
    </p>
   </div>
   <div class='ocr_carea' id='block_1_25' title="bbox 2078 1278 3087 1353">
    <p class='ocr_par' dir='ltr' id='par_1_25' title="bbox 2078 1278 3087 1353">
     <span class='ocr_line' id='line_1_26' title="bbox 2078 1278 3087 1353; baseline 0.004 -21"><span class='ocrx_word' id='word_1_111' title='bbox 2078 1278 2434 1333; x_wconf 77' lang='lat' dir='ltr'>memorablcs</span> <span class='ocrx_word' id='word_1_112' title='bbox 2479 1278 2546 1333; x_wconf 82' lang='lat' dir='ltr'>de</span> <span class='ocrx_word' id='word_1_113' title='bbox 2587 1281 2810 1348; x_wconf 84' lang='lat' dir='ltr'>Huesca,</span> <span class='ocrx_word' id='word_1_114' title='bbox 2844 1297 2902 1352; x_wconf 90' lang='lat' dir='ltr'>p.</span> <span class='ocrx_word' id='word_1_115' title='bbox 2933 1282 3087 1353; x_wconf 87' lang='lat'>539.]</span> 
     </span>
    </p>
   </div>
   <div class='ocr_carea' id='block_1_26' title="bbox 1833 1383 3403 1463">
    <p class='ocr_par' dir='ltr' id='par_1_26' title="bbox 1833 1383 3403 1463">
     <span class='ocr_line' id='line_1_27' title="bbox 1833 1383 3403 1463; baseline 0.005 -25"><span class='ocrx_word' id='word_1_116' title='bbox 1833 1383 2109 1439; x_wconf 74' lang='lat' dir='ltr'>URBANUS</span> <span class='ocrx_word' id='word_1_117' title='bbox 2133 1383 2465 1456; x_wconf 88' lang='lat' dir='ltr'>episcopus,</span> <span class='ocrx_word' id='word_1_118' title='bbox 2497 1402 2699 1441; x_wconf 84' lang='lat' dir='ltr'>servus</span> <span class='ocrx_word' id='word_1_119' title='bbox 2730 1404 3028 1445; x_wconf 89' lang='lat' dir='ltr'>servorum</span> <span class='ocrx_word' id='word_1_120' title='bbox 3050 1389 3173 1463; x_wconf 87' lang='lat' dir='ltr'>Dei,</span> <span class='ocrx_word' id='word_1_121' title='bbox 3194 1390 3403 1463; x_wconf 66' lang='lat' dir='ltr'>Pereo,</span> 
     </span>
    </p>
   </div>
   <div class='ocr_carea' id='block_1_27' title="bbox 1762 1472 3409 1546">
    <p class='ocr_par' dir='ltr' id='par_1_27' title="bbox 1762 1472 3409 1546">
     <span class='ocr_line' id='line_1_28' title="bbox 1762 1472 3409 1546; baseline 0.005 -17"><span class='ocrx_word' id='word_1_122' title='bbox 1762 1473 2033 1529; x_wconf 87' lang='lat' dir='ltr'>Oscitano</span> <span class='ocrx_word' id='word_1_123' title='bbox 2052 1472 2345 1545; x_wconf 84' lang='lat' dir='ltr'>episcopo,</span> <span class='ocrx_word' id='word_1_124' title='bbox 2380 1474 2623 1546; x_wconf 86' lang='lat' dir='ltr'>ejusque</span> <span class='ocrx_word' id='word_1_125' title='bbox 2652 1477 3092 1536; x_wconf 88' lang='lat' dir='ltr'>successoribus</span> <span class='ocrx_word' id='word_1_126' title='bbox 3131 1481 3409 1538; x_wconf 87' lang='lat' dir='ltr'>canonice</span> 
     </span>
    </p>
   </div>
   <div class='ocr_carea' id='block_1_28' title="bbox 1762 1561 2657 1635">
    <p class='ocr_par' dir='ltr' id='par_1_28' title="bbox 1762 1561 2657 1635">
     <span class='ocr_line' id='line_1_29' title="bbox 1762 1561 2657 1635; baseline 0.001 -18"><span class='ocrx_word' id='word_1_127' title='bbox 1762 1561 2171 1635; x_wconf 85' lang='lat' dir='ltr'>promovendis</span> <span class='ocrx_word' id='word_1_128' title='bbox 2202 1562 2261 1617; x_wconf 90' lang='lat' dir='ltr'>in</span> <span class='ocrx_word' id='word_1_129' title='bbox 2293 1566 2657 1634; x_wconf 90' lang='lat' dir='ltr'>perpetuum.</span> 
     </span>
    </p>
   </div>
   <div class='ocr_carea' id='block_1_29' title="bbox 1836 1650 3408 1724">
    <p class='ocr_par' dir='ltr' id='par_1_29' title="bbox 1836 1650 3408 1724">
     <span class='ocr_line' id='line_1_30' title="bbox 1836 1650 3408 1724; baseline 0.008 -20"><span class='ocrx_word' id='word_1_130' title='bbox 1836 1650 2243 1706; x_wconf 67' lang='lat' dir='ltr'>Misericordiae</span> <span class='ocrx_word' id='word_1_131' title='bbox 2276 1656 2464 1706; x_wconf 88' lang='lat' dir='ltr'>mater</span> <span class='ocrx_word' id='word_1_132' title='bbox 2483 1656 2541 1707; x_wconf 88' lang='lat' dir='ltr'>et</span> <span class='ocrx_word' id='word_1_133' title='bbox 2581 1653 2824 1724; x_wconf 73' lang='lat' dir='ltr'>justitiae</span> <span class='ocrx_word' id='word_1_134' title='bbox 2860 1660 3058 1712; x_wconf 91' lang='lat' dir='ltr'>custos</span> <span class='ocrx_word' id='word_1_135' title='bbox 3091 1659 3260 1715; x_wconf 87' lang='lat' dir='ltr'>sedes</span> <span class='ocrx_word' id='word_1_136' title='bbox 3290 1660 3408 1716; x_wconf 76' lang='grc' dir='ltr'>Βο-</span> 
     </span>
    </p>
   </div>
   <div class='ocr_carea' id='block_1_30' title="bbox 1764 1739 3407 1820">
    <p class='ocr_par' dir='ltr' id='par_1_30' title="bbox 1764 1739 3407 1820">
     <span class='ocr_line' id='line_1_31' title="bbox 1764 1739 3407 1820; baseline 0.006 -24"><span class='ocrx_word' id='word_1_137' title='bbox 1764 1757 1940 1796; x_wconf 88' lang='lat' dir='ltr'>mana</span> <span class='ocrx_word' id='word_1_138' title='bbox 1970 1757 2003 1795; x_wconf 88' lang='lat' dir='ltr'>a</span> <span class='ocrx_word' id='word_1_139' title='bbox 2033 1739 2280 1795; x_wconf 92' lang='lat' dir='ltr'>Domino</span> <span class='ocrx_word' id='word_1_140' title='bbox 2309 1741 2451 1796; x_wconf 90' lang='lat' dir='ltr'>Jesu</span> <span class='ocrx_word' id='word_1_141' title='bbox 2482 1741 2732 1808; x_wconf 87' lang='lat' dir='ltr'>Christo,</span> <span class='ocrx_word' id='word_1_142' title='bbox 2765 1745 2863 1817; x_wconf 87' lang='lat' dir='ltr'>qui</span> <span class='ocrx_word' id='word_1_143' title='bbox 2913 1746 3096 1803; x_wconf 91' lang='lat' dir='ltr'>beatis</span> <span class='ocrx_word' id='word_1_144' title='bbox 3127 1748 3407 1820; x_wconf 86' lang='lat' dir='ltr'>apostolis</span> 
     </span>
    </p>
   </div>
   <div class='ocr_carea' id='block_1_31' title="bbox 1765 1828 3408 1909">
    <p class='ocr_par' dir='ltr' id='par_1_31' title="bbox 1765 1828 3408 1909">
     <span class='ocr_line' id='line_1_32' title="bbox 1765 1828 3408 1909; baseline 0.007 -25"><span class='ocrx_word' id='word_1_145' title='bbox 1765 1831 1932 1885; x_wconf 85' lang='lat' dir='ltr'>Petro</span> <span class='ocrx_word' id='word_1_146' title='bbox 1962 1834 2018 1884; x_wconf 89' lang='lat' dir='ltr'>et</span> <span class='ocrx_word' id='word_1_147' title='bbox 2048 1828 2228 1884; x_wconf 89' lang='lat' dir='ltr'>Paulo</span> <span class='ocrx_word' id='word_1_148' title='bbox 2285 1828 2508 1902; x_wconf 86' lang='lat' dir='ltr'>ligandi</span> <span class='ocrx_word' id='word_1_149' title='bbox 2539 1834 2715 1903; x_wconf 86' lang='lat' dir='ltr'>atque</span> <span class='ocrx_word' id='word_1_150' title='bbox 2769 1832 3028 1891; x_wconf 87' lang='lat' dir='ltr'>solvendi</span> <span class='ocrx_word' id='word_1_151' title='bbox 3058 1840 3408 1909; x_wconf 85' lang='lat' dir='ltr'>potestatem</span> 
     </span>
    </p>
   </div>
   <div class='ocr_carea' id='block_1_32' title="bbox 1767 1917 3411 1990">
    <p class='ocr_par' dir='ltr' id='par_1_32' title="bbox 1767 1917 3411 1990">
     <span class='ocr_line' id='line_1_33' title="bbox 1767 1917 3411 1990; baseline 0.006 -16"><span class='ocrx_word' id='word_1_152' title='bbox 1767 1917 2076 1985; x_wconf 88' lang='lat' dir='ltr'>concessit,</span> <span class='ocrx_word' id='word_1_153' title='bbox 2096 1918 2403 1974; x_wconf 89' lang='lat' dir='ltr'>observare</span> <span class='ocrx_word' id='word_1_154' title='bbox 2416 1919 2711 1990; x_wconf 87' lang='lat' dir='ltr'>justitiam</span> <span class='ocrx_word' id='word_1_155' title='bbox 2734 1925 2791 1978; x_wconf 92' lang='lat' dir='ltr'>et</span> <span class='ocrx_word' id='word_1_156' title='bbox 2811 1923 3268 1983; x_wconf 87' lang='lat' dir='ltr'>misericordiam</span> <span class='ocrx_word' id='word_1_157' title='bbox 3298 1927 3411 1984; x_wconf 88' lang='lat' dir='ltr'>im-</span> 
     </span>
    </p>
   </div>
   <div class='ocr_carea' id='block_1_33' title="bbox 27 2006 3413 2107">
    <p class='ocr_par' dir='ltr' id='par_1_33' title="bbox 27 2006 3413 2107">
     <span class='ocr_line' id='line_1_34' title="bbox 27 2006 3413 2107; baseline 0.001 -36"><span class='ocrx_word' id='word_1_158' title='bbox 27 2016 137 2107; x_wconf 86' lang='lat' dir='ltr'>sine</span> <span class='ocrx_word' id='word_1_159' title='bbox 167 2013 376 2070; x_wconf 88' lang='lat' dir='ltr'>litteris</span> <span class='ocrx_word' id='word_1_160' title='bbox 405 2018 462 2068; x_wconf 89' lang='lat' dir='ltr'>et</span> <span class='ocrx_word' id='word_1_161' title='bbox 483 2011 608 2067; x_wconf 89' lang='lat' dir='ltr'>sine</span> <span class='ocrx_word' id='word_1_162' title='bbox 642 2010 777 2067; x_wconf 90' lang='lat' dir='ltr'>ullis</span> <span class='ocrx_word' id='word_1_163' title='bbox 799 2010 1031 2107; x_wconf 74' lang='lat' dir='ltr'>indiciis</span> <span class='ocrx_word' id='word_1_164' title='bbox 1075 2013 1273 2065; x_wconf 88' lang='lat' dir='ltr'>nostro</span> <span class='ocrx_word' id='word_1_165' title='bbox 1305 2024 1367 2063; x_wconf 91' lang='lat' dir='ltr'>se</span> <span class='ocrx_word' id='word_1_166' title='bbox 1400 2020 1656 2106; x_wconf 69' lang='lat' dir='ltr'>praesen-</span> <span class='ocrx_word' id='word_1_167' title='bbox 1687 2042 1735 2107; x_wconf 79' lang='grc' dir='ltr'>Β</span> <span class='ocrx_word' id='word_1_168' title='bbox 1768 2008 2019 2080; x_wconf 90' lang='lat' dir='ltr'>pendere</span> <span class='ocrx_word' id='word_1_169' title='bbox 2051 2006 2272 2061; x_wconf 86' lang='lat' dir='ltr'>didicit.</span> <span class='ocrx_word' id='word_1_170' title='bbox 2290 2007 2610 2080; x_wconf 88' lang='lat' dir='ltr'>Sequentes</span> <span class='ocrx_word' id='word_1_171' title='bbox 2640 2010 2820 2083; x_wconf 86' lang='lat' dir='ltr'>igitur</span> <span class='ocrx_word' id='word_1_172' title='bbox 2847 2015 3281 2073; x_wconf 85' lang='lat' dir='ltr'>constitutionis</span> <span class='ocrx_word' id='word_1_173' title='bbox 3311 2033 3413 2090; x_wconf 86' lang='lat' dir='ltr'>pa-</span> 
     </span>
    </p>
   </div>
   <div class='ocr_carea' id='block_1_34' title="bbox 27 2094 1654 2175">
    <p class='ocr_par' dir='ltr' id='par_1_34' title="bbox 27 2094 1654 2175">
     <span class='ocr_line' id='line_1_35' title="bbox 27 2094 1654 2175; baseline -0.007 -15"><span class='ocrx_word' id='word_1_174' title='bbox 27 2104 151 2161; x_wconf 84' lang='lat' dir='ltr'>tavit</span> <span class='ocrx_word' id='word_1_175' title='bbox 177 2102 532 2175; x_wconf 89' lang='lat' dir='ltr'>conspectui,</span> <span class='ocrx_word' id='word_1_176' title='bbox 587 2118 720 2157; x_wconf 89' lang='lat' dir='ltr'>eum</span> <span class='ocrx_word' id='word_1_177' title='bbox 754 2099 1086 2155; x_wconf 89' lang='lat' dir='ltr'>strenuitati</span> <span class='ocrx_word' id='word_1_178' title='bbox 1137 2102 1249 2152; x_wconf 74' lang='lat' dir='ltr'>tuae</span> <span class='ocrx_word' id='word_1_179' title='bbox 1293 2094 1654 2162; x_wconf 88' lang='lat' dir='ltr'>remisimus,</span> 
     </span>
    </p>
   </div>
   <div class='ocr_carea' id='block_1_35' title="bbox 26 2185 1660 2267">
    <p class='ocr_par' dir='ltr' id='par_1_35' title="bbox 26 2185 1660 2267">
     <span class='ocr_line' id='line_1_36' title="bbox 26 2185 1660 2267; baseline -0.006 -20"><span class='ocrx_word' id='word_1_180' title='bbox 26 2191 407 2267; x_wconf 79' lang='lat' dir='ltr'>praecipientes</span> <span class='ocrx_word' id='word_1_181' title='bbox 439 2194 501 2245; x_wconf 90' lang='lat' dir='ltr'>ut</span> <span class='ocrx_word' id='word_1_182' title='bbox 522 2205 760 2245; x_wconf 88' lang='lat' dir='ltr'>causam</span> <span class='ocrx_word' id='word_1_183' title='bbox 784 2190 911 2260; x_wconf 90' lang='lat' dir='ltr'>ejus</span> <span class='ocrx_word' id='word_1_184' title='bbox 931 2187 1242 2258; x_wconf 80' lang='lat' dir='ltr'>diligenter</span> <span class='ocrx_word' id='word_1_185' title='bbox 1265 2185 1531 2257; x_wconf 89' lang='lat' dir='ltr'>inquiras</span> <span class='ocrx_word' id='word_1_186' title='bbox 1555 2200 1569 2251; x_wconf 89' lang='lat'><strong>;</strong></span> <span class='ocrx_word' id='word_1_187' title='bbox 1603 2186 1660 2238; x_wconf 92' lang='lat' dir='ltr'>et</span> 
     </span>
    </p>
   </div>
   <div class='ocr_carea' id='block_1_36' title="bbox 27 2271 1658 2354">
    <p class='ocr_par' dir='ltr' id='par_1_36' title="bbox 27 2271 1658 2354">
     <span class='ocr_line' id='line_1_37' title="bbox 27 2271 1658 2354; baseline -0.007 -17"><span class='ocrx_word' id='word_1_188' title='bbox 27 2284 65 2337; x_wconf 91' lang='lat' dir='ltr'>si</span> <span class='ocrx_word' id='word_1_189' title='bbox 97 2281 246 2354; x_wconf 86' lang='lat' dir='ltr'>quod</span> <span class='ocrx_word' id='word_1_190' title='bbox 275 2280 448 2336; x_wconf 84' lang='lat' dir='ltr'>refert</span> <span class='ocrx_word' id='word_1_191' title='bbox 476 2296 676 2335; x_wconf 89' lang='lat' dir='ltr'>verum</span> <span class='ocrx_word' id='word_1_192' title='bbox 710 2295 837 2334; x_wconf 90' lang='lat' dir='ltr'>esse</span> <span class='ocrx_word' id='word_1_193' title='bbox 888 2276 1237 2343; x_wconf 88' lang='lat' dir='ltr'>constiterit,</span> <span class='ocrx_word' id='word_1_194' title='bbox 1273 2292 1307 2331; x_wconf 90' lang='lat' dir='ltr'>a</span> <span class='ocrx_word' id='word_1_195' title='bbox 1336 2271 1658 2328; x_wconf 86' lang='lat' dir='ltr'>sacerdotio</span> 
     </span>
    </p>
   </div>
   <div class='ocr_carea' id='block_1_37' title="bbox 28 2362 1657 2438">
    <p class='ocr_par' dir='ltr' id='par_1_37' title="bbox 28 2362 1657 2438">
     <span class='ocr_line' id='line_1_38' title="bbox 28 2362 1657 2438; baseline -0.007 -11"><span class='ocrx_word' id='word_1_196' title='bbox 28 2371 253 2433; x_wconf 78' lang='lat' dir='ltr'>malest</span> <span class='ocrx_word' id='word_1_197' title='bbox 278 2369 607 2425; x_wconf 88' lang='lat' dir='ltr'>inordinate</span> <span class='ocrx_word' id='word_1_198' title='bbox 638 2372 892 2438; x_wconf 88' lang='lat' dir='ltr'>accepto,</span> <span class='ocrx_word' id='word_1_199' title='bbox 946 2365 1165 2420; x_wconf 78' lang='lat' dir='ltr'>indicta</span> <span class='ocrx_word' id='word_1_200' title='bbox 1213 2380 1387 2435; x_wconf 87' lang='lat' dir='ltr'>quam</span> <span class='ocrx_word' id='word_1_201' title='bbox 1420 2362 1657 2434; x_wconf 84' lang='lat' dir='ltr'>dignam</span> 
     </span>
    </p>
   </div>
   <div class='ocr_carea' id='block_1_38' title="bbox 26 2450 1656 2531">
    <p class='ocr_par' dir='ltr' id='par_1_38' title="bbox 26 2450 1656 2531">
     <span class='ocr_line' id='line_1_39' title="bbox 26 2450 1656 2531; baseline -0.007 -16"><span class='ocrx_word' id='word_1_202' title='bbox 26 2460 244 2515; x_wconf 75' lang='lat' dir='ltr'>duxeris</span> <span class='ocrx_word' id='word_1_203' title='bbox 274 2457 634 2531; x_wconf 81' lang='lat' dir='ltr'>poenitentia,</span> <span class='ocrx_word' id='word_1_204' title='bbox 690 2473 792 2528; x_wconf 91' lang='lat' dir='ltr'>per</span> <span class='ocrx_word' id='word_1_205' title='bbox 851 2471 1071 2510; x_wconf 89' lang='lat' dir='ltr'>annum</span> <span class='ocrx_word' id='word_1_206' title='bbox 1131 2469 1360 2509; x_wconf 90' lang='lat' dir='ltr'>cessare</span> <span class='ocrx_word' id='word_1_207' title='bbox 1401 2450 1656 2523; x_wconf 88' lang='lat' dir='ltr'>jubebis.</span> 
     </span>
    </p>
   </div>
   <div class='ocr_carea' id='block_1_39' title="bbox 26 2538 1662 2616">
    <p class='ocr_par' dir='ltr' id='par_1_39' title="bbox 26 2538 1662 2616">
     <span class='ocr_line' id='line_1_40' title="bbox 26 2538 1662 2616; baseline -0.008 -11"><span class='ocrx_word' id='word_1_208' title='bbox 26 2553 177 2605; x_wconf 77' lang='lat' dir='ltr'>Anno</span> <span class='ocrx_word' id='word_1_209' title='bbox 206 2565 340 2604; x_wconf 90' lang='lat' dir='ltr'>vero</span> <span class='ocrx_word' id='word_1_210' title='bbox 374 2545 741 2612; x_wconf 87' lang='lat' dir='ltr'>transacto,si</span> <span class='ocrx_word' id='word_1_211' title='bbox 775 2545 901 2616; x_wconf 89' lang='lat' dir='ltr'>ejus</span> <span class='ocrx_word' id='word_1_212' title='bbox 932 2542 1047 2599; x_wconf 87' lang='lat' dir='ltr'>vita</span> <span class='ocrx_word' id='word_1_213' title='bbox 1060 2547 1115 2598; x_wconf 90' lang='lat' dir='ltr'>et</span> <span class='ocrx_word' id='word_1_214' title='bbox 1145 2540 1504 2599; x_wconf 79' lang='lat' dir='ltr'>conversatio</span> <span class='ocrx_word' id='word_1_215' title='bbox 1527 2538 1662 2593; x_wconf 89' lang='lat' dir='ltr'>talis</span> 
     </span>
    </p>
   </div>
   <div class='ocr_carea' id='block_1_40' title="bbox 26 2629 1666 2705">
    <p class='ocr_par' dir='ltr' id='par_1_40' title="bbox 26 2629 1666 2705">
     <span class='ocr_line' id='line_1_41' title="bbox 26 2629 1666 2705; baseline -0.009 -10"><span class='ocrx_word' id='word_1_216' title='bbox 26 2640 138 2695; x_wconf 82' lang='lat' dir='ltr'>visa</span> <span class='ocrx_word' id='word_1_217' title='bbox 169 2637 341 2693; x_wconf 87' lang='lat' dir='ltr'>fuerit</span> <span class='ocrx_word' id='word_1_218' title='bbox 370 2640 427 2692; x_wconf 91' lang='lat' dir='ltr'>et</span> <span class='ocrx_word' id='word_1_219' title='bbox 457 2634 574 2692; x_wconf 88' lang='lat' dir='ltr'>alia</span> <span class='ocrx_word' id='word_1_220' title='bbox 604 2652 720 2690; x_wconf 90' lang='lat' dir='ltr'>non</span> <span class='ocrx_word' id='word_1_221' title='bbox 782 2633 1114 2705; x_wconf 88' lang='lat' dir='ltr'>impediunt</span> <span class='ocrx_word' id='word_1_222' title='bbox 1143 2636 1208 2687; x_wconf 89' lang='lat' dir='ltr'>ut</span> <span class='ocrx_word' id='word_1_223' title='bbox 1236 2631 1455 2686; x_wconf 91' lang='lat' dir='ltr'>honore</span> <span class='ocrx_word' id='word_1_224' title='bbox 1487 2629 1666 2701; x_wconf 89' lang='lat' dir='ltr'>digna</span> 
     </span>
    </p>
   </div>
   <div class='ocr_carea' id='block_1_41' title="bbox 26 2718 1664 2795">
    <p class='ocr_par' dir='ltr' id='par_1_41' title="bbox 26 2718 1664 2795">
     <span class='ocr_line' id='line_1_42' title="bbox 26 2718 1664 2795; baseline -0.007 -12"><span class='ocrx_word' id='word_1_225' title='bbox 26 2729 94 2784; x_wconf 87' lang='lat' dir='ltr'>sit</span> <span class='ocrx_word' id='word_1_226' title='bbox 121 2731 302 2788; x_wconf 83' lang='lat' dir='ltr'>tanto.</span> <span class='ocrx_word' id='word_1_227' title='bbox 325 2742 530 2781; x_wconf 91' lang='lat' dir='ltr'>omnes</span> <span class='ocrx_word' id='word_1_228' title='bbox 560 2723 795 2779; x_wconf 88' lang='lat' dir='ltr'>ordines</span> <span class='ocrx_word' id='word_1_229' title='bbox 819 2739 968 2795; x_wconf 91' lang='lat' dir='ltr'>quos</span> <span class='ocrx_word' id='word_1_230' title='bbox 995 2738 1110 2775; x_wconf 91' lang='lat' dir='ltr'>non</span> <span class='ocrx_word' id='word_1_231' title='bbox 1133 2720 1505 2791; x_wconf 89' lang='lat' dir='ltr'>accepitcum</span> <span class='ocrx_word' id='word_1_232' title='bbox 1536 2718 1664 2789; x_wconf 89' lang='lat' dir='ltr'>ipso</span> 
     </span>
    </p>
   </div>
   <div class='ocr_carea' id='block_1_42' title="bbox 26 2806 1666 2887">
    <p class='ocr_par' dir='ltr' id='par_1_42' title="bbox 26 2806 1666 2887">
     <span class='ocr_line' id='line_1_43' title="bbox 26 2806 1666 2887; baseline -0.005 -17"><span class='ocrx_word' id='word_1_233' title='bbox 26 2814 231 2887; x_wconf 88' lang='lat' dir='ltr'>pariter</span> <span class='ocrx_word' id='word_1_234' title='bbox 250 2811 978 2886; x_wconf 81' lang='lat' dir='ltr'>presbyteratu,siquidem</span> <span class='ocrx_word' id='word_1_235' title='bbox 993 2809 1460 2882; x_wconf 84' lang='lat' dir='ltr'>presbyteratum</span> <span class='ocrx_word' id='word_1_236' title='bbox 1485 2806 1666 2880; x_wconf 84' lang='lat' dir='ltr'>gratis</span> 
     </span>
    </p>
   </div>
   <div class='ocr_carea' id='block_1_43' title="bbox 26 2899 871 2975">
    <p class='ocr_par' dir='ltr' id='par_1_43' title="bbox 26 2899 871 2975">
     <span class='ocr_line' id='line_1_44' title="bbox 26 2899 871 2975; baseline -0.007 -16"><span class='ocrx_word' id='word_1_237' title='bbox 26 2900 423 2975; x_wconf 87' lang='lat' dir='ltr'>assumpserit,</span> <span class='ocrx_word' id='word_1_238' title='bbox 462 2899 542 2955; x_wconf 89' lang='lat' dir='ltr'>illi</span> <span class='ocrx_word' id='word_1_239' title='bbox 575 2899 871 2955; x_wconf 87' lang='lat' dir='ltr'>restituas.</span> 
     </span>
    </p>
   </div>
   <div class='ocr_carea' id='block_1_44' title="bbox 704 3023 981 3079">
    <p class='ocr_par' dir='ltr' id='par_1_44' title="bbox 704 3023 981 3079">
     <span class='ocr_line' id='line_1_45' title="bbox 704 3023 981 3079; baseline 0 -1"><span class='ocrx_word' id='word_1_240' title='bbox 704 3023 981 3079; x_wconf 84' lang='lat' dir='ltr'>CCLXIV.</span> 
     </span>
    </p>
   </div>
   <div class='ocr_carea' id='block_1_45' title="bbox 24 3112 1670 3185">
    <p class='ocr_par' dir='ltr' id='par_1_45' title="bbox 24 3112 1670 3185">
     <span class='ocr_line' id='line_1_46' title="bbox 24 3112 1670 3185; baseline -0.007 -11"><span class='ocrx_word' id='word_1_241' title='bbox 24 3118 181 3173; x_wconf 82' lang='lat' dir='ltr'>Bulla</span> <span class='ocrx_word' id='word_1_242' title='bbox 242 3115 448 3173; x_wconf 83' lang='lat' dir='ltr'>Urbani</span> <span class='ocrx_word' id='word_1_243' title='bbox 504 3115 554 3169; x_wconf 90' lang='lat' dir='ltr'>Il</span> <span class='ocrx_word' id='word_1_244' title='bbox 604 3128 767 3185; x_wconf 68' lang='lat' dir='ltr'>papa}</span> <span class='ocrx_word' id='word_1_245' title='bbox 816 3113 887 3166; x_wconf 77' lang='lat' dir='ltr'>cui</span> <span class='ocrx_word' id='word_1_246' title='bbox 943 3114 1169 3167; x_wconf 80' lang='lat' dir='ltr'>Petrum</span> <span class='ocrx_word' id='word_1_247' title='bbox 1219 3113 1524 3181; x_wconf 80' lang='lat' dir='ltr'>episcopum</span> <span class='ocrx_word' id='word_1_248' title='bbox 1550 3112 1670 3166; x_wconf 85' lang='lat' dir='ltr'>Jac-</span> 
     </span>
    </p>
   </div>
   <div class='ocr_carea' id='block_1_46' title="bbox 730 3199 962 3239">
    <p class='ocr_par' dir='ltr' id='par_1_46' title="bbox 730 3199 962 3239">
     <span class='ocr_line' id='line_1_47' title="bbox 730 3199 962 3239; baseline -0.009 -1"><span class='ocrx_word' id='word_1_249' title='bbox 730 3199 962 3239; x_wconf 71' lang='lat' dir='ltr'>(‘67?8877l.</span> 
     </span>
    </p>
   </div>
   <div class='ocr_carea' id='block_1_47' title="bbox 486 3272 1212 3347">
    <p class='ocr_par' dir='ltr' id='par_1_47' title="bbox 486 3272 1212 3347">
     <span class='ocr_line' id='line_1_48' title="bbox 486 3272 1212 3347; baseline -0.007 -18"><span class='ocrx_word' id='word_1_250' title='bbox 486 3274 667 3347; x_wconf 90' lang='lat' dir='ltr'>(Intra</span> <span class='ocrx_word' id='word_1_251' title='bbox 717 3290 810 3328; x_wconf 90' lang='lat' dir='ltr'>an.</span> <span class='ocrx_word' id='word_1_252' title='bbox 854 3272 1212 3339; x_wconf 68' lang='lat'>4088-1099.)</span> 
     </span>
    </p>
   </div>
   <div class='ocr_carea' id='block_1_48' title="bbox 24 3356 1672 3439">
    <p class='ocr_par' dir='ltr' id='par_1_48' title="bbox 24 3356 1672 3439">
     <span class='ocr_line' id='line_1_49' title="bbox 24 3356 1672 3439; baseline -0.007 -16"><span class='ocrx_word' id='word_1_253' title='bbox 24 3368 360 3439; x_wconf 32' lang='lat' dir='ltr'>,Man&#39;rmnz,</span> <span class='ocrx_word' id='word_1_254' title='bbox 421 3365 658 3439; x_wconf 68' lang='lat' dir='ltr'>Historia</span> <span class='ocrx_word' id='word_1_255' title='bbox 707 3362 779 3439; x_wconf 83' lang='lat' dir='ltr'>de</span> <span class='ocrx_word' id='word_1_256' title='bbox 801 3363 857 3416; x_wconf 83' lang='lat' dir='ltr'>la</span> <span class='ocrx_word' id='word_1_257' title='bbox 885 3360 1187 3439; x_wconf 54' lang='lat' dir='ltr'>[undecimi</span> <span class='ocrx_word' id='word_1_258' title='bbox 1219 3356 1672 3439; x_wconf 41' lang='lat' dir='ltr'>y_agztigchaﬂdps</span> 
     </span>
    </p>
   </div>
   <div class='ocr_carea' id='block_1_49' title="bbox 1767 2095 3417 2178">
    <p class='ocr_par' dir='ltr' id='par_1_49' title="bbox 1767 2095 3417 2178">
     <span class='ocr_line' id='line_1_50' title="bbox 1767 2095 3417 2178; baseline 0.008 -28"><span class='ocrx_word' id='word_1_259' title='bbox 1767 2095 1965 2169; x_wconf 89' lang='lat' dir='ltr'>ginam</span> <span class='ocrx_word' id='word_1_260' title='bbox 1998 2096 2445 2168; x_wconf 79' lang='lat' dir='ltr'>praedecessoris</span> <span class='ocrx_word' id='word_1_261' title='bbox 2499 2101 2682 2155; x_wconf 90' lang='lat' dir='ltr'>nostri</span> <span class='ocrx_word' id='word_1_262' title='bbox 2717 2100 2821 2157; x_wconf 88' lang='lat' dir='ltr'>PP.</span> <span class='ocrx_word' id='word_1_263' title='bbox 2882 2102 3144 2178; x_wconf 84' lang='lat' dir='ltr'>Gregorii</span> <span class='ocrx_word' id='word_1_264' title='bbox 3182 2105 3304 2175; x_wconf 87' lang='lat' dir='ltr'>VII,</span> <span class='ocrx_word' id='word_1_265' title='bbox 3344 2107 3417 2163; x_wconf 90' lang='lat' dir='ltr'>de</span> 
     </span>
    </p>
   </div>
   <div class='ocr_carea' id='block_1_50' title="bbox 1765 2184 3417 2270">
    <p class='ocr_par' dir='ltr' id='par_1_50' title="bbox 1765 2184 3417 2270">
     <span class='ocr_line' id='line_1_51' title="bbox 1765 2184 3417 2270; baseline 0.009 -30"><span class='ocrx_word' id='word_1_266' title='bbox 1765 2185 2036 2240; x_wconf 89' lang='lat' dir='ltr'>terminis</span> <span class='ocrx_word' id='word_1_267' title='bbox 2081 2184 2285 2240; x_wconf 89' lang='lat' dir='ltr'>Oscen.</span> <span class='ocrx_word' id='word_1_268' title='bbox 2323 2185 2695 2259; x_wconf 86' lang='lat' dir='ltr'>episcopatus</span> <span class='ocrx_word' id='word_1_269' title='bbox 2726 2194 2781 2246; x_wconf 90' lang='lat' dir='ltr'>et</span> <span class='ocrx_word' id='word_1_270' title='bbox 2807 2191 3039 2249; x_wconf 88' lang='lat' dir='ltr'>Jaccen.</span> <span class='ocrx_word' id='word_1_271' title='bbox 3092 2212 3241 2268; x_wconf 88' lang='lat' dir='ltr'>quos</span> <span class='ocrx_word' id='word_1_272' title='bbox 3290 2197 3417 2270; x_wconf 89' lang='lat' dir='ltr'>ipse</span> 
     </span>
    </p>
   </div>
   <div class='ocr_carea' id='block_1_51' title="bbox 1761 2273 3417 2359">
    <p class='ocr_par' dir='ltr' id='par_1_51' title="bbox 1761 2273 3417 2359">
     <span class='ocr_line' id='line_1_52' title="bbox 1761 2273 3417 2359; baseline 0.009 -32"><span class='ocrx_word' id='word_1_273' title='bbox 1761 2275 1895 2346; x_wconf 87' lang='lat' dir='ltr'>jure</span> <span class='ocrx_word' id='word_1_274' title='bbox 1917 2273 2286 2345; x_wconf 82' lang='lat' dir='ltr'>antiquitatis</span> <span class='ocrx_word' id='word_1_275' title='bbox 2335 2291 2578 2331; x_wconf 81' lang='lat' dir='ltr'>summae</span> <span class='ocrx_word' id='word_1_276' title='bbox 2610 2283 2666 2332; x_wconf 92' lang='lat' dir='ltr'>et</span> <span class='ocrx_word' id='word_1_277' title='bbox 2696 2281 2965 2350; x_wconf 89' lang='lat' dir='ltr'>precibus</span> <span class='ocrx_word' id='word_1_278' title='bbox 2993 2283 3231 2355; x_wconf 87' lang='lat' dir='ltr'>gloriosi</span> <span class='ocrx_word' id='word_1_279' title='bbox 3262 2286 3417 2359; x_wconf 89' lang='lat' dir='ltr'>regis</span> 
     </span>
    </p>
   </div>
   <div class='ocr_carea' id='block_1_52' title="bbox 1771 2361 3415 2434">
    <p class='ocr_par' dir='ltr' id='par_1_52' title="bbox 1771 2361 3415 2434">
     <span class='ocr_line' id='line_1_53' title="bbox 1771 2361 3415 2434; baseline 0.007 -15"><span class='ocrx_word' id='word_1_280' title='bbox 1771 2362 2054 2419; x_wconf 83' lang='lat' dir='ltr'>Ranimiri</span> <span class='ocrx_word' id='word_1_281' title='bbox 2088 2361 2209 2417; x_wconf 81' lang='lat' dir='ltr'>{ilio</span> <span class='ocrx_word' id='word_1_282' title='bbox 2243 2364 2370 2434; x_wconf 89' lang='lat' dir='ltr'>ejus</span> <span class='ocrx_word' id='word_1_283' title='bbox 2430 2369 2488 2420; x_wconf 92' lang='lat' dir='ltr'>et</span> <span class='ocrx_word' id='word_1_284' title='bbox 2540 2372 2739 2423; x_wconf 89' lang='lat' dir='ltr'>nostro</span> <span class='ocrx_word' id='word_1_285' title='bbox 2795 2369 3141 2429; x_wconf 88' lang='lat' dir='ltr'>charissimo</span> <span class='ocrx_word' id='word_1_286' title='bbox 3200 2375 3415 2431; x_wconf 64' lang='lat' dir='ltr'>Garsiaa</span> 
     </span>
    </p>
   </div>
   <div class='ocr_carea' id='block_1_53' title="bbox 1769 2450 3416 2529">
    <p class='ocr_par' dir='ltr' id='par_1_53' title="bbox 1769 2450 3416 2529">
     <span class='ocr_line' id='line_1_54' title="bbox 1769 2450 3416 2529; baseline 0.008 -23"><span class='ocrx_word' id='word_1_287' title='bbox 1769 2450 2040 2524; x_wconf 90' lang='lat' dir='ltr'>episcopo</span> <span class='ocrx_word' id='word_1_288' title='bbox 2053 2452 2257 2507; x_wconf 87' lang='lat' dir='ltr'>Oscen.</span> <span class='ocrx_word' id='word_1_289' title='bbox 2290 2456 2585 2510; x_wconf 88' lang='lat' dir='ltr'>etJaccen.</span> <span class='ocrx_word' id='word_1_290' title='bbox 2620 2455 2679 2511; x_wconf 91' lang='lat' dir='ltr'>in</span> <span class='ocrx_word' id='word_1_291' title='bbox 2700 2462 2864 2529; x_wconf 84' lang='lat' dir='ltr'>parte</span> <span class='ocrx_word' id='word_1_292' title='bbox 2892 2460 3158 2518; x_wconf 84' lang='lat' dir='ltr'>orientali</span> <span class='ocrx_word' id='word_1_293' title='bbox 3181 2479 3416 2519; x_wconf 89' lang='lat' dir='ltr'>conces-</span> 
     </span>
    </p>
   </div>
   <div class='ocr_carea' id='block_1_54' title="bbox 1773 2540 3415 2609">
    <p class='ocr_par' dir='ltr' id='par_1_54' title="bbox 1773 2540 3415 2609">
     <span class='ocr_line' id='line_1_55' title="bbox 1773 2540 3415 2609; baseline 0.008 -13"><span class='ocrx_word' id='word_1_294' title='bbox 1773 2542 1849 2597; x_wconf 86' lang='lat' dir='ltr'>sit</span> <span class='ocrx_word' id='word_1_295' title='bbox 1870 2561 1883 2609; x_wconf 72' lang='grc' dir='ltr'>ς</span> <span class='ocrx_word' id='word_1_296' title='bbox 1905 2540 2056 2596; x_wconf 89' lang='lat' dir='ltr'>sicut</span> <span class='ocrx_word' id='word_1_297' title='bbox 2077 2540 2252 2595; x_wconf 89' lang='lat' dir='ltr'>Cinca</span> <span class='ocrx_word' id='word_1_298' title='bbox 2270 2540 2506 2597; x_wconf 89' lang='lat' dir='ltr'>Fluvius</span> <span class='ocrx_word' id='word_1_299' title='bbox 2528 2561 2561 2598; x_wconf 88' lang='lat' dir='ltr'>a</span> <span class='ocrx_word' id='word_1_300' title='bbox 2583 2544 2847 2601; x_wconf 82' lang='lat' dir='ltr'>Pirannis</span> <span class='ocrx_word' id='word_1_301' title='bbox 2866 2549 3164 2607; x_wconf 88' lang='lat' dir='ltr'>montibus</span> <span class='ocrx_word' id='word_1_302' title='bbox 3181 2552 3415 2608; x_wconf 89' lang='lat' dir='ltr'>descen-</span> 
     </span>
    </p>
   </div>
   <div class='ocr_carea' id='block_1_55' title="bbox 1774 2630 3416 2713">
    <p class='ocr_par' dir='ltr' id='par_1_55' title="bbox 1774 2630 3416 2713">
     <span class='ocr_line' id='line_1_56' title="bbox 1774 2630 3416 2713; baseline 0.008 -28"><span class='ocrx_word' id='word_1_303' title='bbox 1774 2631 1939 2695; x_wconf 87' lang='lat' dir='ltr'>dens,</span> <span class='ocrx_word' id='word_1_304' title='bbox 1970 2630 2077 2701; x_wconf 89' lang='lat' dir='ltr'>per</span> <span class='ocrx_word' id='word_1_305' title='bbox 2134 2634 2415 2685; x_wconf 85' lang='lat' dir='ltr'>montana</span> <span class='ocrx_word' id='word_1_306' title='bbox 2470 2637 2526 2687; x_wconf 91' lang='lat' dir='ltr'>et</span> <span class='ocrx_word' id='word_1_307' title='bbox 2581 2632 2757 2704; x_wconf 90' lang='lat' dir='ltr'>plana</span> <span class='ocrx_word' id='word_1_308' title='bbox 2784 2636 3084 2711; x_wconf 88' lang='lat' dir='ltr'>discurrit,</span> <span class='ocrx_word' id='word_1_309' title='bbox 3125 2657 3313 2713; x_wconf 87' lang='lat' dir='ltr'>usque</span> <span class='ocrx_word' id='word_1_310' title='bbox 3343 2642 3416 2698; x_wconf 83' lang='lat' dir='ltr'>ad</span> 
     </span>
    </p>
   </div>
   <div class='ocr_carea' id='block_1_56' title="bbox 1772 2718 3419 2793">
    <p class='ocr_par' dir='ltr' id='par_1_56' title="bbox 1772 2718 3419 2793">
     <span class='ocr_line' id='line_1_57' title="bbox 1772 2718 3419 2793; baseline 0.007 -19"><span class='ocrx_word' id='word_1_311' title='bbox 1772 2718 1981 2775; x_wconf 86' lang='lat' dir='ltr'>vallem</span> <span class='ocrx_word' id='word_1_312' title='bbox 2007 2719 2084 2773; x_wconf 90' lang='lat' dir='ltr'>Lu</span> <span class='ocrx_word' id='word_1_313' title='bbox 2096 2718 2340 2790; x_wconf 87' lang='lat' dir='ltr'>pariam,</span> <span class='ocrx_word' id='word_1_314' title='bbox 2377 2720 2530 2775; x_wconf 79' lang='lat' dir='ltr'>infra</span> <span class='ocrx_word' id='word_1_315' title='bbox 2551 2738 2699 2793; x_wconf 91' lang='lat' dir='ltr'>quos</span> <span class='ocrx_word' id='word_1_316' title='bbox 2719 2725 3004 2783; x_wconf 88' lang='lat' dir='ltr'>terminos</span> <span class='ocrx_word' id='word_1_317' title='bbox 3024 2727 3200 2784; x_wconf 89' lang='lat' dir='ltr'>etiam</span> <span class='ocrx_word' id='word_1_318' title='bbox 3231 2729 3419 2787; x_wconf 81' lang='lat' dir='ltr'>eccle-</span> 
     </span>
    </p>
   </div>
   <div class='ocr_carea' id='block_1_57' title="bbox 1777 2807 3423 2888">
    <p class='ocr_par' dir='ltr' id='par_1_57' title="bbox 1777 2807 3423 2888">
     <span class='ocr_line' id='line_1_58' title="bbox 1777 2807 3423 2888; baseline 0.008 -25"><span class='ocrx_word' id='word_1_319' title='bbox 1777 2809 1895 2864; x_wconf 91' lang='lat' dir='ltr'>sias</span> <span class='ocrx_word' id='word_1_320' title='bbox 1927 2808 1997 2863; x_wconf 92' lang='lat' dir='ltr'>de</span> <span class='ocrx_word' id='word_1_321' title='bbox 2027 2807 2216 2876; x_wconf 88' lang='lat' dir='ltr'>Belsa,</span> <span class='ocrx_word' id='word_1_322' title='bbox 2249 2813 2306 2863; x_wconf 91' lang='lat' dir='ltr'>et</span> <span class='ocrx_word' id='word_1_323' title='bbox 2334 2808 2404 2863; x_wconf 89' lang='lat' dir='ltr'>de</span> <span class='ocrx_word' id='word_1_324' title='bbox 2435 2809 2669 2878; x_wconf 87' lang='lat' dir='ltr'>Gestan,</span> <span class='ocrx_word' id='word_1_325' title='bbox 2727 2816 2785 2868; x_wconf 91' lang='lat' dir='ltr'>et</span> <span class='ocrx_word' id='word_1_326' title='bbox 2814 2815 2885 2870; x_wconf 90' lang='lat' dir='ltr'>de</span> <span class='ocrx_word' id='word_1_327' title='bbox 2929 2814 3233 2888; x_wconf 88' lang='lat' dir='ltr'>Alquezar,</span> <span class='ocrx_word' id='word_1_328' title='bbox 3267 2822 3324 2875; x_wconf 88' lang='lat' dir='ltr'>et</span> <span class='ocrx_word' id='word_1_329' title='bbox 3350 2820 3423 2877; x_wconf 89' lang='lat' dir='ltr'>de</span> 
     </span>
    </p>
   </div>
   <div class='ocr_carea' id='block_1_58' title="bbox 1780 2896 3424 2981">
    <p class='ocr_par' dir='ltr' id='par_1_58' title="bbox 1780 2896 3424 2981">
     <span class='ocr_line' id='line_1_59' title="bbox 1780 2896 3424 2981; baseline 0.008 -28"><span class='ocrx_word' id='word_1_330' title='bbox 1780 2898 2089 2953; x_wconf 87' lang='lat' dir='ltr'>Barbastro</span> <span class='ocrx_word' id='word_1_331' title='bbox 2120 2896 2307 2952; x_wconf 90' lang='lat' dir='ltr'>eidem</span> <span class='ocrx_word' id='word_1_332' title='bbox 2338 2901 2691 2956; x_wconf 62' lang='lat' dir='ltr'>antecessori</span> <span class='ocrx_word' id='word_1_333' title='bbox 2724 2906 2847 2972; x_wconf 89' lang='lat' dir='ltr'>tuo,</span> <span class='ocrx_word' id='word_1_334' title='bbox 2884 2921 2917 2958; x_wconf 91' lang='grc' dir='ltr'>ο</span> <span class='ocrx_word' id='word_1_335' title='bbox 2949 2905 3424 2981; x_wconf 87' lang='lat' dir='ltr'>Petre,episcopo</span> 
     </span>
    </p>
   </div>
   <div class='ocr_carea' id='block_1_59' title="bbox 1780 2985 3427 3058">
    <p class='ocr_par' dir='ltr' id='par_1_59' title="bbox 1780 2985 3427 3058">
     <span class='ocr_line' id='line_1_60' title="bbox 1780 2985 3427 3058; baseline 0.007 -15"><span class='ocrx_word' id='word_1_336' title='bbox 1780 2988 1985 3043; x_wconf 89' lang='lat' dir='ltr'>Oscen.</span> <span class='ocrx_word' id='word_1_337' title='bbox 2041 2985 2325 3058; x_wconf 83' lang='lat' dir='ltr'>privilegii</span> <span class='ocrx_word' id='word_1_338' title='bbox 2384 2989 2705 3046; x_wconf 86' lang='lat' dir='ltr'>assertione</span> <span class='ocrx_word' id='word_1_339' title='bbox 2764 2992 3129 3052; x_wconf 85' lang='lat' dir='ltr'>conﬁrmavit</span> <span class='ocrx_word' id='word_1_340' title='bbox 3168 3012 3181 3051; x_wconf 90' lang='lat'><strong>:</strong></span> <span class='ocrx_word' id='word_1_341' title='bbox 3224 3000 3282 3053; x_wconf 89' lang='lat' dir='ltr'>et</span> <span class='ocrx_word' id='word_1_342' title='bbox 3320 3013 3427 3053; x_wconf 86' lang='lat' dir='ltr'>nos</span> 
     </span>
    </p>
   </div>
   <div class='ocr_carea' id='block_1_60' title="bbox 1782 3074 3428 3158">
    <p class='ocr_par' dir='ltr' id='par_1_60' title="bbox 1782 3074 3428 3158">
     <span class='ocr_line' id='line_1_61' title="bbox 1782 3074 3428 3158; baseline 0.009 -29"><span class='ocrx_word' id='word_1_343' title='bbox 1782 3090 2017 3147; x_wconf 89' lang='lat' dir='ltr'>quoque</span> <span class='ocrx_word' id='word_1_344' title='bbox 2048 3074 2171 3146; x_wconf 89' lang='lat' dir='ltr'>pari</span> <span class='ocrx_word' id='word_1_345' title='bbox 2197 3075 2405 3147; x_wconf 88' lang='lat' dir='ltr'>spiritu</span> <span class='ocrx_word' id='word_1_346' title='bbox 2433 3078 2669 3134; x_wconf 91' lang='lat' dir='ltr'>eosdem</span> <span class='ocrx_word' id='word_1_347' title='bbox 2694 3081 3122 3141; x_wconf 90' lang='lat' dir='ltr'>terminoscum</span> <span class='ocrx_word' id='word_1_348' title='bbox 3138 3085 3428 3158; x_wconf 69' lang='lat' dir='ltr'>praedictis</span> 
     </span>
    </p>
   </div>
   <div class='ocr_carea' id='block_1_61' title="bbox 1783 3163 3431 3249">
    <p class='ocr_par' dir='ltr' id='par_1_61' title="bbox 1783 3163 3431 3249">
     <span class='ocr_line' id='line_1_62' title="bbox 1783 3163 3431 3249; baseline 0.008 -30"><span class='ocrx_word' id='word_1_349' title='bbox 1783 3163 2044 3219; x_wconf 89' lang='lat' dir='ltr'>ecclesiis</span> <span class='ocrx_word' id='word_1_350' title='bbox 2075 3167 2132 3219; x_wconf 92' lang='lat' dir='ltr'>et</span> <span class='ocrx_word' id='word_1_351' title='bbox 2163 3163 2432 3221; x_wconf 89' lang='lat' dir='ltr'>terminis</span> <span class='ocrx_word' id='word_1_352' title='bbox 2467 3182 2690 3237; x_wconf 88' lang='lat' dir='ltr'>earum,</span> <span class='ocrx_word' id='word_1_353' title='bbox 2723 3173 2781 3225; x_wconf 90' lang='lat' dir='ltr'>et</span> <span class='ocrx_word' id='word_1_354' title='bbox 2810 3172 3104 3230; x_wconf 85' lang='lat' dir='ltr'>canonicis</span> <span class='ocrx_word' id='word_1_355' title='bbox 3134 3175 3253 3231; x_wconf 89' lang='lat' dir='ltr'>tuis</span> <span class='ocrx_word' id='word_1_356' title='bbox 3281 3192 3431 3249; x_wconf 67' lang='lat' dir='ltr'>prie-</span> 
     </span>
    </p>
   </div>
   <div class='ocr_carea' id='block_1_62' title="bbox 1784 3251 3434 3326">
    <p class='ocr_par' dir='ltr' id='par_1_62' title="bbox 1784 3251 3434 3326">
     <span class='ocr_line' id='line_1_63' title="bbox 1784 3251 3434 3326; baseline 0.009 -18"><span class='ocrx_word' id='word_1_357' title='bbox 1784 3251 1932 3308; x_wconf 90' lang='lat' dir='ltr'>senti</span> <span class='ocrx_word' id='word_1_358' title='bbox 1951 3252 2296 3308; x_wconf 89' lang='lat' dir='ltr'>auctoritate</span> <span class='ocrx_word' id='word_1_359' title='bbox 2318 3256 2848 3326; x_wconf 89' lang='lat' dir='ltr'>corroboramus,et</span> <span class='ocrx_word' id='word_1_360' title='bbox 2868 3277 3072 3319; x_wconf 89' lang='lat' dir='ltr'>omnes</span> <span class='ocrx_word' id='word_1_361' title='bbox 3089 3263 3234 3321; x_wconf 87' lang='lat' dir='ltr'>alias</span> <span class='ocrx_word' id='word_1_362' title='bbox 3246 3265 3434 3323; x_wconf 86' lang='lat' dir='ltr'>Eccle-</span> 
     </span>
    </p>
   </div>
   <div class='ocr_carea' id='block_1_63' title="bbox 1786 3338 3431 3413">
    <p class='ocr_par' dir='ltr' id='par_1_63' title="bbox 1786 3338 3431 3413">
     <span class='ocr_line' id='line_1_64' title="bbox 1786 3338 3431 3413; baseline 0.01 -16"><span class='ocrx_word' id='word_1_363' title='bbox 1786 3338 2057 3413; x_wconf 70' lang='lat' dir='ltr'>sias,qua2</span> <span class='ocrx_word' id='word_1_364' title='bbox 2071 3340 2260 3395; x_wconf 89' lang='lat' dir='ltr'>hacin</span> <span class='ocrx_word' id='word_1_365' title='bbox 2288 3342 2380 3397; x_wconf 91' lang='lat' dir='ltr'>die</span> <span class='ocrx_word' id='word_1_366' title='bbox 2398 3348 2537 3398; x_wconf 89' lang='lat' dir='ltr'>sunt</span> <span class='ocrx_word' id='word_1_367' title='bbox 2557 3344 2707 3400; x_wconf 91' lang='lat' dir='ltr'>inter</span> <span class='ocrx_word' id='word_1_368' title='bbox 2726 3347 2841 3403; x_wconf 92' lang='lat' dir='ltr'>duo</span> <span class='ocrx_word' id='word_1_369' title='bbox 2858 3348 3105 3408; x_wconf 87' lang='lat' dir='ltr'>ﬂumina</span> <span class='ocrx_word' id='word_1_370' title='bbox 3124 3351 3431 3413; x_wconf 89' lang='lat' dir='ltr'>Alcanatre</span> 
     </span>
    </p>
   </div>
   <div class='ocr_carea' id='block_1_64' title="bbox 90 3410 3433 3506">
    <p class='ocr_par' dir='ltr' id='par_1_64' title="bbox 90 3410 3433 3506">
     <span class='ocr_line' id='line_1_65' title="bbox 90 3410 3433 3506; baseline 0.002 -13"><span class='ocrx_word' id='word_1_371' title='bbox 683 3410 856 3490; x_wconf 52' lang='lat'>153122;</span> <span class='ocrx_word' id='word_1_372' title='bbox 885 3410 1245 3504; x_wconf 46' lang='lat' dir='ltr'>&#39;é&#39;ai&#39;r&#39;agbga,”</span> <span class='ocrx_word' id='word_1_373' title='bbox 1268 3410 1675 3497; x_wconf 31' lang='lat' dir='ltr'>{bibi-inlini”</span> <span class='ocrx_word' id='word_1_374' title='bbox 1708 3410 1751 3475; x_wconf 62' lang='grc' dir='ltr'>(ἶ</span> <span class='ocrx_word' id='word_1_375' title='bbox 1786 3410 2070 3494; x_wconf 73' lang='lat' dir='ltr'>videlicet,</span> <span class='ocrx_word' id='word_1_376' title='bbox 2102 3433 2158 3484; x_wconf 91' lang='lat' dir='ltr'>et</span> <span class='ocrx_word' id='word_1_377' title='bbox 2187 3429 2379 3499; x_wconf 90' lang='lat' dir='ltr'>Cinea,</span> <span class='ocrx_word' id='word_1_378' title='bbox 2412 3431 2500 3486; x_wconf 86' lang='lat' dir='ltr'>vel</span> <span class='ocrx_word' id='word_1_379' title='bbox 2531 3433 2590 3488; x_wconf 91' lang='lat' dir='ltr'>in</span> <span class='ocrx_word' id='word_1_380' title='bbox 2621 3440 2922 3506; x_wconf 90' lang='lat' dir='ltr'>posterum</span> <span class='ocrx_word' id='word_1_381' title='bbox 2969 3444 3083 3496; x_wconf 93' lang='lat' dir='ltr'>Deo</span> <span class='ocrx_word' id='word_1_382' title='bbox 3118 3410 3433 3501; x_wconf 79' lang='lat' dir='ltr'>miserante</span> 
     </span>
    </p>
   </div>
   <div class='ocr_carea' id='block_1_65' title="bbox 94 3508 333 3582">
    <p class='ocr_par' dir='ltr' id='par_1_65' title="bbox 94 3508 333 3582">
     <span class='ocr_line' id='line_1_66' title="bbox 94 3508 333 3582; baseline -0.004 -18"><span class='ocrx_word' id='word_1_383' title='bbox 94 3528 149 3582; x_wconf 91' lang='lat' dir='ltr'>p.</span> <span class='ocrx_word' id='word_1_384' title='bbox 181 3508 333 3579; x_wconf 85' lang='lat'>235.]</span> 
     </span>
    </p>
   </div>
   <div class='ocr_carea' id='block_1_66' title="bbox 1786 3518 3432 3589">
    <p class='ocr_par' dir='ltr' id='par_1_66' title="bbox 1786 3518 3432 3589">
     <span class='ocr_line' id='line_1_67' title="bbox 1786 3518 3432 3589; baseline 0.011 -19"><span class='ocrx_word' id='word_1_385' title='bbox 1786 3519 1843 3572; x_wconf 91' lang='lat' dir='ltr'>in</span> <span class='ocrx_word' id='word_1_386' title='bbox 1880 3518 2220 3589; x_wconf 72' lang='lat' dir='ltr'>prmscripto</span> <span class='ocrx_word' id='word_1_387' title='bbox 2278 3520 2529 3575; x_wconf 86' lang='lat' dir='ltr'>termino</span> <span class='ocrx_word' id='word_1_388' title='bbox 2561 3523 3009 3581; x_wconf 72' lang='lat' dir='ltr'>asdificabuntur</span> <span class='ocrx_word' id='word_1_389' title='bbox 3042 3545 3056 3584; x_wconf 88' lang='lat'><strong>:</strong></span> <span class='ocrx_word' id='word_1_390' title='bbox 3116 3533 3181 3584; x_wconf 92' lang='lat' dir='ltr'>ut</span> <span class='ocrx_word' id='word_1_391' title='bbox 3211 3530 3432 3587; x_wconf 88' lang='lat' dir='ltr'>scilicet</span> 
     </span>
    </p>
   </div>
   <div class='ocr_carea' id='block_1_67' title="bbox 90 3608 1677 3685">
    <p class='ocr_par' dir='ltr' id='par_1_67' title="bbox 90 3608 1677 3685">
     <span class='ocr_line' id='line_1_68' title="bbox 90 3608 1677 3685; baseline -0.007 -14"><span class='ocrx_word' id='word_1_392' title='bbox 90 3616 371 3671; x_wconf 71' lang='lat' dir='ltr'>UBBANUS</span> <span class='ocrx_word' id='word_1_393' title='bbox 392 3612 720 3685; x_wconf 89' lang='lat' dir='ltr'>episcopus,</span> <span class='ocrx_word' id='word_1_394' title='bbox 739 3628 943 3667; x_wconf 89' lang='lat' dir='ltr'>servus</span> <span class='ocrx_word' id='word_1_395' title='bbox 966 3627 1268 3666; x_wconf 88' lang='lat' dir='ltr'>servorum</span> <span class='ocrx_word' id='word_1_396' title='bbox 1300 3608 1422 3675; x_wconf 87' lang='lat' dir='ltr'>Dei,</span> <span class='ocrx_word' id='word_1_397' title='bbox 1439 3623 1677 3662; x_wconf 86' lang='lat' dir='ltr'>venera-</span> 
     </span>
    </p>
   </div>
   <div class='ocr_carea' id='block_1_68' title="bbox 28 3698 1676 3771">
    <p class='ocr_par' dir='ltr' id='par_1_68' title="bbox 28 3698 1676 3771">
     <span class='ocr_line' id='line_1_69' title="bbox 28 3698 1676 3771; baseline -0.005 -12"><span class='ocrx_word' id='word_1_398' title='bbox 28 3705 121 3759; x_wconf 90' lang='lat' dir='ltr'>bili</span> <span class='ocrx_word' id='word_1_399' title='bbox 150 3703 318 3759; x_wconf 85' lang='lat' dir='ltr'>fratri</span> <span class='ocrx_word' id='word_1_400' title='bbox 351 3703 536 3757; x_wconf 76' lang='lat' dir='ltr'>Pn&#39;rno</span> <span class='ocrx_word' id='word_1_401' title='bbox 556 3701 586 3756; x_wconf 89' lang='lat' dir='ltr'><strong>J</strong></span> <span class='ocrx_word' id='word_1_402' title='bbox 595 3701 822 3757; x_wconf 90' lang='lat' dir='ltr'>accensi</span> <span class='ocrx_word' id='word_1_403' title='bbox 844 3699 1138 3771; x_wconf 89' lang='lat' dir='ltr'>episcopo,</span> <span class='ocrx_word' id='word_1_404' title='bbox 1175 3698 1425 3753; x_wconf 88' lang='lat' dir='ltr'>salutem</span> <span class='ocrx_word' id='word_1_405' title='bbox 1455 3701 1511 3752; x_wconf 90' lang='lat' dir='ltr'>et</span> <span class='ocrx_word' id='word_1_406' title='bbox 1539 3712 1676 3768; x_wconf 88' lang='lat' dir='ltr'>apo-</span> 
     </span>
    </p>
   </div>
   <div class='ocr_carea' id='block_1_69' title="bbox 25 3784 803 3849">
    <p class='ocr_par' dir='ltr' id='par_1_69' title="bbox 25 3784 803 3849">
     <span class='ocr_line' id='line_1_70' title="bbox 25 3784 803 3849; baseline -0.006 0"><span class='ocrx_word' id='word_1_407' title='bbox 25 3794 287 3849; x_wconf 90' lang='lat' dir='ltr'>stolicam</span> <span class='ocrx_word' id='word_1_408' title='bbox 320 3784 803 3847; x_wconf 86' lang='lat' dir='ltr'>benedictionem.</span> 
     </span>
    </p>
   </div>
   <div class='ocr_carea' id='block_1_70' title="bbox 89 3875 1682 3951">
    <p class='ocr_par' dir='ltr' id='par_1_70' title="bbox 89 3875 1682 3951">
     <span class='ocr_line' id='line_1_71' title="bbox 89 3875 1682 3951; baseline -0.006 -13"><span class='ocrx_word' id='word_1_409' title='bbox 89 3883 236 3938; x_wconf 89' lang='lat' dir='ltr'>Cum</span> <span class='ocrx_word' id='word_1_410' title='bbox 268 3880 605 3937; x_wconf 69' lang='lat' dir='ltr'>monasticae</span> <span class='ocrx_word' id='word_1_411' title='bbox 639 3878 940 3951; x_wconf 89' lang='lat' dir='ltr'>religionis</span> <span class='ocrx_word' id='word_1_412' title='bbox 990 3878 1048 3932; x_wconf 92' lang='lat' dir='ltr'>in</span> <span class='ocrx_word' id='word_1_413' title='bbox 1100 3877 1375 3949; x_wconf 89' lang='lat' dir='ltr'>religioso</span> <span class='ocrx_word' id='word_1_414' title='bbox 1429 3875 1682 3931; x_wconf 89' lang='lat' dir='ltr'>claustro</span> 
     </span>
    </p>
   </div>
   <div class='ocr_carea' id='block_1_71' title="bbox 0 3964 1688 4041">
    <p class='ocr_par' dir='ltr' id='par_1_71' title="bbox 0 3964 1688 4041">
     <span class='ocr_line' id='line_1_72' title="bbox 0 3964 1688 4041; baseline -0.007 -14"><span class='ocrx_word' id='word_1_415' title='bbox 0 3972 360 4027; x_wconf 60' lang='lat' dir='ltr'>irudimenta</span> <span class='ocrx_word' id='word_1_416' title='bbox 372 3966 1016 4041; x_wconf 88' lang='lat' dir='ltr'>susceperis,miramur</span> <span class='ocrx_word' id='word_1_417' title='bbox 1030 3966 1349 4039; x_wconf 88' lang='lat' dir='ltr'>plurimum</span> <span class='ocrx_word' id='word_1_418' title='bbox 1366 3965 1521 4036; x_wconf 92' lang='lat' dir='ltr'>quod</span> <span class='ocrx_word' id='word_1_419' title='bbox 1537 3964 1688 4034; x_wconf 89' lang='lat' dir='ltr'>ejus-</span> 
     </span>
    </p>
   </div>
   <div class='ocr_carea' id='block_1_72' title="bbox 20 4052 1689 4132">
    <p class='ocr_par' dir='ltr' id='par_1_72' title="bbox 20 4052 1689 4132">
     <span class='ocr_line' id='line_1_73' title="bbox 20 4052 1689 4132; baseline -0.005 -17"><span class='ocrx_word' id='word_1_420' title='bbox 20 4062 150 4116; x_wconf 90' lang='lat' dir='ltr'>dem</span> <span class='ocrx_word' id='word_1_421' title='bbox 172 4057 477 4132; x_wconf 86' lang='lat' dir='ltr'>religionis</span> <span class='ocrx_word' id='word_1_422' title='bbox 507 4057 661 4113; x_wconf 87' lang='lat' dir='ltr'>viros</span> <span class='ocrx_word' id='word_1_423' title='bbox 683 4056 1007 4129; x_wconf 90' lang='lat' dir='ltr'>plurimum</span> <span class='ocrx_word' id='word_1_424' title='bbox 1033 4054 1380 4110; x_wconf 90' lang='lat' dir='ltr'>adverseris.</span> <span class='ocrx_word' id='word_1_425' title='bbox 1415 4052 1689 4120; x_wconf 89' lang='lat' dir='ltr'>Queritur</span> 
     </span>
    </p>
   </div>
   <div class='ocr_carea' id='block_1_73' title="bbox 22 4141 1688 4205">
    <p class='ocr_par' dir='ltr' id='par_1_73' title="bbox 22 4141 1688 4205">
     <span class='ocr_line' id='line_1_74' title="bbox 22 4141 1688 4205; baseline -0.005 -1"><span class='ocrx_word' id='word_1_426' title='bbox 22 4150 178 4204; x_wconf 88' lang='lat' dir='ltr'>enim</span> <span class='ocrx_word' id='word_1_427' title='bbox 211 4146 566 4205; x_wconf 85' lang='lat' dir='ltr'>venerabilis</span> <span class='ocrx_word' id='word_1_428' title='bbox 597 4146 753 4202; x_wconf 83' lang='lat' dir='ltr'>ﬁlius</span> <span class='ocrx_word' id='word_1_429' title='bbox 784 4149 985 4201; x_wconf 89' lang='lat' dir='ltr'>noster</span> <span class='ocrx_word' id='word_1_430' title='bbox 1015 4145 1196 4199; x_wconf 87' lang='lat' dir='ltr'>abbas</span> <span class='ocrx_word' id='word_1_431' title='bbox 1215 4143 1411 4199; x_wconf 85' lang='lat' dir='ltr'>Sancti</span> <span class='ocrx_word' id='word_1_432' title='bbox 1441 4141 1688 4197; x_wconf 87' lang='lat' dir='ltr'>Joannis</span> 
     </span>
    </p>
   </div>
   <div class='ocr_carea' id='block_1_74' title="bbox 23 4232 1692 4308">
    <p class='ocr_par' dir='ltr' id='par_1_74' title="bbox 23 4232 1692 4308">
     <span class='ocr_line' id='line_1_75' title="bbox 23 4232 1692 4308; baseline -0.004 -17"><span class='ocrx_word' id='word_1_433' title='bbox 23 4238 79 4293; x_wconf 88' lang='lat' dir='ltr'>in</span> <span class='ocrx_word' id='word_1_434' title='bbox 111 4238 308 4293; x_wconf 90' lang='lat' dir='ltr'>Pinna</span> <span class='ocrx_word' id='word_1_435' title='bbox 337 4236 493 4308; x_wconf 91' lang='lat' dir='ltr'>quod</span> <span class='ocrx_word' id='word_1_436' title='bbox 526 4235 714 4307; x_wconf 86' lang='lat' dir='ltr'>ipsius</span> <span class='ocrx_word' id='word_1_437' title='bbox 747 4234 853 4289; x_wconf 86' lang='lat' dir='ltr'>loci</span> <span class='ocrx_word' id='word_1_438' title='bbox 889 4232 1285 4289; x_wconf 84' lang='lat' dir='ltr'>coemeterium</span> <span class='ocrx_word' id='word_1_439' title='bbox 1318 4232 1692 4287; x_wconf 87' lang='lat' dir='ltr'>vehementer</span> 
     </span>
    </p>
   </div>
   <div class='ocr_carea' id='block_1_75' title="bbox 24 4320 1691 4401">
    <p class='ocr_par' dir='ltr' id='par_1_75' title="bbox 24 4320 1691 4401">
     <span class='ocr_line' id='line_1_76' title="bbox 24 4320 1691 4401; baseline -0.004 -21"><span class='ocrx_word' id='word_1_440' title='bbox 24 4329 367 4401; x_wconf 89' lang='lat' dir='ltr'>impugnes,</span> <span class='ocrx_word' id='word_1_441' title='bbox 387 4331 445 4380; x_wconf 91' lang='lat' dir='ltr'>et</span> <span class='ocrx_word' id='word_1_442' title='bbox 476 4325 546 4380; x_wconf 89' lang='lat' dir='ltr'>ab</span> <span class='ocrx_word' id='word_1_443' title='bbox 579 4341 645 4379; x_wconf 91' lang='lat' dir='ltr'>eo</span> <span class='ocrx_word' id='word_1_444' title='bbox 676 4323 830 4378; x_wconf 90' lang='lat' dir='ltr'>viros</span> <span class='ocrx_word' id='word_1_445' title='bbox 862 4322 1128 4378; x_wconf 89' lang='lat' dir='ltr'>retrahas</span> <span class='ocrx_word' id='word_1_446' title='bbox 1159 4320 1499 4387; x_wconf 80' lang='lat' dir='ltr'>saeculares;</span> <span class='ocrx_word' id='word_1_447' title='bbox 1536 4320 1691 4392; x_wconf 92' lang='lat' dir='ltr'>quod</span> 
     </span>
    </p>
   </div>
   <div class='ocr_carea' id='block_1_76' title="bbox 23 4409 1694 4488">
    <p class='ocr_par' dir='ltr' id='par_1_76' title="bbox 23 4409 1694 4488">
     <span class='ocr_line' id='line_1_77' title="bbox 23 4409 1694 4488; baseline -0.004 -17"><span class='ocrx_word' id='word_1_448' title='bbox 23 4432 203 4487; x_wconf 86' lang='lat' dir='ltr'>quam</span> <span class='ocrx_word' id='word_1_449' title='bbox 238 4431 415 4488; x_wconf 89' lang='lat' dir='ltr'>prave</span> <span class='ocrx_word' id='word_1_450' title='bbox 445 4413 833 4483; x_wconf 86' lang='lat' dir='ltr'>facias,etiam</span> <span class='ocrx_word' id='word_1_451' title='bbox 867 4411 1250 4468; x_wconf 67' lang='lat' dir='ltr'>saecularibus</span> <span class='ocrx_word' id='word_1_452' title='bbox 1270 4414 1433 4482; x_wconf 89' lang='lat' dir='ltr'>potes</span> <span class='ocrx_word' id='word_1_453' title='bbox 1464 4409 1694 4482; x_wconf 83' lang='lat' dir='ltr'>legibus</span> 
     </span>
    </p>
   </div>
   <div class='ocr_carea' id='block_1_77' title="bbox 20 4501 1693 4576">
    <p class='ocr_par' dir='ltr' id='par_1_77' title="bbox 20 4501 1693 4576">
     <span class='ocr_line' id='line_1_78' title="bbox 20 4501 1693 4576; baseline -0.003 -18"><span class='ocrx_word' id='word_1_454' title='bbox 20 4504 493 4576; x_wconf 72' lang='lat' dir='ltr'>informari,quze</span> <span class='ocrx_word' id='word_1_455' title='bbox 527 4502 749 4558; x_wconf 88' lang='lat' dir='ltr'>sanctis</span> <span class='ocrx_word' id='word_1_456' title='bbox 768 4501 1049 4556; x_wconf 70' lang='lat' dir='ltr'>cnnobiis</span> <span class='ocrx_word' id='word_1_457' title='bbox 1067 4504 1478 4566; x_wconf 85' lang='lat' dir='ltr'>consonantes,</span> <span class='ocrx_word' id='word_1_458' title='bbox 1505 4502 1693 4553; x_wconf 78' lang='lat' dir='ltr'>extre-</span> 
     </span>
    </p>
   </div>
   <div class='ocr_carea' id='block_1_78' title="bbox 0 4582 3454 4668">
    <p class='ocr_par' dir='ltr' id='par_1_78' title="bbox 0 4582 3454 4668">
     <span class='ocr_line' id='line_1_79' title="bbox 0 4582 3454 4668; baseline 0.002 -21"><span class='ocrx_word' id='word_1_459' title='bbox 0 4586 3 4607; x_wconf 56' lang='grc'>⁸</span> <span class='ocrx_word' id='word_1_460' title='bbox 25 4611 150 4650; x_wconf 85' lang='lat' dir='ltr'>mas</span> <span class='ocrx_word' id='word_1_461' title='bbox 165 4591 570 4651; x_wconf 85' lang='lat' dir='ltr'>deﬁcientium</span> <span class='ocrx_word' id='word_1_462' title='bbox 583 4591 909 4647; x_wconf 84' lang='lat' dir='ltr'>voluntates</span> <span class='ocrx_word' id='word_1_463' title='bbox 925 4593 1081 4645; x_wconf 87' lang='lat' dir='ltr'>ratas</span> <span class='ocrx_word' id='word_1_464' title='bbox 1093 4589 1293 4644; x_wconf 90' lang='lat' dir='ltr'>haberi</span> <span class='ocrx_word' id='word_1_465' title='bbox 1308 4588 1694 4643; x_wconf 88' lang='lat' dir='ltr'>constituunt.</span> <span class='ocrx_word' id='word_1_466' title='bbox 1805 4582 2225 4653; x_wconf 85' lang='lat' dir='ltr'>inquietatione</span> <span class='ocrx_word' id='word_1_467' title='bbox 2249 4586 2645 4654; x_wconf 88' lang='lat' dir='ltr'>quorumlibet</span> <span class='ocrx_word' id='word_1_468' title='bbox 2661 4594 3026 4662; x_wconf 90' lang='lat' dir='ltr'>posterorum</span> <span class='ocrx_word' id='word_1_469' title='bbox 3051 4594 3109 4650; x_wconf 86' lang='lat' dir='ltr'>in</span> <span class='ocrx_word' id='word_1_470' title='bbox 3141 4612 3284 4668; x_wconf 86' lang='lat' dir='ltr'>pace</span> <span class='ocrx_word' id='word_1_471' title='bbox 3299 4597 3454 4654; x_wconf 87' lang='lat' dir='ltr'>bona</span> 
     </span>
    </p>
   </div>
   <div class='ocr_carea' id='block_1_79' title="bbox 30 4670 3451 4755">
    <p class='ocr_par' dir='ltr' id='par_1_79' title="bbox 30 4670 3451 4755">
     <span class='ocr_line' id='line_1_80' title="bbox 30 4670 3451 4755; baseline 0.001 -19"><span class='ocrx_word' id='word_1_472' title='bbox 30 4682 443 4739; x_wconf 78' lang='lat' dir='ltr'>Dixeritetiam</span> <span class='ocrx_word' id='word_1_473' title='bbox 475 4682 711 4737; x_wconf 87' lang='lat' dir='ltr'>devotos</span> <span class='ocrx_word' id='word_1_474' title='bbox 733 4678 1087 4735; x_wconf 85' lang='lat' dir='ltr'>monasterio</span> <span class='ocrx_word' id='word_1_475' title='bbox 1127 4677 1303 4743; x_wconf 89' lang='lat' dir='ltr'>viros,</span> <span class='ocrx_word' id='word_1_476' title='bbox 1340 4694 1515 4749; x_wconf 90' lang='lat' dir='ltr'>prava</span> <span class='ocrx_word' id='word_1_477' title='bbox 1534 4675 1698 4731; x_wconf 89' lang='lat' dir='ltr'>illinc</span> <span class='ocrx_word' id='word_1_478' title='bbox 1808 4674 1940 4743; x_wconf 84' lang='lat' dir='ltr'>post</span> <span class='ocrx_word' id='word_1_479' title='bbox 1970 4670 2207 4725; x_wconf 91' lang='lat' dir='ltr'>modum</span> <span class='ocrx_word' id='word_1_480' title='bbox 2240 4670 2518 4728; x_wconf 88' lang='lat' dir='ltr'>obtineat.</span> <span class='ocrx_word' id='word_1_481' title='bbox 2548 4676 2609 4729; x_wconf 92' lang='lat' dir='ltr'>In</span> <span class='ocrx_word' id='word_1_482' title='bbox 2629 4681 2789 4748; x_wconf 88' lang='lat' dir='ltr'>parte</span> <span class='ocrx_word' id='word_1_483' title='bbox 2812 4679 2987 4737; x_wconf 90' lang='lat' dir='ltr'>etiam</span> <span class='ocrx_word' id='word_1_484' title='bbox 3010 4684 3451 4755; x_wconf 87' lang='lat' dir='ltr'>septentrionali</span> 
     </span>
    </p>
   </div>
   <div class='ocr_carea' id='block_1_80' title="bbox 35 4759 3454 4844">
    <p class='ocr_par' dir='ltr' id='par_1_80' title="bbox 35 4759 3454 4844">
     <span class='ocr_line' id='line_1_81' title="bbox 35 4759 3454 4844; baseline 0.008 -41"><span class='ocrx_word' id='word_1_485' title='bbox 35 4772 338 4842; x_wconf 55' lang='lat' dir='ltr'>suasione,</span> <span class='ocrx_word' id='word_1_486' title='bbox 363 4769 679 4839; x_wconf 58' lang='lat' dir='ltr'>retrahere,</span> <span class='ocrx_word' id='word_1_487' title='bbox 700 4769 769 4824; x_wconf 77' lang='lat' dir='ltr'>de</span> <span class='ocrx_word' id='word_1_488' title='bbox 802 4768 1018 4840; x_wconf 80' lang='lat' dir='ltr'>quibus</span> <span class='ocrx_word' id='word_1_489' title='bbox 1048 4782 1402 4839; x_wconf 88' lang='lat' dir='ltr'>magnopere</span> <span class='ocrx_word' id='word_1_490' title='bbox 1434 4768 1699 4820; x_wconf 90' lang='lat' dir='ltr'>metuen-</span> <span class='ocrx_word' id='word_1_491' title='bbox 1728 4781 1776 4844; x_wconf 82' lang='lat' dir='ltr'>D</span> <span class='ocrx_word' id='word_1_492' title='bbox 1807 4759 2006 4815; x_wconf 90' lang='lat' dir='ltr'>eodem</span> <span class='ocrx_word' id='word_1_493' title='bbox 2038 4762 2257 4825; x_wconf 89' lang='lat' dir='ltr'>tenore,</span> <span class='ocrx_word' id='word_1_494' title='bbox 2316 4776 2432 4831; x_wconf 93' lang='lat' dir='ltr'>quo</span> <span class='ocrx_word' id='word_1_495' title='bbox 2485 4778 2589 4833; x_wconf 90' lang='lat' dir='ltr'>per</span> <span class='ocrx_word' id='word_1_496' title='bbox 2641 4765 2906 4835; x_wconf 90' lang='lat' dir='ltr'>ejusdem</span> <span class='ocrx_word' id='word_1_497' title='bbox 2957 4771 3111 4843; x_wconf 85' lang='lat' dir='ltr'>regis</span> <span class='ocrx_word' id='word_1_498' title='bbox 3168 4772 3454 4829; x_wconf 80' lang='lat' dir='ltr'>Ranimiri</span> 
     </span>
    </p>
   </div>
   <div class='ocr_carea' id='block_1_81' title="bbox 33 4846 3454 4935">
    <p class='ocr_par' dir='ltr' id='par_1_81' title="bbox 33 4846 3454 4935">
     <span class='ocr_line' id='line_1_82' title="bbox 33 4846 3454 4935; baseline 0.001 -20"><span class='ocrx_word' id='word_1_499' title='bbox 33 4861 388 4929; x_wconf 86' lang='lat' dir='ltr'>dumest,ne</span> <span class='ocrx_word' id='word_1_500' title='bbox 405 4859 731 4915; x_wconf 90' lang='lat' dir='ltr'>secundum</span> <span class='ocrx_word' id='word_1_501' title='bbox 748 4856 1242 4929; x_wconf 86' lang='lat' dir='ltr'>Apostolidictum</span> <span class='ocrx_word' id='word_1_502' title='bbox 1261 4854 1697 4909; x_wconf 88' lang='lat' dir='ltr'>damnationem</span> <span class='ocrx_word' id='word_1_503' title='bbox 1808 4846 2079 4903; x_wconf 67' lang='lat' dir='ltr'>similiter</span> <span class='ocrx_word' id='word_1_504' title='bbox 2108 4846 2471 4916; x_wconf 68' lang='lat' dir='ltr'>instantiam,</span> <span class='ocrx_word' id='word_1_505' title='bbox 2506 4867 2639 4906; x_wconf 81' lang='lat' dir='ltr'>cum</span> <span class='ocrx_word' id='word_1_506' title='bbox 2688 4870 2868 4926; x_wconf 88' lang='lat' dir='ltr'>supra</span> <span class='ocrx_word' id='word_1_507' title='bbox 2897 4859 3105 4930; x_wconf 90' lang='lat' dir='ltr'>positis</span> <span class='ocrx_word' id='word_1_508' title='bbox 3136 4861 3454 4935; x_wconf 88' lang='lat' dir='ltr'>assignatis</span> 
     </span>
    </p>
   </div>
   <div class='ocr_carea' id='block_1_82' title="bbox 34 4935 3454 5024">
    <p class='ocr_par' dir='ltr' id='par_1_82' title="bbox 34 4935 3454 5024">
     <span class='ocr_line' id='line_1_83' title="bbox 34 4935 3454 5024; baseline 0.002 -22"><span class='ocrx_word' id='word_1_509' title='bbox 34 4949 373 5014; x_wconf 87' lang='lat' dir='ltr'>incurrant,</span> <span class='ocrx_word' id='word_1_510' title='bbox 434 4947 573 5019; x_wconf 88' lang='lat' dir='ltr'>quia</span> <span class='ocrx_word' id='word_1_511' title='bbox 603 4947 854 5019; x_wconf 90' lang='lat' dir='ltr'>primam</span> <span class='ocrx_word' id='word_1_512' title='bbox 910 4946 1085 5000; x_wconf 81' lang='lat' dir='ltr'>{idem</span> <span class='ocrx_word' id='word_1_513' title='bbox 1144 4942 1371 4998; x_wconf 88' lang='lat' dir='ltr'>irritam</span> <span class='ocrx_word' id='word_1_514' title='bbox 1418 4942 1695 4997; x_wconf 86' lang='lat' dir='ltr'>fecerunt.</span> <span class='ocrx_word' id='word_1_515' title='bbox 1809 4937 2075 4992; x_wconf 89' lang='lat' dir='ltr'>terminis</span> <span class='ocrx_word' id='word_1_516' title='bbox 2103 4935 2452 5003; x_wconf 90' lang='lat' dir='ltr'>videlicet,et</span> <span class='ocrx_word' id='word_1_517' title='bbox 2481 4956 2668 5013; x_wconf 89' lang='lat' dir='ltr'>usque</span> <span class='ocrx_word' id='word_1_518' title='bbox 2698 4943 2770 4998; x_wconf 89' lang='lat' dir='ltr'>ad</span> <span class='ocrx_word' id='word_1_519' title='bbox 2810 4943 3001 5004; x_wconf 92' lang='lat' dir='ltr'>locum</span> <span class='ocrx_word' id='word_1_520' title='bbox 3034 4947 3135 5020; x_wconf 89' lang='lat' dir='ltr'>qui</span> <span class='ocrx_word' id='word_1_521' title='bbox 3163 4948 3336 5024; x_wconf 89' lang='lat' dir='ltr'>vulgo</span> <span class='ocrx_word' id='word_1_522' title='bbox 3367 4953 3454 5009; x_wconf 90' lang='lat' dir='ltr'>di-</span> 
     </span>
    </p>
   </div>
   <div class='ocr_carea' id='block_1_83' title="bbox 29 5023 3458 5110">
    <p class='ocr_par' dir='ltr' id='par_1_83' title="bbox 29 5023 3458 5110">
     <span class='ocr_line' id='line_1_84' title="bbox 29 5023 3458 5110; baseline 0.004 -24"><span class='ocrx_word' id='word_1_523' title='bbox 29 5041 218 5095; x_wconf 77' lang='lat' dir='ltr'>Tuam</span> <span class='ocrx_word' id='word_1_524' title='bbox 263 5036 829 5110; x_wconf 86' lang='lat' dir='ltr'>igiturdilectionem</span> <span class='ocrx_word' id='word_1_525' title='bbox 862 5033 1072 5090; x_wconf 90' lang='lat' dir='ltr'>litteris</span> <span class='ocrx_word' id='word_1_526' title='bbox 1098 5030 1697 5105; x_wconf 39' lang='lat' dir='ltr'>praesentibusadmo‘</span> <span class='ocrx_word' id='word_1_527' title='bbox 1810 5026 1965 5080; x_wconf 89' lang='lat' dir='ltr'>citur</span> <span class='ocrx_word' id='word_1_528' title='bbox 2010 5023 2393 5096; x_wconf 79' lang='lat' dir='ltr'>Planemayor</span> <span class='ocrx_word' id='word_1_529' title='bbox 2437 5027 2665 5086; x_wconf 89' lang='lat' dir='ltr'>inclusa</span> <span class='ocrx_word' id='word_1_530' title='bbox 2709 5035 2832 5089; x_wconf 83' lang='lat' dir='ltr'>tota</span> <span class='ocrx_word' id='word_1_531' title='bbox 2883 5039 3036 5093; x_wconf 90' lang='lat' dir='ltr'>terra</span> <span class='ocrx_word' id='word_1_532' title='bbox 3081 5023 3347 5110; x_wconf 79' lang='lat' dir='ltr'>Pintana,</span> <span class='ocrx_word' id='word_1_533' title='bbox 3399 5046 3458 5098; x_wconf 85' lang='lat' dir='ltr'>et</span> 
     </span>
    </p>
   </div>
   <div class='ocr_carea' id='block_1_84' title="bbox 0 5085 3456 5201">
    <p class='ocr_par' dir='ltr' id='par_1_84' title="bbox 0 5085 3456 5201">
     <span class='ocr_line' id='line_1_85' title="bbox 40 5085 3456 5110; baseline 0.001 -15"><span class='ocrx_word' id='word_1_534' title='bbox 40 5085 218 5095; x_wconf 76' lang='lat'>-.......</span> <span class='ocrx_word' id='word_1_535' title='bbox 264 5085 829 5110; x_wconf 58' lang='lat'>-0.-_-_.---------_--</span> <span class='ocrx_word' id='word_1_536' title='bbox 864 5085 1069 5090; x_wconf 56' lang='grc' dir='ltr'><strong><em>---η-η</em></strong></span> <span class='ocrx_word' id='word_1_537' title='bbox 1098 5085 1183 5105; x_wconf 54' lang='grc' dir='ltr'>τη</span> <span class='ocrx_word' id='word_1_538' title='bbox 1334 5085 1339 5086; x_wconf 44' lang='grc' dir='ltr'><em>ν</em></span> <span class='ocrx_word' id='word_1_539' title='bbox 2288 5085 2308 5096; x_wconf 68' lang='grc' dir='ltr'><strong><em>υ</em></strong></span> <span class='ocrx_word' id='word_1_540' title='bbox 2888 5085 3036 5093; x_wconf 70' lang='grc' dir='ltr'>--η-</span> <span class='ocrx_word' id='word_1_541' title='bbox 3082 5085 3327 5098; x_wconf 71' lang='grc' dir='ltr'>--.......υ.</span> <span class='ocrx_word' id='word_1_542' title='bbox 3399 5085 3456 5098; x_wconf 75' lang='grc' dir='ltr'>ν..</span> 
     </span>
     <span class='ocr_line' id='line_1_86' title="bbox 0 5085 3456 5201; baseline 0.001 -18"><span class='ocrx_word' id='word_1_543' title='bbox 0 5144 249 5201; x_wconf 72' lang='grc' dir='ltr'>,ηεωυε</span> <span class='ocrx_word' id='word_1_544' title='bbox 274 5132 452 5198; x_wconf 85' lang='lat' dir='ltr'>atque</span> <span class='ocrx_word' id='word_1_545' title='bbox 495 5125 886 5198; x_wconf 83' lang='lat' dir='ltr'>praecipimus,</span> <span class='ocrx_word' id='word_1_546' title='bbox 921 5140 993 5179; x_wconf 91' lang='lat' dir='ltr'>ne</span> <span class='ocrx_word' id='word_1_547' title='bbox 1022 5122 1271 5178; x_wconf 88' lang='lat' dir='ltr'>ulterius</span> <span class='ocrx_word' id='word_1_548' title='bbox 1304 5118 1702 5192; x_wconf 87' lang='lat' dir='ltr'>quorumlibet</span> <span class='ocrx_word' id='word_1_549' title='bbox 1808 5113 1955 5169; x_wconf 81' lang='lat' dir='ltr'>valle</span> <span class='ocrx_word' id='word_1_550' title='bbox 1985 5113 2226 5184; x_wconf 84' lang='lat' dir='ltr'>Orsella,</span> <span class='ocrx_word' id='word_1_551' title='bbox 2260 5132 2393 5173; x_wconf 92' lang='lat' dir='ltr'>cum</span> <span class='ocrx_word' id='word_1_552' title='bbox 2422 5117 2681 5176; x_wconf 89' lang='lat' dir='ltr'>ecclesiis</span> <span class='ocrx_word' id='word_1_553' title='bbox 2713 5124 3171 5201; x_wconf 88' lang='lat' dir='ltr'>suppositorum_</span> <span class='ocrx_word' id='word_1_554' title='bbox 3187 5085 3456 5188; x_wconf 64' lang='lat' dir='ltr'>castello-</span> 
     </span>
    </p>
   </div>
   <div class='ocr_carea' id='block_1_85' title="bbox 26 5192 3456 5289">
    <p class='ocr_par' dir='ltr' id='par_1_85' title="bbox 26 5192 3456 5289">
     <span class='ocr_line' id='line_1_87' title="bbox 26 5192 3456 5289; baseline 0.002 -19"><span class='ocrx_word' id='word_1_555' title='bbox 26 5216 338 5282; x_wconf 87' lang='lat' dir='ltr'>suasione,</span> <span class='ocrx_word' id='word_1_556' title='bbox 356 5192 568 5270; x_wconf 68' lang='lat' dir='ltr'>locum</span> <span class='ocrx_word' id='word_1_557' title='bbox 597 5192 898 5284; x_wconf 78' lang='lat' dir='ltr'>illum,qui</span> <span class='ocrx_word' id='word_1_558' title='bbox 930 5211 1040 5266; x_wconf 90' lang='lat' dir='ltr'>sub</span> <span class='ocrx_word' id='word_1_559' title='bbox 1069 5209 1218 5264; x_wconf 88' lang='lat' dir='ltr'>beati</span> <span class='ocrx_word' id='word_1_560' title='bbox 1254 5206 1405 5263; x_wconf 89' lang='lat' dir='ltr'>Petri</span> <span class='ocrx_word' id='word_1_561' title='bbox 1429 5207 1701 5277; x_wconf 89' lang='lat' dir='ltr'>jurespe-</span> <span class='ocrx_word' id='word_1_562' title='bbox 1810 5218 1940 5258; x_wconf 88' lang='lat' dir='ltr'>rum</span> <span class='ocrx_word' id='word_1_563' title='bbox 1974 5203 2043 5258; x_wconf 92' lang='lat' dir='ltr'>de</span> <span class='ocrx_word' id='word_1_564' title='bbox 2070 5202 2147 5259; x_wconf 89' lang='lat' dir='ltr'>Us</span> <span class='ocrx_word' id='word_1_565' title='bbox 2182 5204 2425 5275; x_wconf 88' lang='lat' dir='ltr'>scilicet,</span> <span class='ocrx_word' id='word_1_566' title='bbox 2459 5212 2514 5262; x_wconf 89' lang='lat' dir='ltr'>et</span> <span class='ocrx_word' id='word_1_567' title='bbox 2560 5208 2632 5265; x_wconf 91' lang='lat' dir='ltr'>de</span> <span class='ocrx_word' id='word_1_568' title='bbox 2662 5192 2807 5279; x_wconf 53' lang='lat' dir='ltr'>Sos;</span> <span class='ocrx_word' id='word_1_569' title='bbox 2829 5192 2908 5267; x_wconf 32' lang='lat' dir='ltr'>iet</span> <span class='ocrx_word' id='word_1_570' title='bbox 2937 5214 3009 5269; x_wconf 88' lang='lat' dir='ltr'>de</span> <span class='ocrx_word' id='word_1_571' title='bbox 3062 5192 3255 5289; x_wconf 62' lang='lat' dir='ltr'>Lusia,</span> <span class='ocrx_word' id='word_1_572' title='bbox 3298 5224 3355 5275; x_wconf 90' lang='lat' dir='ltr'>et</span> <span class='ocrx_word' id='word_1_573' title='bbox 3384 5221 3456 5277; x_wconf 86' lang='lat' dir='ltr'>de</span> 
     </span>
    </p>
   </div>
   <div class='ocr_carea' id='block_1_86' title="bbox 21 5290 3454 5372">
    <p class='ocr_par' dir='ltr' id='par_1_86' title="bbox 21 5290 3454 5372">
     <span class='ocr_line' id='line_1_88' title="bbox 21 5290 3454 5372; baseline 0.003 -14"><span class='ocrx_word' id='word_1_574' title='bbox 21 5304 264 5360; x_wconf 90' lang='lat' dir='ltr'>cialiter</span> <span class='ocrx_word' id='word_1_575' title='bbox 315 5302 667 5370; x_wconf 91' lang='lat' dir='ltr'>continetur,</span> <span class='ocrx_word' id='word_1_576' title='bbox 728 5300 1073 5372; x_wconf 89' lang='lat' dir='ltr'>hujusmodi</span> <span class='ocrx_word' id='word_1_577' title='bbox 1104 5297 1512 5355; x_wconf 79' lang='lat' dir='ltr'>vexationibus</span> <span class='ocrx_word' id='word_1_578' title='bbox 1539 5294 1698 5350; x_wconf 79' lang='lat' dir='ltr'>defa-</span> <span class='ocrx_word' id='word_1_579' title='bbox 1809 5290 1991 5361; x_wconf 86' lang='lat' dir='ltr'>Bel,et</span> <span class='ocrx_word' id='word_1_580' title='bbox 2020 5294 2091 5347; x_wconf 90' lang='lat' dir='ltr'>de</span> <span class='ocrx_word' id='word_1_581' title='bbox 2111 5295 2420 5368; x_wconf 84' lang='lat' dir='ltr'>Aguero,et</span> <span class='ocrx_word' id='word_1_582' title='bbox 2440 5298 2511 5353; x_wconf 92' lang='lat' dir='ltr'>de</span> <span class='ocrx_word' id='word_1_583' title='bbox 2534 5298 2796 5357; x_wconf 90' lang='lat' dir='ltr'>Moriello</span> <span class='ocrx_word' id='word_1_584' title='bbox 2826 5318 2839 5357; x_wconf 88' lang='lat'>:</span> <span class='ocrx_word' id='word_1_585' title='bbox 2873 5306 2931 5358; x_wconf 91' lang='lat' dir='ltr'>et</span> <span class='ocrx_word' id='word_1_586' title='bbox 2960 5320 3182 5365; x_wconf 87' lang='lat' dir='ltr'>nos.....</span> <span class='ocrx_word' id='word_1_587' title='bbox 3216 5310 3454 5367; x_wconf 88' lang='lat' dir='ltr'>eosdem</span> 
     </span>
    </p>
   </div>
   <div class='ocr_carea' id='block_1_87' title="bbox 18 5381 3453 5465">
    <p class='ocr_par' dir='ltr' id='par_1_87' title="bbox 18 5381 3453 5465">
     <span class='ocr_line' id='line_1_89' title="bbox 18 5381 3453 5465; baseline 0.002 -18"><span class='ocrx_word' id='word_1_588' title='bbox 18 5393 181 5465; x_wconf 86' lang='lat' dir='ltr'>tiges</span> <span class='ocrx_word' id='word_1_589' title='bbox 208 5411 225 5462; x_wconf 87' lang='lat'><strong>;</strong></span> <span class='ocrx_word' id='word_1_590' title='bbox 259 5408 371 5449; x_wconf 89' lang='lat' dir='ltr'>nec</span> <span class='ocrx_word' id='word_1_591' title='bbox 402 5409 436 5448; x_wconf 89' lang='lat' dir='ltr'>a</span> <span class='ocrx_word' id='word_1_592' title='bbox 465 5390 839 5448; x_wconf 90' lang='lat' dir='ltr'>conversione</span> <span class='ocrx_word' id='word_1_593' title='bbox 879 5390 1137 5460; x_wconf 90' lang='lat' dir='ltr'>devotos,</span> <span class='ocrx_word' id='word_1_594' title='bbox 1170 5403 1275 5442; x_wconf 90' lang='lat' dir='ltr'>nec</span> <span class='ocrx_word' id='word_1_595' title='bbox 1307 5403 1340 5441; x_wconf 91' lang='lat' dir='ltr'>a</span> <span class='ocrx_word' id='word_1_596' title='bbox 1369 5383 1698 5441; x_wconf 83' lang='lat' dir='ltr'>coemeterio</span> <span class='ocrx_word' id='word_1_597' title='bbox 1809 5381 2014 5437; x_wconf 89' lang='lat' dir='ltr'>Oscen.</span> <span class='ocrx_word' id='word_1_598' title='bbox 2066 5385 2123 5438; x_wconf 88' lang='lat' dir='ltr'>et</span> <span class='ocrx_word' id='word_1_599' title='bbox 2157 5382 2390 5440; x_wconf 92' lang='lat' dir='ltr'>Jaccen.</span> <span class='ocrx_word' id='word_1_600' title='bbox 2425 5386 2690 5445; x_wconf 78' lang='lat' dir='ltr'>Ecclesiae</span> <span class='ocrx_word' id='word_1_601' title='bbox 2722 5390 2782 5446; x_wconf 91' lang='lat' dir='ltr'>in</span> <span class='ocrx_word' id='word_1_602' title='bbox 2808 5396 3156 5463; x_wconf 90' lang='lat' dir='ltr'>perpetuum</span> <span class='ocrx_word' id='word_1_603' title='bbox 3187 5399 3453 5455; x_wconf 88' lang='lat' dir='ltr'>concedi-</span> 
     </span>
    </p>
   </div>
   <div class='ocr_carea' id='block_1_88' title="bbox 0 5468 3453 5554">
    <p class='ocr_par' dir='ltr' id='par_1_88' title="bbox 0 5468 3453 5554">
     <span class='ocr_line' id='line_1_90' title="bbox 0 5468 3453 5554; baseline 0.002 -17"><span class='ocrx_word' id='word_1_604' title='bbox 0 5468 309 5539; x_wconf 67' lang='lat' dir='ltr'>Imortuos</span> <span class='ocrx_word' id='word_1_605' title='bbox 338 5481 586 5538; x_wconf 90' lang='lat' dir='ltr'>ulterius</span> <span class='ocrx_word' id='word_1_606' title='bbox 605 5480 821 5537; x_wconf 88' lang='lat' dir='ltr'>retrahi</span> <span class='ocrx_word' id='word_1_607' title='bbox 846 5480 1107 5553; x_wconf 90' lang='lat' dir='ltr'>patiaris.</span> <span class='ocrx_word' id='word_1_608' title='bbox 1141 5478 1327 5548; x_wconf 88' lang='lat' dir='ltr'>Super</span> <span class='ocrx_word' id='word_1_609' title='bbox 1347 5474 1699 5530; x_wconf 88' lang='lat' dir='ltr'>detrimento</span> <span class='ocrx_word' id='word_1_610' title='bbox 1810 5470 2216 5544; x_wconf 89' lang='lat' dir='ltr'>mus,dignum</span> <span class='ocrx_word' id='word_1_611' title='bbox 2231 5474 2567 5545; x_wconf 88' lang='lat' dir='ltr'>judicantes</span> <span class='ocrx_word' id='word_1_612' title='bbox 2589 5483 2654 5535; x_wconf 90' lang='lat' dir='ltr'>ut</span> <span class='ocrx_word' id='word_1_613' title='bbox 2703 5483 2822 5536; x_wconf 89' lang='lat' dir='ltr'>tam</span> <span class='ocrx_word' id='word_1_614' title='bbox 2845 5480 2957 5538; x_wconf 88' lang='lat' dir='ltr'>ista</span> <span class='ocrx_word' id='word_1_615' title='bbox 2977 5498 3154 5554; x_wconf 85' lang='lat' dir='ltr'>quam</span> <span class='ocrx_word' id='word_1_616' title='bbox 3185 5485 3299 5543; x_wconf 86' lang='lat' dir='ltr'>alia</span> <span class='ocrx_word' id='word_1_617' title='bbox 3328 5504 3453 5547; x_wconf 88' lang='lat' dir='ltr'>om-</span> 
     </span>
    </p>
   </div>
   <div class='ocr_carea' id='block_1_89' title="bbox 0 5558 3457 5651">
    <p class='ocr_par' dir='ltr' id='par_1_89' title="bbox 0 5558 3457 5651">
     <span class='ocr_line' id='line_1_91' title="bbox 0 5558 3457 5651; baseline 0.004 -29"><span class='ocrx_word' id='word_1_618' title='bbox 0 5568 239 5651; x_wconf 40' lang='lat' dir='ltr'>Ietiam,</span> <span class='ocrx_word' id='word_1_619' title='bbox 268 5569 429 5641; x_wconf 90' lang='lat' dir='ltr'>quod</span> <span class='ocrx_word' id='word_1_620' title='bbox 454 5584 558 5640; x_wconf 89' lang='lat' dir='ltr'>per</span> <span class='ocrx_word' id='word_1_621' title='bbox 584 5566 929 5639; x_wconf 90' lang='lat' dir='ltr'>hujusmodi</span> <span class='ocrx_word' id='word_1_622' title='bbox 972 5565 1309 5623; x_wconf 88' lang='lat' dir='ltr'>occasiones</span> <span class='ocrx_word' id='word_1_623' title='bbox 1338 5558 1698 5619; x_wconf 87' lang='lat' dir='ltr'>monasterio</span> <span class='ocrx_word' id='word_1_624' title='bbox 1810 5561 1908 5616; x_wconf 88' lang='lat' dir='ltr'>nia</span> <span class='ocrx_word' id='word_1_625' title='bbox 1938 5576 2064 5632; x_wconf 81' lang='lat' dir='ltr'>quae</span> <span class='ocrx_word' id='word_1_626' title='bbox 2099 5563 2372 5633; x_wconf 77' lang='lat' dir='ltr'>praefatus</span> <span class='ocrx_word' id='word_1_627' title='bbox 2406 5583 2504 5623; x_wconf 86' lang='lat' dir='ltr'>rex</span> <span class='ocrx_word' id='word_1_628' title='bbox 2535 5568 2628 5625; x_wconf 93' lang='lat' dir='ltr'>die</span> <span class='ocrx_word' id='word_1_629' title='bbox 2682 5586 2799 5642; x_wconf 89' lang='lat' dir='ltr'>qua</span> <span class='ocrx_word' id='word_1_630' title='bbox 2843 5571 3123 5630; x_wconf 90' lang='lat' dir='ltr'>canonica</span> <span class='ocrx_word' id='word_1_631' title='bbox 3177 5573 3236 5630; x_wconf 90' lang='lat' dir='ltr'>in</span> <span class='ocrx_word' id='word_1_632' title='bbox 3279 5576 3457 5636; x_wconf 87' lang='lat' dir='ltr'>Jacca</span> 
     </span>
    </p>
   </div>
   <div class='ocr_carea' id='block_1_90' title="bbox 20 5650 3458 5738">
    <p class='ocr_par' dir='ltr' id='par_1_90' title="bbox 20 5650 3458 5738">
     <span class='ocr_line' id='line_1_92' title="bbox 20 5650 3458 5738; baseline 0.004 -28"><span class='ocrx_word' id='word_1_633' title='bbox 20 5655 274 5713; x_wconf 87' lang='lat' dir='ltr'>illatum</span> <span class='ocrx_word' id='word_1_634' title='bbox 300 5661 520 5722; x_wconf 89' lang='lat' dir='ltr'>est,aut</span> <span class='ocrx_word' id='word_1_635' title='bbox 532 5657 830 5728; x_wconf 85' lang='lat' dir='ltr'>justitiam</span> <span class='ocrx_word' id='word_1_636' title='bbox 854 5656 1100 5729; x_wconf 88' lang='lat' dir='ltr'>integra,</span> <span class='ocrx_word' id='word_1_637' title='bbox 1133 5658 1233 5709; x_wconf 91' lang='lat' dir='ltr'>aut</span> <span class='ocrx_word' id='word_1_638' title='bbox 1258 5651 1698 5738; x_wconf 88' lang='lat' dir='ltr'>convenientem</span> <span class='ocrx_word' id='word_1_639' title='bbox 1810 5650 1919 5704; x_wconf 79' lang='lat' dir='ltr'>fuit</span> <span class='ocrx_word' id='word_1_640' title='bbox 1968 5651 2289 5708; x_wconf 86' lang='lat' dir='ltr'>constituta</span> <span class='ocrx_word' id='word_1_641' title='bbox 2318 5655 2588 5730; x_wconf 90' lang='lat' dir='ltr'>episcopo</span> <span class='ocrx_word' id='word_1_642' title='bbox 2616 5664 2673 5716; x_wconf 89' lang='lat' dir='ltr'>et</span> <span class='ocrx_word' id='word_1_643' title='bbox 2710 5661 3006 5720; x_wconf 89' lang='lat' dir='ltr'>canonicis</span> <span class='ocrx_word' id='word_1_644' title='bbox 3056 5662 3117 5719; x_wconf 88' lang='lat' dir='ltr'>in</span> <span class='ocrx_word' id='word_1_645' title='bbox 3150 5665 3458 5738; x_wconf 71' lang='lat' dir='ltr'>praesentia</span> 
     </span>
    </p>
   </div>
   <div class='ocr_carea' id='block_1_91' title="bbox 0 5737 3460 5822">
    <p class='ocr_par' dir='ltr' id='par_1_91' title="bbox 0 5737 3460 5822">
     <span class='ocr_line' id='line_1_93' title="bbox 0 5737 3460 5822; baseline 0.003 -19"><span class='ocrx_word' id='word_1_646' title='bbox 0 5746 781 5822; x_wconf 45' lang='lat' dir='ltr'>honeordiamﬁupradicto</span> <span class='ocrx_word' id='word_1_647' title='bbox 802 5744 1001 5803; x_wconf 88' lang='lat' dir='ltr'>abbati</span> <span class='ocrx_word' id='word_1_648' title='bbox 1024 5742 1398 5817; x_wconf 67' lang='lat' dir='ltr'>praecipimus</span> <span class='ocrx_word' id='word_1_649' title='bbox 1414 5737 1697 5797; x_wconf 81' lang='lat' dir='ltr'>exhiberi.</span> <span class='ocrx_word' id='word_1_650' title='bbox 1809 5754 2015 5794; x_wconf 88' lang='lat' dir='ltr'>novem</span> <span class='ocrx_word' id='word_1_651' title='bbox 2032 5741 2397 5814; x_wconf 81' lang='lat' dir='ltr'>pontiﬁcum,</span> <span class='ocrx_word' id='word_1_652' title='bbox 2426 5746 2496 5802; x_wconf 89' lang='lat' dir='ltr'>ad</span> <span class='ocrx_word' id='word_1_653' title='bbox 2521 5748 2744 5807; x_wconf 90' lang='lat' dir='ltr'>ordinis</span> <span class='ocrx_word' id='word_1_654' title='bbox 2764 5737 3249 5812; x_wconf 84' lang='lat' dir='ltr'>sustentationem</span> <span class='ocrx_word' id='word_1_655' title='bbox 3279 5753 3460 5815; x_wconf 81' lang='lat' dir='ltr'>libere</span> 
     </span>
    </p>
   </div>
   <div class='ocr_carea' id='block_1_92' title="bbox 16 5827 3459 5923">
    <p class='ocr_par' dir='ltr' id='par_1_92' title="bbox 16 5827 3459 5923">
     <span class='ocr_line' id='line_1_94' title="bbox 16 5827 3459 5923; baseline 0.007 -34"><span class='ocrx_word' id='word_1_656' title='bbox 16 5834 115 5901; x_wconf 79' lang='lat' dir='ltr'>Illi</span> <span class='ocrx_word' id='word_1_657' title='bbox 149 5851 300 5898; x_wconf 87' lang='lat' dir='ltr'>vero</span> <span class='ocrx_word' id='word_1_658' title='bbox 328 5836 428 5915; x_wconf 91' lang='lat' dir='ltr'>qui</span> <span class='ocrx_word' id='word_1_659' title='bbox 448 5840 861 5896; x_wconf 88' lang='lat' dir='ltr'>contravotum</span> <span class='ocrx_word' id='word_1_660' title='bbox 884 5850 1059 5893; x_wconf 88' lang='lat' dir='ltr'>suum</span> <span class='ocrx_word' id='word_1_661' title='bbox 1080 5850 1114 5893; x_wconf 75' lang='grc' dir='ltr'><strong>ο.</strong></span> <span class='ocrx_word' id='word_1_662' title='bbox 1135 5829 1489 5892; x_wconf 86' lang='lat' dir='ltr'>monasterio</span> <span class='ocrx_word' id='word_1_663' title='bbox 1516 5845 1699 5890; x_wconf 76' lang='lat' dir='ltr'>reces—</span> <span class='ocrx_word' id='word_1_664' title='bbox 1808 5827 2065 5905; x_wconf 86' lang='lat' dir='ltr'>donavit,</span> <span class='ocrx_word' id='word_1_665' title='bbox 2101 5830 2323 5892; x_wconf 88' lang='lat' dir='ltr'>scilicet</span> <span class='ocrx_word' id='word_1_666' title='bbox 2345 5834 2566 5897; x_wconf 81' lang='lat' dir='ltr'>Liertiae</span> <span class='ocrx_word' id='word_1_667' title='bbox 2584 5837 2808 5915; x_wconf 86' lang='lat' dir='ltr'>villam,</span> <span class='ocrx_word' id='word_1_668' title='bbox 2840 5848 2897 5903; x_wconf 86' lang='lat' dir='ltr'>et</span> <span class='ocrx_word' id='word_1_669' title='bbox 2918 5845 3147 5923; x_wconf 80' lang='lat' dir='ltr'>Sesave,</span> <span class='ocrx_word' id='word_1_670' title='bbox 3180 5848 3238 5908; x_wconf 82' lang='lat' dir='ltr'>et</span> <span class='ocrx_word' id='word_1_671' title='bbox 3263 5842 3459 5913; x_wconf 76' lang='lat' dir='ltr'>locum</span> 
     </span>
    </p>
   </div>
   <div class='ocr_carea' id='block_1_93' title="bbox 1787 3607 3430 3692">
    <p class='ocr_par' dir='ltr' id='par_1_93' title="bbox 1787 3607 3430 3692">
     <span class='ocr_line' id='line_1_95' title="bbox 1787 3607 3430 3692; baseline 0.008 -30"><span class='ocrx_word' id='word_1_672' title='bbox 1787 3607 2062 3678; x_wconf 88' lang='lat' dir='ltr'>deinceps</span> <span class='ocrx_word' id='word_1_673' title='bbox 2091 3607 2346 3677; x_wconf 88' lang='lat' dir='ltr'>querela,</span> <span class='ocrx_word' id='word_1_674' title='bbox 2406 3624 2582 3680; x_wconf 90' lang='lat' dir='ltr'>quam</span> <span class='ocrx_word' id='word_1_675' title='bbox 2643 3611 3034 3672; x_wconf 90' lang='lat' dir='ltr'>archidiaconi</span> <span class='ocrx_word' id='word_1_676' title='bbox 3090 3618 3178 3673; x_wconf 90' lang='lat' dir='ltr'>tui</span> <span class='ocrx_word' id='word_1_677' title='bbox 3228 3619 3430 3692; x_wconf 88' lang='lat' dir='ltr'>Luppo</span> 
     </span>
    </p>
   </div>
   <div class='ocr_carea' id='block_1_94' title="bbox 1789 3694 3439 3780">
    <p class='ocr_par' dir='ltr' id='par_1_94' title="bbox 1789 3694 3439 3780">
     <span class='ocr_line' id='line_1_96' title="bbox 1789 3694 3439 3780; baseline 0.008 -30"><span class='ocrx_word' id='word_1_678' title='bbox 1789 3694 2161 3750; x_wconf 85' lang='lat' dir='ltr'>Fortunionis</span> <span class='ocrx_word' id='word_1_679' title='bbox 2204 3699 2259 3750; x_wconf 89' lang='lat' dir='ltr'>et</span> <span class='ocrx_word' id='word_1_680' title='bbox 2291 3696 2492 3769; x_wconf 88' lang='lat' dir='ltr'>Luppo</span> <span class='ocrx_word' id='word_1_681' title='bbox 2526 3698 2811 3756; x_wconf 88' lang='lat' dir='ltr'>Eneconis</span> <span class='ocrx_word' id='word_1_682' title='bbox 2841 3701 3104 3760; x_wconf 84' lang='lat' dir='ltr'>fecerunt</span> <span class='ocrx_word' id='word_1_683' title='bbox 3133 3706 3304 3762; x_wconf 88' lang='lat' dir='ltr'>nobis</span> <span class='ocrx_word' id='word_1_684' title='bbox 3334 3723 3439 3780; x_wconf 88' lang='lat' dir='ltr'>pro</span> 
     </span>
    </p>
   </div>
   <div class='ocr_carea' id='block_1_95' title="bbox 1790 3783 3445 3868">
    <p class='ocr_par' dir='ltr' id='par_1_95' title="bbox 1790 3783 3445 3868">
     <span class='ocr_line' id='line_1_97' title="bbox 1790 3783 3445 3868; baseline 0.008 -29"><span class='ocrx_word' id='word_1_685' title='bbox 1790 3783 2072 3850; x_wconf 83' lang='lat' dir='ltr'>ccclesiis,</span> <span class='ocrx_word' id='word_1_686' title='bbox 2095 3801 2241 3855; x_wconf 88' lang='lat' dir='ltr'>quas</span> <span class='ocrx_word' id='word_1_687' title='bbox 2272 3784 2341 3839; x_wconf 92' lang='lat' dir='ltr'>de</span> <span class='ocrx_word' id='word_1_688' title='bbox 2373 3784 2529 3842; x_wconf 89' lang='lat' dir='ltr'>sedis</span> <span class='ocrx_word' id='word_1_689' title='bbox 2560 3789 2670 3842; x_wconf 60' lang='lat' dir='ltr'>tua:</span> <span class='ocrx_word' id='word_1_690' title='bbox 2688 3790 2965 3860; x_wconf 90' lang='lat' dir='ltr'>parochia</span> <span class='ocrx_word' id='word_1_691' title='bbox 2981 3793 3289 3867; x_wconf 82' lang='lat' dir='ltr'>condignis</span> <span class='ocrx_word' id='word_1_692' title='bbox 3312 3811 3445 3868; x_wconf 78' lang='lat' dir='ltr'>pos-</span> 
     </span>
    </p>
   </div>
   <div class='ocr_carea' id='block_1_96' title="bbox 1793 3871 3443 3958">
    <p class='ocr_par' dir='ltr' id='par_1_96' title="bbox 1793 3871 3443 3958">
     <span class='ocr_line' id='line_1_98' title="bbox 1793 3871 3443 3958; baseline 0.009 -31"><span class='ocrx_word' id='word_1_693' title='bbox 1793 3871 2181 3927; x_wconf 86' lang='lat' dir='ltr'>tulationibus</span> <span class='ocrx_word' id='word_1_694' title='bbox 2213 3873 2434 3929; x_wconf 87' lang='lat' dir='ltr'>Sanctii</span> <span class='ocrx_word' id='word_1_695' title='bbox 2467 3875 2666 3949; x_wconf 80' lang='lat' dir='ltr'>Regis,</span> <span class='ocrx_word' id='word_1_696' title='bbox 2706 3879 2846 3950; x_wconf 90' lang='lat' dir='ltr'>quia</span> <span class='ocrx_word' id='word_1_697' title='bbox 2888 3883 3105 3938; x_wconf 87' lang='lat' dir='ltr'>terram</span> <span class='ocrx_word' id='word_1_698' title='bbox 3156 3900 3291 3940; x_wconf 91' lang='lat' dir='ltr'>cum</span> <span class='ocrx_word' id='word_1_699' title='bbox 3320 3884 3443 3958; x_wconf 83' lang='lat' dir='ltr'>gla-</span> 
     </span>
    </p>
   </div>
   <div class='ocr_carea' id='block_1_97' title="bbox 1794 3960 3446 4046">
    <p class='ocr_par' dir='ltr' id='par_1_97' title="bbox 1794 3960 3446 4046">
     <span class='ocr_line' id='line_1_99' title="bbox 1794 3960 3446 4046; baseline 0.01 -31"><span class='ocrx_word' id='word_1_700' title='bbox 1794 3960 1889 4017; x_wconf 91' lang='lat' dir='ltr'>dio</span> <span class='ocrx_word' id='word_1_701' title='bbox 1913 3961 2288 4033; x_wconf 86' lang='lat' dir='ltr'>acquisierat,</span> <span class='ocrx_word' id='word_1_702' title='bbox 2311 3964 2583 4036; x_wconf 85' lang='lat' dir='ltr'>cappellae</span> <span class='ocrx_word' id='word_1_703' title='bbox 2615 3983 2732 4021; x_wconf 85' lang='lat' dir='ltr'>suae</span> <span class='ocrx_word' id='word_1_704' title='bbox 2763 3969 3293 4046; x_wconf 59' lang='lat' dir='ltr'>MontisoAragonis</span> <span class='ocrx_word' id='word_1_705' title='bbox 3317 3990 3446 4031; x_wconf 89' lang='lat' dir='ltr'>con-</span> 
     </span>
    </p>
   </div>
   <div class='ocr_carea' id='block_1_98' title="bbox 1795 4051 3449 4132">
    <p class='ocr_par' dir='ltr' id='par_1_98' title="bbox 1795 4051 3449 4132">
     <span class='ocr_line' id='line_1_100' title="bbox 1795 4051 3449 4132; baseline 0.008 -26"><span class='ocrx_word' id='word_1_706' title='bbox 1795 4067 2185 4117; x_wconf 89' lang='lat' dir='ltr'>cesseramus,</span> <span class='ocrx_word' id='word_1_707' title='bbox 2218 4051 2277 4106; x_wconf 91' lang='lat' dir='ltr'>in</span> <span class='ocrx_word' id='word_1_708' title='bbox 2310 4056 2608 4124; x_wconf 87' lang='lat' dir='ltr'>posterum</span> <span class='ocrx_word' id='word_1_709' title='bbox 2641 4057 2882 4114; x_wconf 89' lang='lat' dir='ltr'>omnino</span> <span class='ocrx_word' id='word_1_710' title='bbox 2908 4059 3227 4132; x_wconf 90' lang='lat' dir='ltr'>sopiretur:</span> <span class='ocrx_word' id='word_1_711' title='bbox 3259 4066 3317 4119; x_wconf 89' lang='lat' dir='ltr'>et</span> <span class='ocrx_word' id='word_1_712' title='bbox 3343 4063 3449 4119; x_wconf 88' lang='lat' dir='ltr'>Ec-</span> 
     </span>
    </p>
   </div>
   <div class='ocr_carea' id='block_1_99' title="bbox 1797 4139 3452 4217">
    <p class='ocr_par' dir='ltr' id='par_1_99' title="bbox 1797 4139 3452 4217">
     <span class='ocr_line' id='line_1_101' title="bbox 1797 4139 3452 4217; baseline 0.01 -25"><span class='ocrx_word' id='word_1_713' title='bbox 1797 4139 1987 4194; x_wconf 77' lang='lat' dir='ltr'>clesia:</span> <span class='ocrx_word' id='word_1_714' title='bbox 2020 4144 2132 4194; x_wconf 76' lang='lat' dir='ltr'>tuae</span> <span class='ocrx_word' id='word_1_715' title='bbox 2166 4157 2269 4211; x_wconf 90' lang='lat' dir='ltr'>pro</span> <span class='ocrx_word' id='word_1_716' title='bbox 2303 4157 2368 4197; x_wconf 88' lang='lat' dir='ltr'>eo</span> <span class='ocrx_word' id='word_1_717' title='bbox 2400 4144 2555 4214; x_wconf 89' lang='lat' dir='ltr'>quod</span> <span class='ocrx_word' id='word_1_718' title='bbox 2606 4146 2998 4217; x_wconf 82' lang='lat' dir='ltr'>praedecessor</span> <span class='ocrx_word' id='word_1_719' title='bbox 3044 4153 3183 4207; x_wconf 88' lang='lat' dir='ltr'>tuus</span> <span class='ocrx_word' id='word_1_720' title='bbox 3214 4150 3452 4209; x_wconf 86' lang='lat' dir='ltr'>Garsias</span> 
     </span>
    </p>
   </div>
   <div class='ocr_carea' id='block_1_100' title="bbox 1799 4227 3451 4309">
    <p class='ocr_par' dir='ltr' id='par_1_100' title="bbox 1799 4227 3451 4309">
     <span class='ocr_line' id='line_1_102' title="bbox 1799 4227 3451 4309; baseline 0.009 -27"><span class='ocrx_word' id='word_1_721' title='bbox 1799 4227 2111 4301; x_wconf 90' lang='lat' dir='ltr'>episcopus</span> <span class='ocrx_word' id='word_1_722' title='bbox 2142 4236 2343 4285; x_wconf 86' lang='lat' dir='ltr'>contra</span> <span class='ocrx_word' id='word_1_723' title='bbox 2402 4248 2711 4289; x_wconf 89' lang='lat' dir='ltr'>censuram</span> <span class='ocrx_word' id='word_1_724' title='bbox 2757 4235 3044 4309; x_wconf 89' lang='lat' dir='ltr'>privilegii</span> <span class='ocrx_word' id='word_1_725' title='bbox 3077 4238 3345 4309; x_wconf 83' lang='lat' dir='ltr'>Romani,</span> <span class='ocrx_word' id='word_1_726' title='bbox 3379 4240 3451 4297; x_wconf 87' lang='lat' dir='ltr'>de</span> 
     </span>
    </p>
   </div>
   <div class='ocr_carea' id='block_1_101' title="bbox 1801 4316 3452 4402">
    <p class='ocr_par' dir='ltr' id='par_1_101' title="bbox 1801 4316 3452 4402">
     <span class='ocr_line' id='line_1_103' title="bbox 1801 4316 3452 4402; baseline 0.008 -31"><span class='ocrx_word' id='word_1_727' title='bbox 1801 4316 2059 4372; x_wconf 80' lang='lat' dir='ltr'>Ecclesia</span> <span class='ocrx_word' id='word_1_728' title='bbox 2088 4318 2215 4388; x_wconf 87' lang='lat' dir='ltr'>jam</span> <span class='ocrx_word' id='word_1_729' title='bbox 2262 4320 2702 4393; x_wconf 78' lang='lat' dir='ltr'>praenominata,</span> <span class='ocrx_word' id='word_1_730' title='bbox 2734 4323 3000 4382; x_wconf 89' lang='lat' dir='ltr'>videlicet</span> <span class='ocrx_word' id='word_1_731' title='bbox 3041 4328 3112 4384; x_wconf 90' lang='lat' dir='ltr'>de</span> <span class='ocrx_word' id='word_1_732' title='bbox 3144 4328 3452 4402; x_wconf 89' lang='lat' dir='ltr'>Alquezar,</span> 
     </span>
    </p>
   </div>
   <div class='ocr_carea' id='block_1_102' title="bbox 1803 4404 3450 4485">
    <p class='ocr_par' dir='ltr' id='par_1_102' title="bbox 1803 4404 3450 4485">
     <span class='ocr_line' id='line_1_104' title="bbox 1803 4404 3450 4485; baseline 0.01 -28"><span class='ocrx_word' id='word_1_733' title='bbox 1803 4421 1905 4476; x_wconf 85' lang='lat' dir='ltr'>per</span> <span class='ocrx_word' id='word_1_734' title='bbox 1922 4404 2257 4461; x_wconf 88' lang='lat' dir='ltr'>violentiam</span> <span class='ocrx_word' id='word_1_735' title='bbox 2278 4407 2466 4463; x_wconf 80' lang='lat' dir='ltr'>fuerat</span> <span class='ocrx_word' id='word_1_736' title='bbox 2485 4411 2900 4485; x_wconf 81' lang='lat' dir='ltr'>expulsus,per</span> <span class='ocrx_word' id='word_1_737' title='bbox 2923 4421 3183 4473; x_wconf 88' lang='lat' dir='ltr'>nostram</span> <span class='ocrx_word' id='word_1_738' title='bbox 3207 4434 3450 4475; x_wconf 88' lang='lat' dir='ltr'>manum</span> 
     </span>
    </p>
   </div>
   <div class='ocr_carea' id='block_1_103' title="bbox 1803 4493 3451 4575">
    <p class='ocr_par' dir='ltr' id='par_1_103' title="bbox 1803 4493 3451 4575">
     <span class='ocr_line' id='line_1_105' title="bbox 1803 4493 3451 4575; baseline 0.01 -28"><span class='ocrx_word' id='word_1_739' title='bbox 1803 4493 1936 4549; x_wconf 87' lang='lat' dir='ltr'>illas</span> <span class='ocrx_word' id='word_1_740' title='bbox 1962 4493 2236 4549; x_wconf 88' lang='lat' dir='ltr'>ecclesias</span> <span class='ocrx_word' id='word_1_741' title='bbox 2269 4512 2403 4551; x_wconf 92' lang='lat' dir='ltr'>cum</span> <span class='ocrx_word' id='word_1_742' title='bbox 2448 4499 2573 4554; x_wconf 91' lang='lat' dir='ltr'>suis</span> <span class='ocrx_word' id='word_1_743' title='bbox 2602 4501 2969 4571; x_wconf 88' lang='lat' dir='ltr'>pertinentiis</span> <span class='ocrx_word' id='word_1_744' title='bbox 3007 4503 3206 4575; x_wconf 89' lang='lat' dir='ltr'>libere,</span> <span class='ocrx_word' id='word_1_745' title='bbox 3240 4512 3297 4564; x_wconf 90' lang='lat' dir='ltr'>et</span> <span class='ocrx_word' id='word_1_746' title='bbox 3325 4508 3451 4564; x_wconf 89' lang='lat' dir='ltr'>sine</span> 
     </span>
    </p>
   </div>
  </div>
