3958 6356
1291 356 1698 428 EBISTOLE
1739 346 1842 426 ΕΤ
1881 348 2356 431 PRIVILEGIA.

3401 368 3521 442 530

116 497 311 552 stt-are
339 491 735 568 comedimus,
769 497 992 573 absque
1018 500 1211 556 tamen
1236 492 1572 554 sanctorum
1601 492 1770 554 cano-
1795 488 1851 565 Α
1881 500 2164 575 Spiritum
2194 506 2486 572 sanctum,
2517 502 3068 581 quoipseindignus
3082 511 3206 566 erat
3221 508 3519 584 (quoniam

113 594 269 641 num
299 584 653 659 pmjudicie.

805 670 1072 734 CCLXXL

110 758 493 839 Adrcumdem.
524 786 591 806 —'
622 762 771 831 Filii,
800 768 883 822 vel
938 767 1071 837 ﬁlim
1101 770 1226 823 ante
1276 767 1362 823 vel
1383 773 1508 838 post
1548 780 1766 839 compa-

270 838 581 892 ternitatcm
605 839 778 910 geniti
805 839 1050 908 legitime
1076 839 1339 911 conjungi
1361 844 1604 911 possunt.

599 927 783 997 (Intra
812 918 1291 998 au.1088-1899.)

267 1009 272 1012 ’
326 1012 626 1081 [Gn-imm.
658 1017 887 1084 Deci-et,
918 1017 979 1072 C.
1012 1028 1149 1084 axx,
1178 1032 1274 1088 qu.
1313 1015 1367 1081 3,
1399 1033 1451 1079 c,
1482 1008 1564 1088 4.]

185 1098 383 1176 Βυρθὲ
436 1103 652 1176 quibus
698 1105 954 1161 consulit
1014 1114 1122 1160 nos
1179 1109 1283 1160 tua
1340 1104 1597 1171 dilectio,
1658 1105 1767 1162 hoc

108 1191 351 1248 Videtur
380 1192 551 1249 nobis
601 1203 670 1250 ex
718 1194 1010 1249 sententia
1068 1195 1583 1266 respondendum;
1616 1199 1682 1250 ut
1710 1199 1769 1251 et

110 1282 454 1354 baptismus
465 1282 563 1350 sit,
597 1282 645 1338 si
660 1283 915 1339 instante
928 1283 1276 1339 necessitate
1290 1283 1507 1339 femina
1518 1298 1766 1356 puerum

110 1369 174 1424 in
207 1369 451 1425 nomine
477 1369 779 1426 Trinitatis
799 1370 1197 1442 baptizaverit,
1229 1374 1286 1425 et
1315 1371 1470 1442 quod
1491 1371 1767 1443 spiritua-

112 1456 266 1513 lium
296 1461 609 1529 parentum
640 1455 766 1526 ﬁlii,
798 1458 883 1514 vel
902 1458 1056 1529 ﬁliis,
1085 1463 1239 1524 ante,
1262 1458 1355 1515 vel
1385 1464 1517 1531 post
1539 1474 1770 1532 compa~

110 1546 457 1603 tornitatem
484 1547 663 1621 geniti
695 1552 943 1621 possunt
973 1547 1233 1620 legitime
1249 1548 1546 1622 conjungi,
1562 1554 1770 1622 praeter

110 1634 281 1692 illam
312 1648 622 1709 personam
654 1654 757 1709 per
786 1648 960 1710 quam
993 1643 1321 1711 compatres
1370 1642 1511 1694 sunt
1558 1632 1764 1695 effecti.

796 1743 1088 1800 CCLXXII.

1878 593 1945 646 ut
1974 590 2255 665 scriptum
2287 596 2394 647 est.
2429 593 2669 665 Spiritus
2695 597 2916 652 sanctus
2963 596 3275 671 disciplina
3302 600 3522 672 effugiet

1877 679 2062 751 ﬁctum
2093 679 2243 753 [Sap.
2278 682 2362 753 1]),
2414 683 2513 738 sed
2556 682 2707 753 ideo,
2765 689 3053 756 quantum
3080 686 3137 742 in
3199 688 3326 761 ipso
3376 695 3519 757 erat,

1878 778 2072 825 emere
2102 769 2301 833 voluit,
2334 774 2400 826 ut
2429 787 2495 826 ex
2533 773 2863 830 venditione
2913 774 3215 848 signorum
3262 793 3389 850 quae
3422 796 3525 851 per

1878 858 2150 913 eumdem
2199 859 2412 915 ﬁebant
2472 860 2921 933 multiplicatam
2983 866 3290 937 pecuniam
3344 884 3520 939 quam

1877 945 2169 1003 obtulerat
2222 947 2566 1005 lucraretur.
2623 951 2739 1007 Nec
2797 953 3094 1025 apostolus
3140 955 3520 1027 emptionem.

1877 1035 2132 1107 Spiritus
2163 1036 2348 1093 sancti
2380 1053 2556 1110 quam
2584 1039 2730 1095 bene
2760 1044 2998 1097 noverat
3028 1041 3151 1097 ﬁeri
3183 1060 3297 1099 non
3328 1058 3519 1116 posse,

1877 1125 1977 1181 sed
1994 1124 2374 1182 ambitionem
2387 1125 2524 1183 talis
2537 1131 2818 1200 quaestus,
2836 1129 2893 1186 id
2907 1134 2997 1185 est
3022 1131 3323 1188 avaritiam
3334 1175 3346 1199 ,
3367 1135 3522 1204 quod

1875 1216 1965 1269 est
1994 1213 2283 1269 idolorum
2310 1215 2579 1283 servitus,
2613 1216 2673 1272 in
2705 1218 2907 1274 eodem
2939 1220 3174 1277 Simone
3204 1221 3521 1292 exhorruit,

1874 1303 1932 1357 et
1961 1301 2387 1359 maledictionis
2411 1303 2612 1375 jaculo
2644 1306 2914 1378 perculit.

1946 1390 2224 1463 Quisquis
2252 1392 2449 1465 itaque
2482 1410 2573 1449 res
2605 1390 3035 1452 ecclesiasticas
3085 1414 3212 1469 quae
3244 1397 3343 1454 Dei
3374 1400 3527 1456 dona

1877 1483 2034 1547 sunt,
2068 1480 2346 1552 quoniam
2378 1496 2412 1536 a
2441 1482 2556 1537 Deo
2614 1481 2887 1539 ﬁdelibus
2919 1487 2975 1539 et
3032 1502 3065 1540 a
3091 1485 3363 1542 ﬁdelibus
3412 1492 3525 1544 Deo

1878 1566 2190 1636 donantur,
2224 1585 2469 1642 quaeque
2501 1571 2573 1625 ab
2603 1571 2805 1627 eodem
2839 1573 3023 1644 gratis
3046 1574 3434 1646 accipiuntur,
3470 1580 3528 1632 et

1877 1656 2006 1712 ideo
2041 1657 2222 1730 gratis
2255 1658 2381 1713 dari
2432 1658 2664 1727 debent,
2725 1664 2961 1734 prepter
2990 1676 3097 1718 sua
3141 1661 3302 1718 lucra
3329 1664 3528 1721 vendit

1875 1744 1963 1801 vel
1994 1746 2155 1812 emit,
2188 1762 2320 1802 cum
2348 1746 2551 1802 eodem
2593 1748 2832 1805 Simone
2879 1749 3097 1806 donum
3128 1751 3227 1807 Dei
3278 1753 3526 1825 pecunia

109 1824 197 1888 Ad
226 1826 1487 1935 eantdem...“—Llnlfp£~silnplncgnifinem
1532 1834 1769 1906 alicujus
1800 1856 1847 1935 Β
1878 1835 2161 1935 posSideri
2192 1835 2506 1935 existimat.
2553 1836 2686 1893 Ideo
2732 1838 2831 1909 qui
2889 1839 3124 1894 easdem
3155 1855 3248 1896 res
3305 1854 3421 1898 non
3453 1843 3523 1898 ad

512 1906 571 1960 in
603 1902 928 1976 baptismate
956 1918 1064 1961 non
1091 1902 1375 1976 suscipiat.

598 1993 781 2061 (Intra
810 2003 905 2050 an.
941 1990 1289 2065 10884099.)

242 2116 245 2119 -
326 2082 619 2153 {Gnarum
656 2086 890 2145 οεσνσι..
924 2082 984 2137 C.
1020 2100 1150 2150 xxx,
1183 2094 1282 2154 qu.
1316 2083 1373 2153 4,
1401 2094 1450 2137 c.
1484 2083 1565 2153 6.]

194 2188 364 2254 Quod
380 2187 736 2260 autemfuxor
763 2205 895 2244 cum
919 2188 1198 2244 maritoin
1225 2187 1576 2260 baptismate
1591 2187 1770 2244 simul

111 2286 236 2334 non
253 2277 463 2333 debeat
490 2278 787 2350 Suscipere
799 2275 1239 2350 puerum',uulla
1263 2276 1603 2333 auctoritate
1613 2293 1772 2348 repe-

108 2364 275 2423 ritur
299 2360 799 2439 probibitum.Sed
815 2371 879 2422 ut
895 2366 1117 2439 puritas
1132 2367 1219 2439 spi
1229 2365 1454 2422 ritualis
1466 2365 1772 2439 paternita-

106 2457 184 2512 tis
201 2454 452 2512 abeunti
466 2453 665 2511 labeet
691 2455 934 2511 infamia
958 2459 1335 2511 conservetur
1356 2454 1661 2522 immunis,
1681 2453 1769 2509 di-

107 2560 298 2619 gnum
312 2538 819 2601 esse‘decernimus‘
833 2547 896 2600 ut
913 2546 1144 2617 utrique
1161 2542 1397 2599 insimul
1413 2540 1485 2599 ad
1499 2542 1606 2615 hoc
1619 2544 1770 2615 aspi-

109 2641 244 2689 rare
276 2632 519 2688 minime
548 2638 924 2705 praesumant.
959 2633 1105 2698 Quia
1133 2648 1266 2688 vero
1286 2631 1578 2705 piaculare
1606 2632 1766 2704 ﬂagi-

108 2723 263 2779 tium
324 2714 642 2791 commisit,
701 2721 803 2794 qui
862 2723 1099 2778 duabus
1143 2721 1566 2777 commatribus
1611 2720 1770 2776 velut

110 2811 371 2866 duabus
408 2810 706 2867 sororibus
765 2810 985 2883 nupsit,
1048 2820 1263 2883 magna
1308 2810 1479 2880 juxta
1524 2809 1765 2865 modum

110 2899 301 2972 culpae
324 2898 663 2972 pceuitentia
693 2898 805 2955 sibi
838 2899 1009 2955 debet
1039 2897 1287 2972 injuugi.

772 2998 995 3062 CCLXX
1006 3005 1101 3061 III.

110 3096 195 3153 Ad
227 3096 476 3161 Lucium,
502 3096 854 3167 praepositum
883 3095 1073 3150 Sancti
1099 3096 1361 3151 Iuventii.
1385 3126 1452 3134 -—-
1487 3096 1556 3148 De
1587 3095 1767 3150 calore

185 3168 449 3239 baptismi
477 3168 824 3238 aliorumque
868 3170 1337 3222 sacramentormn
1369 3182 1403 3220 a
1449 3167 1764 3221 criminosis

181 3229 551 3295 sacerdotibus
581 3229 924 3294 collatorum.

611 3328 803 3399 (Intra
826 3342 920 3383 an.
961 3322 1309 3395 1088-1099;)

541 3416 774 3488 [Massa
810 3418 1015 3473 Concit.
1052 3416 1172 3479 XX,
1207 3412 1358 3487 660.]

175 3522 459 3579 Unnauus
487 3521 819 3595 episcopus,
854 3538 1056 3579 servus
1074 3530 1372 3578 servarum
1405 3521 1529 3586 Dei,
1553 3520 1764 3577 dilecto

108 3611 234 3668 ﬁlio
266 3604 469 3677 Luam,
504 3611 813 3683 praeposito
843 3610 1099 3667 ecclesiae
1117 3608 1313 3666 Sancti
1333 3609 1588 3666 Juventii
1608 3610 1763 3680 apud

106 3698 402 3767 Ticinum,
436 3699 684 3755 salutem
704 3704 774 3755 .et
804 3696 1183 3772 apostolicam
1208 3698 1689 3754 benedictionem.

182 3788 453 3845 Salvator
480 3787 744 3860 praedixit
771 3788 831 3843 in
866 3786 1170 3861 Evangelia
1203 3787 1356 3843 circa
1372 3785 1762 3843 ﬁnem-saeculi

110 3868 593 3952 pseudbchristos
616 3881 673 3933 et
700 3876 1238 3950 pseud0prophctas
1266 3892 1527 3949 surgere,
1544 3879 1601 3931 et
1617 3874 1764 3930 mul-

110 3971 204 4023 tus
234 3967 531 4035 seducere,
564 3968 621 4022 et
642 3966 841 4022 ﬁdeles
859 3982 997 4022 suos
1026 3965 1085 4021 in
1117 3965 1338 4021 mundo
1361 3964 1577 4020 multas
1596 3963 1761 4019 habi-

111 4061 276 4115 turos
306 4066 655 4128 pressurae;
688 4055 788 4110 sed
820 4058 1016 4110 tamen
1051 4057 1249 4126 portas
1278 4052 1448 4109 inferi
1480 4054 1762 4109 adversus

112 4136 431 4201 Ecclesium
483 4158 598 4199 non
658 4143 1077 4216 praevalituras.
1142 4138 1319 4197 Proin
1369 4142 1526 4213 quia,
1578 4145 1644 4195 ut
1683 4141 1765 4196 ait

114 4232 427 4307 A’pdstolus
458 4234 507 4306 (ἰ
534 4233 652 4289 Cor.
696 4234 798 4303 XI),
857 4234 1065 4305 oportet
1114 4231 1351 4289 haereses
1397 4242 1530 4298 esse,
1578 4234 1641 4286 ut
1669 4232 1765 4303 qui

113 4324 331 4395 probati
355 4326 485 4378 sunt
511 4323 793 4393 manifesti
836 4323 993 4392 ﬁant,
1043 4324 1270 4392 oportet
1300 4336 1406 4375 nos
1464 4335 1597 4376 cum
1630 4337 1763 4392 pro-

115 4408 291 4484 pheta
319 4424 388 4468 ex
416 4411 656 4471 adverso
712 4411 1048 4476 ascendere,
1095 4414 1151 4466 et
1180 4424 1415 4465 murum
1474 4424 1765 4481 opponere

116 4512 220 4573 pro
250 4501 425 4557 d’omo
456 4500 652 4568 Iamsi,
686 4502 895 4556 etcum
923 4500 1124 4554 eodem
1149 4498 1409 4570 apostolo
1424 4512 1525 4570 per
1548 4498 1765 4554 multas

1881 1923 1988 1980 hoc
2019 1924 2091 1980 ad
2124 1925 2279 1996 quod
2308 1923 2592 1980 institutae
2625 1930 2783 1992 sunt,
2834 1929 2936 1983 sed
2968 1928 3040 1983 ad
3075 1929 3311 2000 propria
3341 1929 3522 2000 lucra,

1878 2029 2121 2068 munere
2154 2012 2386 2083 linguae,
2419 2012 2505 2069 vel
2534 2013 2776 2070 indebiti
2828 2015 3117 2088 obse‘qaii,
3164 2017 3251 2074 vel
3282 2019 3529 2090 pecunia

1878 2092 2126 2174 largitur
2152 2101 2240 2156 vel
2270 2102 2633 2174 adipiscitur,
2667 2103 3036 2161 Simoniacus
3056 2101 3173 2172 est,
3189 2122 3321 2162 cum
3367 2108 3526 2181 prin-

1879 2190 2085 2262 cipalis
2112 2191 2357 2246 intentio
2387 2190 2643 2247 Simonis
2674 2192 2852 2248 fuerit
2879 2194 3005 2249 sola
3035 2196 3293 2266 pecuniae
3342 2198 3526 2253 avari-

1880 2278 1982 2344 tia,
2013 2279 2070 2333 id
2104 2283 2193 2334 est
2222 2278 2570 2342 idololatria,
2599 2284 2664 2336 ut
2693 2281 2774 2335 ait
2790 2282 3093 2353 apostolus
3111 2284 3348 2340 Paulus.
3371 2285 3528 2342 Alio-

1878 2367 2023 2438 quin
2054 2384 2159 2423 cur
2189 2368 2447 2441 synodus
2478 2366 2971 2426 Chalcedonensis
3001 2377 3405 2429 sexcentorum
3427 2375 3528 2430 tri-

1875 2457 2041 2528 ginta
2088 2456 2495 2529 episcoporum
2545 2463 2978 2528 procuratorem
3038 2459 3127 2515 vel
3160 2461 3525 2517 defensorem

1877 2544 2164 2613 Ecclesiae,
2196 2544 2282 2600 vel
2317 2560 2673 2617 quamquam
2719 2545 2931 2618 regulae
2981 2548 3331 2619 subjectum,
3382 2550 3524 2606 adeo

1878 2649 1980 2705 per
2006 2634 2310 2706 pecuniam
2345 2634 2598 2689 ordinari
2647 2635 2937 2707 prohibet,
2987 2640 3052 2691 ut
3103 2637 3523 2695 interventores

1878 2737 2110 2794 quoque
2138 2722 2287 2777 tanti
2319 2721 2554 2779 sceleris
2586 2723 3056 2792 anathematizet,
3082 2724 3193 2781 nisi
3226 2727 3378 2798 quod
3403 2740 3527 2783 eos-

1876 2809 2008 2865 dem
2040 2810 2404 2867 Simouiacos
2440 2811 2712 2883 judicet?
2740 2812 2904 2877 Quod
2936 2814 2985 2868 si
3034 2810 3258 2884 praefati
3302 2815 3521 2872 milites

1875 2899 2141 2956 Ecclesiae
2172 2901 2244 2956 ob
2278 2900 2456 2971 hujus
2472 2900 2661 2957 scelus
2682 2901 2878 2957 taliter
2908 2901 3328 2974 percelluntur,
3353 2921 3524 2961 nemo

1875 2988 2113 3060 sapiens
2141 2990 2377 3063 negabit
2406 3006 2518 3045 non
2543 2990 2865 3046 militantes
2881 2991 3147 3047 Ecclesia:
3170 2991 3355 3050 multo
3369 2995 3527 3049 dam-

1875 3074 2126 3149 nabilius
2155 3077 2305 3134 hanc
2336 3078 2408 3133 ob
2439 3092 2698 3151 caueam,
2725 3079 2782 3135 id
2814 3083 2905 3136 est
2919 3080 3269 3138 venditionis
3290 3081 3377 3138 vel
3399 3099 3526 3138 em-

1875 3165 2111 3237 ptionis,
2146 3166 2355 3222 debere
2385 3166 2638 3239 percelli.

1948 3252 2058 3310 Sed
2092 3259 2150 3310 et
2180 3256 2389 3310 beatus
2419 3256 2812 3327 praedecessor
2841 3260 3041 3313 noster
3070 3258 3365 3315 Paschalis
3412 3260 3525 3334 (51)

1875 3342 1947 3398 de
1978 3344 2438 3409 consecratione,
2473 3347 2529 3399 et
2559 3345 2631 3399 de
2681 3346 2857 3401 rebus
2891 3362 3019 3418 quae
3071 3349 3423 3419 proveniunt
3456 3366 3527 3406 ex

1876 3430 2588 3499 consecratione,afﬁrmat
2600 3432 2753 3504 quod
2770 3434 3039 3507 quisquis
3051 3436 3298 3492 alterum
3321 3453 3523 3494 eorum

1873 3520 2089 3587 vendit,
2125 3520 2250 3576 sine
2279 3537 2395 3592 quo
2426 3521 2675 3576 alterum
2709 3522 2923 3578 habere
2954 3541 3067 3579 non
3100 3530 3308 3595 potest,
3354 3531 3522 3582 neut-

1874 3624 2006 3664 rum
2040 3626 2150 3663 non
2168 3609 2467 3663 venditum
2485 3609 2859 3681 derelinquit.
2893 3613 2971 3667 Ac
2993 3629 3096 3683 per
3121 3612 3231 3668 hoc
3262 3629 3395 3668 eum
3421 3615 3523 3686 qui

1874 3714 1995 3753 rem
2031 3697 2295 3753 Ecclesiae
2326 3698 2527 3753 vendit
2542 3698 2626 3753 vel
2646 3699 2788 3769 emit
2804 3694 3201 3771 Simoniacum
3224 3700 3520 3774 intelligit;

1873 3787 1930 3842 in
1965 3786 2200 3841 nomine
2229 3803 2360 3841 vero
2395 3787 2790 3858 procuratoris
2811 3787 3080 3857 intelligit
3098 3790 3338 3861 pretata
3356 3807 3527 3863 syno-

1873 3875 1986 3931 dus
2016 3874 2336 3948 quemlibet
2365 3875 2902 3932 ecclesiasticarum
2934 3894 3126 3933 rerum
3148 3878 3523 3937 administra-

1870 3968 2078 4032 torem,
2112 3969 2178 4020 ut
2205 3980 2323 4019 ver.
2357 3981 2442 4036 gr.
2479 3966 2878 4037 praepositum,
2900 3984 3265 4037 oecononum,
3296 3969 3526 4026 vicedu-

1875 4054 2122 4110 minum:
2157 4052 2485 4109 defensoris
2515 4054 2753 4110 nomine
2783 4056 3131 4112 advocatum
3163 4057 3282 4114 sive
3311 4059 3522 4115 casta]-

1873 4144 2037 4209 dum,
2067 4147 2124 4198 et
2144 4142 2429 4213 judicem:
2463 4143 2519 4197 in
2539 4143 2800 4214 subjecto
2831 4144 3044 4218 regulae
3062 4145 3526 4220 archipresbyte-

1874 4246 2002 4286 rum
2037 4231 2536 4296 archidiaconum,
2580 4232 2950 4299 canonicum,
3007 4234 3382 4302 monachum,
3434 4237 3524 4292 vel

1875 4319 2195 4392 quemlibet
2223 4319 2616 4376 ecclesiastico
2648 4322 3047 4394 mancipatum
3095 4324 3307 4379 ofﬁcio.
3362 4325 3524 4390 Quod

1872 4426 2006 4465 vero
2036 4408 2314 4479 Spiritum
2350 4413 2640 4475 sanctum,
2676 4415 2962 4481 quantum
2997 4412 3053 4466 in
3087 4429 3149 4468 se
3178 4417 3288 4479 est,
3316 4414 3530 4469 vendat

1874 4498 1961 4552 vel
1993 4500 2150 4553 emat
2167 4498 2262 4568 qui
2282 4498 2725 4569 prmposituram
2741 4498 2827 4554 vel
2848 4499 3188 4570 hujusmodi
3221 4501 3419 4557 vendit
3438 4502 3526 4555 vei

115 4588 530 4645 tribulationes
559 4589 776 4644 intrare
804 4587 864 4643 in
892 4602 1137 4660 regnum
1164 4585 1285 4653 Dei,
1320 4588 1474 4642 Unde
1501 4604 1613 4642 non
1629 4590 1768 4642 sunt
1799 4599 1843 4664 ῃ
1875 4587 2039 4654 emit,
2073 4585 2206 4640 audi
2239 4585 2631 4655 Augustinum
2667 4603 2844 4658 super
2872 4588 3159 4643 Joannem
3187 4605 3199 4642 :
3251 4611 3279 4640 ‹‹
3311 4590 3355 4644 Ο
3385 4594 3530 4660 quot

116 4676 417 4751 condignas
462 4677 765 4749 passiones
824 4677 1003 4749 hujus
1059 4676 1341 4748 temporis
1400 4677 1471 4732 ad
1505 4677 1764 4731 futuram

117 4765 362 4839 gloriam
421 4781 549 4838 quae
607 4764 962 4821 revelabitur
1016 4765 1076 4820 in
1140 4764 1330 4820 nobis.
1394 4765 1575 4838 Igitur
1631 4766 1771 4837 quia

118 4854 424 4911 innotuisti
448 4854 623 4910 nobis
651 4855 805 4926 quod
837 4855 943 4910 tibi
975 4854 1268 4924 objicitur:
1301 4851 1769 4908 Utrumvendere

119 4943 572 5001 ecclesiasticam
588 4958 711 4999 rem
725 4942 1124 5000 Simoniacum
1138 4941 1278 4998 sit"h
1288 4954 1353 4997 oc
1367 4940 1767 4998 Simoniacum

120 5040 261 5090 eses
303 5035 573 5106 patenter
622 5026 918 5106 colligitur
970 5048 1043 5088 ex
1084 5031 1195 5087 hoc
1253 5030 1407 5103 quod
1466 5030 1528 5085 Β.
1561 5031 1767 5086 Petrus

121 5121 420 5194 apostolus
465 5120 549 5178 ait
602 5120 866 5178 Simoni:
926 5122 1167 5177 Pecunia
1223 5128 1320 5176 tua
1375 5123 1551 5175 tecum
1595 5121 1672 5175 sit
1708 5121 1770 5175 in

116 5206 500 5283 perditionem,
560 5213 691 5281 quia
746 5211 1072 5266 existimasti
1126 5210 1330 5266 donum
1384 5210 1482 5264 Dei
1535 5211 1771 5279 pecunia

118 5297 387 5370 possideri
414 5298 552 5371 (Act;
582 5299 729 5371 vm).
762 5299 992 5355 Donum
1023 5298 1241 5371 quippe
1271 5296 1371 5353 Dei
1403 5301 1492 5353 est
1512 5296 1768 5369 Spiritus

121 5391 381 5455 sanctus;
413 5390 472 5444 et
499 5387 717 5444 donum
743 5387 843 5444 Dei
866 5392 957 5444 est
976 5385 1535 5460 resipsiusecclesias
1551 5384 1766 5452 oblata,

119 5476 189 5533 Et
218 5477 269 5533 si
299 5464 455 5533 bene
504 5475 777 5543 advertis,
837 5477 1038 5534 Simon
1097 5476 1322 5549 Magus,
1375 5474 1474 5547 qui
1514 5474 1645 5531 ﬁcte
1695 5476 1768 5531 ad

123 5566 300 5623 ﬁdem
352 5566 618 5635 accessit,
696 5583 811 5623 non
869 5566 1151 5639 Spiritum
1208 5568 1479 5623 sanctum
1537 5568 1772 5636 propter

193 5656 307 5729 (51)
338 5654 641 5714 Paschalis
671 5655 919 5727 primus.

1878 4675 2174 4747 proposita
2205 4673 2496 4729 fecerunt!
2532 4673 2791 4728 Alterum
2816 4675 3179 4746 propositum
3196 4676 3371 4731 habet
3390 4677 3525 4732 Car-

1878 4763 2115 4835 thagine
2146 4762 2496 4828 Priminnus,
2533 4761 2781 4816 alterum
2804 4762 2979 4818 habet
3008 4764 3416 4829 Maximianus,
3451 4764 3530 4820 al-

1880 4858 2067 4909 terum
2096 4853 2273 4908 habet
2302 4851 2361 4906 in
2397 4850 2748 4906 Mauritania
2802 4852 3085 4924 Rogatus,
3143 4852 3390 4908 alterum
3422 4853 3528 4909 ha-

1879 4943 2017 4997 bent
2045 4942 2104 4996 in
2137 4940 2419 4997 Numidia
2446 4939 2531 4994 illi
2558 4945 2615 4996 et
2643 4939 2727 4994 illi
2758 4956 2906 5014 quos
2927 4942 3055 5011 jam
3087 4959 3194 4998 nec
3223 4943 3527 4999 nominare

1878 5030 2230 5087 sufﬁcimus.
2250 5029 2529 5085 Circumit
2553 5045 2687 5102 ergo
2718 5028 2928 5101 aliquis
2941 5046 3133 5087 emere
3161 5031 3529 5087 columbam?

1879 5118 2292 5191 unusquisque
2304 5119 2666 5191 propositum
2684 5135 2858 5175 suum
2874 5118 3074 5175 laudat
3098 5122 3254 5192 quod
3271 5122 3527 5187 vendit,»

1878 5215 1987 5265 etc.

1949 5299 2095 5354 Ecce
2118 5295 2467 5352 venerabilis
2495 5299 2859 5371 Augustinus
2891 5299 2960 5355 de
2992 5299 3384 5372 praepositum:
3412 5300 3532 5355 dis-

1879 5386 2165 5443 tractione
2197 5399 2398 5457 agens,
2454 5385 2515 5441 in
2548 5389 2784 5443 nomine
2836 5388 3123 5444 columbae
3181 5389 3369 5444 sancti
3401 5388 3533 5459 Spi-

1879 5477 2027 5533 ritus
2047 5474 2440 5531 venditionem
2471 5473 2560 5529 vel
2613 5478 2969 5548 emptionem
3019 5478 3247 5551 accipit,
3300 5477 3453 5533 sicut
3478 5480 3535 5531 et

1878 5582 2085 5623 omnes
2115 5564 2296 5636 hujus
2348 5563 2662 5636 evangelici
2720 5566 2960 5639 capituli
2990 5573 3349 5625 tractatores.
3385 5565 3531 5620 Pen-
