3958 6358
482 325 600 391 831

1787 323 1859 386 Β.
1905 322 2202 388 URBANI
2246 321 2300 386 II
2342 322 2598 386 PAPJE.

3783 325 3914 408 ως

482 461 736 520 nandum
765 459 1004 532 verojest
1033 475 1150 532 qua
1169 477 1334 533 paena
1356 458 1786 532 multenturqui
1795 459 1922 532 jam
1942 459 2059 515 Deo
2071 463 2128 514 et
2154 456 2213 526 Α
2241 474 2377 515 cum
2407 457 2615 516 zabulo
2645 463 3036 534 computatur.
3070 459 3170 518 sed
3199 477 3303 536 per
3331 458 3499 519 illum
3528 457 3749 540 Christi
3803 423 3914 519 sa-

481 550 751 608 Ecclesiae
769 567 888 606 suae
907 549 1099 606 oblata
1109 551 1368 606 vendunt
1384 549 1468 606 vel
1487 549 1765 612 emunt,si
1784 565 1920 604 cum
1939 546 2133 620 ﬂagel-

480 640 556 697 lis
568 641 708 696 aDei
723 639 937 712 templo
949 639 1116 711 ejecti
1130 639 1392 712 sunt,qui
1408 640 1654 710 quteDeo
1667 637 2137 694 erantoli‘erenda

481 725 1801 784 vendebantvelemebant.Sideofferendorum
1823 725 2136 781 venditori-

484 817 598 873 bus
627 815 716 872 vel
747 815 1110 888 emptoribus
1124 815 1346 870 dictum
1359 819 1466 871 est:
1491 817 1582 871 Vos
1592 817 1798 887 fecistis
1808 815 2026 872 domum
2033 830 2134 886 pa-

479 907 588 966 tris
614 907 728 961 mei
753 906 974 962 domum
1000 905 1406 974 negotiationis,
1435 909 1486 960 et
1513 906 1828 976 speluncam
1860 905 2136 960 latronum

487 998 664 1071 (Joan.
696 1015 757 1066 ιι,
792 997 859 1052 16
889 1013 904 1064 ;
955 996 1118 1050 Marc.
1150 1011 1226 1060 xu,
1259 993 1372 1064 l7),
1427 993 1568 1066 quid
1628 993 1852 1048 dicetur
1903 993 2028 1064 jam
2056 993 2132 1048 de

489 1085 754 1144 Ecclesiae
783 1083 1116 1142 oblatorum
1146 1081 2048 1154 venditoribusvelemptoribus?
2066 1083 2135 1136 Et

489 1192 562 1232 ne
593 1175 726 1249 quis
756 1175 1000 1230 insanus
1029 1171 1268 1244 objiciat
1299 1171 1504 1226 merito
1535 1170 1642 1226 hos
1675 1171 1992 1226 Dominum
2015 1174 2132 1226 tam

489 1264 694 1321 acerbe
721 1261 1065 1328 vindicasse,
1091 1260 1228 1333 quia
1256 1263 1395 1314 tunc
1428 1259 1528 1315 illa
1555 1259 1613 1313 in
1645 1259 1745 1314 Dei
1778 1257 2016 1332 templo,
2041 1275 2132 1314 ec-

487 1351 823 1410 clesiasticae
851 1367 984 1407 vero
1003 1367 1094 1406 res
1109 1349 1278 1404 modo
1297 1351 1458 1403 extra
1481 1347 1766 1419 templum
1797 1347 2133 1404 distrahan-

485 1437 1160 1510 tur,attendatBUperhis
1175 1436 1481 1508 Augustini
1499 1452 1614 1490 non
1645 1437 2131 1492 determinantem

482 1528 677 1585 locum
706 1527 1058 1586 venditionis
1088 1525 1174 1582 vel
1205 1523 1518 1596 emptionis
1551 1525 2006 1597 propositorum,
2030 1527 2130 1581 sed

483 1621 715 1676 tantum
769 1616 1072 1673 indeﬁnite
1127 1615 1456 1670 dicentem:
1516 1613 1860 1670 «Circumit
1916 1614 2132 1688 aliquis

481 1722 674 1764 emere
696 1705 1030 1763 columbam
1051 1705 1079 1759 ?
1098 1727 1124 1754 ››
1148 1703 1556 1776 unusquisque
1569 1703 1932 1776 propositum
1954 1715 2130 1760 suu‘m

481 1794 686 1852 laudat
714 1794 872 1892 quod
899 1793 1118 1892 vendit,
1167 1808 1285 1848 non
1317 1790 1620 1892 adjiciens,
1671 1790 1729 1846 in
1777 1791 1998 1892 t‘emplo
2039 1792 2128 1848 vel
2159 1823 2208 1892 B

483 1887 646 1940 extra
672 1879 982 1954 templum.
1007 1879 1140 1958 Haec
1156 1883 1358 1936 contra
1371 1877 1700 1935 venditores
1724 1879 1812 1935 vel
1837 1883 2130 1952 emptores

485 1987 789 2030 sacrarum
815 1986 1012 2027 rerum
1021 2011 1032 2024 .

556 2061 638 2116 Ad
668 2061 778 2117 hoc
806 2076 940 2116 vero
967 2059 1123 2131 quod
1153 2057 1213 2113 in
1244 2055 1490 2130 epistola
1509 2061 1610 2112 tua
1632 2058 1918 2130 sequitur,
1941 2059 2000 2114 id
2020 2063 2126 2116 est:

484 2148 693 2206 Utrum
721 2149 956 2206 obedire
984 2145 1348 2204 tentantibus
1377 2146 1448 2202 ad
1481 2151 1726 2202 mortem
1757 2147 1919 2202 nefas
1948 2147 2055 2203 sit?
2075 2151 2134 2203 et

483 2237 640 2296 circa
670 2239 847 2295 ﬁnem
878 2237 1146 2310 ejusdem
1176 2235 1435 2309 epistolae
1464 2236 1575 2291 hoc
1609 2236 1762 2292 idem
1795 2236 2008 2292 iterum
2039 2237 2126 2292 in-

481 2329 765 2396 culcetur,
797 2327 942 2384 illud
971 2325 1125 2383 beati
1175 2324 1326 2381 Petri
1382 2326 1842 2398 respondemus:
1905 2326 2130 2383 Obedire

477 2419 585 2476 Deo
615 2421 823 2490 oportet
849 2417 1026 2488 magis
1058 2431 1224 2488 quam
1261 2415 1576 2470 hominibus
1624 2415 1757 2486 (Act.
1790 2418 1866 2488 v).
1917 2415 1979 2471 In
2013 2433 2127 2487 quo

473 2507 736 2581 exemplo
765 2507 1090 2564 notandum
1120 2509 1210 2561 est
1224 2504 1871 2560 hominibusinterdum
1905 2504 2127 2562 obediri

475 2599 705 2667 debere,
737 2597 841 2654 sed
871 2595 1061 2668 magis
1093 2595 1244 2662 Deo;
1277 2594 1618 2650 hominibus
1651 2593 1889 2666 quidem
1939 2595 1999 2650 in
2032 2596 2125 2651 his

475 2705 604 2762 quis
635 2689 838 2744 contra
867 2685 1044 2742 ﬁdem
1073 2687 1132 2740 et
1153 2683 1494 2757 religionem
1528 2700 1642 2739 non
1665 2687 1821 2752 sunt,
1845 2685 2125 2756 quoniam

474 2777 629 2834 cives
645 2774 969 2834 Jerusalem
983 2773 1232 2846 legimus
1246 2771 1558 2845 Babylonis
1572 2771 1794 2828 civibus
1819 2773 2124 2842 militasse,

477 2870 546 2924 ut
575 2867 846 2923 sanctum
875 2863 1089 2936 Joseph
1119 2865 1177 2918 et
1205 2861 1396 2920 socios
1427 2859 1705 2929 Danielis;
1739 2879 1990 2932 quorum
2005 2863 2124 2934 pri-

479 2971 617 3012 mus
647 2958 919 3027 stuprum
949 2950 1218 3018 dominae,
1251 2953 1564 3023 sequentes
1582 2966 1714 3005 vero
1739 2949 2126 3006 idololatriam

481 3044 910 3118 perhorrentes,
935 3059 1055 3099 rem
1088 3040 1382 3114 publicam
1415 3043 1472 3094 et
1491 3037 1949 3112 alienigenarum
1969 3039 2127 3110 prin-

481 3133 682 3207 cipum
713 3137 948 3189 strenue
961 3131 1453 3204 gubernaverunt.
1476 3129 1542 3182 Et
1555 3127 1613 3182 in
1627 3126 1934 3200 Evangelio
1947 3127 2126 3184 habes

2245 553 2609 605 crumentum
2669 567 2784 605 non
2841 551 3290 607 contaminatur.
3355 552 3518 618 Quod
3569 568 3671 626 per
3831 567 3914 606 'm

2245 637 2394 701 ﬂuit,
2430 655 2639 710 parum
2673 643 2780 704 est,
2813 640 2972 712 quqd
3005 656 3108 712 per
3135 639 3303 696 illum
3335 639 3565 708 transit,
3598 639 3682 712 liq
3827 657 3914 695 .m

2245 731 2351 783 est.
2389 750 2416 777 »
2449 727 2589 784 Item
2615 748 2633 782 :
2668 752 2695 778 ‹‹
2729 728 3064 800 Spiritualis
3122 745 3254 785 vero
3310 729 3494 784 virtus
3536 729 3914 785 sacramenti

2244 817 2326 870 ita
2355 821 2442 872 est
2473 822 2537 872 ut
2568 816 2685 884 lux,
2719 835 2846 890 quae
2876 822 2933 872 et
2961 819 3032 874 ab
3063 817 3468 874 illuminandis
3499 834 3646 890 pura
3677 817 3914 890 excipi-

2243 909 2360 972 tur,
2394 910 2470 972 et,
2503 905 2552 961 si
2583 923 2686 978 per
2717 906 3022 962 immunda
3051 911 3331 974 transeat,
3369 923 3481 962 non
3526 905 3911 980 inquinatur.

2242 995 2397 1058 Quos
2425 994 2681 1067 baptizat
2735 995 3023 1064 ebriosus,
3077 1013 3224 1069 quos
3268 995 3523 1069 baptizat
3572 995 3912 1064 homicida,

2244 1101 2390 1157 quos
2407 1084 2662 1157 baptizat
2689 1085 2934 1153 adulter,
2958 1085 3224 1142 Christus
3249 1085 3520 1158 baptizat.
3542 1108 3571 1136 »
3589 1086 3658 1140 Et
3687 1089 3913 1142 caetera

2242 1172 2604 1243 hujusmodi.
2638 1175 2907 1230 Attamen
2940 1175 3274 1230 decessores
3305 1174 3488 1230 nostri
3530 1173 3815 1230 Nicolaus
3847 1178 3913 1229 et

2242 1261 2555 1334 Gregorius
2585 1278 2619 1316 a
2647 1261 2846 1318 missis
2877 1262 3268 1330 sacerdotum,
3301 1277 3451 1333 quos
3493 1259 3642 1317 tales
3694 1277 3910 1316 revera

2241 1367 2370 1406 esse
2399 1350 2746 1419 constiterit,
2791 1349 2992 1406 ﬁdeles
3044 1349 3336 1405 abstinere
3383 1349 3790 1420 decreverunt,
3838 1355 3909 1405 ut

2241 1443 2298 1496 et
2328 1439 2601 1512 peccandi
2632 1438 2927 1495 licentiam
2959 1439 3180 1495 caeteris
3212 1438 3528 1504 auferrent,
3571 1441 3629 1493 et
3679 1437 3762 1492 hu
3763 1439 3904 1509 jus-

2241 1529 2401 1585 modi
2445 1530 2518 1584 ad
2575 1528 2763 1600 dignae
2814 1527 3164 1600 poenitentiae
3219 1526 3477 1583 lamenta
3533 1531 3905 1582 revocarent.

2241 1617 2487 1690 Scripsit
2515 1617 2624 1673 hoc
2653 1618 3046 1689 praedecessor
3075 1621 3273 1672 noster
3303 1613 3618 1689 Gregorius
3671 1613 3904 1669 Rodul-

2239 1705 2354 1778 pho
2383 1709 2440 1762 et
2470 1705 2780 1762 Bertholdo
2813 1706 3063 1762 ducibus
3092 1706 3246 1762 inter
3283 1710 3489 1760 caetera
3532 1704 3904 1776 (Gnsoonws

2239 1795 2358 1864 VII,
2392 1795 2493 1850 lib.
2526 1813 2589 1862 ιι,
2623 1795 2794 1868 epist.
2830 1795 2918 1866 45)
2946 1813 2958 1850 :
3015 1817 3042 1866 ς(
3075 1795 3346 1851 Ofﬁcium
3397 1792 3900 1859 Simoniacorum,

2241 1889 2297 1939 et
2324 1885 2382 1940 in
2416 1883 2793 1940 fornicatione
2837 1885 3161 1955 jacentium
3213 1883 3463 1939 scientes
3520 1879 3685 1938 nullo
3718 1883 3900 1938 modo

2239 1973 2552 2046 recipiatis,
2630 1978 2688 2029 et
2741 1977 3030 2045 quantum
3107 1972 3371 2045 potestis,
3449 1970 3598 2028 tales
3667 1971 3899 2027 sanctis

2239 2062 2527 2120 deservire
2574 2062 2870 2136 mysteriis
2893 2063 2968 2129 vi,
3001 2061 3050 2118 si
3081 2061 3420 2134 oportuerit,
3453 2059 3837 2134 prohibeatis,
3861 2080 3891 2113 ι»

2235 2158 2344 2209 etc.

2311 2243 2484 2297 Porro
2518 2241 2589 2296 ad
2623 2241 2742 2297 haec
2774 2258 2900 2313 quas
2931 2239 3038 2296 tibi
3060 2238 3416 2314 syllogistice
3437 2239 3496 2293 in
3527 2237 3730 2295 eadem
3763 2237 3899 2310 epi—

2237 2331 2389 2388 stola
2417 2330 2865 2402 objiciuntur,id
2889 2332 2997 2396 est,
3032 2329 3081 2384 si
3101 2345 3312 2401 corpus
3328 2331 3383 2383 et
3400 2326 3644 2399 sanguis
3670 2325 3894 2382 Christi

2237 2438 2351 2477 non
2396 2424 2554 2486 sunt,
2585 2424 2644 2476 et
2673 2417 2789 2476 alia
2820 2437 2948 2491 qua:
2995 2417 3396 2490 praediximus,
3449 2415 3720 2487 proprias
3771 2432 3894 2471 non

2235 2510 2453 2566 habent
2481 2509 2716 2565 virtutis
2745 2508 3082 2580 dignitates,
3106 2505 3246 2578 quid
3283 2503 3592 2577 agentibus
3622 2504 3850 2560 obsunt
3875 2523 3888 2571 ;

2235 2599 2388 2672 quod
2422 2598 2470 2654 si
2489 2598 2725 2666 habent,
2759 2614 2862 2652 cur
2882 2599 3259 2668 spernuntur,
3294 2593 3480 2649 sicubi
3515 2593 3588 2648 ab
3638 2593 3892 2666 indigno

2233 2691 2699 2761 przesumuntur?
2727 2685 2811 2742 Ad
2844 2685 2986 2754 haec,
3020 2685 3284 2755 inquam,
3317 2681 3399 2738 ita
3430 2682 3886 2755 respondemus:

2234 2777 2506 2850 PrOprias
2537 2775 2772 2849 quidem
2804 2774 3022 2829 habent
3041 2772 3273 2828 virtutis
3293 2771 3628 2845 dignitates,
3653 2775 3720 2826 ut
3741 2789 3891 2842 prae-

2234 2867 2390 2922 fatus
2411 2864 2774 2936 Augustinus
2804 2863 2884 2918 ait
2913 2879 3092 2935 super
3120 2861 3408 2918 Joannem
3439 2863 3639 2917 contra
3691 2859 3888 2916 Dona-

2233 2956 2425 3023 tistas,
2459 2955 2559 3010 sed
2591 2953 2902 3026 agentibus
2931 2951 3021 3007 vel
3054 2949 3512 3022 suscipientibus
3543 2949 3748 3004 eadem
3793 2967 3887 3004 sa-

2233 3048 2534 3100 cramenta
2561 3048 2764 3099 contra
2795 3042 3167 3114 praefatorum
3199 3039 3541 3112 pontificum
3589 3037 3885 3106 instituta,

2238 3135 2349 3206 (52)
2383 3132 2494 3188 nisi
2529 3133 2671 3190 forte
2703 3130 2828 3188 sola
2858 3135 3046 3186 morte
3085 3127 3526 3194 interveniente,
3582 3129 3782 3198 utpote
3814 3143 3888 3182 ne

481 3194 692 3296 (Matth.
725 3221 800 3294 V),
830 3194 1062 3277 cumveo
1082 3218 1183 3291 qui
1213 3222 1270 3274 te
1283 3194 2123 3290 angariaveritunovmilliario,
2157 3194 2200 3261 (ἶ
2238 3194 2364 3279 sine
2394 3221 2746 3294 baptismate
2779 3220 2866 3276 vel
2899 3217 3310 3275 communione
3333 3215 3576 3288 quilibet
3604 3194 3890 3272 humanis

480 3311 600 3370 alia
631 3311 746 3368 duo
777 3307 1081 3367 ambulare
1109 3307 1342 3372 debere,
1373 3305 1681 3360 etreddere
1703 3323 1830 3378 qua:
1861 3305 2127 3361 suntCze-

481 3401 632 3460 saris
661 3399 893 3468 Caesari,
928 3403 986 3454 et
1015 3413 1142 3470 quae
1165 3399 1304 3451 sunt
1335 3393 1436 3450 Dei
1483 3394 1618 3451 Deo.
1673 3394 1812 3451 Item
1845 3394 2124 3469 Hierony-

481 3509 616 3550 mus
644 3506 822 3563 super
851 3485 1099 3562 epistola
1114 3485 1187 3540 ad
1217 3483 1620 3556 Philippenses
1646 3503 1658 3540 :
1693 3508 1721 3536 «
1757 3485 1816 3540 Si
1847 3485 2124 3541 dominus

477 3599 548 3639 ea
569 3581 741 3654 jubet
765 3595 894 3651 qua:
926 3593 1040 3633 non
1071 3578 1211 3630 sunt
1239 3573 1482 3629 adversa
1518 3573 1836 3647 Scripturis
1880 3576 2121 3644 sanctis,

473 3669 828 3743 subjiciatur
853 3665 1092 3723 domino
1120 3679 1359 3731 servus;
1393 3661 1444 3719 si
1474 3679 1606 3720 vero
1637 3663 1931 3720 contraria
1979 3681 2122 3736 pra)-

477 3755 836 3833 cipit,magis
849 3753 1083 3812 obediat
1092 3751 1335 3824 spiritus
1349 3768 1524 3824 quam
1551 3753 1812 3824 corporis
1827 3753 2122 3820 domino,»

479 3853 538 3906 et
557 3848 747 3905 infra:
780 3868 809 3897 «
841 3843 901 3901 Si
931 3844 1152 3899 bonum
1183 3846 1273 3898 est
1301 3841 1456 3913 quod
1487 3840 1748 3913 praecipit
1789 3841 2120 3914 imperator,

471 3937 738 4014 jubentis
792 3948 1106 4006 exsequere
1153 3929 1552 3997 voluntatem;
1613 3930 1660 3985 si
1720 3929 1964 4000 malum,
2031 3950 2124 3989 re-

481 4027 806 4102 spondere:
836 4021 1068 4084 Obedire
1095 4023 1299 4093 oportet
1328 4019 1432 4074 Deo
1464 4021 1638 4090 magis
1669 4036 1833 4090 quam
1879 4021 2124 4077 homini-

483 4118 582 4175 bus
611 4116 746 4188 (Act.
775 4114 854 4186 v).
889 4134 918 4162 »

551 4207 637 4262 Ad
666 4205 778 4261 hoc
806 4217 938 4260 vero
970 4198 1125 4272 quod
1147 4196 1526 4269 subjungitur
1547 4196 1604 4251 in
1635 4197 1839 4254 eadem
1859 4197 2125 4272 cpistola,

483 4298 543 4354 id
573 4299 694 4352 est:
726 4293 934 4349 Utrum
963 4288 1041 4344 sit
1069 4286 1352 4342 utendum
1398 4285 1862 4343 ordinationibus
1909 4293 1965 4343 et
1994 4287 2126 4342 reli-

484 4386 620 4460 quis
667 4377 1072 4448 sacramentis,
1133 4373 1528 4431 acriminosis
1585 4375 1879 4443 exhibitis,
1940 4381 2008 4432 ut
2055 4375 2128 4431 ab

485 4471 791 4541 adulteris,
846 4467 936 4526 vel
993 4463 1527 4522 sanctimonialium
1585 4463 1981 4530 violatoribus,
2040 4461 2128 4518 vel

2235 3313 2412 3368 rebus
2445 3311 2714 3368 excedat:
2751 3309 2856 3378 eis,
2881 3307 3148 3380 inquam,
3183 3306 3241 3361 in
3271 3308 3499 3360 tantum
3532 3305 3769 3372 obsunt,
3817 3310 3886 3360 ut

2232 3401 2350 3457 veri
2379 3399 2696 3456 idololatrze
2727 3397 2864 3466 sint,
2899 3415 3033 3453 cum
3054 3396 3272 3452 talibus
3289 3399 3345 3451 et
3369 3393 3807 3450 ordinationum
3826 3399 3889 3450 et

2235 3494 2735 3548 sacramentorum
2767 3487 3069 3552 confectio,
3101 3489 3158 3542 et
3187 3484 3356 3539 aliter
3387 3501 3564 3556 quam
3613 3483 3883 3556 praemis-

2235 3597 2366 3636 sum
2394 3583 2484 3635 est
2511 3578 2762 3635 scienter
2785 3575 3099 3648 susceptio,
3158 3573 3532 3629 vehementer
3571 3589 3606 3628 a
3661 3573 3884 3628 sanctis

2233 3667 2554 3727 canonibus
2589 3665 2982 3738 prohibeatur.
3041 3662 3134 3718 Ait
3165 3677 3419 3733 namque
3477 3658 3710 3718 Samuel
3755 3679 3885 3734 pro-

2234 3759 2445 3832 pheta:
2479 3756 2751 3825 Quoniam
2775 3755 3057 3825 pcccatum
3091 3750 3412 3806 hariolandi
3440 3757 3518 3805 est
3549 3767 3878 3822 repugnare,

2232 3856 2282 3904 et
2336 3847 2495 3919 quasi
2549 3845 2722 3900 scelus
2776 3841 3054 3898 idolatriae
3083 3841 3200 3896 noli
3255 3840 3592 3911 acquiescere
3647 3840 3694 3910 (Ι
3747 3839 3877 3910 Reg.

2233 3938 2348 4007 xv).
2385 3936 2509 3989 llaec
2539 3933 2610 3988 de
2659 3929 2832 3988 malis
2880 3928 3180 3986 catholicis
3211 3929 3308 4000 qui
3357 3928 3511 3984 intra
3561 3926 3878 3983 Ecclesium

2235 4029 2393 4080 sunt.
2422 4025 2702 4078 Caeterum
2736 4017 3246 4075 schismaticorum
3279 4022 3336 4073 et
3367 4015 3766 4072 hmreticorum
3795 4034 3884 4072 sa-

2236 4116 2552 4176 cramenta,
2585 4108 2863 4182 quoniam
2888 4112 3050 4163 extra
3068 4105 3384 4162 Ecclesium
3409 4111 3550 4161 sunt
3569 4105 3738 4176 juxta
3759 4123 3890 4161 san-

2237 4205 2463 4256 ctorum
2496 4199 2731 4254 Patrum
2764 4195 3127 4260 traditiones,
3148 4193 3369 4251 scilicet
3398 4194 3636 4267 Pelagii,
3671 4195 3890 4268 Grego-

2238 4288 2329 4357 rii,
2356 4285 2626 4360 Cypriani
2641 4283 3000 4360 ,Augustini,
3015 4282 3371 4355 Hieronymi,
3388 4283 3633 4338 formam
3654 4281 3886 4354 quidem

2237 4380 2758 4440 sacramentorum,
2783 4389 2898 4429 non
2917 4376 3110 4428 autem
3130 4370 3362 4426 virtutis
3377 4372 3649 4426 effectum
3679 4369 3888 4426 habere

2239 4468 2602 4540 profitemur,
2635 4463 2748 4519 nisi
2781 4478 2915 4517 cum
2947 4461 3079 4534 ipsi,
3112 4461 3197 4517 vel
3249 4477 3452 4518 eorum
3501 4459 3884 4516 sacramentis

485 4558 860 4636 hujusmodi?
888 4557 962 4614 ad
990 4555 1122 4624 hoc,
1154 4553 1418 4626 inquam,
1452 4554 1536 4610 ita
1581 4553 2038 4626 respondemus:
2071 4553 2128 4608 Si
2159 4570 2206 4636 Ι)
2237 4555 2470 4624 initiati,
2506 4571 2606 4627 per
2637 4551 3345 4624 manusimposititionem
3363 4547 3789 4606 adcatholicam
3803 4565 3885 4604 re-

485 4652 802 4713 schismate
826 4645 915 4704 vel
959 4643 1165 4702 haeresi
1190 4645 1260 4700 ab
1317 4643 1572 4700 Ecclesia
1615 4660 1729 4699 non
1762 4647 2126 4714 separantur,

484 4739 825 4800 eorumdem
854 4733 1344 4804 ordinationes,et
1373 4733 1598 4805 reliqua
1622 4736 1986 4788 sacramenta
2002 4749 2134 4786 san-

485 4836 580 4889 cta
606 4833 664 4886 et
691 4825 1019 4884 veneranda
1047 4841 1163 4880 non
1185 4838 1492 4897 negamus,
1534 4824 1844 4893 sequentes
1895 4821 2130 4877 beatum

484 4917 906 4992 Augustinum,
939 4913 1040 4988 qui
1061 4913 1532 4986 superJoannem
1555 4911 1627 4966 de
1657 4909 2131 4981 hujusmoditam

486 5007 720 5081 copiose
751 5021 928 5078 quam
953 5003 1234 5061 veraciter
1262 5000 1558 5058 disseruit.
1601 4997 1694 5054 Ait
1731 4998 1926 5054 enim:
1962 5023 1988 5050 ‹‹
2025 5001 2131 5056 Ba-

488 5097 667 5173 ptizet
695 5111 898 5153 servus
929 5095 1143 5163 bonus,
1176 5091 1296 5148 sive
1329 5106 1529 5146 servus
1578 5086 1792 5156 malus,
1829 5105 1941 5143 non
1986 5091 2134 5144 sciat

490 5205 553 5246 se
583 5185 680 5243 ille
705 5185 806 5258 qui
837 5183 1164 5258 baptizatur
1192 5177 1474 5253 baptizari
1507 5177 1577 5232 ab
1611 5193 1674 5232 eo
1724 5177 1823 5249 qui
1875 5195 1986 5233 non
2020 5179 2132 5234 sibi

490 5275 685 5334 renuit
736 5273 1070 5348 baptizandi
1130 5271 1519 5343 potestatem;
1556 5289 1583 5314 ››
1643 5269 1699 5320 et
1757 5265 1927 5338 paulo
1959 5271 2126 5338 post:

489 5390 517 5418 «
553 5365 678 5422 Non
696 5364 928 5422 horreat
943 5361 1216 5418 columba
1231 5353 1619 5412 ministerium
1640 5353 1924 5410 malorum
1949 5357 2128 5429 respi-

490 5456 606 5513 ciat
635 5453 865 5512 Domini
878 5454 1244 5526 potestatem.
1262 5445 1321 5502 Si
1338 5444 1512 5500 fuerit
1523 5444 1810 5518 superbus
1842 5445 2128 5502 minister.

561 5563 674 5633 (52)
705 5561 827 5618 Nisi
883 5559 944 5616 in
1001 5574 1140 5614 casu
1199 5552 1566 5633 necessitatis
1597 5575 1624 5601 ‹‹
1655 5551 1760 5618 Qui
1805 5570 1838 5608 a
1897 5553 2131 5633 praeciso

490 5623 712 5706 accepit
767 5634 1202 5690 sacramentum
1260 5629 1420 5681 extra
1485 5641 1685 5682 casum
1746 5623 2128 5696 necessitatis,

2241 4645 2453 4702 dierint
2479 4642 2784 4699 unitatem.

2311 4732 2621 4789 Sciendum
2651 4747 2784 4786 vero
2832 4734 2922 4786 est
2966 4730 3122 4802 quod
3164 4745 3418 4785 canones
3471 4725 3881 4800 apostolorum,

2242 4839 2493 4896 quorum
2524 4820 2872 4876 auctoritate
2903 4817 3212 4874 Orientalis
3243 4823 3300 4874 et
3330 4835 3398 4874 ex
3427 4820 3589 4890 parte
3629 4815 3883 4872 Romana

2241 4912 2444 4967 unitur
2472 4908 2748 4977 Ecclesia,
2801 4913 2858 4965 et
2885 4907 3136 4981 insignis
3185 4911 3408 4978 martyr
3454 4905 3798 4979 Cyprianus,
3827 4906 3880 4959 et

2241 4999 2535 5074 octoginta
2565 4998 2820 5072 episcopi
2841 5014 2977 5053 cum
2991 4998 3194 5054 eodem
3209 4996 3571 5070 baptismum
3590 4992 3881 5051 haeretico-

2241 5107 2369 5144 rum
2393 5089 2690 5144 lavacrum
2719 5086 2934 5142 diaboli
2967 5085 3287 5160 appellant.
3323 5085 3656 5158 Stephanus
3685 5099 3812 5139 vero
3828 5086 3882 5136 et

2241 5177 2542 5234 Cornelius
2575 5179 2856 5248 martyres
2887 5179 2944 5231 ct
2974 5177 3279 5247 pontifices
3312 5173 3578 5242 Romani,
3632 5177 3688 5229 et
3718 5187 3876 5228 vene-

2242 5267 2443 5323 rabilis
2474 5267 2842 5336 Augustinus
2870 5263 2928 5320 in
2961 5265 3109 5321 libro
3135 5270 3210 5321 De
3237 5263 3589 5337 baptismate
3619 5261 3878 5318 eumdem

2241 5356 2616 5430 Cyprianum,
2648 5359 2704 5410 et
2734 5354 3002 5427 praefatos
3033 5355 3338 5428 episcopos
3361 5353 3512 5408 hanc
3546 5351 3620 5407 ob
3651 5365 3878 5407 causam

2240 5447 2610 5502 vehementer
2663 5444 3042 5516 redarguunt,
3099 5443 3468 5500 affirmantes
3527 5439 3877 5514 baptismum

2243 5558 2457 5626 peccat,
2494 5568 2607 5626 non
2639 5551 2778 5606 item
2802 5550 2968 5626 quia
2996 5550 3167 5626 malo.
3190 5575 3229 5626 _»
3274 5552 3487 5622 (Tuom,
3522 5566 3579 5621 p.
3621 5565 3702 5616 ιιι,
3743 5563 3797 5617 q.
3829 5546 3876 5603 ϐ,

2246 5623 2354 5681 art.
2386 5627 2421 5680 6
2455 5625 2527 5680 ad
2559 5625 2630 5691 2;
2658 5627 2713 5677 et
2744 5639 2799 5692 q.
2832 5623 2866 5675 6
2894 5624 2950 5689 7,
2985 5627 3092 5678 art.
3125 5624 3203 5693 2.)
