3958 6396
130 625 488 722 ’_";”}i'atum
546 652 737 704 ratum
786 665 953 719 esse;
986 655 1044 706 et
1090 649 1319 717 merito,
1369 650 1507 722 quia
1561 647 1676 705 alia
1720 649 1780 704 in

114 714 448 808 ‘tjslgtismo,
478 740 536 792 et
555 736 670 791 alia
688 736 747 792 in
773 736 1017 810 reliquis
1041 737 1424 794 sacramentis
1445 738 1782 794 considera-

123 822 208 879 tio
239 828 357 880 est:
383 825 600 899 quippe
635 843 771 882 cum
819 830 876 882 et
905 828 1107 882 ordine
1148 827 1305 899 prior
1335 831 1390 882 et
1419 827 1782 882 necessarior

126 912 245 980 sit;
277 914 472 971 subito
497 915 654 971 enim
676 915 963 972 morituro
994 916 1160 989 prius
1192 915 1567 987 baptismate,
1601 932 1780 988 quam

124 1001 417 1058 Dominici
441 1003 698 1074 corporis
711 1006 1120 1062 communione
1134 1005 1221 1061 vel
1248 1005 1379 1060 aliis
1398 1004 1780 1060 sacramentis

125 1090 473 1148 consulitur.
508 1093 578 1147 Et
606 1093 747 1149 dum
777 1094 929 1149 forte
959 1092 1284 1150 catholicus
1314 1110 1430 1148 non
1460 1093 1775 1158 invenitur,

126 1179 319 1236 satius
340 1184 430 1235 est
471 1181 544 1236 ab
574 1180 846 1238 heretico
893 1181 1172 1255 baptismi
1212 1184 1646 1237 sacramentum
1678 1198 1778 1237 su-

127 1284 289 1324 mere
318 1286 496 1342 quam
528 1269 589 1325 in
636 1274 918 1327 mternum
969 1271 1177 1345 perire.
1228 1272 1299 1326 Et
1345 1270 1498 1326 hanc
1548 1275 1778 1327 senten-

127 1357 273 1413 tiam
306 1358 779 1432 praescriptorum
810 1360 1152 1433 pontiﬁcum
1185 1358 1456 1427 Cornelii,
1476 1358 1778 1430 Stephani,

123 1449 182 1503 et
236 1446 573 1519 Augustini,
623 1449 808 1504 secuti
863 1453 1001 1505 sunt
1055 1448 1447 1514 Innocentius,
1510 1447 1778 1513 Siricius,

126 1535 262 1602 Leo,
295 1536 643 1592 Anastasius
686 1542 745 1593 et
801 1554 1053 1611 magnus
1107 1537 1448 1610 Gregorius,
1481 1541 1541 1592 et
1587 1536 1782 1592 omnis

120 1622 388 1680 Ecclesia
441 1624 746 1681 catholica.
808 1628 879 1682 Et
924 1626 1201 1699 quoniam
1259 1625 1590 1698 epistolaris
1651 1625 1780 1681 bre-

122 1712 280 1787 vitas
337 1712 659 1786 propositis
717 1714 824 1770 tibi
884 1715 1311 1787 quzestionibus
1359 1715 1607 1770 fortasse
1666 1730 1780 1769 non

123 1800 371 1867 sufﬁcit,
411 1802 750 1858 eorumdem
810 1804 1202 1859 temeritatem
1262 1803 1335 1858 ad
1385 1804 1584 1858 sedem
1643 1820 1780 1875 apo-

123 1889 400 1947 stolicam
450 1888 857 1955 instruendam
910 1892 1096 1961 mitte,
1143 1897 1265 1960 aut,
1307 1894 1478 1964 juxta
1534 1895 1781 1964 Aposto-

122 1979 277 2051 lum,
307 1980 481 2035 veluti
506 1996 662 2038 sanae
705 1981 966 2037 dortrinae
1010 1982 1387 2037 adversarium
1432 1990 1552 2053 post
1593 1997 1782 2036 secun-

125 2068 256 2123 dam
297 2071 350 2124 et
408 2070 628 2125 tertiam
682 2072 1076 2142 correptionem
1129 2070 1311 2126 devita
1368 2071 1489 2143 (Tit.
1536 2070 1643 2142 ιιι).
1694 2070 1781 2124 Tu

126 2174 261 2213 vero
293 2161 419 2212 esto
450 2157 641 2213 ﬁdelis
674 2175 860 2230 usque
891 2159 962 2215 ad
996 2162 1265 2226 mortem,
1299 2162 1364 2214 ut
1389 2158 1675 2231 percipias
1696 2175 1783 2214 co-

131 2262 340 2302 ronam
372 2246 523 2302 vitae.

202 2335 349 2391 Data
381 2335 594 2391 Romae.

797 2450 1124 2508 CCLXXIV.

132 2538 387 2612 Urbanus
415 2539 658 2612 ecclesiae
684 2539 738 2595 S.
775 2540 1077 2604 Trinitatis,
1109 2543 1169 2597 in
1219 2541 1331 2597 loco
1366 2542 1460 2612 qui
1483 2543 1628 2598 Pons
1659 2539 1784 2597 Gui-

196 2610 375 2683 πέλεῑί
406 2611 637 2683 dicitur,
667 2613 962 2683 privilegia
1010 2614 1269 2676 instituit,
1303 2610 1388 2668 ea
1427 2613 1543 2681 tege
1594 2622 1653 2668 ut
1680 2613 1784 2667 cle-

200 2682 306 2737 rici
334 2703 366 2755 ν‹‹
398 2681 814 2755 Mediolanensis
846 2681 1070 2739 monetae
1117 2701 1367 2740 nummos
1408 2700 1505 2738 sex
1553 2693 1786 2755 quatuor

199 2754 367 2808 annis
395 2754 756 2809 Laleranensi
779 2755 992 2825 palatio
1017 2756 1351 2827 persolvant.
1392 2778 1418 2805 ››

615 2843 800 2913 (Intra
829 2859 923 2898 an.
960 2842 1314 2915 l088~l(l99.)

348 2929 708 3001 [Munaronu
742 2931 861 2987 Rer.
898 2933 1023 2987 Ital.
1068 2932 1286 3003 Script,
1319 2936 1389 3000 V,
1422 2932 1567 3003 479.]

148 3110 157 3116 ,
206 3046 488 3103 URBANUS
517 3045 848 3119 episcopus,
884 3065 1085 3104 servus
1116 3064 1417 3104 servorum
1447 3048 1784 3115 Dei,dilccto

135 3134 257 3190 ﬁlio
291 3139 607 3202 LIPRANDO,
641 3139 750 3191 etc.

203 3222 539 3280 Statuimus
570 3223 871 3281 ecclesiam
905 3224 1068 3280 illam
1102 3242 1233 3281 cum
1270 3225 1562 3298 praediolo,
1592 3226 1647 3280 in
1668 3243 1784 3297 quo

131 3312 382 3369 fundata
409 3317 500 3368 est
534 3356 546 3368 .

129 3401 419 3475 largiente
439 3400 651 3458 collata
680 3401 916 3468 fuerint,
952 3403 1022 3458 ab
1056 3404 1218 3459 omni
1259 3403 1524 3459 saeculari
1551 3403 1785 3476 opposi-

128 3491 289 3547 tione
311 3490 573 3562 quietam
598 3494 874 3563 perpetuo
904 3508 1161 3557 manere,
1181 3497 1238 3546 et
1264 3493 1528 3547 liberam.
1552 3492 1786 3547 Clericis

130 3596 264 3636 vero
313 3578 395 3634 ibi
442 3579 684 3634 victuris
739 3579 966 3635 vivendi
1015 3580 1362 3652 regulariter
1409 3582 1787 3637 concedimus

135 3668 496 3736 facultatem,
529 3684 745 3741 eosque
776 3669 1149 3725 decernimus
1178 3675 1296 3725 tam
1335 3669 1600 3742 proprias
1632 3670 1787 3725 ordi-

138 3757 428 3824 nationes,
464 3774 640 3829 quam
673 3758 947 3813 altarium
981 3762 1037 3813 et
1075 3757 1453 3814 ecclesiarum
1486 3775 1789 3814 consecra-

136 3846 349 3913 tiones,
384 3850 844 3919 caaterorumque
882 3848 1037 3902 dona
1066 3853 1566 3903 sacramentorum
1615 3865 1650 3902 a
1679 3848 1791 3903 Me-

144 3933 472 3990 diolanensi
509 3933 944 4007 archiepiscopo
995 3936 1316 4007 suscipere,
1348 3935 1396 3992 si
1430 3935 1666 4008 quidem
1698 3952 1790 3990 ca-

141 4021 398 4079 tholicus
434 4022 693 4089 fuerit,et
712 4023 1183 4080 communionem
1209 4041 1275 4080 ac
1296 4025 1540 4097 gratiam
1569 4028 1794 4097 aposto-

140 4111 265 4167 licae
287 4111 447 4167 sedis
470 4111 760 4183 habuerit,
795 4119 850 4168 et
880 4112 929 4169 si
961 4129 1029 4169 ea
1059 4112 1242 4186 gratis
1275 4118 1331 4169 et
1362 4130 1478 4168 non
1511 4113 1795 4185 pravitate

138 4200 485 4267 indulserit,
521 4200 665 4257 alias
696 4206 891 4257 autem
941 4202 1193 4257 liberum
1236 4202 1321 4257 eis
1377 4201 1687 4258 arbitrium
1721 4202 1798 4257 sit

140 4292 512 4346 sacramenta
534 4290 736 4345 eadem
760 4289 1059 4362 suscipere
1081 4309 1114 4346 a
1136 4307 1490 4363 quocunque
1508 4289 1799 4346 voluerint

141 4377 431 4434 catholico
462 4377 753 4450 episcopo.
789 4379 1168 4435 Decernimus
1205 4396 1341 4451 ergo
1374 4384 1439 4435 ut
1470 4395 1657 4450 neque
1690 4380 1800 4434 Me-

144 4466 471 4523 diolanensi
531 4466 988 4539 archiepiscopo,
1015 4485 1205 4538 neque
1255 4467 1428 4524 alicui
1476 4468 1797 4523 viventium

147 4554 320 4611 liceat
345 4544 614 4610 eamdem
659 4555 988 4621 ecclesiam,
1023 4561 1079 4610 et
1135 4556 1344 4611 fratres
1377 4556 1476 4628 qui
1536 4555 1655 4611 illic
1685 4557 1800 4611 Deo

146 4642 476 4705 servierint,
508 4644 769 4714 quolibet
791 4644 1117 4699 occasionis
1145 4645 1290 4716 jugo
1313 4645 1661 4717 deprimere,
1697 4650 1799 4700 aut
1837 4666 1879 4731 Β

147 4732 304 4789 bona
331 4748 534 4788 eorum
567 4732 892 4788 distrahere
922 4738 978 4788 et
997 4732 1120 4788 suis
1144 4734 1351 4789 usibus
1372 4733 1686 4806 applicare,
1712 4733 1799 4788 vel

146 4819 481 4877 temerariis
496 4821 899 4877 vexationibus
925 4822 1187 4894 fatigare,
1218 4822 1316 4877 sed
1350 4822 1550 4877 omnia
1578 4821 1803 4894 integre

148 4912 571 4964 conserventur
590 4909 774 4978 vobis,
808 4914 864 4965 et
895 4910 1337 4967 successoribus
1377 4897 1583 4966 vestris
1614 4911 1801 4965 omni-

149 4996 344 5052 modis
360 4995 691 5068 profutura,
726 4997 887 5053 salva
915 5000 1179 5070 ejusdem
1227 4997 1679 5054 Mediolanensis
1711 5016 1802 5054 ar-

148 5077 507 5157 chiepiscopi
531 5085 814 5142 catholica
833 5089 1172 5143 reverentia.
1188 5087 1271 5142 Ad
1309 5087 1592 5142 indicium
1610 5092 1805 5143 autem

148 5173 334 5246 hujus
351 5174 983 5246 perceptaelibertatisa
1014 5178 1276 5233 Romana
1302 5175 1558 5231 Ecclesia
1589 5177 1806 5231 Medio-

152 5260 418 5319 lanensis
450 5267 694 5319 monetae
728 5283 1005 5322 nummos
1035 5283 1140 5321 sex
1171 5270 1421 5337 quatuor
1450 5264 1621 5319 annis
1642 5266 1807 5320 Late-

154 5350 393 5406 ranensi
421 5349 636 5423 palatio
689 5353 1105 5425 persolveritis.
1143 5354 1199 5410 Si
1235 5372 1351 5426 qua
1380 5352 1560 5426 igitur
1589 5353 1647 5408 in
1680 5371 1810 5410 cra-

156 5438 385 5494 stinum
444 5437 843 5498 ecclesiastica
898 5443 1264 5499 saecularisve
1315 5459 1583 5515 persona,
1630 5442 1810 5514 hujus

157 5527 375 5583 decreti
408 5526 685 5599 paginam
717 5530 931 5597 sciens,
961 5536 1163 5587 contra
1193 5546 1325 5586 eam
1368 5535 1586 5586 temere
1617 5532 1812 5588 venire

159 5615 495 5686 tentaverit,
529 5618 835 5689 potestatis
878 5620 1235 5692 honorisque
1282 5619 1567 5691 dignitate
1597 5624 1810 5687 careat,

1310 416 1717 489 ΕΡῙὸΤοιῶ
1757 418 1861 487 E'l‘
1903 422 2368 490 PHIVILEGIA.

132 546 337 635 eisab
350 553 618 616 heretico
651 556 769 617 sive
801 555 1175 617 schismatico
1199 558 1596 617 ecclesiastico
1618 574 1781 616 more
1809 560 1863 628 Α
1894 559 2206 633 iniquitate
2227 563 2557 635 cognoscat,
2590 563 2767 635 atque
2796 574 2831 618 a
2871 553 3273 618 sacratissimo
3303 571 3541 631 corpore

594 3354 606 3366 .
653 3355 664 3368 .
697 3312 785 3369 vel
818 3330 920 3385 per
940 3313 1085 3369 alios
1122 3314 1324 3371 ﬁdeles
1374 3314 1490 3369 illic
1536 3315 1783 3371 Domino
1813 3298 1856 3364 Ο

3422 372 3567 483 534,

1887 653 1945 705 et
1988 650 2276 723 sanguine
2319 650 2531 707 Christi
2563 651 2663 707 Dei
2716 667 2781 707 ac
2843 649 3071 706 Domini
3135 646 3541 720 Redemptoris

1889 739 2073 794 nostri
2127 742 2267 795 Jesu
2324 738 2541 795 Christi
2619 738 2812 795 aliena
2869 740 2992 805 ﬁat,
3048 741 3106 793 et
3165 738 3225 793 in
3284 740 3540 793 extremo

1888 828 2152 884 examine
2176 827 2452 884 districtae
2475 828 2684 884 ultioni
2728 828 3049 899 subjaceat.
3075 826 3310 881 Cunctis
3344 828 3541 882 autem

1889 917 2078 972 eidem
2110 916 2235 972 loco
2258 917 2424 988 justa
2448 917 2836 973 servientibus
2866 916 2943 973 sit
2964 934 3076 988 pax
3097 913 3325 971 Domini
3351 912 3542 971 nostri

1888 1006 2027 1062 Jesu
2059 1005 2294 1070 Christi,
2320 1010 2610 1078 quatenus
2639 1010 2696 1060 et
2724 1000 2820 1061 hic
2852 1005 3078 1061 fructus
3100 1005 3264 1059 bonae
3296 1001 3543 1058 actionis

1889 1095 2232 1167 percipiant,
2266 1099 2323 1151 et
2378 1095 2533 1167 apud
2592 1095 2932 1151 districtum
2975 1093 3238 1165 judieem
3295 1091 3543 1164 praemia

1890 1188 2116 1239 aeterna;
2160 1184 2320 1256 pacis
2349 1182 2670 1239 inveniant.
2694 1187 2900 1239 Amen.

2565 1299 2862 1355 CCLXXV.

1892 1388 2140 1447 Urbanus
2162 1404 2313 1460 papa
2362 1390 2418 1443 in
2481 1388 2713 1459 epistola
2750 1387 2819 1443 ad
2865 1388 3135 1460 populum
3182 1386 3235 1441 S.
3277 1385 3543 1442 Vincentii

2286 1460 2665 1517 Vulturncnsis
2687 1461 2854 1530 juxta
2883 1459 3141 1530 Capuam.

2361 1549 2541 1621 (Intra
2571 1565 2664 1603 an.
2702 1535 3080 1617 1088-1099)

2310 1639 2544 1710 [MANSI,
2579 1637 2782 1692 Concil.
2817 1637 2936 1705 XX,
2966 1635 3120 1707 714.)

1960 1727 2018 1782 Si
2049 1726 2295 1783 adulteri
2325 1725 2409 1781 vel
2433 1724 2578 1781 alias
2600 1724 2901 1780 criminosi
2925 1723 3128 1779 haeresi
3146 1721 3234 1778 vel
3257 1722 3540 1778 schisma-

1889 1820 1967 1884 te,
1988 1816 2046 1871 id
2071 1820 2160 1872 est
2177 1815 2514 1888 praecisione
2534 1814 2622 1870 vel
2645 1813 3010 1887 depositione
3032 1813 3113 1868 ab
3133 1810 3394 1868 Ecclesia
3421 1828 3537 1866 non

1814 1930 1861 1996 Β
1892 1908 2634 1979 separantur,sacramenta
2656 1919 2859 1959 eorum
2873 1905 3078 1958 sancta
3090 1918 3205 1956 non
3228 1916 3537 1973 negamus,

1894 1994 1976 2051 sic
1998 1994 2395 2067 Augustinum
2414 1993 2851 2066 sequentes;sed
2879 1991 3335 2062 praedecessores
3354 1987 3540 2044 nostri

1892 2083 2206 2157 Gregorius
2221 2087 2278 2139 et
2296 2082 2570 2139 Nicolaus
2583 2100 2615 2137 a
2633 2081 2833 2137 missis
2847 2080 3055 2136 talium
3080 2079 3373 2134 abstinere
3396 2094 3542 2150 pras-

1892 2176 2194 2246 ceperunt,
2225 2176 2290 2227 ut
2312 2171 2420 2227 hoc
2451 2175 2670 2227 terrore
2699 2174 2758 2226 et
2801 2169 3077 2242 peccandi
3108 2167 3405 2222 licentiam
3436 2182 3540 2221 eie-

1890 2263 2032 2317 teris
2063 2261 2377 2326 auferrent,
2403 2264 2461 2314 et
2490 2259 2650 2331 ipsos
2681 2259 2892 2314 rubore
2913 2257 3007 2314 sui
3064 2260 3442 2329 contemptus
3468 2255 3540 2311 ad

1892 2351 2071 2423 digna
2100 2347 2455 2422 paenitentiae
2483 2347 2743 2404 lamenta
2766 2349 3124 2403 revocarent.

1965 2442 2027 2495 Et
2051 2446 2170 2511 post
2196 2437 2469 2493 modicum
2492 2454 2510 2490 :
2543 2435 2812 2508 Pmprias
2842 2435 3063 2490 habent
3084 2433 3537 2489 criminosorum

1893 2531 2261 2585 sacramenta
2277 2525 2508 2581 virtutis
2531 2524 2585 2579 di
2593 2523 2939 2596 gnitates,ut
2951 2523 3159 2578 beatus
3174 2521 3539 2593 Augustinus

1892 2634 2069 2690 super
2095 2617 2379 2673 Joannem
2402 2617 2603 2668 contra
2625 2610 2961 2667 Donatistas
2982 2610 3082 2678 ait;
3103 2610 3204 2665 sed
3226 2608 3539 2682 agentibus

1891 2712 1949 2763 et
1967 2703 2425 2777 suscipientibus
2447 2702 2647 2757 eadem
2671 2702 3038 2756 sacramenta
3068 2702 3269 2754 contra
3315 2700 3541 2753 sancto-

1892 2812 2023 2851 rum
2051 2792 2392 2867 pontiﬁcum
2428 2790 2716 2856 instituta,
2744 2789 2857 2845 nisi
2892 2789 3037 2844 forte
3067 2787 3192 2844 sola
3230 2791 3414 2841 morte
3443 2784 3539 2840 in-

1890 2883 2484 2953 terveniente,utpote
2515 2896 2585 2935 ne
2615 2878 2741 2935 sine
2770 2877 3123 2950 baptismate
3156 2875 3246 2931 vel
3277 2891 3538 2931 commu-

1892 2974 2067 3030 nione
2093 2971 2359 3044 quilibet,
2382 2968 2657 3024 humanis
2679 2968 2855 3023 rebus
2876 2967 3133 3031 excedat,
3156 2965 3241 3021 eis
3273 2964 3537 3038 inquam,

1891 3062 1950 3117 in
1981 3064 2207 3117 tantum
2242 3058 2479 3125 obsunt,
2505 3061 2570 3112 ut
2601 3056 2716 3111 veri
2747 3054 3064 3111 idololatraa
3097 3054 3379 3122 sint,cum
3411 3052 3538 3108 tali-

1893 3152 2004 3206 bus
2035 3154 2091 3205 et
2119 3147 2575 3213 ordinationum,
2610 3149 2667 3201 et
2697 3147 3198 3201 sacramentorum
3232 3141 3540 3209 confectio,

1894 3245 1951 3296 et
1980 3238 2148 3295 aliter
2176 3253 2352 3309 quam
2395 3234 2765 3307 praemissum
2816 3232 3130 3304 susceptio,
3163 3230 3543 3286 vehementer

1895 3347 1930 3386 a
1959 3327 2142 3385 sacris
2173 3325 2480 3381 ordinibus
2510 3322 2950 3395 prohibeantur.
3211 3383 3219 3389 ,

1964 3420 2098 3474 Item
2121 3422 2240 3487 post
2266 3428 2440 3485 pauca
2462 3429 2482 3466 ,ο
2513 3412 2643 3466 Haec
2674 3411 2746 3466 de
2761 3410 2932 3466 malis
2947 3407 3250 3464 catholicis
3267 3407 3367 3480 qui
3390 3407 3543 3463 intra

1893 3504 2210 3563 Ecclesiam
2241 3506 2400 3558 sunt.
2424 3504 2703 3555 Caeterum
2736 3497 3247 3554 schismaticorum
3281 3500 3338 3551 et
3367 3496 3544 3550 haere-

1896 3595 2143 3651 ticorum
2165 3592 2535 3647 sacramenta
2555 3586 2832 3660 quoniam
2856 3591 3018 3642 extra
3041 3589 3200 3651 sunt,
3206 3585 3378 3655 juxta
3407 3601 3541 3639 san-

1897 3689 2124 3740 ctorum
2156 3682 2396 3737 Patrum
2444 3678 2811 3744 traditiones,
2864 3674 3080 3747 Pelagii
3128 3672 3368 3740 scilicet,
3401 3674 3540 3728 Gre-

1899 3772 2067 3845 gorii,
2101 3769 2388 3842 Cypriani,
2422 3762 3119 3839 Augustini,Hieronymi,
3142 3762 3388 3818 formam
3413 3761 3543 3832 qui-

1900 3862 2033 3916 dem
2068 3862 2588 3919 sacramentorum,
2622 3872 2737 3911 non
2769 3858 2964 3909 autem
3003 3851 3240 3907 virtutis
3273 3849 3544 3905 ell‘ectum

1901 3949 2115 4004 habere
2145 3948 2506 4019 proﬁtemur,
2541 3943 2653 4000 nisi
2681 3960 2815 3999 cum
2850 3942 2961 4015 ipsi
3005 3939 3089 3996 vel
3123 3955 3326 3996 eorum
3359 3954 3549 3994 sacra-

1903 4037 2117 4093 mentis
2145 4034 2357 4091 initiati
2390 4050 2493 4105 per
2513 4049 2726 4089 manus
2769 4031 3205 4104 impositionem
3237 4030 3308 4084 ad
3360 4027 3553 4084 catho-

1906 4126 2078 4182 licam
2108 4123 2407 4180 veritatem
2441 4121 2740 4177 redierint.

2562 4236 2894 4293 CCLXXVI.

1911 4332 2158 4389 Urbanus
2189 4330 2238 4384 ll
2278 4328 2563 4401 permittit
2604 4334 2663 4401 ut
2694 4324 2954 4401 tardant
2998 4324 3269 4401 principis
3299 4322 3440 4401 ﬁlia,
3472 4323 3557 4375 in-

1975 4402 2193 4474 fantula
2226 4397 2509 4474 Rainalrlo.
2547 4397 2732 4474 [ἓοάᾴᾴ
2760 4398 2899 4474 ﬁlio,
2934 4397 3124 4474 inuitis
3173 4402 3349 4474 gnatm
3378 4398 3439 4449 et!
3458 4409 3557 4464 pa-

1980 4467 2210 4537 renlela,
2241 4472 2583 4542 desponsata,
2616 4470 2719 4524 alii
2749 4470 2865 4523 viro
2894 4471 3127 4537 nuptum
3156 4467 3329 4521 detur.

2381 4559 2563 4631 (Intra
2595 4575 2687 4613 an.
2723 4554 3083 4625 10884099.)

2099 4650 2396 4721 [Gnarum
2431 4649 2661 4711 Deerat,
2698 4647 2758 4702 C.
2794 4660 2948 4710 xxxx,
2979 4661 3079 4716 qu.
3113 4645 3168 4708 5,
3202 4659 3252 4697 c.
3294 4643 3368 4712 1.]

1980 4739 2036 4793 Si
2098 4754 2295 4792 verum
2352 4753 2480 4790 esse
2538 4732 2885 4802 constiterit,
2942 4734 3097 4805 quod
3157 4730 3327 4785 nobis
3371 4728 3560 4800 .legati

1909 4826 2185 4884 Jordanis
2218 4823 2498 4896 principis
2546 4824 2888 4889 retulerunt,
2923 4822 3166 4888 scilicet,
3226 4819 3383 4891 quod
3438 4816 3564 4889 ipse

1914 4921 2152 4972 coactus
2174 4920 2229 4969 et
2245 4912 2449 4968 dolens
2471 4911 2653 4967 ﬁliam
2674 4929 2845 4968 suam
2866 4909 3218 4967 inl'antulam
3242 4907 3563 4971 nolentem,

1917 5005 2236 5069 ﬁentem,et
2264 5018 2366 5074 pro
2396 5000 2619 5054 viribus
2653 5000 3021 5067 renitentem,
3046 5016 3163 5054 non
3197 4994 3568 5052 assentienti-

1915 5095 2049 5162 bus,
2083 5093 2185 5148 sed
2207 5089 2373 5147 valde
2404 5086 2740 5144 dolentibus
2767 5092 2951 5143 matre
2968 5093 3026 5143 et
3072 5084 3391 5160 parcntela,
3418 5084 3566 5154 Παγ-

1917 5179 2319 5248 naldo,Rodeli
2344 5175 3241 5247 ﬁlio,desponsaverit;quonium
3275 5188 3568 5228 canonum

1918 5276 1974 5325 et
2000 5270 2197 5343 legum
2231 5267 2546 5324 auctoritas
2578 5263 2718 5320 talia
2756 5264 3057 5337 sponsalia
3084 5266 3171 5337 (ut
3201 5263 3353 5318 infra
3382 5264 3573 5315 osten-

1918 5360 2099 5429 ditur)
2160 5375 2273 5413 non
2335 5356 2638 5428 approbat,
2697 5371 2769 5410 ne
2827 5353 3238 5427 ignorantibus
3298 5352 3454 5424 leges
3514 5353 3573 5403 et

1920 5463 2192 5513 canones,
2227 5445 2406 5499 nimis
2463 5445 2704 5511 durum,
2756 5443 2911 5515 quod
2969 5443 3245 5508 dicimus,
3280 5440 3568 5505 videatur,

1919 5537 2004 5592 ita
2034 5533 2384 5592 sententiam
2442 5536 2864 5604 temperamus,
2900 5537 2965 5587 ut
3001 5532 3051 5587 si
3112 5531 3384 5603 princeps
3438 5542 3573 5582 cum

1923 5626 2075 5691 liliaa,
2111 5622 2338 5690 matris,
2363 5624 2421 5677 et
2452 5621 2762 5692 parentela:
2785 5621 3114 5691 assensu,id
3143 5619 3295 5692 quod
3319 5620 3573 5687 coeptum

161 5719 448 5777 reamtu
478 5721 540 5763 se
571 5707 769 5765 divino
796 5708 1015 5780 judicio
1064 5708 1309 5766 existere
1366 5708 1437 5764 de
1485 5713 1816 5781 perpetrata
1922 5720 2030 5783 est,
2084 5712 2358 5786 perﬁcere
2415 5708 2681 5777 voluerit,
2744 5712 3156 5768 concedamus.
3216 5707 3317 5764 Sin
3378 5710 3573 5759 autem
