3958 6394
307 406 429 476 uas
1596 411 1959 500 .s..uasA1

2160 412 2416 478 PAPE.
3589 404 3752 476 εδδ-ς
3784 407 3800 450 ’-

309 540 540 617 legatus
570 543 769 602 noster
799 546 1078 618 utrasque
1125 550 1321 620 partes
1369 546 1606 617 audiat;
1637 551 1694 603 et
1722 546 1771 604 si
1804 545 1948 604 nihil
1977 546 2034 614 Α
2062 549 2274 603 sanctae
2333 549 2552 612 exorta,
2592 545 2692 602 sed
2743 546 3035 602 crescente
3082 537 3340 600 Ecclesia
3383 539 3514 614 jam
3560 553 3714 614 pene

311 631 488 718 fuerit
515 646 584 706 ex
612 635 776 705 parte
820 633 1142 706 supradicti
1187 635 1456 692 Rainaldi
1496 634 1770 708 amplius,
1794 635 1952 708 quod

307 717 612 801 impediat,
644 719 716 776 ab
745 719 872 794 ipso
902 722 1156 778 Jordane
1201 727 1656 792 sacramentum,
1686 725 1841 797 quod
1869 725 1954 780 ita

307 811 578 864 constent
603 807 750 877 haec,
785 809 850 864 ut
879 808 1034 866 dicta
1057 814 1218 881 sunt,
1249 811 1498 884 accipiat
1523 829 1536 880 ;
1569 816 1626 868 et
1654 828 1760 868 nos
1789 829 1956 868 cano-

310 910 456 961 num
487 913 554 980 ac
569 894 776 981 legum
809 897 956 954 scita
1001 903 1332 972 sequentes,
1366 899 1641 973 deinceps
1673 917 1789 956 non
1820 917 1952 972 pro-

307 982 603 1052 hibemus,
636 983 780 1056 quin
829 984 928 1041 alii
958 986 1081 1044 viro
1131 988 1180 1044 si
1225 987 1491 1056 voluerit,
1525 989 1802 1061 praedicta
1834 988 1955 1044 ﬁlia

307 1071 438 1154 ejus
465 1073 672 1154 nubat,
703 1077 941 1132 tantum
971 1073 1033 1132 in
1061 1076 1330 1133 Domino.

361 1151 364 1159 '
566 1151 592 1168 "
663 1159 668 1164 '
960 1163 1307 1222 CCLXXVII.

734 1251 900 1308 Aliud
937 1253 1144 1310 Urbani
1169 1255 1220 1310 II
1245 1253 1538 1310 decretum.

791 1341 971 1413 (Intra
999 1359 1094 1398 an.
1130 1343 1484 1413 1088-1099.)

493 1427 794 1500 [Gnarum
827 1431 1128 1499 Decretum,
1162 1431 1223 1486 Ο.
1255 1447 1371 1502 xux,
1404 1447 1504 1504 qu.
1525 1435 1580 1498 2,
1616 1447 1668 1486 c.
1699 1433 1778 1503 3.]

387 1513 596 1571 Nullus
624 1517 936 1591 episcopus
967 1517 1206 1576 clericos
1236 1535 1395 1587 suos,
1423 1520 1537 1576 nisi
1569 1521 1958 1593 forte,quibus

313 1603 842 1662 ecclesiasticarum
873 1623 1070 1663 rerum
1100 1607 1458 1680 dispensatio
1490 1609 1806 1666 commissa
1834 1610 1959 1666 fue-

315 1690 412 1761 rit,
444 1691 558 1748 sibi
577 1693 782 1766 jurare
809 1695 1145 1768 compellat.

947 1783 1222 1842 CCLXXV
1230 1785 1324 1842 ΙΙΙ.

733 1873 898 1930 Aliud
931 1875 1140 1932 Urbani
1161 1875 1214 1931 II
1239 1875 1530 1932 decretum.

795 1963 978 2035 (Intra
1009 1980 1104 2020 an.
1140 1963 1488 2035 10884099.)

744 2051 978 2123 [Mans],
1009 2053 1213 2110 Concil.
1245 2052 1359 2121 XX,
1387 2052 1536 2120 7l4.]

393 2138 664 2196 Urbanus
692 2157 844 2214 papa
871 2143 1189 2210 secundus,
1213 2145 1371 2208 Duae,
1399 2141 1775 2216 inquit,leges
1801 2146 1962 2214 sunt,

322 2227 719 2302 unapublica,
751 2229 937 2288 altera
964 2231 1190 2304 privata
1215 2250 1228 2301 ;
1263 2231 1498 2304 publica
1535 2230 1625 2288 lex
1653 2236 1742 2288 est
1771 2249 1902 2306 quae
1930 2252 1964 2290 a

320 2317 539 2375 sanctis
571 2318 840 2376 Patribus
872 2319 1092 2392 scripta
1119 2324 1208 2377 est
1251 2321 1501 2389 ﬁrmata,
1527 2317 1602 2376 'ut
1629 2325 1720 2377 est
1747 2321 1838 2378 lex
1868 2339 1962 2378 ca-

320 2423 700 2480 nonum,quae
729 2407 969 2481 quidem
990 2411 1228 2482 propter
1243 2412 1708 2482 transgressores
1728 2415 1818 2467 est
1845 2414 1964 2468 tra-

320 2496 624 2566 dita;verbi
645 2496 1157 2570 gratia,decretum
1171 2502 1261 2554 est
1275 2497 1336 2554 in
1353 2499 1676 2556 canonibus
1689 2499 1962 2557 clericum

321 2601 437 2643 non
467 2585 680 2642 debere
709 2586 783 2642 de
825 2601 932 2640 suo
976 2585 1316 2661 episcopatu
1353 2587 1424 2643 ad
1468 2585 1650 2644 alium
1691 2588 1962 2656 transire,

321 2671 436 2732 nisi
467 2673 914 2731 commendatiis
945 2674 1156 2731 litteris
1204 2675 1460 2748 episcOpi
1510 2676 1624 2744 sui,
1655 2677 1810 2748 quod
1839 2695 1968 2750 pro-

321 2767 450 2838 pter
465 2761 813 2820 criminosos
850 2761 936 2818 sic
961 2766 1246 2820 statutum
1279 2767 1386 2833 est,
1413 2781 1517 2819 nec
1542 2763 1806 2822 videlicet
1822 2765 1967 2822 infa-

321 2869 450 2910 mes
463 2851 534 2908 ab
555 2850 750 2924 aliquo
770 2851 1044 2926 episcopo
1077 2853 1478 2926 suscipiantur
1499 2870 1778 2926 personae.
1808 2854 1966 2910 Sole-

323 2942 469 2999 bant
487 2939 678 2998 ofﬁcia
723 2958 833 2998 sua
870 2957 1005 2997 cum
1039 2958 1156 2998 non
1200 2945 1469 3015 poterant
1516 2941 1574 2996 in
1601 2960 1728 3015 suo,
1762 2943 1820 2999 in
1853 2943 1969 3016 epi-

325 3031 570 3102 scopatu
607 3027 788 3086 altero
831 3027 1142 3095 celebrare,
1177 3028 1334 3100 quod
1375 3029 1508 3100 jure
1555 3030 1878 3102 praeceptis,
1911 3033 1970 3086 et

325 3117 563 3190 scriptis
592 3117 942 3174 detestatum
975 3119 1086 3172 est.
1120 3116 1232 3171 Lex
1255 3131 1390 3171 vero
1415 3115 1658 3188 privata,
1693 3117 1849 3188 quod
1879 3117 1966 3172 in-

325 3207 609 3264 stinctum
637 3209 727 3263 est
747 3207 934 3262 sancti
958 3204 1298 3278 Spiritus,in
1321 3205 1491 3260 corde
1511 3204 1968 3274 scribitur,sicut

323 3297 396 3352 de
415 3291 771 3368 quibusdam
791 3293 934 3351 dicit
953 3293 1392 3368 Apostolus,qui
1415 3292 1631 3350 habent
1651 3293 1838 3368 legem
1862 3294 1964 3350 Dei
1997 3281 2040 3348 C

322 3383 679 3458 scriptamin
699 3383 974 3442 cordibus
997 3384 1142 3452 suis,
1165 3387 1221 3439 et
1251 3382 1362 3438 sibi
1395 3386 1451 3438 et
1468 3382 1580 3456 ipsi
1607 3384 1795 3440 sancti
1828 3388 1966 3441 sunt

319 3471 499 3530 lex.Si
529 3471 662 3546 quis
693 3471 903 3530 horum
934 3471 993 3527 in
1025 3468 1278 3527 Ecclesia
1297 3486 1406 3526 sua
1434 3471 1542 3526 sub
1561 3469 1834 3544 episcopo
1858 3487 1964 3526 suo

318 3553 884 3636 proprium‘retinet,
915 3565 975 3617 et
1030 3558 1386 3616 saeculariter
1438 3549 1596 3628 vivit,
1631 3559 1680 3616 si
1728 3559 1964 3616 afﬂante

318 3644 540 3726 Spiritu
571 3654 772 3708 sancto
801 3651 863 3708 in
895 3649 1091 3722 aliquo
1123 3647 1478 3704 monasterio
1528 3665 1592 3704 se
1622 3647 1843 3704 salvere
1873 3665 1966 3704 vo-

316 3739 512 3811 luerit,
545 3741 686 3814 quia
713 3739 841 3814 lege
871 3740 1095 3812 privata
1132 3737 1386 3806 ducitur,
1419 3735 1583 3792 nulla
1611 3736 1758 3793 ratio
1788 3737 1966 3810 exigit

316 3832 384 3886 ut
412 3829 483 3886 ad
505 3828 746 3902 publica
774 3827 1138 3900 constringat
1157 3829 1247 3899 [[2,
1273 3830 1394 3882 uta
1416 3825 1652 3898 publica
1681 3825 1964 3882 constrin-

317 3917 548 3994 gatur];
579 3916 812 3990 dignior
838 3918 928 3972 est
955 3916 1110 3972 enim
1143 3917 1368 3989 privata
1390 3914 1481 3970 lex
1507 3931 1683 3987 quam
1705 3914 1958 3987 publica.

319 4004 573 4080 Spiritus
620 4003 856 4078 quidem
905 4005 1004 4062 Dei
1050 4005 1141 4062 lex
1171 4008 1280 4076 est,
1343 4007 1400 4059 et
1453 4003 1552 4076 qui
1609 4002 1829 4076 Spiritu
1861 4001 1962 4058 Dei

319 4097 598 4169 aguntur,
631 4093 758 4169 lege
782 4095 886 4151 Dci
918 4095 1236 4152 ducuntur.
1269 4095 1340 4149 Et
1371 4091 1504 4164 quis
1529 4097 1618 4148 cst
1648 4091 1747 4164 qui
1779 4092 1966 4164 possit

317 4183 560 4256 Spiritui
591 4189 796 4242 sancto
823 4183 998 4258 digne
1043 4185 1312 4240 resistere
1332 4183 1359 4237 ‘?
1389 4181 1670 4254 Quisquis
1692 4197 1827 4254 ergo
1852 4181 1962 4238 hoc

317 4272 544 4346 Spiritu
570 4273 824 4342 ducitur,
857 4278 915 4330 et
942 4273 1213 4347 episcopo
1245 4288 1352 4327 suo
1387 4270 1839 4338 contradicente,
1869 4275 1964 4327 eat

315 4361 466 4419 liber
493 4361 694 4419 ucstra
721 4360 1120 4420 auctoritate.J
1129 4363 1260 4418 usto
1291 4360 1448 4416 enim
1480 4357 1573 4414 lex
1603 4375 1716 4415 non
1749 4364 1838 4416 est
1866 4377 1962 4432 po-

315 4451 514 4520 sita,et
544 4449 642 4508 ubi
673 4450 923 4526 Spiritus
955 4451 1188 4508 Domini
1220 4449 1300 4504 ibi
1333 4448 1592 4518 libertas,
1611 4452 1668 4504 et
1696 4449 1743 4504 si
1777 4448 1960 4522 Spiri-

315 4543 380 4598 tu
411 4539 514 4597 Dei
545 4539 852 4612 ducimini,
886 4557 1002 4598 non
1031 4539 1173 4597 estis
1205 4537 1316 4594 sub
1344 4537 1492 4610 lege.

971 4645 1299 4703 CCLXXIX.

315 4738 564 4796 Urbanus
593 4737 646 4794 II
681 4737 962 4794 canonicis
1004 4735 1357 4804 regularibus
1403 4733 1730 4804 quibusdam
1767 4736 1959 4792 scribit

536 4807 602 4864 de
629 4810 1021 4865 canonicorum
1048 4807 1346 4878 disciplina
1375 4805 1731 4861 restituenda.

785 4895 967 4971 (Intra
998 4913 1092 4952 an.
1127 4893 1484 4966 1088-1099.)

734 4986 968 5062 [MANSI,
1005 4984 1208 5042 Concil.
1241 4983 1353 5054 XX,
1384 4983 1540 5054 712.]

378 5077 620 5151 Oportet
649 5093 755 5134 nos
814 5075 936 5150 qui,
971 5073 1106 5132 licet
1150 5073 1398 5148 indigni,
1432 5072 1583 5129 Petri
1633 5072 1958 5130 residemus

304 5167 364 5223 in
398 5166 546 5236 loco,
580 5183 760 5240 prava
803 5165 1113 5238 corrigere,
1146 5167 1302 5220 recta
1331 5165 1584 5232 ﬁrmare,
1619 5167 1676 5218 et
1706 5163 1764 5219 in
1797 5163 1954 5219 omni

305 5255 565 5314 Ecclesia
595 5255 910 5314 arbitrium
933 5252 1154 5326 judicis
1183 5254 1232 5325 ej
1253 5271 1319 5310 us
1360 5251 1652 5325 judicium
1687 5256 1956 5310 nostrum

304 5345 562 5418 prodeat,
597 5344 748 5402 oculi
780 5343 962 5400 nostri
1014 5342 1251 5398 videant
1297 5339 1652 5414 aequitatem.
1685 5341 1956 5416 Omnipo-

301 5435 446 5491 tenti
477 5450 614 5518 ergo
644 5435 784 5500 Deo,
806 5433 978 5504 cujus
1000 5431 1209 5488 melior
1236 5435 1325 5489 est
1357 5430 1762 5488 misericordia
1778 5449 1957 5504 super

301 5523 473 5594 vitas,
503 5522 724 5597 gratias
755 5521 1020 5596 agimus:
1053 5522 1209 5595 quod
1239 5538 1340 5578 vos
1385 5520 1528 5578 estis
1581 5519 1681 5594 qui
1724 5525 1952 5578 sancto-

305 5631 436 5669 rum
469 5612 705 5668 Patrum
730 5611 904 5667 vitarn
929 5609 1290 5684 probabilem
1329 5611 1625 5667 renovatis
1649 5614 1705 5666 et
1727 5613 1956 5682 aposto-

307 5700 420 5758 lica
472 5699 742 5758 instituta
798 5699 1121 5776 disciplinae
1179 5701 1236 5757 in
1295 5699 1632 5774 primordiis
1680 5699 1951 5756 Ecclesiae

2061 634 2282 692 delecta
2333 636 2614 694 instinctu
2672 633 2861 690 sancti
2915 632 3169 705 Spiritus
3219 629 3539 688 suscitatis.
3572 629 3756 686 Duae-

2061 723 2218 780 enim
2240 725 2312 779 ab
2337 723 2607 779 Ecclesiae
2629 727 2846 778 sancire
2866 719 3202 794 primordiis
3247 719 3378 774 vitae
3414 719 3544 792 ejus
3575 717 3716 776 ﬁliis
3783 729 3788 737 ‘

2062 816 2201 870 sunt
2229 811 2534 879 institutae,
2566 829 2704 880 una,
2731 829 2850 884 qua
2875 811 3246 866 inﬁrmorum
3269 806 3544 864 debilitas
3575 807 3712 864 reti-

2065 905 2270 958 netur:
2305 899 2511 968 altera,
2544 917 2663 972 qua
2691 901 2998 956 fortiorum
3045 899 3230 954 virtus
3288 897 3457 954 beata
3487 897 3718 970 perﬁci-

2062 993 2179 1045 tur.
2213 989 2340 1045 Una
2369 1005 2678 1046 remanens
2730 989 2790 1044 in
2843 989 3024 1061 Segor
3079 985 3344 1060 parvula,
3399 985 3586 1042 altera
3641 985 3715 1041 ad

2064 1079 2284 1136 montis
2313 1077 2519 1134 altiora
2547 1078 2968 1135 conscendens.
3004 1076 3134 1133 Una
3157 1074 3435 1148 lacrymis
3477 1077 3536 1132 et
3564 1073 3717 1132 elec-

2065 1167 2328 1240 mosynis
2358 1167 2702 1239 quotidiana
2730 1170 2969 1240 peccata
2995 1164 3328 1234 redimens;
3361 1162 3542 1220 altera
3570 1180 3718 1236 quo-

2065 1256 2290 1324 tidiana
2311 1255 2593 1312 instantia
2613 1257 2822 1312 merita
2841 1259 3058 1311 aeterna
3069 1251 3717 1326 conquirens.Alteram

2059 1349 2330 1412 tenentes
2349 1343 2963 1413 int'eriorem,terrenis
2985 1343 3156 1400 bonis
3173 1345 3443 1410 utuntur,
3465 1341 3717 1398 alteram

2067 1437 2378 1506 sequentes
2399 1434 3000 1506 superiorem,bonam
3030 1436 3250 1489 terram
3279 1431 3614 1510 despiciunt
3643 1447 3713 1486 ac

2066 1521 2426 1594 relinquunt.
2461 1522 2592 1582 Haec
2622 1527 2820 1578 autem
2852 1539 2980 1594 quae
3026 1539 3062 1578 a
3106 1521 3358 1578 terrenis
3386 1519 3722 1584 divertitur,

2065 1609 2126 1666 in
2155 1611 2303 1667 duas
2332 1627 2480 1683 pene
2500 1606 2680 1667 unius
2707 1611 3091 1682 ejusdemque
3112 1608 3408 1682 praepositi
3435 1607 3724 1664 dividitur

2068 1699 2386 1772 portiones,
2421 1699 2839 1756 canonicorum
2888 1699 3110 1755 scilicet
3157 1702 3214 1756 et
3268 1697 3718 1756 monachorum.

2067 1789 2286 1844 Harum
2326 1789 2586 1845 secunda
2630 1805 2734 1861 per
2778 1788 3037 1844 divinam
3088 1785 3553 1844 misericordiam
3606 1785 3722 1842 fre-

1993 1917 2042 1982 Β
2070 1881 2348 1950 quentata
2378 1876 2522 1934 satis
2548 1878 2670 1948 jam
2701 1876 2911 1933 saeculo
2942 1877 3245 1959 universo.
3265 1873 3476 1932 elucet.
3523 1873 3724 1942 Prima

2070 1983 2204 2022 vero
2236 1965 2634 2022 decalescente
2681 1965 2902 2022 fervore
2952 1963 3216 2021 ﬁdelium
3258 1965 3385 2036 jam
3416 1979 3565 2035 pene
3593 1979 3720 2018 om-

2072 2055 2212 2112 nino
2244 2055 2504 2112 deﬂuxit.
2538 2055 2698 2110 Hanc
2748 2059 2972 2126 martyr
3024 2058 3082 2110 et
3139 2051 3400 2126 pontifex
3448 2051 3725 2108 Urbanus

2069 2142 2348 2200 instituit.
2376 2147 2536 2200 Hanc
2564 2144 2932 2218 Augustinus
2965 2142 3090 2199 suis
3138 2141 3357 2215 regulis
3405 2139 3722 2198 ordinavit.

2070 2233 2230 2289 Hanc
2251 2233 2566 2305 Gregorius
2587 2232 2916 2306 Augustino
2935 2231 3260 2304 Anglorum
3281 2228 3725 2302 archiepiscopo

2070 2321 2492 2378 instituendam
2540 2321 2831 2394 prmeepit.
2881 2323 3080 2394 Itaque
3127 2336 3244 2376 non
3288 2317 3538 2376 minoris
3567 2318 3724 2376 aesti-

2071 2411 2354 2466 mandum
2387 2415 2476 2466 est
2505 2410 2722 2474 meriti,
2773 2409 2924 2466 hanc
2977 2409 3156 2466 vitam
3215 2407 3485 2464 Ecclesiae
3517 2407 3726 2481 primi-

2069 2498 2199 2554 tivze
2229 2498 2526 2570 aspirante
2555 2516 2624 2556 ac
2656 2501 3042 2574 prosequente
3073 2497 3304 2554 Domini
3335 2496 3557 2569 Spiritu
3589 2513 3724 2554 sus-

2072 2587 2268 2656 citare,
2302 2605 2480 2660 quam
2529 2589 2833 2644 ﬂorentem
2891 2586 3316 2644 monachorum
3376 2584 3723 2659 religionem

2071 2676 2336 2748 ejusdem
2357 2676 2612 2749 Spiritus
2642 2675 3073 2748 perseverantia
3103 2673 3419 2732 custodire.

2077 2873 2282 2930 Urbani
2308 2872 2553 2944 epistola
2577 2872 2647 2926 ad
3083 2871 3409 2944 Moqletanrum
3455 2867 3726 2944 archiepi-

2143 2941 2379 3016 scopum.
2411 2975 2481 3016 έ
2523 2941 2658 2998 Cum
2696 2943 2959 3016 rRicardor
2988 2941 3320 3016 Massiliensi
3369 2942 3619 3016 episcopo
3645 2942 3728 3016 sit

2144 3012 2398 3086 adempta
2425 3014 2661 3086 legatio,
2681 3015 2796 3086 ipse
2843 3015 3093 3086 invigilat
3121 3013 3372 3086 omnibus
3393 3029 3411 3067 :
3445 3012 3722 3086 archiepi-

2143 3084 2334 3158 scopus
2369 3084 2829 3158 Cormpostellanus
2873 3085 3113 3140 vinculis
3157 3084 3725 3158 solutus,gsuo_resti-

2143 3155 2331 3212 tantur
2353 3155 2551 3228 ofﬁcio.
2571 3161 2624 3214 Μ
2631 3163 2788 3214 oneat
2803 3158 2896 3212 cui
2923 3157 3373 3212 committendam
3395 3155 3726 3230 legationem.

2145 3233 2322 3300 putet.

2556 3299 2737 3370 (Intra
2763 3315 2858 3354 an.
2899 3297 3240 3369 1096-1099.)

2491 3387 2724 3459 (Mum,
2760 3386 2963 3442 Concil.
3000 3385 3112 3452 XX,
3145 3384 3298 3458 697.]

2142 3477 2383 3548 Semper
2411 3480 2466 3531 te
2497 3491 2818 3531 memorem
2848 3491 2977 3530 esse
3008 3477 3236 3546 oportet
3290 3471 3718 3529 benedictionis

2069 3569 2126 3621 et
2155 3564 2374 3638 gratiis,
2405 3563 2859 3636 excellentisque
2911 3561 3279 3619 liberalitatis
3311 3579 3488 3634 quam
3519 3579 3555 3617 a
3581 3562 3722 3618 sede

2071 3654 2392 3728 apostolica
2414 3651 2712 3725 accepisti;
2747 3669 2981 3724 semper
2995 3656 3050 3708 te
3071 3649 3274 3724 quanti
3295 3667 3466 3724 geras
3487 3649 3720 3706 culmen

2069 3743 2335 3812 officii,et
2373 3743 2547 3799 rebus
2591 3741 2898 3797 ostendere
2923 3759 2936 3808 ;
2964 3740 3152 3796 rivum
3175 3745 3231 3796 te
3285 3757 3320 3795 a
3379 3739 3536 3795 fonte
3567 3738 3720 3794 Petri

2071 3831 2315 3904 apostoli
2345 3830 2742 3897 descendisse,
2775 3833 2831 3886 et
2878 3829 3178 3884 ﬂammam
3231 3845 3406 3901 quam
3461 3827 3533 3884 ab
3562 3827 3722 3900 ignis

2071 3922 2200 3993 ejus
2239 3919 2469 3976 camino
2515 3922 2849 3991 susceptam
2880 3919 3058 3986 l‘ovcs,
3119 3934 3351 3989 semper
3405 3916 3466 3972 in
3511 3915 3724 3974 altiora

2071 4010 2411 4082 producere.
2440 4009 2605 4062 Nunc
2636 4007 2921 4080 praecipue
2946 4006 3372 4062 fraternitatem
3395 4011 3560 4062 tuam
3592 4023 3719 4062 am-

2072 4098 2315 4170 pliorem
2350 4096 2681 4169 principum
2714 4097 2866 4152 Petri
2908 4101 2965 4152 et
3011 4095 3175 4152 Pauli
3223 4093 3595 4167 disciplinam
3626 4093 3722 4150 in-

2071 4190 2316 4254 struere,
2350 4185 2554 4256 tuique
2583 4184 2761 4240 ofﬁcii
2791 4190 3018 4258 Oportet
3061 4184 3334 4240 exhibere
3366 4199 3715 4240 censuram:

2069 4291 2222 4330 nunc
2253 4274 2708 4347 praecipue,cum
2739 4273 2938 4330 nullus
2969 4274 3027 4329 in
3049 4275 3260 4330 vestris
3292 4273 3561 4346 partibus
3585 4289 3722 4344 apo-

2069 4363 2283 4420 stolica:
2302 4364 2458 4420 sedis
2488 4363 2716 4435 legatus
2759 4363 2974 4420 existit.
3007 4363 3254 4418 Ricardo
3285 4361 3441 4418 enim
3474 4361 3720 4436 legatio-

2069 4469 2225 4520 nem,
2257 4469 2434 4524 quam
2465 4452 2748 4508 hactenus
2779 4451 3006 4518 habuit,
3054 4450 3492 4524 denegavimus,
3525 4466 3720 4522 neque

2069 4541 2435 4614 aliicuipiam
2457 4547 2781 4598 vestrarum
2801 4540 3058 4614 partium
3080 4539 3431 4613 legationem
3456 4537 3718 4610 injunxi-

1991 4651 2038 4718 Π
2069 4635 2305 4688 mus.Te
2335 4629 2532 4705 igitur,
2559 4633 2622 4685 ut
2651 4629 3000 4702 prudentem
3033 4645 3099 4684 ac
3129 4627 3472 4718 religiosum
3498 4627 3716 4696 virum,

2067 4719 2380 4777 hurtamur
2408 4723 2465 4776 et
2493 4719 2872 4776 obsecramus
2901 4718 2962 4774 in
3009 4717 3256 4775 Domino
3307 4721 3372 4774 ut
3402 4734 3530 4790 quae
3561 4717 3722 4774 dicta

2068 4813 2209 4866 sunt
2255 4807 2515 4865 studiose
2562 4823 2850 4876 exerceas,
2883 4807 3068 4864 bonos
3123 4806 3183 4862 in
3242 4805 3454 4863 melius
3513 4823 3713 4876 acuas,

2069 4914 2277 4972 pravos
2297 4897 2578 4970 corrigas,
2599 4901 2655 4954 et
2682 4897 3024 4953 canonicam
3055 4896 3114 4952 in
3145 4895 3422 4952 omnibus
3451 4893 3714 4967 discipli-

2069 5005 2204 5044 nam
2238 4988 2310 5043 ad
2362 4987 2634 5044 Romanae
2678 4984 2943 5042 Ecclesia
2985 4985 3235 5058 gloriam
3297 4984 3504 5056 tuique
3531 4983 3716 5041 studii

2068 5076 2414 5143 mercedem,
2471 5075 2756 5130 ferventer
2812 5078 2868 5130 et
2939 5072 3340 5130 indesinenter
3408 5073 3714 5130 observare

2067 5183 2364 5240 procures.
2419 5165 2654 5231 Adesto,
2715 5163 2975 5236 invigila,
3028 5163 3184 5219 insta
3241 5179 3376 5220 cum
3433 5161 3712 5220 fratribus

2067 5254 2280 5312 nostris
2312 5253 2625 5327 episcopis,
2663 5253 2919 5325 regibus,
2949 5251 3316 5326 principibus
3355 5268 3423 5308 ac
3471 5249 3709 5324 populo,

2066 5349 2356 5417 quatenus
2379 5344 2719 5400 aberrantes
2743 5343 2811 5398 ad
2832 5346 3053 5399 rectum
3067 5341 3433 5415 propositum
3451 5339 3710 5404 redeant,

2065 5438 2368 5490 manentes
2391 5432 2451 5488 in
2477 5432 2608 5492 ﬁdei
2627 5430 2865 5487 veritate
2887 5431 2959 5486 ad
3001 5431 3220 5488 exitum
3263 5445 3452 5502 usque
3472 5427 3715 5484 viriliter

2064 5525 2450 5596 perseverent.
2487 5520 2548 5576 Id
2593 5535 2726 5576 vero
2767 5519 3054 5592 praecipue
3073 5524 3130 5576 te
3151 5519 3418 5576 laborare
3441 5517 3710 5575 volumus

2063 5616 2119 5668 et
2149 5613 2519 5684 rogamus,ut
2537 5609 2730 5666 Sancti
2748 5609 2947 5665 Jacobi
2966 5607 3715 5682 episcopus,emancipatus

2061 5701 2334 5770 vinculis,
2366 5715 2472 5756 suo
2505 5698 2848 5756 restituatur
2883 5698 3093 5757 ofﬁcio.
3122 5699 3203 5756 De
3252 5715 3368 5772 quo
3400 5694 3706 5770 quidquid,
