3958 6356
114 371 230 435 ω,
254 386 261 393 .

1280 367 1691 434 EPISTOLlE
1733 366 1836 432 ET
1876 366 2353 435 PRIVILEGIA.

3401 368 3553 436 ω
3594 378 3601 389 .

115 501 434 567 auxiliante
461 500 728 572 Domino,
760 502 970 577 egeris,
1000 501 1120 565 tuis
1150 500 1321 563 nobis
1350 500 1564 561 litteris
1600 500 1754 560 indi-
1784 501 1842 570 Α
1941 501 2210 563 Relatum
2231 504 2401 562 nobis
2430 507 2520 563 est
2549 503 2706 579 quod
2736 501 3111 563 Carnotensis
3140 503 3449 579 episcopus
3487 522 3523 565 ο,

116 593 298 652 cabis.
332 593 416 650 De
445 593 697 663 cceteris,
748 598 807 651 et
837 609 965 666 qua:
1000 593 1059 648 in
1105 591 1523 665 Hispaniarum
1568 592 1766 665 regnis

113 700 221 757 per
248 699 358 740 nos
388 681 755 755 disponenda
785 682 1128 755 provideris,
1163 685 1222 738 et
1250 681 1344 737 cui
1385 681 1764 754 potissimum

113 771 537 833 committenda
563 771 720 829 sedis
752 770 1080 844 apostolicae
1100 769 1311 843 legatio
1340 770 1622 838 videatur,
1645 770 1766 826 tuis

112 878 224 917 nos
255 859 483 916 nuntiis
513 864 570 916 et
598 859 862 933 apicibus
884 859 1250 915 informabis.
1286 859 1536 915 Labores
1567 862 1764 914 autem

112 948 336 1023 quosin
350 949 633 1006 membris
649 949 774 1005 suis
784 949 1183 1022 apostolorum
1200 947 1493 1021 principes
1505 946 1767 1019 quotidie
1818 1022 1823 1025 _

110 1038 441 1112 patiuntur,
473 1036 655 1095 nolito
686 1037 806 1093 ullo
824 1038 996 1094 modo
1029 1036 1311 1104 oblivisci;
1337 1038 1436 1093 sed
1459 1054 1523 1092 os
1536 1051 1768 1108 semper

107 1127 169 1181 in
201 1127 376 1184 corde
405 1125 699 1198 bajulans,
730 1130 787 1183 et
835 1125 1107 1182 ﬁdelibus
1154 1125 1427 1182 omnibus
1476 1139 1768 1180 commen-

110 1216 283 1284 dans,
317 1215 659 1273 solatiorum
689 1218 1016 1271 vestrorum
1049 1230 1156 1287 ope
1186 1213 1367 1270 lenire
1398 1212 1626 1269 festina.

780 1337 1100 1394 CCLXXXI.

114 1428 326 1487 Urbani
354 1430 406 1484 II
446 1442 610 1499 papae
664 1429 894 1498 epistola
956 1427 1026 1481 ad
1087 1425 1363 1499 Catonem,
1397 1426 1451 1481 S.
1514 1426 1768 1499 Quintini

181 1497 583 1571 Beuovacénsis
622 1497 1004 1571 praepositum.
1063 1529 1132 1539 —
1161 1497 1472 1571 pou/irruat
1520 1498 1765 1571 donatio-

178 1587 311 1627 nem
334 1574 503 1629 terrae
530 1569 595 1627 de
623 1569 839 1626 Ἀιηέιια
857 1572 1062 1641 factam
1091 1588 1125 1624 a
1145 1569 1432 1627 Guilletmo
1460 1570 1769 1626 Parisiensi

181 1643 452 1715 episcopo.

590 1713 774 1781 (Intra
805 1729 896 1768 an.
934 1712 1289 1782 1096-1099.)

385 1800 552 1872 [Dom
584 1800 877 1868 Bououn'r,
910 1801 1143 1867 Recueil,
1178 1799 1324 1868 XIV,
1355 1800 1507 1871 734.]

179 1908 464 1966 URBANUS
494 1906 824 1979 episcopus,
849 1923 1053 1962 servus
1076 1922 1377 1963 servorum
1412 1906 1532 1974 Dei,
1558 1905 1768 1963 dilecto
1800 1874 1847 1939 Β

107 1997 232 2054 ﬁlio
264 1998 481 2057 GALONI
528 1996 663 2068 (53),
717 1994 1026 2068 praeposito
1078 1995 1333 2052 ecclesiae
1365 1996 1425 2051 S.
1481 1995 1766 2064 Quintini,

106 2103 239 2159 qua:
273 2085 501 2145 Belvaci
532 2085 646 2141 sita
671 2090 778 2154 est,
811 2084 1061 2142 salutem
1093 2089 1151 2139 et
1181 2083 1562 2157 apostolicam
1590 2085 1770 2140 bene-

107 2174 451 2233 dictionem.

176 2264 254 2321 Et
284 2262 583 2321 commissi
630 2262 804 2319 ofﬁcii
841 2280 944 2319 nos
998 2260 1295 2335 compellit
1344 2260 1680 2330 auctoritas,
1714 2266 1770 2317 et

109 2351 390 2426 specialis
420 2351 677 2408 charitas
708 2351 1070 2418 exhortatur,
1102 2355 1167 2406 ut
1196 2367 1322 2422 quae
1367 2355 1521 2406 recte
1551 2354 1771 2406 statuta

107 2446 253 2503 sunt
283 2442 651 2509 conﬁrmare,
685 2444 740 2495 et
771 2439 853 2495 eis
881 2456 1008 2512 quae
1041 2440 1149 2495 sub
1170 2439 1351 2495 tutela
1379 2441 1589 2495 nostra:
1612 2439 1769 2495 sedis

107 2530 225 2586 sita
271 2532 431 2595 sunt,
483 2529 922 2607 propensiorem
973 2528 1293 2584 debeamus
1351 2526 1766 2599 protectionem

108 2619 472 2692 impendere.
506 2618 726 2675 Idcirco
757 2616 1130 2673 donationem
1163 2621 1330 2672 terrae
1377 2633 1505 2688 quae
1554 2616 1769 2672 dicitur

102 2706 353 2776 Alnella,
388 2724 423 2762 a
451 2706 761 2763 Parisiensi
789 2706 1061 2778 episcopo
1080 2704 1389 2761 Guillelmo
1421 2706 1533 2778 (54)
1563 2711 1766 2762 vestris

108 2795 372 2853 ecclesiae
394 2796 634 2867 factam,
661 2795 1038 2869 praesentium
1072 2794 1406 2849 litterarum
1448 2795 1769 2852 assertione

102 2886 419 2942 ﬁrmamus
443 2901 455 2940 :
489 2902 667 2958 quam
696 2883 966 2941 videlicet
981 2888 1197 2939 terram
1218 2882 1530 2956 prtedictus
1550 2883 1769 2955 episco-

102 2991 216 3047 pus
247 2964 284 3032 ὁ.
313 2972 610 3045 canonicis
639 2974 696 3029 S.
731 2972 1004 3029 Germani
1035 2970 1566 3029 Autissiodorensis
1605 2990 1765 3028 accc-

101 3067 294 3137 perat,
328 3064 465 3119 data
493 3061 776 3118 nimirum
808 3062 868 3116 in
901 3061 1422 3118 commutationem
1455 3062 1768 3134 praebenda

104 3152 370 3225 quadam
400 3150 747 3209 Parisiensis
779 3149 1076 3218 Ecclesiae,
1119 3149 1507 3222 praesentibus
1539 3156 1595 3205 et
1626 3152 1765 3207 sub-

1873 590 2221 649 charissimo
2252 594 2375 651 ﬁlio
2409 598 2609 651 nostro
2639 594 2955 661 Gaufredo,
2984 602 3176 653 vestro
3209 595 3437 665 abbate,
3460 595 3521 653 in

1873 681 2305 738 consecratione
2350 700 2528 755 quam
2577 683 2818 756 accepit,
2870 685 2944 743 ab
2981 699 3048 738 eo
3096 683 3522 755 professionem

1873 770 2196 826 extorserit.
2238 772 2422 835 Quam
2482 771 2622 844 quia
2677 775 2880 829 contra
2930 772 3204 829 Romanis
3257 770 3524 831 Ecclesiae

1874 860 2276 916 auctoritatem
2309 860 2522 917 factam
2537 860 2905 934 agnovimus,
2933 860 3130 916 abbati
3155 859 3391 932 quidem
3415 876 3524 917 nos

1874 947 2327 1006 misericorditer
2350 949 2689 1021 hujusmodi
2714 966 2923 1006 noxam
2947 948 3265 1005 indulsisse
3295 949 3521 1007 noveri-

1873 1036 2397 1093 tis.Prolessionem
2412 1056 2544 1095 vero
2558 1039 2746 1111 ipsam
2759 1037 2841 1094 ita
2851 1037 3318 1104 adnullamus,ut
3329 1036 3522 1096 nullas

1874 1125 2107 1197 penitus
2136 1127 2288 1183 vires
2347 1127 2658 1184 obstineat.
2712 1128 2964 1200 Insuper
3016 1126 3192 1182 etiam
3244 1143 3316 1184 ne
3343 1127 3525 1185 abbas

1874 1216 2211 1270 monasterii
2242 1215 2415 1272 vestri
2478 1216 2752 1288 deinceps
2782 1215 3057 1289 episcopo
3102 1215 3523 1287 professionem

1872 1302 2130 1371 faciat,ct
2144 1309 2352 1360 nostra:
2384 1305 2747 1361 auctoritatis
2768 1303 3069 1377 privilegio
3092 1304 3392 1360 ﬁrmatum
3413 1307 3522 1371 est,

1872 1396 1930 1447 et
1960 1392 2342 1464 praesentibus
2375 1392 2584 1450 litteris
2601 1393 3223 1465 prohibemus.Siquis
3247 1397 3444 1450 autem
3462 1392 3523 1448 in

1873 1486 2172 1553 posterum
2220 1487 2420 1538 contra
2466 1482 2589 1538 haec
2637 1481 2830 1538 venire
2877 1481 3205 1548 tentaverit,
3236 1498 3271 1537 a
3308 1485 3522 1537 sancta:

1872 1570 2138 1626 Ecclesia:
2170 1570 2476 1627 liminibus
2495 1575 2780 1639 arceatur,
2796 1575 2855 1626 et
2867 1574 3101 1626 maneat
3117 1572 3521 1627 excommuni-

1872 1663 2038 1716 catus
2067 1661 2248 1716 donec
2279 1659 2591 1733 resipiscat
2619 1664 2676 1717 et
2720 1661 2995 1716 Romanis
3044 1658 3310 1716 Ecclesiae
3355 1659 3523 1719 satis-

1876 1748 2066 1804 faciat.

1947 1838 2162 1894 Datum
2193 1838 2387 1893 Romai
2418 1854 2514 1893 vui
2550 1836 2672 1894 Kal.
2706 1836 2979 1894 Decemb.

2534 1943 2876 2000 CCLXXXV.

1883 2034 2092 2115 Urbani
2119 2034 2358 2115 epistol-a-
2385 2033 2455 2089 ad
2495 2034 2920 2115 archiepiscopos
2950 2036 3001 2115 et
3039 2034 3312 2115 episcopos
3350 2033 3524 2087 Fran-

1948 2106 2071 2160 ciae.
2105 2103 2173 2144 -ι
2202 2104 2526 2176 Philippum
2556 2103 2757 2176 regem,
2795 2103 2893 2175 qui
2939 2103 3168 2176 dimissa
3214 2118 3388 2160 umore
3413 2117 3527 2159 sese

1947 2176 2204 2231 (ulullera:
2224 2175 2533 2240 addixerat,
2566 2175 2766 2247 gaudet
2795 2176 2865 2231 ad
2893 2190 2984 2230 cor
3012 2175 3256 2231 rediisse.

2357 2265 2536 2333 (Intra
2566 2282 2661 2319 an.
2696 2264 3049 2334 1097-1099.)

2179 2354 2490 2423 [Dacnsnn
2524 2353 2736 2425 Spicil.,
2771 2356 2814 2408 t.
2849 2353 2942 2420 IlI,
2978 2370 3034 2424 p.
3071 2353 3219 2422 431.]

1948 2441 2224 2497 Unemus
2257 2441 2583 2514 episcopus,
2607 2458 2808 2497 servus
2838 2441 3272 2506 servorumDei,
3305 2439 3527 2497 charis-

1876 2531 2043 2587 simis
2076 2531 2135 2585 in
2166 2530 2392 2587 Christo
2422 2531 2704 2587 fratribus
2728 2530 3000 2605 MAN‘ASSE
3030 2528 3301 2586 Remensi
3332 2528 3525 2586 archi‘

1876 2620 2167 2693 episcopo,
2192 2624 2248 2676 et
2265 2619 2487 2677 caeteris
2501 2636 2600 2692 per
2617 2619 2919 2675 Franciam
2934 2624 3054 2674 tam
3070 2617 3524 2691 archiepiscopis

1878 2726 2055 2781 quam
2086 2708 2397 2781 episcopis,
2430 2707 2676 2765 salutem
2702 2713 2759 2763 et
2778 2708 3159 2780 apostolicam
3174 2706 3525 2767 benedictio-

1876 2815 2033 2854 nem.

1946 2886 2287 2943 Charissimi
2320 2885 2425 2941 filii
2454 2885 2641 2942 nostri
2667 2884 2918 2958 Philippi
2965 2885 3319 2941 Francorum
3369 2885 3526 2957 regis

1877 2975 2121 3031 nuntius
2152 2976 2223 3031 ad
2257 2976 2453 3032 sedem
2488 2974 2865 3047 apostolicam
2897 2974 3155 3041 veniens,
3191 2973 3393 3030 debitae
3414 2973 3537 3030 hu--

1877 3063 2144 3121 militatis
2176 3063 2401 3120 litteras
2433 3081 2500 3120 ac
2533 3063 2851 3120 devotionis
2884 3062 3079 3118 attulit
3106 3062 3318 3131 verba;
3353 3066 3527 3135 atque

1880 3154 1949 3210 de
1979 3152 2141 3209 illius
2172 3152 2437 3209 mulieris
2466 3153 2658 3225 culpa,
2694 3170 2800 3225 pro
2829 3170 2947 3225 qua
2991 3151 3344 3209 venerabilis
3393 3167 3527 3210 con-

104 3239 793 3299 scribentibusfratribus
811 3239 1119 3311 utriusque
1134 3237 1394 3311 capituli.
1421 3238 1575 3294 Nulli
1598 3238 1758 3294 dein-
1791 3243 1832 3312 C
1874 3243 2051 3301 frater
2082 3247 2278 3299 noster
2308 3242 2720 3315 Lugdunensis
2762 3240 3233 3313 archiepiscopus
3282 3240 3526 3296 interdi-

104 3347 247 3403 ceps
278 3329 800 3387 commutationem
832 3328 981 3383 hanc
1010 3327 1433 3396 violareliceat,
1468 3329 1582 3385 nisi
1619 3329 1763 3385 forte

102 3417 437 3493 apostolica:
462 3421 672 3475 nostrai
698 3417 855 3474 sedis
872 3416 1098 3489 judicio
1130 3421 1503 3473 retractetur.

764 3531 1109 3589 CCLXXXII.

103 3626 124 3647 ¹
156 3623 432 3680 Urbanus
462 3620 641 3681 mittit
671 3644 698 3671 ‹‹
731 3622 944 3677 litteras
995 3623 1051 3677 in
1083 3623 1330 3693 gratiam
1370 3620 1764 3677 monachorum

174 3695 231 3752 S.
266 3693 501 3751 Andreae
562 3694 902 3764 Viennensis
933 3709 1064 3764 quos
1122 3696 1174 3764 et
1203 3709 1395 3749 eorum
1446 3693 1656 3759 baiulos
1704 3696 1763 3747 in

174 3766 392 3825 tantum
432 3772 724 3820 vexaverat
766 3761 957 3830 Guido,
1006 3763 1250 3835 ejusdem
1277 3764 1428 3818 urbis
1485 3764 1760 3835 archiepi-

172 3851 384 3909 scopus,
410 3844 473 3892 ut
501 3838 665 3892 etiam
696 3852 765 3890 ea:
794 3835 878 3890 his
907 3836 1202 3891 nonnullos
1248 3836 1309 3890 in
1357 3850 1573 3891 carcere
1620 3838 1760 3891 reti-

175 3916 345 3964 nerei.
384 3928 413 3957 »

587 3977 770 4049 (Intra
800 3993 892 4032 an.
933 3978 1283 4047 1097-1099.)

260 4067 431 4139 [Vide
462 4067 724 4124 Romam
754 4067 813 4121 in
843 4065 975 4121 Vita
1008 4066 1223 4122 Urbani
1255 4066 1324 4132 II,
1358 4082 1413 4138 p.
1447 4066 1599 4135 292.}

747 4174 1120 4229 CCLXXXIII.

108 4264 362 4337 Urbanus
408 4263 935 4337 ilvonifgcarnotensi
986 4271 1038 4337 et
1098 4262 1395 4337 Ramnulfo
1434 4262 1759 4337 Santonensi

468 4333 659 4390 scribit
688 4356 715 4384 «
751 4336 825 4407 in,
841 4336 1081 4404 gratiam
1116 4333 1509 4390 monachorum
1565 4336 1756 4390 Vindo-

173 4406 503 4474 cinensium,
583 4421 713 4477 quos
770 4406 847 4478 ab
906 4407 1057 4461 omni
1130 4409 1505 4478 episcOporum
1569 4408 1754 4478 subje-

172 4479 352 4536 ctione
382 4476 652 4533 immunes
671 4492 785 4532 esse
814 4476 1079 4532 declarat.
1106 4498 1132 4526 »

578 4565 758 4637 (Intra
789 4582 883 4621 an.
929 4564 1289 4635 4097-1099.)

417 4653 587 4729 [Vide
617 4648 773 4727 apud
808 4655 1070 4710 Romam
1098 4654 1195 4710 ubi
1231 4656 1445 4727 supra]

744 4777 1116 4833 CCLXXXIV.

220 4866 535 4933 Monasterii
562 4865 970 4923 Vindocinensis
1001 4867 1225 4922 libertas
1255 4866 1627 4935 conﬁrmatur.

587 4938 771 5011 (Intra
795 4955 888 4993 an.
927 4938 1279 5009 1097-1099.)

530 5026 685 5099 [0pp.
715 5027 1024 5097 Sirmundi,
1057 5026 1155 5096 III,
1187 5025 1340 5100 468.]

178 5122 1029 5198 UWUS.episcopus,servus
1053 5141 1352 5182 servorum
1381 5123 1497 5193 Dei,
1521 5142 1755 5182 venera-

113 5212 1116 5293 bilicongregationiVindocineusis
1135 5213 1759 5281 monasterii,salutem

110 5304 166 5357 et
193 5300 577 5375 apostolicam
605 5302 1096 5363 benedictionem.

177 5442 287 5515 (53)
320 5444 434 5500 Seu
464 5444 694 5519 Waloni,
744 5445 1029 5519 discipulo
1079 5449 1137 5501 et
1163 5444 1536 5519 successori
1565 5446 1754 5504 Ivonis

108 5512 495 5643 Carnutibgui
524 5512 585 5573 et
628 5512 753 5588 ipse
805 5512 987 5574 evasit
1043 5516 1393 5573 Parisiensis
1450 5518 1758 5592 episcopus

111 5601 263 5641 anno
435 5628 448 5641 .

111 5601 623 5731 αηὲὢιᾶιὲὣθιωο
656 5660 725 5718 de
757 5660 1110 5729 Monteforti,
1146 5660 1308 5718 fratri
1341 5661 1574 5720 famosa:
1597 5659 1757 5720 illius

1790 4612 1837 4676 Ι)

1874 3330 2084 3386 ctienis
2117 3331 2174 3385 in
2208 3330 2403 3403 ipsum
2434 3328 2785 3385 sententiam
2817 3327 3155 3401 protulerat,
3199 3327 3525 3384 secundum

1872 3419 2120 3475 fratrum
2133 3422 2468 3475 nostrorum
2484 3417 2796 3473 consilium
2813 3416 3348 3473 satisfecit.Juravit
3367 3416 3525 3473 enim

1872 3509 2027 3580 quod
2058 3507 2213 3563 idem
2242 3524 2341 3563 rex
2371 3505 2681 3562 mulierem
2716 3506 2878 3561 illam
2912 3509 3221 3577 postquam
3258 3504 3315 3560 iu
3345 3521 3524 3560 manu

1872 3601 2095 3663 nostra,
2131 3595 2248 3651 imo
2279 3611 2383 3667 per
2412 3611 2519 3651 nos
2551 3594 2609 3649 in
2641 3594 2792 3651 beati
2824 3593 2978 3649 Petri
3010 3610 3186 3647 manu
3231 3592 3523 3661 refutavit,

1871 3702 2177 3757 nunquam
2193 3700 2318 3740 eam
2353 3682 2962 3739 carnaliterhabuerit.
2997 3685 3203 3737 Postea
3234 3697 3366 3739 vero
3389 3697 3525 3737 cum

1870 3773 2265 3830 confratribus
2296 3771 2513 3828 nostris
2543 3770 2852 3828 consilium
2882 3770 3187 3839 habentes,
3207 3768 3525 3827 statuimus

1869 3867 1938 3918 ut
1968 3879 2067 3920 rex
2090 3862 2160 3917 de
2185 3861 2475 3934 episcopis
2495 3864 2551 3916 et
2579 3859 2739 3931 regni
2759 3860 2847 3915 sui
2881 3858 3228 3932 primatibus
3243 3874 3431 3929 usque
3453 3856 3527 3912 ad

1873 3951 2249 4008 festivitatem
2277 3950 2553 4007 Omnium
2612 3940 2958 4005 Sanctorum
3020 3948 3244 4020 aliquot
3298 3947 3373 4003 ad
3420 3962 3529 4004 nos

1874 4040 2106 4114 dirigat,
2141 4040 2239 4113 qui
2274 4039 2383 4095 hoc
2414 4040 2609 4111 ipsum
2633 4039 2783 4111 quod
2820 4036 3065 4094 nuntius
3115 4038 3243 4108 ejus
3280 4036 3524 4107 juravit,

1871 4130 2121 4185 debeant
2151 4129 2461 4184 afﬁrmare.
2523 4127 2825 4199 Ejusmodi
2877 4125 3057 4199 igitur
3114 4142 3216 4196 per
3263 4124 3523 4197 legatum

1869 4218 2058 4291 ipsius
2092 4215 2485 4274 satisfactione
2499 4215 3028 4288 accepta,eumdem
3047 4213 3235 4269 lilium
3257 4216 3523 4269 nostrum

1867 4323 2067 4379 regem
2100 4306 2171 4361 ab
2201 4304 2651 4370 interdictionis,
2677 4322 2803 4376 quae
2824 4320 2926 4376 pro
2960 4303 3068 4359 hac
3098 4318 3278 4361 causa
3310 4301 3367 4357 in
3391 4317 3524 4357 eum

1868 4395 2094 4468 prolata
2124 4395 2337 4460 fuerat,
2384 4393 2616 4449 vinculo
2664 4392 3047 4458 absolvimus,
3094 4395 3149 4447 et
3181 4390 3378 4446 utendi
3420 4406 3524 4463 pro

1868 4500 2029 4540 more
2061 4482 2225 4555 regni
2257 4499 2470 4538 corona
2498 4482 2908 4537 auctoritatem
2940 4480 2991 4536 ei
3023 4479 3407 4553 praebuimus.

1939 4573 2085 4628 Data
2115 4570 2382 4627 Laterani
2413 4587 2514 4626 VIII
2544 4570 2682 4626 Idus
2705 4568 2864 4625 Maii.

2505 4657 2880 4716 ΟΟΙιΧΧΧνΙ.⁵

1877 4751 2084 4808 Urbani
2110 4749 2343 4821 epistola
2370 4748 2439 4804 ad
2477 4750 2772 4821 H-ugonem,
2805 4745 3213 4802 Cluniacensem
3255 4743 3523 4821 abbatem.

1942 4853 2010 4862 -—
2040 4813 2440 4889 Illi'signi/icat
2471 4843 2497 4870 ‹‹
2535 4813 2595 4876 in
2654 4822 2919 4889 Romana
2942 4832 3119 4887 nuper
3143 4813 3368 4889 synodo
3392 4836 3429 4889 _»
3454 4831 3527 4889 _se

1941 4885 2243 4948 decrevisse
2266 4894 2327 4945 ut
2347 4894 2745 4947 monasterium
2775 4898 2834 4945 δ.
2893 4885 3152 4944 Germani
3192 4885 3525 4942 Antissiodo-

1942 4979 2115 5032 rense,
2148 4963 2215 5018 ab
2245 4962 2437 5017 abbate
2480 4964 2540 5017 in
2584 4964 2814 5018 concilio
2847 4959 3208 5017 Nemausensi
3251 4957 3363 5014 sibi
3396 4980 3417 5009 ι
3444 4973 3527 5015 re-

1938 5038 2195 5108 futatum,
2234 5057 2255 5084 ι
2285 5036 2336 5088 ei
2365 5035 2807 5089 committeretur.

2353 5123 2533 5194 (Intra
2565 5138 2669 5176 an-
2695 5119 3044 5191 1097-1098.)

2113 5213 2366 5284 [B.\LUz.,
2399 5210 2619 5266 Miscell.
2652 5209 2793 5265 edit.
2826 5209 2991 5273 Luc.,
3023 5208 3094 5277 II,
3129 5207 3278 5277 177.]

1943 5304 2215 5361 URBANUS
2238 5300 2568 5374 episc0pus,
2604 5315 2810 5356 servus
2842 5312 3144 5354 servorum
3186 5294 3310 5362 Dei,
3358 5308 3529 5349 vene-

1868 5444 2161 5501 Bertradze
2195 5458 2322 5515 quea
2355 5442 2475 5515 regi
2496 5441 2762 5515 Philippo
2789 5440 3007 5512 nupsit.
3042 5438 3146 5494 Hic
3176 5437 3235 5492 in
3268 5434 3524 5492 Ecclesia

1868 5516 2215 5565 Carnotensi
2262 5514 2545 5565 educatus
2595 5514 2705 5565 sub
2764 5510 3075 5565 disciplina
3123 5509 3333 5565 Ivonis.
3395 5506 3523 5565 ipso

1868 5511 2545 5596 Carnotensiieduezitus
2595 5511 2709 5570 sub
2764 5511 3075 5584 disciplina
3123 5511 3333 5575 Ivonis,
3395 5511 3523 5578 ipso

1870 5592 2102 5716 agente.
2132 5587 2520 5669 Parisiensem
2563 5587 2983 5671 episcopatum
3031 5583 3279 5653 adeptus
3308 5582 3399 5634 est
3423 5594 3519 5632 an.

1872 5662 1896 5716 1
1940 5661 2034 5716 96.
2068 5658 2203 5715 licet
2229 5656 2381 5715 Infra
2410 5663 2725 5716 reau1s1tos
2757 5661 2943 5714 aetatis
2974 5670 3160 5712 annos
3188 5650 3451 5709 electus..

1872 5650 2035 5731 1096,
2068 5658 2203 5715 licet
2229 5656 2381 5715 infra
2410 5650 2725 5731 requisitos
2757 5650 2943 5714 astatis
2974 5650 3160 5712 annos
3188 5650 3451 5709 electus..
