3958 6360
400 363 518 427 539

1706 367 1780 430 Β.
1824 362 2117 431 URBANI
2160 362 2212 428 II
2255 360 2509 429 ΡΑΡΛΕ.

3687 365 3810 431 540

397 501 567 559 rabili
597 500 762 559 fratri
792 505 1041 571 nucem,
1074 500 1442 561 Cluniacensi
1464 501 1685 574 abbati,
1717 503 1967 562 salutem
1989 511 2048 563 et
2075 500 2129 566 Α
2156 499 2316 556 tione
2346 497 2598 557 avaritia
2631 497 2949 569 renovatio,
2974 505 3031 559 et
3058 498 3593 561 ecclesiasticarum
3609 517 3808 560 rerum

396 592 776 666 apostolicam
810 593 1296 661 benedictionem.

469 684 530 739 In
563 684 948 739 Nemausensi
975 683 1218 739 concilio
1269 684 1606 742 monasterii
1660 687 1856 742 Sancti
1904 688 2043 742 Ger-

396 774 578 839 mani,
612 773 768 844 quod
797 772 1162 828 Altissiodori
1194 773 1372 829 situm
1404 778 1512 839 est,
1546 775 1727 830 abbas
1777 777 2042 832 eamdem

396 861 690 916 abbatiam
722 861 780 916 in
812 878 993 917 manu
1026 866 1225 918 nostra
1271 863 1560 933 refutavit,
1595 868 1654 920 et
1700 881 1853 937 saepe
1884 866 1955 920 ab
1977 883 2043 921 eo

394 950 583 1021 rogati
612 950 805 1005 locum
834 952 1030 1023 ipsum
1062 953 1110 1007 ei
1145 952 1454 1008 restituere
1484 952 1805 1010 noluimus.
1864 954 2044 1011 Filius

393 1044 670 1111 praeterea
697 1043 897 1095 noster
934 1040 1267 1112 Stephanus
1316 1058 1512 1097 comes
1542 1059 1675 1097 cum
1722 1060 1897 1099 uxore
1936 1061 2045 1099 sua

394 1144 502 1184 nos
533 1128 880 1200 deprecatus
911 1134 1001 1184 est
1031 1134 1096 1185 ut
1126 1130 1278 1185 idem
1313 1132 1734 1187 monasterium
1761 1132 1862 1187 tibi
1888 1149 2042 1188 com-

394 1216 779 1273 mitteremus.
813 1221 931 1272 Hoc
958 1218 1151 1289 ipsum
1184 1218 1244 1273 in
1296 1220 1558 1275 Romana
1589 1237 1773 1292 nuper
1819 1223 2040 1293 synodo

390 1322 583 1361 coram
616 1307 879 1375 ejusdem
928 1307 1178 1362 civitatis
1226 1307 1496 1379 episcopo
1540 1314 1597 1364 et
1636 1310 1891 1381 praedicti
1928 1310 2038 1367 loci

390 1394 673 1449 fratribus
706 1413 740 1450 a
771 1395 940 1450 nobis
974 1399 1266 1451 statutum
1300 1402 1406 1452 est.
1442 1398 1812 1453 Fraternitati
1860 1398 2040 1471 igitur

387 1486 497 1538 tua:
531 1482 739 1539 litteris
769 1483 1153 1555 praesentibus
1168 1486 1519 1542 mandamus
1540 1491 1604 1541 ut
1616 1488 1914 1558 praefatam
1937 1490 2038 1543 ab-

388 1572 607 1627 batiam
639 1571 698 1627 in
730 1576 832 1628 tua
860 1573 1138 1644 deinceps
1170 1573 1499 1644 provisione
1532 1579 1811 1648 perpetuo
1843 1576 2039 1649 dispo-

386 1661 639 1716 nendam
699 1661 989 1734 suscipias
1021 1665 1077 1717 et
1135 1663 1522 1718 monasticam
1574 1664 1652 1720 ibi
1692 1664 2036 1737 religionem

387 1751 712 1805 secundum
747 1750 992 1805 fratrum
1025 1755 1262 1805 tuorum
1280 1753 1778 1809 conversationem
1800 1754 2054 1809 institu-‘

386 1842 539 1907 tuas,
572 1840 655 1894 ita
683 1843 878 1895 tamen
912 1844 978 1894 ut
1006 1839 1173 1895 locus
1207 1841 1361 1897 idem
1393 1842 1627 1913 proprio
1669 1842 1876 1899 abbate
1922 1861 2038 1899 non
2072 1869 2117 1933 Β

387 1930 605 1984 careat.

1020 2036 1417 2092 CCLXXXVII.

602 2125 764 2179 Bulla
793 2124 999 2181 Urbani
1029 2128 1078 2181 II
1105 2142 1212 2197 qua
1242 2128 1649 2182 Barbaslrensis
1679 2126 1827 2183 sedes

1026 2200 1397 2253 constituitur.

878 2285 1069 2355 (Circa
1100 2302 1322 2341 annum
1361 2286 1547 2357 1099.)

529 2373 795 2444 [FLOREZ,
829 2375 1042 2445 Espaﬁa
1062 2375 1333 2446 Sagrada,
1358 2380 1398 2430 t.
1431 2376 1623 2441 XLVI,
1657 2393 1713 2447 p.
1746 2377 1894 2447 245.]

456 2459 731 2517 Unnmus
760 2463 1092 2534 episcopus,
1126 2480 1329 2520 servus
1342 2481 1641 2520 servorum
1673 2465 1795 2534 Dei,
1828 2464 2037 2521 dilecto

386 2547 503 2603 ﬁlio
536 2548 766 2618 PONTIO,
800 2549 1205 2607 Barbaslrensi
1238 2551 1530 2623 episcopo.

456 2637 925 2694 Miserationibus
958 2639 1184 2694 Domini
1218 2639 1574 2712 multiplices
1604 2640 1887 2696 debemus
1912 2656 2038 2712 gra-

382 2724 599 2781 tiarum
631 2727 890 2783 actiones
920 2728 1075 2799 quod
1107 2728 1326 2784 nostris
1374 2728 1738 2801 temporibus
1781 2729 2039 2787 Ecclesia

385 2819 763 2887 propagatur,
813 2817 1235 2872 Saracenorum
1296 2817 1619 2873 dominatio
1662 2818 2033 2888 diminuitur,

384 2902 663 2975 antiquus
676 2903 1094 2976 episcOpalium
1117 2905 1347 2961 sedium
1364 2905 1568 2971 honor,
1601 2910 1911 2977 praestante
1932 2908 2039 2963 Do-

386 2990 568 3062 mino,
602 2995 984 3048 restauratur.
1007 2995 1164 3049 Inter
1194 2994 1538 3066 quasllerde
1568 2995 1731 3051 urbis
1763 2996 2037 3068 parochia

384 3080 537 3136 Petri
569 3084 904 3154 Aragonum
937 3082 1090 3155 regis
1121 3083 1317 3139 studio
1349 3083 1557 3155 majori
1590 3086 1717 3156 jam
1772 3102 1841 3140 ex
1876 3090 2037 3158 parte

383 3168 847 3227 Christianorum
893 3175 980 3227 est
1029 3172 1256 3228 reddita
1312 3174 1604 3244 potestati,
1637 3174 1792 3229 unde
1840 3178 1897 3230 et
1927 3193 2033 3231 nos

2152 589 2452 646 distractio
2484 590 2874 663 contingebat.
2900 586 3075 648 Pcrro
3097 591 3306 649 altaria
3340 609 3468 664 quae
3496 609 3600 664 per
3622 610 3681 649 x1
3702 610 3805 649 seu

2151 696 2261 733 xxx
2290 696 2476 735 annos
2497 680 2854 736 monasteria
2883 683 3293 752 possederunt,
3317 682 3471 738 sicut
3496 681 3558 737 in
3584 683 3811 753 synodo

2152 767 2540 823 constitutum
2571 772 2678 837 est,
2712 769 2963 826 immota
2992 770 3077 826 eis
3129 787 3470 843 permanere
3515 770 3815 827 volumus.

2783 877 2957 932 CCLX
2966 877 3165 933 XXIX.

2154 964 2402 1021 Urbanus
2434 962 2485 1018 11
2505 965 2789 1035 conﬁrmat
2835 969 3229 1022 monasterium
3288 968 3696 1024 Blaubeurense
3750 969 3813 1023 in

2220 1035 2436 1089 dimeesi
2463 1035 2883 1104 Constantiensi,
2916 1054 2981 1093 ac
3025 1038 3349 1095 donationes
3397 1054 3585 1095 omnes
3631 1039 3813 1095 eidem

2218 1107 2287 1160 ab
2318 1106 2574 1162 Adetaide
2596 1110 2920 1180 palmisque
2947 1112 3145 1181 factas.

2772 1198 2960 1267 (Anno
2993 1197 3176 1268 1099.)

2193 1283 2628 1355 [COCQUELINES,
2665 1286 2865 1342 bullur.
2901 1289 3050 1343 Rom.
3081 1292 3231 1359 pont.
3268 1288 3484 1345 Cotlect.
3520 1289 3589 1359 ll,
3614 1289 3762 1359 105.}

2220 1390 2495 1447 Unssxus
2525 1391 2857 1466 episcopus,
2894 1410 3096 1450 servus
3124 1411 3424 1451 servorum
3449 1395 3571 1464 Dei,
3596 1394 3811 1451 dilecto

2146 1484 2413 1545 Azeuuo,
2449 1482 2785 1537 monasterii
2818 1482 3272 1539 Blaubeurensis
3304 1484 3522 1554 abbati,
3555 1485 3804 1556 ejusque

2147 1569 2589 1625 successoribus
2633 1570 2983 1643 regulariter
3039 1572 3471 1628 substituendis
3503 1573 3560 1628 in
3606 1588 3811 1645 perpe-

2148 1661 2341 1713 tuum.

2219 1746 2381 1802 Sicut
2408 1747 2831 1804 irrationabilia
2862 1749 3240 1821 poscentibus
3273 1750 3469 1824 negari
3502 1751 3678 1807 debet
3707 1768 3804 1807 as-

2147 1852 2377 1904 sensus,
2411 1836 2497 1891 sio
2519 1837 2685 1909 justa
2716 1838 3039 1910 petentium
3055 1840 3206 1896 votis
3236 1840 3489 1913 benigna
3518 1840 3805 1896 debemus

2152 1924 2491 1981 assensione
2521 1941 2888 1982 concurrere.
2917 1928 2997 1983 Ea
3019 1933 3258 2000 propter
3276 1928 3637 1985 charissima;
3668 1928 3806 1985 ﬁlim

2150 2018 2361 2069 nostra;
2391 2014 2683 2071 Adelaidis
2724 2016 3034 2072 comitissa:
3085 2016 3373 2073 desiderio
3422 2034 3489 2073 ac
3532 2017 3803 2090 petitioni

2148 2102 2423 2159 duximus
2453 2105 2853 2160 annuendum.
2890 2104 3018 2160 Haec
3051 2105 3330 2161 nimirum
3355 2107 3427 2162 ad
3444 2104 3652 2161 limina
3668 2123 3805 2162 san-

2148 2194 2376 2247 ctorum
2403 2192 2803 2263 apostolorum
2843 2193 3102 2260 veniens,
3147 2198 3207 2250 et
3237 2199 3422 2262 tuam,
3456 2198 3514 2250 et
3566 2194 3697 2263 viri,
3749 2199 3809 2251 et

2147 2286 2204 2336 et
2231 2280 2395 2337 leviri
2426 2282 2517 2336 sui
2550 2281 2916 2338 devotionem
2949 2286 3185 2338 strenue
3201 2280 3522 2355 adimplere
3543 2283 3802 2340 curavit:

2149 2368 2620 2425 Burrhonensem
2652 2386 2908 2442 namque
2940 2369 3372 2438 ecclesiam,cui
3397 2388 3552 2428 nunc
3565 2375 3805 2428 auctore

2146 2459 2261 2515 Deo
2292 2462 2394 2514 tua
2444 2458 2777 2515 fraternitas
2807 2460 3098 2530 praesidet,
3154 2460 3339 2515 soceri
3395 2460 3487 2515 sui
3546 2461 3742 2517 studio
3770 2479 3805 2518 a

2146 2547 2544 2603 fundamentis
2575 2548 2947 2618 aediﬁcatum,
2997 2549 3322 2604 secundum
3373 2548 3637 2621 ipsorum
3668 2555 3804 2607 vota

2146 2652 2328 2707 supra
2357 2642 2797 2692 sacrosanctum
2827 2637 2888 2693 B.
2923 2637 3073 2693 Petri
3119 2636 3301 2693 altare
3347 2637 3577 2707 obtulit,
3610 2643 3667 2695 et
3696 2657 3803 2712 per

2147 2740 2387 2781 manum
2419 2730 2681 2781 nostram
2713 2726 2772 2781 in
2803 2726 3107 2799 proprium
3130 2727 3288 2783 sedis
3312 2726 3642 2799 apostolica:
3660 2728 3802 2788 allo-

2145 2814 2308 2871 dium
2340 2815 2625 2889 delegavit
2649 2832 2660 2871 :
2686 2832 2864 2888 quam
2880 2815 3147 2872 videlicet
3173 2815 3525 2873 oblationem
3549 2817 3799 2890 scripto-

2145 2921 2276 2960 rum
2308 2909 2641 2960 nostrorum
2674 2905 2839 2977 petiit
2880 2905 3223 2961 auctoritate
3270 2906 3626 2973 conﬁrmari.
3679 2906 3799 2963 Nos

2146 2994 2326 3066 igitur
2339 2994 2640 3066 praesentis
2670 2994 2882 3050 decreti
2908 2994 3256 3049 auctoritate
3272 2993 3572 3050 sancimus
3595 2999 3661 3051 ut
3675 3000 3798 3051 tam

2145 3082 2420 3154 praefatus
2448 3081 2612 3137 locus
2643 3098 2819 3153 quam
2846 3081 3114 3137 universa
3134 3082 3492 3155 quaeibidem
3522 3083 3799 3155 supradi-

2145 3175 2373 3226 ctorum
2405 3171 2687 3226 comitum
2720 3170 2952 3226 Henrici
2972 3175 3028 3227 et
3053 3170 3335 3242 Hugonis,
3362 3188 3463 3227 seu
3485 3172 3799 3243 praenomi-

381 3259 647 3330 ejusdem
662 3260 815 3333 regis
828 3236 1330 3332 postulationibus
1343 3236 1692 3333 annuentes,
1712 3263 1866 3336 apud
1890 3264 2029 3320 Bar-
2061 3236 2104 3303 C
2145 3265 2291 3315 natae
2320 3258 2939 3315 Adelaidiscomitissaa
2956 3236 3265 3331 largitione
3286 3236 3503 3315 collata
3528 3264 3687 3327 sunt,
3702 3261 3796 3317 vel

381 3347 670 3419 bastrum,
703 3349 858 3420 quod
885 3348 1245 3421 prmcipuum
1288 3351 1567 3423 oppidum
1600 3352 1795 3424 appud
1845 3350 2029 3408 Ilerde

381 3436 1034 3509 adjacet,episcopalem
1053 3439 1247 3494 sedem
1274 3455 1509 3495 manere
1539 3440 2028 3497 statuimus.0m-

382 3541 486 3580 nes
517 3524 695 3581 etiam
724 3526 988 3597 ejusdem
1018 3526 1455 3584 Barbastrensis
1482 3527 1715 3584 termini
1763 3527 1852 3584 vel
1885 3529 2030 3585 ﬁnes

380 3613 452 3668 ad
486 3611 667 3669 Ilerde
698 3614 991 3670 dimcesim
1032 3616 1389 3687 pertinentes
1433 3617 1531 3688 qui
1564 3616 1622 3672 in
1670 3617 2028 3673 Christiano-

379 3719 510 3758 rum
542 3702 765 3758 redueti
798 3708 936 3759 sunt
977 3704 1064 3760 vel
1098 3705 1318 3760 fuerint
1376 3708 1680 3778 potestate,
1742 3710 1856 3761 tua:
1899 3710 2028 3763 tuo-

380 3807 628 3864 rumque
685 3809 1095 3849 successorum
1145 3793 1514 3866 dispositioni
1559 3794 1873 3867 episcopali
1896 3796 2032 3868 jure

379 3880 686 3950 subjacere
716 3882 1087 3953 praecipimus
1119 3900 1253 3938 cum
1285 3882 1499 3955 oppido
1529 3882 1832 3955 Alquezar.
1867 3884 2029 3947 Quod

380 3972 446 4024 ut
473 3972 787 4041 perpetuus
817 3970 1662 4044 (sic)ﬁrmuminviolatumque
1674 3978 2029 4044 permaneat,

381 4056 798 4128 omnipotentis
834 4057 1037 4125 Patris,
1068 4058 1216 4129 Filii,
1249 4063 1307 4115 et
1338 4059 1589 4131 Spiritus
1619 4059 1807 4115 sancti
1830 4064 2032 4116 aucto-

382 4145 550 4202 ritate
583 4146 914 4203 firmamus.

996 4254 1427 4310 CCLXXXVIII.

385 4341 590 4399 Urbani
642 4344 867 4414 epistola
920 4343 991 4399 ad
1035 4344 1431 4417 Ingelranmtm
1476 4343 1888 4401 Laudanensem
1916 4347 2030 4417 epi-

450 4429 688 4486 scopum.
719 4447 786 4454 —
817 4417 1078 4470 Hortatur
1109 4419 1165 4469 ut
1185 4415 1453 4486 fratribus
1481 4419 1543 4470 Β.
1578 4417 1817 4485 Remigii
1855 4415 2034 4473 altare

452 4483 867 4542 Corbiniacense
897 4488 1173 4541 restituat.

1005 4575 1192 4646 (Anno
1223 4573 1407 4645 4099.)

810 4662 1042 4735 [MANSI,
1070 4664 1278 4720 Concit.
1311 4663 1422 4727 XX,
1453 4664 1605 4734 678.]

452 4769 730 4826 URBANUS
759 4770 1089 4842 episcopus,
1123 4786 1325 4825 servus
1358 4785 1657 4827 servorum
1685 4770 1809 4839 Dei,
1842 4773 2036 4830 INGEL-

382 4874 593 4925 manu,
614 4858 1283 4931 Laudunensiepiscopo,
1300 4858 1547 4916 salutem
1564 4864 1621 4916 et
1650 4861 2029 4934 apostolicam

381 4946 870 5004 benedictionem.

455 5039 680 5102 Quanto
712 5035 1059 5092 familiarius
1089 5037 1161 5092 ab
1194 5037 1451 5094 Ecclesia
1466 5038 1727 5094 Romana
1747 5037 2029 5111 diligeris,

382 5128 546 5182 tanto
577 5124 813 5181 cbarius
843 5142 991 5197 quos
1022 5126 1150 5199 ipsa
1180 5127 1372 5201 diligit
1421 5127 1609 5183 favore
1661 5128 1946 5184 debueras
1975 5132 2033 5184 et

383 5212 680 5285 amplecti.
710 5212 928 5268 Idcirco
953 5214 1024 5269 ab
1056 5214 1426 5271 infestatione
1450 5218 1695 5271 fratrum
1742 5215 1897 5272 Beati
1929 5218 2031 5271 Re-

385 5300 551 5373 migii
584 5300 918 5357 fraternitas
952 5309 1052 5358 tua
1082 5309 1288 5373 cesset,
1323 5311 1377 5361 et
1400 5304 1581 5360 altare
1613 5305 1768 5376 quod
1806 5304 1863 5359 in
1897 5304 2035 5360 villa

385 5406 513 5461 quas
557 5389 933 5446 Corbiniacus
985 5391 1198 5447 dicitur
1252 5394 1428 5450 iidem
1489 5394 1697 5449 fratres
1752 5392 2033 5450 habuisse

385 5483 726 5549 noscuntur,
759 5479 843 5537 eis
876 5482 1168 5538 restituas.
1201 5482 1424 5539 Etenim
1459 5498 1740 5555 personas
1788 5481 2029 5538 removi-

385 5585 540 5634 mus,
574 5586 688 5625 non
720 5574 915 5627 tamen
938 5571 1189 5644 antiqua:
1211 5572 1713 5643 possessionisjus
1744 5575 2035 5629 monaste-

384 5657 878 5731 riis§abstulimus.
917 5661 978 5716 In
1013 5659 1421 5733 illalsiquidem
1444 5677 1828 5732 personarum
1844 5664 2032 5719 muta-

2140 3348 2198 3402 in
2231 3348 2495 3403 futurum
2527 3348 2789 3420 ipsorum
2807 3356 2908 3402 aut
2938 3347 3187 3403 aliorum
3207 3346 3466 3403 fidelium
3480 3346 3794 3404 oblationi-

2138 3436 2252 3492 bus
2277 3436 2667 3499 conferentur,
2684 3436 2791 3491 sub
2818 3435 3148 3508 apostolicae
3180 3436 3530 3492 sedistutela
3558 3435 3795 3510 integra
3900 3434 3913 3443 ”

2140 3542 2373 3597 semper
2401 3529 2458 3581 et
2487 3524 2714 3580 illibata
2743 3529 3143 3597 permaneant,
3175 3540 3472 3580 servorum
3518 3526 3619 3581 Dei
3670 3526 3796 3582 illic

2139 3614 2477 3685 degentium
2509 3614 2716 3670 usibus
2736 3614 3090 3670 omnimodis
3112 3614 3434 3686 profutura;
3466 3613 3629 3671 salva
3642 3615 3795 3672 Con-

2141 3702 2479 3759 stantiensis
2508 3703 2762 3775 episcopi
2790 3703 3070 3759 canonica
3110 3702 3449 3759 reverentia:
3500 3708 3566 3759 ut
3593 3708 3797 3760 tamen

2140 3809 2209 3848 ex
2239 3792 2441 3848 eodem
2464 3791 2589 3848 loco
2610 3792 2788 3847 unius
2804 3791 3044 3848 bisantii
3059 3807 3271 3847 census
3302 3808 3533 3849 annuus
3562 3792 3797 3850 Latera-

2140 3881 2305 3937 nensi
2336 3880 2552 3952 palatio
2582 3880 2964 3952 persolvatur.

2211 3968 2590 4025 Decernimus
2610 3985 2747 4042 ergo
2778 3973 2843 4024 ut
2861 3968 3006 4025 nulli
3040 3968 3278 4025 omnino
3302 3968 3609 4026 hominum
3625 3970 3805 4027 liceat

2142 4057 2295 4113 idem
2326 4056 2655 4113 coenobium
2672 4062 2889 4113 temere
2903 4059 3265 4129 perturbare,
3286 4062 3390 4113 aut
3403 4058 3532 4129 ejus
3561 4074 3801 4131 posses-

2142 4147 2337 4203 siones
2367 4147 2614 4212 auferre,
2647 4146 2929 4214 minuere,
2962 4146 3051 4203 vel
3082 4146 3197 4219 piis
3215 4148 3288 4203 de
3319 4146 3658 4204 causissuis
3678 4149 3799 4205 usi-

2141 4236 2254 4292 bus
2283 4235 2592 4308 applicare.
2612 4235 2874 4292 Obeunte
2887 4239 2942 4291 te
2975 4252 3131 4291 nunc
3154 4235 3265 4292 loci
3298 4236 3528 4303 abbate,
3553 4234 3645 4293 vel
3667 4242 3799 4292 tuo-

2140 4342 2274 4381 rum
2304 4324 2564 4398 quolibet
2590 4340 3019 4393 successorum,
3042 4322 3337 4379 nullusibi
3370 4323 3633 4397 qualibet
3653 4326 3797 4381 sub-

2141 4414 2403 4487 reptione
2431 4413 2520 4469 vel
2551 4412 2828 4469 violentia
2860 4417 3251 4485 praeponatur,
3300 4412 3411 4469 nisi
3460 4429 3640 4485 quem
3673 4414 3797 4468 fra-

2138 4508 2256 4559 tres
2286 4502 2586 4559 communi
2616 4518 2929 4569 consensu,
2962 4502 3049 4558 vel
3081 4502 3326 4557 fratrum
3375 4519 3514 4574 pars
3560 4502 3795 4559 consilii

2057 4606 2107 4671 D
2137 4592 2407 4662 sanioris,
2440 4592 2761 4647 secundum
2818 4591 2914 4648 Dei
2972 4591 3238 4647 timorem
3297 4595 3444 4646 etB.
3496 4591 3797 4647 Benedicti

2140 4679 2402 4754 regulam
2434 4678 2730 4752 elegerint.
2761 4680 2820 4734 Si
2850 4680 2985 4753 quis
3011 4679 3192 4753 igitur
3214 4680 3606 4747 sacerdotum,
3626 4678 3797 4735 cleri-

2143 4785 2367 4839 corum,
2389 4768 2623 4835 ducum,
2638 4768 2920 4824 comitum
2951 4770 3034 4840 etj
3045 4768 3305 4837 udicum,
3322 4767 3412 4824 vel
3424 4767 3796 4825 saecularium

2141 4874 2545 4931 personarum,
2578 4857 2727 4913 hanc
2758 4862 2971 4914 nostrze
3027 4856 3469 4913 constitutionis
3518 4856 3797 4930 paginam

2140 4963 2486 5020 agnoscens,
2512 4951 2715 5003 contra
2744 4962 2873 5002 eam
2905 4946 3103 5003 venire
3152 4946 3480 5014 tentaverit,
3535 4945 3797 5002 secundo

2138 5036 2380 5092 tertiove
2409 5036 2827 5104 commonitus,
2855 5036 2905 5091 si
2938 5053 3052 5092 non
3086 5036 3484 5093 satisfactione
3534 5050 3798 5108 congrua

2140 5124 2554 5194 emendaverit,
2585 5126 2888 5197 potestatis
2909 5125 3267 5198 honorisque
3281 5116 3566 5198 dignitate
3578 5127 3795 5192 careat,

2141 5231 2420 5286 reumque
2449 5232 2511 5270 se
2556 5213 2735 5270 divini
2786 5214 2999 5285 judicii
3058 5215 3309 5271 existere
3336 5216 3408 5270 de
3458 5215 3796 5285 perpetrata

2140 5304 2446 5375 iniquitate
2477 5310 2810 5376 cognoscat,
2845 5309 2903 5359 et
2945 5321 2979 5359 a
3009 5304 3406 5360 sacratissimo
3459 5316 3699 5374 corpore
3727 5316 3796 5357 ac

2142 5394 2427 5466 sanguine
2458 5393 2553 5449 Dei
2593 5396 2650 5448 et
2696 5392 2929 5448 Domini
2978 5393 3383 5465 Redemptoris
3428 5389 3614 5447 nostri
3651 5388 3794 5446 Jesu

2141 5481 2355 5538 Christi
2386 5481 2612 5539 alienus
2642 5481 2761 5549 ﬁat,
2793 5485 2968 5554 atque
2998 5482 3057 5538 in
3088 5486 3346 5538 extremo
3374 5478 3643 5537 examine
3699 5476 3796 5532 di-

2141 5571 2355 5628 strictae
2387 5570 2593 5627 ultioni
2625 5571 2945 5642 subjaceat.
2964 5570 3204 5628 Cunctis
3231 5575 3426 5627 autem
3452 5568 3640 5625 eidem
3665 5566 3795 5622 loco

2136 5662 2300 5732 justa
2335 5659 2700 5718 servantibus
2731 5660 2808 5716 sit
2829 5677 2939 5732 pax
2950 5659 3179 5718 Domini
3195 5660 3380 5717 nostri
3396 5659 3534 5716 Jesu
3553 5655 3794 5725 Christi,
