3958 6426
224 422 360 495 ,β41

1419 421 1826 488 EPISTOLIE
1867 420 1969 484 ET
2009 420 2479 490 PRIVILEGIA.

3527 432 3645 496 542

248 561 538 630 quatenus
563 559 622 615 et
650 556 744 615 hic
788 557 1042 615 fructum
1085 558 1249 615 bonae
1292 558 1539 615 actionis
1569 558 1894 631 percipiant
1919 554 1978 624 Α
2005 574 2314 630 consensu,
2339 560 2427 618 vel
2459 561 2703 619 fratrum
2734 578 2870 635 pars
2901 561 3152 622 sanioris
3178 563 3406 622 consilii
3437 582 3647 625 secun-

170 714 175 725 Ι
247 652 305 703 et
331 647 486 720 apud
528 648 861 704 districtum
884 648 1146 720 judicem
1176 649 1416 721 praemia
1461 652 1686 704 aeternae
1732 647 1893 720 pacis

249 735 566 793 inveniant.

315 826 532 884 Datum
563 826 831 883 Laterani
852 844 957 900 per
980 844 1222 884 manum
1252 827 1517 895 Joannis,
1544 831 1757 883 sanctae
1789 827 1896 882 Ro-

247 931 434 971 manae
465 915 730 971 Ecclesiae
761 916 990 972 diaconi
1020 916 1354 983 cardinalis,
1377 934 1474 976 vm
1498 916 1620 973 Kal.
1645 917 1896 973 Februa—
1963 928 1967 933 ‘

245 1004 340 1073 rii,
375 1003 575 1061 indict.
609 1005 879 1078 septima,
914 1023 1066 1061 anno
1110 1006 1425 1061 Dominicae
1474 1004 1897 1062 Incarnationis

225 1093 409 1162 .1099,
441 1093 816 1166 pontiﬁcatus
846 1099 1040 1151 autem
1070 1096 1270 1152 domni
1295 1096 1507 1152 Urbani
1531 1095 1770 1152 secundi
1796 1112 1897 1167 pa-

246 1199 332 1255 pae
368 1182 678 1239 undecimo
711 1200 884 1239 anno.

975 1275 1173 1330 CCXC.

249 1362 461 1419 Urbani
487 1364 539 1417 ΙΙ
558 1377 723 1434 papae
768 1363 940 1429 bulla,
972 1380 1080 1434 qua
1123 1367 1519 1419 monasterium
1546 1366 1602 1418 S.
1638 1365 1814 1418 Blasz'i
1841 1364 1902 1416 in

498 1433 640 1489 sellis
668 1433 993 1505 apostolica!
1005 1438 1397 1507 protectionem
1437 1437 1650 1508 recipit.

652 1590 657 1593 _
879 1524 1061 1593 (Anno
1096 1524 1279 1596 1099.)

430 1611 517 1682 [Β.
552 1610 842 1680 Genesar,
876 1614 1012 1668 Hist.
1047 1616 1230 1685 Nigra:
1263 1614 1445 1682 Silvae,
1482 1615 1578 1682 Ill,
1612 1614 1725 1684 30.]

321 1718 601 1774 URBANUS
626 1718 959 1792 episcopus,
979 1737 1180 1777 servus
1207 1738 1510 1778 servorum
1531 1720 1653 1787 Dei,
1678 1736 1910 1775 venere.

242 1806 355 1863 bili
404 1805 526 1862 ﬁlio
574 1807 796 1879 Hu'rom
829 1812 961 1881 (55),
996 1811 1189 1866 abbati
1239 1810 1577 1866 monasterii
1611 1810 1668 1865 S.
1706 1807 1905 1871 Blasii,

2003 648 2144 703 dum
2168 650 2267 706 Dei
2289 651 2561 707 timorem
2585 653 2721 709 etB.
2746 653 3040 710 Benedicti
3067 655 3327 728 regulam
3349 656 3645 731 elegerint.

2003 736 2060 793 Si
2085 755 2203 811 qua
2224 739 2404 811 igitur
2426 741 2823 799 ecclesiastica
2842 742 3102 800 saeculari
3110 760 3207 800 sve
3230 762 3480 817 persona
3499 745 3651 801 hanc

2004 833 2214 883 nostrae
2247 830 2684 887 constitutionis
2724 832 2999 905 paginam
3037 833 3249 900 sciens,
3283 838 3484 890 contra
3521 850 3650 891 eam

2004 917 2200 972 venire
2233 919 2619 987 attentaverit,
2648 922 2903 977 secundo
2933 921 3172 977 tertiove
3201 924 3577 992 commonita,
3602 922 3651 979 si

2006 1021 2120 1059 non
2161 1005 2557 1063 satisfactione
2605 1024 2863 1081 congrua
2903 1011 3314 1078 emendaverit,
3349 1011 3653 1084 potestatis

2006 1093 2360 1167 honorisque
2390 1095 2482 1152 sui
2502 1096 2787 1169 dignitate
2817 1103 3028 1168 careat,
3060 1116 3339 1172 reamque
3369 1117 3431 1156 se
3458 1100 3653 1157 divino

1990 1183 2225 1255 judicio
2258 1185 2328 1240 de
2359 1190 2690 1258 perpetrata
2717 1187 3027 1259 iniquitate
3057 1192 3388 1260 cognoscat,
3412 1193 3469 1244 et
3499 1207 3533 1245 a
3561 1207 3655 1246 sa-

2008 1272 2338 1328 cratissimo
2369 1291 2609 1346 corpore
2651 1281 2710 1331 et
2752 1277 3036 1349 sanguine
3065 1278 3166 1333 Dei
3199 1282 3256 1334 et
3285 1278 3515 1334 Domini
3545 1280 3655 1335 Re-

2009 1362 2331 1433 demptoris
2373 1363 2555 1418 nostri
2584 1368 2724 1421 Jesu
2755 1364 2969 1421 Christi
3013 1365 3200 1422 aliena
3250 1368 3368 1433 ﬁat,
3394 1372 3567 1439 atque
3597 1369 3657 1423 in

2011 1454 2268 1505 extremo
2282 1451 2546 1507 examine
2557 1453 2833 1508 districta:
2847 1453 3056 1509 ultioni
3070 1456 3202 1525 subj
3209 1460 3386 1511 aceat.
3421 1456 3657 1511 Cunctis

2011 1541 2207 1593 autem
2229 1538 2415 1594 eidem
2447 1538 2572 1596 loco
2594 1541 2759 1612 justa
2788 1543 3155 1598 servantibus
3182 1542 3260 1599 sit
3288 1561 3399 1615 pax
3429 1544 3659 1600 Demini

2015 1626 2199 1681 nostri
2227 1631 2366 1684 Jesu
2399 1628 2632 1695 Christi,
2657 1634 2944 1702 quatenus
2983 1635 3039 1687 et
3082 1631 3176 1687 hic
3207 1632 3461 1688 fructum
3493 1633 3658 1689 bonae

2015 1715 2262 1772 actionis
2319 1718 2661 1789 percipiant,
2695 1723 2752 1774 et
2808 1720 2961 1791 apud
3019 1720 3355 1776 districtum
3402 1721 3659 1791 judicem

2018 1805 2256 1874 praemia
2286 1810 2511 1861 aeterna
2542 1807 2703 1879 pacis
2732 1807 3047 1864 inveniant.
3077 1810 3282 1878 Amen,
3318 1827 3506 1865 amen.

241 1896 410 1968 quod
442 1902 533 1953 est
559 1895 739 1953 situm
771 1898 830 1953 in
861 1899 1039 1971 Nigra
1069 1900 1256 1967 Silva,
1281 1901 1527 1970 ejusque
1556 1897 1907 1954 succcssori-
1940 1926 1989 1991 Β
2091 1894 2383 1965 Scriptum
2418 1913 2518 1966 per
2550 1911 2790 1951 manum
2822 1897 2996 1965 Petri,
3030 1898 3237 1955 notarii
3268 1900 3578 1972 regionarii
3606 1904 3664 1956 et

244 1986 366 2043 bus
398 1985 745 2059 regulariter
770 1989 1182 2059 promovendis
1214 1989 1271 2044 in
1306 1992 1673 2061 perpetuum.

322 2074 434 2130 Bia:
451 2074 769 2147 postulatio
783 2076 1100 2134 voluntatis
1117 2078 1321 2134 eﬁ‘ectu
1336 2079 1508 2133 debet
1526 2080 1912 2149 prosequente

242 2162 862 2236 compleri,quatenus
884 2169 942 2222 et
961 2166 1283 2222 devotionis
1306 2166 1612 2222 sinceritas
1641 2165 1907 2222 laudabi-

244 2252 390 2309 liter
408 2256 653 2321 crescat,
669 2260 726 2311 et
755 2253 980 2310 utilitas
1011 2255 1305 2328 postulata
1332 2256 1483 2311 vires
1511 2255 1913 2311 indubitanter

239 2345 538 2399 assumat.
556 2342 706 2406 Quia
726 2342 907 2414 igitur
928 2343 1160 2400 dilectio
1182 2348 1281 2400 tua
1305 2346 1377 2400 ad
1400 2343 1556 2401 sedis
1580 2343 1908 2417 apostolicae

238 2428 593 2504 praesidium
618 2432 964 2505 confugiens
992 2434 1120 2504 ejus
1144 2433 1453 2489 tuitionem
1485 2433 1786 2489 devotione
1815 2433 1911 2488 de-

242 2520 376 2576 bita
409 2519 735 2591 requisivit,
759 2536 868 2575 nos
891 2521 1303 2594 supplicationi
1334 2527 1446 2577 tuae
1467 2521 1782 2578 clementer
1812 2538 1911 2576 an-

240 2609 516 2675 nuimus,
539 2612 597 2664 et
625 2610 1051 2666 monasterium
1082 2611 1175 2666 cui
1206 2613 1315 2666 Deo
1347 2616 1582 2666 auctore
1611 2610 1907 2682 prmsides,

220 2713 391 2755 -cum
424 2696 705 2752 omnibus
736 2699 808 2752 ad
841 2714 973 2754 eum
998 2700 1425 2770 pertinentibus
1446 2700 1555 2755 sub
1577 2699 1760 2754 tutela
1777 2715 1912 2770 apo-

243 2784 471 2842 stolicae
504 2785 661 2842 sedis
690 2786 1033 2858 excipimus.
1062 2788 1168 2843 Per
1198 2789 1502 2860 praesentis
1530 2788 1712 2861 igitur
1741 2787 1914 2861 privi-

239 2873 388 2947 legii
422 2874 703 2947 paginam
754 2876 1077 2948 apostolica
1107 2876 1452 2933 auctoritate
1501 2877 1817 2932 statuimus
1849 2880 1912 2931 ut

240 2978 620 3035 quaecunque
649 2962 820 3020 hodie
849 2964 1004 3020 idem
1029 2965 1359 3021 coenobium
1391 2966 1674 3037 possidet,
1700 2966 1820 3020 sive
1853 2964 1910 3020 in

241 3052 519 3108 futurum
540 3053 914 3109 concessione
936 3054 1306 3125 pontiﬁcum,
1326 3054 1674 3111 liberalitate
1696 3054 1909 3126 princi-

241 3156 396 3214 pum
424 3140 516 3196 vel
547 3139 841 3197 oblatione
864 3142 1123 3197 ﬁdelium
1152 3143 1302 3213 iuste
1326 3148 1381 3198 et
1402 3143 1677 3199 canonice
1700 3144 1913 3215 poterit

238 3228 520 3302 adipisci,
546 3229 715 3285 ﬁrma
734 3230 840 3286 tibi
870 3231 1106 3303 tuisque
1129 3232 1569 3288 successoribus
1599 3237 1657 3287 et
1687 3231 1910 3287 illibata

243 3322 659 3392 permaneant.

325 3406 702 3463 Decernimus
723 3425 859 3481 ergo
885 3413 948 3464 ut
969 3408 1116 3465 nulli
1149 3411 1389 3465 omnino
1408 3411 1717 3466 hominum
1737 3410 1907 3466 liceat

240 3497 409 3554 idem
441 3497 865 3553 monasterium
887 3502 1105 3555 temere
1125 3501 1484 3572 perturbare,
1510 3504 1611 3555 aut
1630 3500 1758 3571 ejus
1779 3516 1907 3572 pos-

240 3586 549 3644 sessiones
587 3587 834 3655 auferre,
868 3587 954 3644 vel
1014 3589 1240 3645 oblatas
1297 3590 1563 3656 retinere,
1618 3589 1904 3656 minuere,

242 3675 341 3732 vel
370 3675 699 3732 temerariis
728 3677 1133 3734 vexationibus
1147 3678 1422 3751 fatigare;
1458 3678 1559 3733 sed
1592 3678 1789 3733 omnia
1817 3677 1906 3733 in-

245 3770 422 3836 tegra
442 3769 859 3820 conserventur
875 3783 1076 3822 eorum
1100 3783 1202 3839 pro
1220 3784 1469 3838 quorum
1487 3766 1911 3822 sustentatione

241 3859 311 3915 et
341 3853 767 3926 gubernatione
804 3871 1081 3912 concessa
1123 3861 1283 3922 sunt,
1316 3856 1523 3912 usibus
1554 3854 1911 3911 omnimodis

243 3941 1065 4015 profutura.Consecrationes
1088 3945 1361 4000 altarium
1376 3946 1494 4001 sive
1512 3944 1910 4011 basilicarum,

245 4031 655 4088 ordinationes
709 4034 1154 4103 monachorum,
1207 4034 1483 4104 chrisma,
1535 4035 1726 4090 oleum
1778 4050 1913 4089 san-

255 4125 446 4186 ctum,
472 4124 530 4176 et
558 4125 764 4177 caetera
792 4123 863 4177 ad
897 4121 1224 4195 episcopale
1254 4123 1512 4179 ofﬁcium
1544 4122 1912 4195 pertinentia,

253 4210 333 4265 ab
362 4209 638 4281 episcopo
677 4211 1130 4279 Constantiensi,
1164 4212 1225 4267 in
1271 4214 1440 4283 cujus
1472 4212 1706 4267 dioecesi
1751 4212 1914 4280 estis,

253 4296 585 4369 accipietis,
621 4298 671 4354 si
698 4303 893 4356 tamen
943 4300 1263 4356 catholicus
1308 4302 1436 4370 erit,
1472 4306 1526 4358 et
1573 4301 1821 4374 gratiam
1853 4317 1919 4356 ac

254 4386 744 4444 communionem
769 4388 1096 4460 apostolica":
1121 4388 1277 4445 sedis
1308 4389 1600 4457 habuerit,
1616 4394 1674 4445 et
1701 4407 1767 4444 ea
1791 4406 1919 4460 gra-

253 4474 341 4532 tis
361 4479 421 4531 et
451 4474 581 4531 sine
606 4476 886 4549 pravitate
910 4476 1251 4550 impendere
1271 4478 1517 4534 voluerit
1540 4496 1552 4548 ;
1578 4478 1722 4534 alias
1751 4477 1923 4532 liceat

252 4564 430 4622 vobis
459 4581 635 4637 quem
681 4565 982 4623 volueritis
1031 4568 1191 4623 adire
1249 4567 1593 4632 antistitem,
1627 4574 1683 4623 et
1730 4568 1802 4622 ab
1853 4583 1919 4621 eo

2019 1981 2309 2037 scriniarii
2337 1983 2487 2038 sacri
2520 1984 2738 2056 palatii.

2090 2070 2303 2127 Datum
2338 2073 2603 2129 Laterani
2638 2091 2740 2147 per
2769 2091 3009 2132 manum
3029 2076 3292 2145 Joannis,
3317 2083 3530 2134 sanctae.
3552 2078 3666 2134 Ro-

2021 2177 2211 2216 manae
2239 2161 2502 2217 Ecclesiae
2534 2163 2764 2220 diaconi
2797 2165 3233 2235 cardinalis,vn
3270 2166 3398 2222 Kal.
3428 2166 3662 2239 Aprilis,

2020 2248 2339 2305 indictione
2369 2268 2467 2317 v11,
2503 2269 2654 2308 anno
2684 2254 2996 2310 Dominicae
3040 2254 3463 2312 incarnationis
3506 2255 3663 2322 1099,

2022 2338 2399 2409 pontiﬁcatus
2430 2345 2623 2395 autem
2655 2343 2855 2398 domni
2886 2343 3103 2399 Urbani
3134 2344 3182 2400 Il
3214 2361 3374 2417 papa;
3406 2362 3505 2400 xu.

2114 2534 2276 2588 Bulla
2304 2536 2513 2590 Urbani
2540 2538 2591 2592 II
2611 2553 2710 2608 pro
2738 2540 3067 2594 monasterio
3096 2537 3284 2594 Sancti
3307 2539 3598 2595 Saturnini

2551 2611 2611 2663 in
2642 2626 2781 2680 pago
2815 2611 3129 2681 Urgellensi.

2641 2698 2828 2769 (Anno
2862 2699 3041 2769 1099.)

2289 2784 2537 2855 [ΜΑΒοΑ,
2570 2787 2749 2841 Marce
2779 2789 3097 2858 Hispaniae,
3124 2804 3181 2858 p.
3216 2784 3421 2858 1208.}
3521 2808 3527 2813 '

2091 2870 2367 2928 Unsmvus
2397 2875 2725 2947 episcopus.
2748 2892 2949 2931 servus
2985 2892 3285 2931 servorum
3316 2875 3434 2945 Dei,
3458 2874 3666 2932 dilecto

2022 2960 2140 3016 ﬁlio
2168 2962 2372 3029 Pereo,
2389 2963 2582 3019 abbati
2606 2963 2944 3020 monasterii
2966 2964 3162 3019 Sancti
3185 2964 3667 3037 Sa‘turnini,quod

2021 3052 2207 3119 situm,
2236 3058 2324 3108 est
2353 3069 2531 3124 prope
2561 3070 2795 3109 amnem
2827 3053 3060 3108 Valeriae
3094 3055 3151 3108 in
3185 3052 3457 3124 parochia
3478 3052 3672 3126 Urgel-

2019 3139 2189 3209 lensi,
2217 3142 2461 3214 ejusque
2493 3141 2930 3198 successoribus
2962 3142 3305 3215 regulariter
3334 3158 3674 3215 promoven-

2023 3228 2114 3284 dis
2146 3229 2203 3284 in
2236 3236 2604 3302 perpetuum.

2094 3318 2204 3373 Piaz
2248 3319 2562 3390 postulatio
2611 3320 2932 3376 voluntatis
2984 3321 3191 3376 effectu
3250 3321 3420 3376 debet
3476 3336 3671 3393 prose-

2020 3412 2235 3478 quente
2267 3407 2567 3481 compleri,
2602 3415 2895 3481 quatenus
2927 3415 2984 3465 et
3013 3408 3336 3465 devotionis
3368 3408 3674 3465 sinceritas

2014 3494 2387 3552 laudabiliter
2417 3498 2722 3566 enitescat,
2753 3502 2810 3552 et
2838 3496 3061 3553 utilitas
3093 3498 3386 3570 postulata
3419 3498 3570 3554 vires
3592 3497 3675 3552 in-

2017 3584 2352 3639 dubitanter
2366 3591 2650 3642 assumat.
2668 3586 2912 3641 Proinde
2930 3603 3034 3641 nos
3049 3585 3429 3658 postulationi
3447 3590 3559 3641 tuae
3573 3603 3674 3658 pa-

2017 3679 2190 3729 ternae
2216 3674 2591 3746 benignitatis
2615 3675 3121 3731 accommodantes
3169 3690 3497 3742 assensum,
3518 3674 3673 3729 beati

2018 3763 2318 3819 Saturnini
2351 3764 2682 3820 venerabile
2707 3764 3155 3829 monasterium,
3178 3763 3270 3818 cui
3303 3766 3537 3819 auctore
3557 3763 3673 3819 Deo

2020 3852 2318 3923 praesides,
2344 3853 2453 3909 sub
2478 3852 2807 3925 apostolicae
2831 3852 2987 3909 sedis
3009 3851 3193 3908 tutela
3219 3850 3597 3924 suscipimus,
3618 3854 3675 3907 et

2021 3940 2080 3995 in
2110 3957 2178 3996 ea
2216 3958 2448 4013 semper
2491 3942 2757 3998 libertate
2807 3958 3043 3997 manere
3092 3939 3462 3996 decernimus
3494 3956 3673 4012 quam

2023 4029 2266 4102 egregie
2316 4030 2608 4086 memoriae
2654 4030 2893 4087 Carolus
2943 4030 3263 4102 imperator
3312 4028 3587 4101 instituit,
3619 4033 3678 4085 et

2027 4120 2160 4185 Leo,
2184 4120 2530 4177 venerabilis
2578 4124 2790 4176 saneta:
2832 4119 2988 4175 sedis
3019 4118 3348 4191 apostolicae
3397 4117 3675 4191 pontifex,

2027 4207 2313 4281 privilegii
2336 4210 2635 4266 sanctione
2656 4210 2931 4276 ﬁrmavit,
2947 4215 3002 4265 et
3022 4206 3404 4281 provinciales
3421 4206 3677 4279 episcopi

2028 4298 2379 4370 scriptorum
2413 4300 2837 4357 assertionibus
2859 4304 3303 4365 consenserunt,
3323 4303 3388 4352 ut
3410 4297 3679 4353 videlicet

2029 4388 2142 4443 sub
2165 4389 2301 4457 jure
2331 4405 2563 4461 semper
2587 4395 2645 4445 et
2673 4390 3025 4462 proprietate
3055 4387 3213 4443 sedis
3245 4384 3575 4459 apostolica:
3603 4384 3681 4441 lo-

2029 4492 2134 4532 cus
2165 4477 2290 4548 ipse
2310 4482 2590 4546 servetur,
2619 4478 2781 4533 nulla
2816 4495 2993 4550 super
3021 4494 3155 4532 cum
3175 4475 3400 4531 laicalis
3432 4491 3681 4548 persona

2031 4565 2396 4621 dominatum
2421 4570 2700 4632 exerceat,
2725 4567 2823 4622 sed
2857 4567 3073 4638 placita
3093 4565 3292 4620 omnia
3318 4563 3435 4619 sive
3464 4562 3683 4634 judicia

247 4653 768 4711 consecrationum
789 4662 1158 4712 sacramenta
1179 4657 1498 4729 suscipere,
1513 4657 1600 4713 vel
1622 4657 1695 4712 ad
1717 4658 1914 4712 sedem
1948 4658 1995 4724 Ι)
2026 4658 2082 4709 et
2111 4654 2505 4712 districtiones
2525 4656 2789 4711 omnium
2820 4655 3009 4710 eidem
3042 4654 3101 4708 in
3128 4651 3482 4708 monasterio
3513 4651 3684 4724 perti-

246 4740 644 4815 apostolicam
667 4759 983 4813 recurrere,
1000 4745 1101 4816 qui
1121 4744 1304 4801 fultus
1327 4745 1669 4801 auctoritate
1689 4748 1917 4816 aposto-

246 4830 374 4887 lica
402 4830 530 4888 sine
561 4832 947 4907 ambiguitate
994 4834 1288 4907 postulata
1327 4836 1622 4891 concedat.
1647 4835 1797 4890 Sane
1826 4851 1917 4889 sc—

248 4920 566 4994 pulturam
587 4922 851 4993 ejusdem
883 4922 992 4979 loci
1020 4925 1259 4980 omnino
1289 4924 1534 4980 liberam
1567 4940 1696 4980 esse
1723 4924 1919 4979 decer-

249 5009 486 5076 nimus,
518 5013 585 5066 ut
620 5026 823 5067 eorum
874 5013 972 5085 qui
1023 5013 1142 5069 illic
1191 5012 1423 5086 sepeliri
1475 5012 1922 5069 deliberaverint

252 5099 558 5156 devotioni
589 5103 645 5156 et
673 5106 943 5158 extremas
990 5102 1301 5171 voluntati,
1333 5102 1445 5157 nisi
1494 5102 1639 5158 forte
1690 5118 1917 5158 excom-

252 5187 553 5245 municati
574 5187 715 5256 sint,
730 5205 901 5246 nemo
919 5190 1184 5248 obsistat.
1201 5192 1401 5247 Laicos
1418 5191 1539 5248 sive
1561 5190 1800 5247 clericos
1823 5208 1922 5246 sae-

251 5276 496 5333 culares
526 5277 600 5334 ad
630 5280 1070 5336 conversionem
1093 5281 1390 5353 suscipere
1418 5278 1640 5334 nullius
1661 5278 1917 5350 episcopi

246 5354 351 5421 vel
380 5366 678 5439 praepositi
710 5368 1093 5425 contradictio
1122 5387 1220 5426 vos
1260 5369 1542 5424 inhibeat.
1576 5368 1835 5423 Obeunte
1867 5374 1921 5423 te

250 5470 424 5510 nunc
443 5455 712 5526 ejusdem
742 5455 853 5512 loci
879 5457 1212 5525 abbate,vel
1244 5461 1480 5514 tuorum
1502 5454 1762 5529 quolibet
1786 5472 1919 5511 suc-

248 5543 795 5611 cessorum,nullus
812 5546 893 5602 ibi
906 5546 1167 5619 qualibet
1177 5565 1243 5603 su
1253 5545 1573 5620 breptionis
1590 5544 1918 5602 astutiaseu

248 5630 543 5688 violentia
590 5638 980 5706 praeponatur,
1012 5635 1126 5691 nisi
1158 5653 1332 5708 quem
1365 5636 1573 5691 fratres
1622 5634 1918 5689 communi

2026 4742 2293 4799 nentium
2341 4745 2399 4799 in
2451 4743 2679 4800 abbatis
2710 4747 2995 4816 potestate
3026 4742 3364 4814 persistant,
3398 4757 3504 4796 nec
3533 4741 3683 4797 dioe-

2029 4849 2240 4888 cesano
2271 4833 2542 4906 episcopo
2573 4834 2745 4888 liceat
2784 4833 3042 4905 aliquam
3086 4831 3274 4886 eidem
3325 4829 3682 4886 monasterio

2030 4923 2692 4979 excommunicationem
2745 4922 2977 4989 inferre,
3010 4937 3115 4976 nec
3155 4917 3484 4974 molestiam
3533 4917 3679 4974 irro-

2031 5028 2188 5084 gare,
2224 5012 2325 5067 sed
2368 5028 2729 5084 quaecunque
2777 5010 2836 5065 in
2884 5008 3326 5083 praesentiarum
3376 5007 3573 5080 quiete
3623 5007 3682 5062 in

2031 5099 2368 5155 authentica
2395 5101 2761 5171 possessione
2790 5099 3090 5173 possidere
3111 5095 3501 5170 cognoscitur,
3526 5112 3683 5168 quae-

2031 5205 2263 5260 cunque
2294 5190 2351 5244 in
2386 5190 2651 5245 futurum
2677 5188 3048 5245 concessione
3080 5185 3445 5259 pontiﬁcum.
3468 5183 3684 5241 libera-

2032 5276 2192 5334 litate
2223 5277 2683 5350 principum,vel
2706 5278 2998 5333 oblatione
3031 5274 3292 5331 ﬁdelium
3317 5275 3479 5346 juste
3509 5279 3685 5346 atque

2031 5366 2310 5423 canonice
2340 5368 2547 5439 poterit
2573 5367 2840 5439 adipisci,
2861 5369 3032 5421 ﬁrma
3061 5365 3167 5420 tibi
3202 5364 3437 5435 tuisque
3462 5379 3687 5419 succes-

2031 5456 2264 5512 scribus
2294 5463 2350 5512 et
2388 5456 2612 5512 illibata
2658 5460 3059 5529 permaneant,
3090 5470 3159 5510 ea
3206 5452 3527 5526 praesertim
3556 5469 3682 5524 quae

2029 5545 2375 5601 venerabilis
2395 5546 2687 5602 memoriae
2719 5544 3093 5600 Erimbaldus
3123 5542 3479 5616 Urgellensis
3503 5544 3559 5595 et
3579 5542 3682 5595 Ar-

2028 5635 2229 5691 nulfus
2252 5635 2693 5707 ltipacorcensis
2722 5635 3031 5707 episcOpus
3063 5632 3122 5687 in
3146 5630 3507 5688 dedicatione
3529 5631 3578 5699 ej
3590 5646 3683 5685 us-

341 5730 455 5801 (55)
486 5731 589 5791 Est
618 5731 714 5790 hic
744 5732 887 5804 Udo,
922 5749 1031 5790 seu-
1062 5737 1202 5805 Utta,
1237 5739 1482 5806 quartus
1514 5735 1570 5792 S.
1608 5732 1780 5791 Blasii
1809 5734 2012 5808 abbas,
2037 5733 2335 5792 Gisilberti
2368 5750 2462 5790 an.
2502 5734 2639 5790 1088
2667 5749 2971 5791 successor
3000 5748 3188 5804 usque
3218 5729 3289 5787 ad
3321 5745 3412 5786 an.
3453 5728 3608 5784 1108.
