  <div class='ocr_page' id='page_1' title='image "/cluster/home/n/w/nwhite01/storage/ocr_20150623/151/umn.31951002477444s/345.png"; bbox 0 0 3958 6394; ppageno 0'>
   <div class='ocr_carea' id='block_1_1' title="bbox 328 374 451 445">
    <p class='ocr_par' dir='ltr' id='par_1_1' title="bbox 328 374 451 445">
     <span class='ocr_line' id='line_1_1' title="bbox 328 374 451 445; baseline 0 -2"><span class='ocrx_word' id='word_1_1' title='bbox 328 374 451 445; x_wconf 66' lang='grc'>848</span> 
     </span>
    </p>
   </div>
   <div class='ocr_carea' id='block_1_2' title="bbox 1620 373 2430 446">
    <p class='ocr_par' dir='ltr' id='par_1_2' title="bbox 1620 373 2430 446">
     <span class='ocr_line' id='line_1_2' title="bbox 1620 373 2430 446; baseline -0.004 -2"><span class='ocrx_word' id='word_1_2' title='bbox 1620 378 1701 444; x_wconf 77' lang='grc' dir='ltr'>Β.</span> <span class='ocrx_word' id='word_1_3' title='bbox 1744 376 2040 446; x_wconf 72' lang='lat' dir='ltr'><strong>URBANI</strong></span> <span class='ocrx_word' id='word_1_4' title='bbox 2081 377 2139 443; x_wconf 87' lang='lat' dir='ltr'>II</span> <span class='ocrx_word' id='word_1_5' title='bbox 2178 373 2430 444; x_wconf 64' lang='lat' dir='ltr'>PAPJE.</span> 
     </span>
    </p>
   </div>
   <div class='ocr_carea' id='block_1_3' title="bbox 3615 370 3743 443">
    <p class='ocr_par' dir='ltr' id='par_1_3' title="bbox 3615 370 3743 443">
     <span class='ocr_line' id='line_1_3' title="bbox 3615 370 3743 443; baseline 0.047 -6"><span class='ocrx_word' id='word_1_6' title='bbox 3615 370 3743 443; x_wconf 70' lang='grc'>844</span> 
     </span>
    </p>
   </div>
   <div class='ocr_carea' id='block_1_4' title="bbox 328 508 3739 587">
    <p class='ocr_par' dir='ltr' id='par_1_4' title="bbox 328 508 3739 587">
     <span class='ocr_line' id='line_1_4' title="bbox 328 508 3739 587; baseline -0.001 -18"><span class='ocrx_word' id='word_1_7' title='bbox 328 512 463 569; x_wconf 86' lang='lat' dir='ltr'>dem</span> <span class='ocrx_word' id='word_1_8' title='bbox 480 510 819 569; x_wconf 75' lang='lat' dir='ltr'>monasterii</span> <span class='ocrx_word' id='word_1_9' title='bbox 838 509 1153 572; x_wconf 74' lang='lat' dir='ltr'>tradidisse</span> <span class='ocrx_word' id='word_1_10' title='bbox 1169 516 1225 570; x_wconf 85' lang='lat' dir='ltr'>et</span> <span class='ocrx_word' id='word_1_11' title='bbox 1240 512 1601 573; x_wconf 76' lang='lat' dir='ltr'>concessisse</span> <span class='ocrx_word' id='word_1_12' title='bbox 1618 512 1896 587; x_wconf 87' lang='lat' dir='ltr'>leguntur</span> <span class='ocrx_word' id='word_1_13' title='bbox 1914 512 1976 570; x_wconf 89' lang='lat' dir='ltr'>in</span> <span class='ocrx_word' id='word_1_14' title='bbox 2004 517 2060 585; x_wconf 68' lang='grc' dir='ltr'><strong>Α</strong></span> <span class='ocrx_word' id='word_1_15' title='bbox 2089 509 2529 585; x_wconf 83' lang='lat' dir='ltr'>nibus,quantis</span> <span class='ocrx_word' id='word_1_16' title='bbox 2550 508 2992 584; x_wconf 83' lang='lat' dir='ltr'>clamoribus,et</span> <span class='ocrx_word' id='word_1_17' title='bbox 3008 512 3208 568; x_wconf 85' lang='lat' dir='ltr'>nostro</span> <span class='ocrx_word' id='word_1_18' title='bbox 3223 512 3283 568; x_wconf 90' lang='lat' dir='ltr'>et</span> <span class='ocrx_word' id='word_1_19' title='bbox 3300 511 3739 568; x_wconf 83' lang='lat' dir='ltr'>antecessorum</span> 
     </span>
    </p>
   </div>
   <div class='ocr_carea' id='block_1_5' title="bbox 327 600 1972 675">
    <p class='ocr_par' dir='ltr' id='par_1_5' title="bbox 327 600 1972 675">
     <span class='ocr_line' id='line_1_5' title="bbox 327 600 1972 675; baseline 0.001 -19"><span class='ocrx_word' id='word_1_20' title='bbox 327 600 608 669; x_wconf 82' lang='lat' dir='ltr'>ecclesiis,</span> <span class='ocrx_word' id='word_1_21' title='bbox 632 601 1009 658; x_wconf 80' lang='lat' dir='ltr'>ecclesiarum</span> <span class='ocrx_word' id='word_1_22' title='bbox 1035 602 1300 670; x_wconf 80' lang='lat' dir='ltr'>decimis,</span> <span class='ocrx_word' id='word_1_23' title='bbox 1332 603 1613 675; x_wconf 89' lang='lat' dir='ltr'>primitiis</span> <span class='ocrx_word' id='word_1_24' title='bbox 1641 607 1700 660; x_wconf 91' lang='lat' dir='ltr'>et</span> <span class='ocrx_word' id='word_1_25' title='bbox 1727 602 1972 659; x_wconf 86' lang='lat' dir='ltr'>oblatio-</span> 
     </span>
    </p>
   </div>
   <div class='ocr_carea' id='block_1_6' title="bbox 327 689 1972 765">
    <p class='ocr_par' dir='ltr' id='par_1_6' title="bbox 327 689 1972 765">
     <span class='ocr_line' id='line_1_6' title="bbox 327 689 1972 765; baseline 0.001 -19"><span class='ocrx_word' id='word_1_26' title='bbox 327 689 507 748; x_wconf 82' lang='lat' dir='ltr'>nibus</span> <span class='ocrx_word' id='word_1_27' title='bbox 535 690 653 747; x_wconf 85' lang='lat' dir='ltr'>sive</span> <span class='ocrx_word' id='word_1_28' title='bbox 696 691 1035 747; x_wconf 71' lang='lat' dir='ltr'>cmmeteriis</span> <span class='ocrx_word' id='word_1_29' title='bbox 1084 708 1186 765; x_wconf 91' lang='lat' dir='ltr'>per</span> <span class='ocrx_word' id='word_1_30' title='bbox 1232 691 1624 765; x_wconf 86' lang='lat' dir='ltr'>Urgelleusem</span> <span class='ocrx_word' id='word_1_31' title='bbox 1658 692 1776 747; x_wconf 88' lang='lat' dir='ltr'>sive</span> <span class='ocrx_word' id='word_1_32' title='bbox 1802 692 1972 762; x_wconf 83' lang='lat' dir='ltr'>Ripa-</span> 
     </span>
    </p>
   </div>
   <div class='ocr_carea' id='block_1_7' title="bbox 326 778 1972 855">
    <p class='ocr_par' dir='ltr' id='par_1_7' title="bbox 326 778 1972 855">
     <span class='ocr_line' id='line_1_7' title="bbox 326 778 1972 855; baseline 0 -20"><span class='ocrx_word' id='word_1_33' title='bbox 326 794 659 835; x_wconf 88' lang='lat' dir='ltr'>corcensem</span> <span class='ocrx_word' id='word_1_34' title='bbox 686 778 1044 851; x_wconf 88' lang='lat' dir='ltr'>parochiam,</span> <span class='ocrx_word' id='word_1_35' title='bbox 1072 796 1171 852; x_wconf 87' lang='lat' dir='ltr'>per</span> <span class='ocrx_word' id='word_1_36' title='bbox 1191 781 1554 851; x_wconf 87' lang='lat' dir='ltr'>Cerdaniam,</span> <span class='ocrx_word' id='word_1_37' title='bbox 1573 781 1972 855; x_wconf 87' lang='lat' dir='ltr'>Bergitanum,</span> 
     </span>
    </p>
   </div>
   <div class='ocr_carea' id='block_1_8' title="bbox 328 868 1976 942">
    <p class='ocr_par' dir='ltr' id='par_1_8' title="bbox 328 868 1976 942">
     <span class='ocr_line' id='line_1_8' title="bbox 328 868 1976 942; baseline 0.002 -22"><span class='ocrx_word' id='word_1_38' title='bbox 328 868 447 929; x_wconf 78' lang='lat' dir='ltr'>sive</span> <span class='ocrx_word' id='word_1_39' title='bbox 495 868 808 935; x_wconf 84' lang='lat' dir='ltr'>Paliarum,</span> <span class='ocrx_word' id='word_1_40' title='bbox 851 868 1155 925; x_wconf 88' lang='lat' dir='ltr'>ecclesiam</span> <span class='ocrx_word' id='word_1_41' title='bbox 1206 886 1436 942; x_wconf 90' lang='lat' dir='ltr'>quoque</span> <span class='ocrx_word' id='word_1_42' title='bbox 1483 870 1676 926; x_wconf 81' lang='lat' dir='ltr'>Sancti</span> <span class='ocrx_word' id='word_1_43' title='bbox 1722 870 1875 925; x_wconf 86' lang='lat' dir='ltr'>Petri</span> <span class='ocrx_word' id='word_1_44' title='bbox 1904 869 1976 924; x_wconf 89' lang='lat' dir='ltr'>de</span> 
     </span>
    </p>
   </div>
   <div class='ocr_carea' id='block_1_9' title="bbox 324 956 1974 1032">
    <p class='ocr_par' dir='ltr' id='par_1_9' title="bbox 324 956 1974 1032">
     <span class='ocr_line' id='line_1_9' title="bbox 324 956 1974 1032; baseline 0.002 -23"><span class='ocrx_word' id='word_1_45' title='bbox 324 956 620 1026; x_wconf 87' lang='lat' dir='ltr'>Villanita,</span> <span class='ocrx_word' id='word_1_46' title='bbox 645 958 799 1028; x_wconf 89' lang='lat' dir='ltr'>apud</span> <span class='ocrx_word' id='word_1_47' title='bbox 832 974 1007 1029; x_wconf 88' lang='lat' dir='ltr'>quam</span> <span class='ocrx_word' id='word_1_48' title='bbox 1039 962 1259 1014; x_wconf 90' lang='lat' dir='ltr'>statum</span> <span class='ocrx_word' id='word_1_49' title='bbox 1291 958 1610 1032; x_wconf 69' lang='lat' dir='ltr'>disciplina:</span> <span class='ocrx_word' id='word_1_50' title='bbox 1643 958 1974 1015; x_wconf 64' lang='lat' dir='ltr'>monasticae</span> 
     </span>
    </p>
   </div>
   <div class='ocr_carea' id='block_1_10' title="bbox 325 1044 1977 1120">
    <p class='ocr_par' dir='ltr' id='par_1_10' title="bbox 325 1044 1977 1120">
     <span class='ocr_line' id='line_1_10' title="bbox 325 1044 1977 1120; baseline -0.004 -13"><span class='ocrx_word' id='word_1_51' title='bbox 325 1044 711 1114; x_wconf 80' lang='lat' dir='ltr'>reformastis,</span> <span class='ocrx_word' id='word_1_52' title='bbox 752 1047 920 1117; x_wconf 85' lang='lat' dir='ltr'>cujus</span> <span class='ocrx_word' id='word_1_53' title='bbox 971 1045 1208 1102; x_wconf 77' lang='lat' dir='ltr'>castello</span> <span class='ocrx_word' id='word_1_54' title='bbox 1259 1064 1367 1103; x_wconf 90' lang='lat' dir='ltr'>suo</span> <span class='ocrx_word' id='word_1_55' title='bbox 1405 1047 1664 1120; x_wconf 86' lang='lat' dir='ltr'>Carogio,</span> <span class='ocrx_word' id='word_1_56' title='bbox 1697 1052 1755 1103; x_wconf 90' lang='lat' dir='ltr'>et</span> <span class='ocrx_word' id='word_1_57' title='bbox 1799 1046 1977 1102; x_wconf 89' lang='lat' dir='ltr'>rocha</span> 
     </span>
    </p>
   </div>
   <div class='ocr_carea' id='block_1_11' title="bbox 326 1134 1972 1208">
    <p class='ocr_par' dir='ltr' id='par_1_11' title="bbox 326 1134 1972 1208">
     <span class='ocr_line' id='line_1_11' title="bbox 326 1134 1972 1208; baseline -0.001 -18"><span class='ocrx_word' id='word_1_58' title='bbox 326 1150 455 1207; x_wconf 82' lang='lat' dir='ltr'>quae</span> <span class='ocrx_word' id='word_1_59' title='bbox 486 1135 702 1190; x_wconf 91' lang='lat' dir='ltr'>dicitur</span> <span class='ocrx_word' id='word_1_60' title='bbox 730 1134 925 1191; x_wconf 78' lang='lat' dir='ltr'>Sancti</span> <span class='ocrx_word' id='word_1_61' title='bbox 957 1135 1226 1204; x_wconf 85' lang='lat' dir='ltr'>Romani,</span> <span class='ocrx_word' id='word_1_62' title='bbox 1248 1140 1304 1191; x_wconf 88' lang='lat' dir='ltr'>et</span> <span class='ocrx_word' id='word_1_63' title='bbox 1328 1135 1548 1192; x_wconf 83' lang='lat' dir='ltr'>caeteris</span> <span class='ocrx_word' id='word_1_64' title='bbox 1579 1137 1650 1193; x_wconf 89' lang='lat' dir='ltr'>ad</span> <span class='ocrx_word' id='word_1_65' title='bbox 1683 1153 1812 1191; x_wconf 90' lang='lat' dir='ltr'>eam</span> <span class='ocrx_word' id='word_1_66' title='bbox 1844 1152 1972 1208; x_wconf 88' lang='lat' dir='ltr'>per-</span> 
     </span>
    </p>
   </div>
   <div class='ocr_carea' id='block_1_12' title="bbox 323 1222 1972 1292">
    <p class='ocr_par' dir='ltr' id='par_1_12' title="bbox 323 1222 1972 1292">
     <span class='ocr_line' id='line_1_12' title="bbox 323 1222 1972 1292; baseline -0.001 -13"><span class='ocrx_word' id='word_1_67' title='bbox 323 1222 672 1290; x_wconf 89' lang='lat' dir='ltr'>tinentibus,</span> <span class='ocrx_word' id='word_1_68' title='bbox 704 1226 916 1288; x_wconf 87' lang='lat' dir='ltr'>vestro,</span> <span class='ocrx_word' id='word_1_69' title='bbox 950 1223 1103 1279; x_wconf 91' lang='lat' dir='ltr'>sicut</span> <span class='ocrx_word' id='word_1_70' title='bbox 1151 1223 1323 1280; x_wconf 88' lang='lat' dir='ltr'>hodie</span> <span class='ocrx_word' id='word_1_71' title='bbox 1370 1228 1477 1292; x_wconf 89' lang='lat' dir='ltr'>est,</span> <span class='ocrx_word' id='word_1_72' title='bbox 1513 1223 1866 1280; x_wconf 88' lang='lat' dir='ltr'>monasterio</span> <span class='ocrx_word' id='word_1_73' title='bbox 1914 1224 1972 1279; x_wconf 92' lang='lat' dir='ltr'>in</span> 
     </span>
    </p>
   </div>
   <div class='ocr_carea' id='block_1_13' title="bbox 323 1312 1973 1387">
    <p class='ocr_par' dir='ltr' id='par_1_13' title="bbox 323 1312 1973 1387">
     <span class='ocr_line' id='line_1_13' title="bbox 323 1312 1973 1387; baseline 0.002 -21"><span class='ocrx_word' id='word_1_74' title='bbox 323 1315 671 1387; x_wconf 82' lang='lat' dir='ltr'>perpetuum</span> <span class='ocrx_word' id='word_1_75' title='bbox 721 1312 1052 1382; x_wconf 77' lang='lat' dir='ltr'>subjectum</span> <span class='ocrx_word' id='word_1_76' title='bbox 1102 1328 1230 1368; x_wconf 86' lang='lat' dir='ltr'>esse</span> <span class='ocrx_word' id='word_1_77' title='bbox 1279 1313 1674 1370; x_wconf 86' lang='lat' dir='ltr'>concedimus.</span> <span class='ocrx_word' id='word_1_78' title='bbox 1716 1313 1801 1368; x_wconf 88' lang='lat' dir='ltr'>Ad</span> <span class='ocrx_word' id='word_1_79' title='bbox 1854 1312 1973 1369; x_wconf 77' lang='lat' dir='ltr'>haec</span> 
     </span>
    </p>
   </div>
   <div class='ocr_carea' id='block_1_14' title="bbox 324 1401 1972 1472">
    <p class='ocr_par' dir='ltr' id='par_1_14' title="bbox 324 1401 1972 1472">
     <span class='ocr_line' id='line_1_14' title="bbox 324 1401 1972 1472; baseline 0 -16"><span class='ocrx_word' id='word_1_80' title='bbox 324 1401 667 1472; x_wconf 86' lang='lat' dir='ltr'>adjicientes</span> <span class='ocrx_word' id='word_1_81' title='bbox 696 1401 1067 1456; x_wconf 82' lang='lat' dir='ltr'>decernimus</span> <span class='ocrx_word' id='word_1_82' title='bbox 1098 1405 1161 1457; x_wconf 93' lang='lat' dir='ltr'>ut</span> <span class='ocrx_word' id='word_1_83' title='bbox 1206 1401 1347 1456; x_wconf 88' lang='lat' dir='ltr'>nulli</span> <span class='ocrx_word' id='word_1_84' title='bbox 1379 1401 1616 1459; x_wconf 89' lang='lat' dir='ltr'>omnino</span> <span class='ocrx_word' id='word_1_85' title='bbox 1665 1401 1972 1457; x_wconf 86' lang='lat' dir='ltr'>hominum</span> 
     </span>
    </p>
   </div>
   <div class='ocr_carea' id='block_1_15' title="bbox 322 1488 1972 1561">
    <p class='ocr_par' dir='ltr' id='par_1_15' title="bbox 322 1488 1972 1561">
     <span class='ocr_line' id='line_1_15' title="bbox 322 1488 1972 1561; baseline 0 -16"><span class='ocrx_word' id='word_1_86' title='bbox 322 1488 494 1545; x_wconf 88' lang='lat' dir='ltr'>liceat</span> <span class='ocrx_word' id='word_1_87' title='bbox 514 1488 1000 1561; x_wconf 66' lang='lat' dir='ltr'>prmnominatum</span> <span class='ocrx_word' id='word_1_88' title='bbox 1026 1490 1323 1546; x_wconf 80' lang='lat' dir='ltr'>Saturnini</span> <span class='ocrx_word' id='word_1_89' title='bbox 1350 1491 1769 1547; x_wconf 82' lang='lat' dir='ltr'>monasterium</span> <span class='ocrx_word' id='word_1_90' title='bbox 1792 1495 1972 1546; x_wconf 82' lang='lat' dir='ltr'>teme-</span> 
     </span>
    </p>
   </div>
   <div class='ocr_carea' id='block_1_16' title="bbox 324 1578 1973 1650">
    <p class='ocr_par' dir='ltr' id='par_1_16' title="bbox 324 1578 1973 1650">
     <span class='ocr_line' id='line_1_16' title="bbox 324 1578 1973 1650; baseline 0 -16"><span class='ocrx_word' id='word_1_91' title='bbox 324 1594 386 1634; x_wconf 88' lang='lat' dir='ltr'>re</span> <span class='ocrx_word' id='word_1_92' title='bbox 406 1578 766 1650; x_wconf 88' lang='lat' dir='ltr'>perturbare,</span> <span class='ocrx_word' id='word_1_93' title='bbox 784 1582 885 1633; x_wconf 90' lang='lat' dir='ltr'>aut</span> <span class='ocrx_word' id='word_1_94' title='bbox 908 1578 1037 1648; x_wconf 87' lang='lat' dir='ltr'>ejus</span> <span class='ocrx_word' id='word_1_95' title='bbox 1060 1580 1461 1650; x_wconf 85' lang='lat' dir='ltr'>possessiones</span> <span class='ocrx_word' id='word_1_96' title='bbox 1484 1581 1732 1646; x_wconf 88' lang='lat' dir='ltr'>auferre,</span> <span class='ocrx_word' id='word_1_97' title='bbox 1753 1579 1844 1635; x_wconf 88' lang='lat' dir='ltr'>vel</span> <span class='ocrx_word' id='word_1_98' title='bbox 1873 1580 1973 1635; x_wconf 88' lang='lat' dir='ltr'>ab-</span> 
     </span>
    </p>
   </div>
   <div class='ocr_carea' id='block_1_17' title="bbox 325 1665 1977 1734">
    <p class='ocr_par' dir='ltr' id='par_1_17' title="bbox 325 1665 1977 1734">
     <span class='ocr_line' id='line_1_17' title="bbox 325 1665 1977 1734; baseline 0.001 -12"><span class='ocrx_word' id='word_1_99' title='bbox 325 1666 478 1724; x_wconf 86' lang='lat' dir='ltr'>latas</span> <span class='ocrx_word' id='word_1_100' title='bbox 508 1666 776 1734; x_wconf 89' lang='lat' dir='ltr'>retinere,</span> <span class='ocrx_word' id='word_1_101' title='bbox 799 1665 1083 1734; x_wconf 88' lang='lat' dir='ltr'>minuere,</span> <span class='ocrx_word' id='word_1_102' title='bbox 1106 1667 1192 1723; x_wconf 83' lang='lat' dir='ltr'>vel</span> <span class='ocrx_word' id='word_1_103' title='bbox 1221 1669 1545 1726; x_wconf 88' lang='lat' dir='ltr'>temerariis</span> <span class='ocrx_word' id='word_1_104' title='bbox 1574 1668 1977 1725; x_wconf 84' lang='lat' dir='ltr'>vexationibus</span> 
     </span>
    </p>
   </div>
   <div class='ocr_carea' id='block_1_18' title="bbox 327 1755 1977 1829">
    <p class='ocr_par' dir='ltr' id='par_1_18' title="bbox 327 1755 1977 1829">
     <span class='ocr_line' id='line_1_18' title="bbox 327 1755 1977 1829; baseline 0.001 -20"><span class='ocrx_word' id='word_1_105' title='bbox 327 1755 593 1828; x_wconf 83' lang='lat' dir='ltr'>fatigare,</span> <span class='ocrx_word' id='word_1_106' title='bbox 618 1755 716 1810; x_wconf 89' lang='lat' dir='ltr'>sed</span> <span class='ocrx_word' id='word_1_107' title='bbox 772 1755 969 1811; x_wconf 83' lang='lat' dir='ltr'>omnia</span> <span class='ocrx_word' id='word_1_108' title='bbox 1024 1756 1250 1829; x_wconf 89' lang='lat' dir='ltr'>integra</span> <span class='ocrx_word' id='word_1_109' title='bbox 1304 1762 1721 1815; x_wconf 80' lang='lat' dir='ltr'>conserventur</span> <span class='ocrx_word' id='word_1_110' title='bbox 1774 1773 1977 1812; x_wconf 89' lang='lat' dir='ltr'>eorum</span> 
     </span>
    </p>
   </div>
   <div class='ocr_carea' id='block_1_19' title="bbox 322 1844 1979 1918">
    <p class='ocr_par' dir='ltr' id='par_1_19' title="bbox 322 1844 1979 1918">
     <span class='ocr_line' id='line_1_19' title="bbox 322 1844 1979 1918; baseline 0.001 -18"><span class='ocrx_word' id='word_1_111' title='bbox 322 1859 428 1918; x_wconf 91' lang='lat' dir='ltr'>pro</span> <span class='ocrx_word' id='word_1_112' title='bbox 459 1860 711 1917; x_wconf 87' lang='lat' dir='ltr'>quorum</span> <span class='ocrx_word' id='word_1_113' title='bbox 734 1844 1158 1901; x_wconf 89' lang='lat' dir='ltr'>sustentatione</span> <span class='ocrx_word' id='word_1_114' title='bbox 1176 1850 1234 1902; x_wconf 91' lang='lat' dir='ltr'>et</span> <span class='ocrx_word' id='word_1_115' title='bbox 1251 1847 1673 1918; x_wconf 85' lang='lat' dir='ltr'>gubernatione</span> <span class='ocrx_word' id='word_1_116' title='bbox 1700 1862 1979 1903; x_wconf 90' lang='lat' dir='ltr'>concessa</span> 
     </span>
    </p>
   </div>
   <div class='ocr_carea' id='block_1_20' title="bbox 328 1933 1980 2008">
    <p class='ocr_par' dir='ltr' id='par_1_20' title="bbox 328 1933 1980 2008">
     <span class='ocr_line' id='line_1_20' title="bbox 328 1933 1980 2008; baseline 0.001 -20"><span class='ocrx_word' id='word_1_117' title='bbox 328 1937 469 1988; x_wconf 90' lang='lat' dir='ltr'>sunt</span> <span class='ocrx_word' id='word_1_118' title='bbox 498 1933 706 1989; x_wconf 90' lang='lat' dir='ltr'>usibus</span> <span class='ocrx_word' id='word_1_119' title='bbox 735 1934 1090 1990; x_wconf 87' lang='lat' dir='ltr'>omnimodis</span> <span class='ocrx_word' id='word_1_120' title='bbox 1122 1935 1447 2008; x_wconf 70' lang='lat' dir='ltr'>profutura.</span> <span class='ocrx_word' id='word_1_121' title='bbox 1473 1936 1735 1992; x_wconf 84' lang='lat' dir='ltr'>Obeunte</span> <span class='ocrx_word' id='word_1_122' title='bbox 1766 1934 1980 1991; x_wconf 84' lang='lat' dir='ltr'>nihilo-</span> 
     </span>
    </p>
   </div>
   <div class='ocr_carea' id='block_1_21' title="bbox 323 2021 1985 2096">
    <p class='ocr_par' dir='ltr' id='par_1_21' title="bbox 323 2021 1985 2096">
     <span class='ocr_line' id='line_1_21' title="bbox 323 2021 1985 2096; baseline 0.003 -21"><span class='ocrx_word' id='word_1_123' title='bbox 323 2021 527 2083; x_wconf 77' lang='lat' dir='ltr'>minus</span> <span class='ocrx_word' id='word_1_124' title='bbox 543 2021 807 2091; x_wconf 87' lang='lat' dir='ltr'>ejusdem</span> <span class='ocrx_word' id='word_1_125' title='bbox 834 2021 943 2078; x_wconf 90' lang='lat' dir='ltr'>loci</span> <span class='ocrx_word' id='word_1_126' title='bbox 975 2023 1186 2079; x_wconf 79' lang='lat' dir='ltr'>abbate</span> <span class='ocrx_word' id='word_1_127' title='bbox 1206 2022 1552 2081; x_wconf 85' lang='lat' dir='ltr'>vel-tuorum</span> <span class='ocrx_word' id='word_1_128' title='bbox 1577 2023 1838 2096; x_wconf 89' lang='lat' dir='ltr'>quolibet</span> <span class='ocrx_word' id='word_1_129' title='bbox 1860 2039 1985 2080; x_wconf 89' lang='lat' dir='ltr'>suc.</span> 
     </span>
    </p>
   </div>
   <div class='ocr_carea' id='block_1_22' title="bbox 322 2111 1988 2190">
    <p class='ocr_par' dir='ltr' id='par_1_22' title="bbox 322 2111 1988 2190">
     <span class='ocr_line' id='line_1_22' title="bbox 322 2111 1988 2190; baseline 0.001 -25"><span class='ocrx_word' id='word_1_130' title='bbox 322 2126 645 2177; x_wconf 81' lang='lat' dir='ltr'>cessorum,</span> <span class='ocrx_word' id='word_1_131' title='bbox 677 2111 877 2168; x_wconf 90' lang='lat' dir='ltr'>nullus</span> <span class='ocrx_word' id='word_1_132' title='bbox 908 2111 989 2166; x_wconf 90' lang='lat' dir='ltr'>ibi</span> <span class='ocrx_word' id='word_1_133' title='bbox 1030 2111 1295 2183; x_wconf 89' lang='lat' dir='ltr'>qualibet</span> <span class='ocrx_word' id='word_1_134' title='bbox 1339 2113 1737 2185; x_wconf 84' lang='lat' dir='ltr'>subreptionis</span> <span class='ocrx_word' id='word_1_135' title='bbox 1767 2112 1988 2190; x_wconf 78' lang='lat' dir='ltr'>astutia</span> 
     </span>
    </p>
   </div>
   <div class='ocr_carea' id='block_1_23' title="bbox 323 2197 1986 2273">
    <p class='ocr_par' dir='ltr' id='par_1_23' title="bbox 323 2197 1986 2273">
     <span class='ocr_line' id='line_1_23' title="bbox 323 2197 1986 2273; baseline 0.001 -18"><span class='ocrx_word' id='word_1_136' title='bbox 323 2215 429 2255; x_wconf 81' lang='lat' dir='ltr'>seu</span> <span class='ocrx_word' id='word_1_137' title='bbox 448 2197 723 2256; x_wconf 87' lang='lat' dir='ltr'>violentia</span> <span class='ocrx_word' id='word_1_138' title='bbox 742 2204 1135 2272; x_wconf 69' lang='lat' dir='ltr'>praeponatur,</span> <span class='ocrx_word' id='word_1_139' title='bbox 1153 2200 1268 2257; x_wconf 83' lang='lat' dir='ltr'>nisi</span> <span class='ocrx_word' id='word_1_140' title='bbox 1291 2218 1466 2273; x_wconf 84' lang='lat' dir='ltr'>quem</span> <span class='ocrx_word' id='word_1_141' title='bbox 1489 2202 1667 2258; x_wconf 81' lang='lat' dir='ltr'>frater</span> <span class='ocrx_word' id='word_1_142' title='bbox 1688 2198 1986 2258; x_wconf 83' lang='lat' dir='ltr'>communl</span> 
     </span>
    </p>
   </div>
   <div class='ocr_carea' id='block_1_24' title="bbox 324 2283 1990 2367">
    <p class='ocr_par' dir='ltr' id='par_1_24' title="bbox 324 2283 1990 2367">
     <span class='ocr_line' id='line_1_24' title="bbox 324 2283 1990 2367; baseline 0.002 -24"><span class='ocrx_word' id='word_1_143' title='bbox 324 2303 635 2355; x_wconf 88' lang='lat' dir='ltr'>consensu,</span> <span class='ocrx_word' id='word_1_144' title='bbox 658 2287 751 2344; x_wconf 86' lang='lat' dir='ltr'>vel</span> <span class='ocrx_word' id='word_1_145' title='bbox 785 2289 1031 2344; x_wconf 84' lang='lat' dir='ltr'>fratrum</span> <span class='ocrx_word' id='word_1_146' title='bbox 1064 2305 1199 2360; x_wconf 90' lang='lat' dir='ltr'>pars</span> <span class='ocrx_word' id='word_1_147' title='bbox 1224 2289 1451 2347; x_wconf 89' lang='lat' dir='ltr'>consilii</span> <span class='ocrx_word' id='word_1_148' title='bbox 1487 2291 1762 2357; x_wconf 82' lang='lat' dir='ltr'>sanioris,</span> <span class='ocrx_word' id='word_1_149' title='bbox 1786 2283 1990 2367; x_wconf 67' lang='lat' dir='ltr'>secun:</span> 
     </span>
    </p>
   </div>
   <div class='ocr_carea' id='block_1_25' title="bbox 322 2376 1985 2452">
    <p class='ocr_par' dir='ltr' id='par_1_25' title="bbox 322 2376 1985 2452">
     <span class='ocr_line' id='line_1_25' title="bbox 322 2376 1985 2452; baseline 0.004 -22"><span class='ocrx_word' id='word_1_150' title='bbox 322 2376 463 2431; x_wconf 90' lang='lat' dir='ltr'>dum</span> <span class='ocrx_word' id='word_1_151' title='bbox 496 2376 593 2431; x_wconf 88' lang='lat' dir='ltr'>Dei</span> <span class='ocrx_word' id='word_1_152' title='bbox 623 2377 894 2432; x_wconf 84' lang='lat' dir='ltr'>timorem</span> <span class='ocrx_word' id='word_1_153' title='bbox 917 2381 975 2432; x_wconf 93' lang='lat' dir='ltr'>et</span> <span class='ocrx_word' id='word_1_154' title='bbox 995 2378 1149 2434; x_wconf 87' lang='lat' dir='ltr'>beati</span> <span class='ocrx_word' id='word_1_155' title='bbox 1185 2378 1477 2435; x_wconf 85' lang='lat' dir='ltr'>Benedicti</span> <span class='ocrx_word' id='word_1_156' title='bbox 1502 2379 1765 2452; x_wconf 84' lang='lat' dir='ltr'>regulam</span> <span class='ocrx_word' id='word_1_157' title='bbox 1797 2379 1985 2451; x_wconf 84' lang='lat' dir='ltr'>clege-</span> 
     </span>
    </p>
   </div>
   <div class='ocr_carea' id='block_1_26' title="bbox 323 2464 1986 2539">
    <p class='ocr_par' dir='ltr' id='par_1_26' title="bbox 323 2464 1986 2539">
     <span class='ocr_line' id='line_1_26' title="bbox 323 2464 1986 2539; baseline 0.002 -19"><span class='ocrx_word' id='word_1_158' title='bbox 323 2465 459 2536; x_wconf 82' lang='lat' dir='ltr'>rint.</span> <span class='ocrx_word' id='word_1_159' title='bbox 483 2466 568 2521; x_wconf 88' lang='lat' dir='ltr'>Ad</span> <span class='ocrx_word' id='word_1_160' title='bbox 598 2464 885 2521; x_wconf 89' lang='lat' dir='ltr'>indicium</span> <span class='ocrx_word' id='word_1_161' title='bbox 917 2469 1114 2521; x_wconf 86' lang='lat' dir='ltr'>autem</span> <span class='ocrx_word' id='word_1_162' title='bbox 1135 2471 1421 2539; x_wconf 70' lang='lat' dir='ltr'>perceptis</span> <span class='ocrx_word' id='word_1_163' title='bbox 1443 2484 1478 2524; x_wconf 91' lang='lat' dir='ltr'>a</span> <span class='ocrx_word' id='word_1_164' title='bbox 1499 2467 1764 2525; x_wconf 81' lang='lat' dir='ltr'>Romana</span> <span class='ocrx_word' id='word_1_165' title='bbox 1792 2467 1986 2524; x_wconf 90' lang='lat' dir='ltr'>Eccle-</span> 
     </span>
    </p>
   </div>
   <div class='ocr_carea' id='block_1_27' title="bbox 323 2552 1963 2629">
    <p class='ocr_par' dir='ltr' id='par_1_27' title="bbox 323 2552 1963 2629">
     <span class='ocr_line' id='line_1_27' title="bbox 323 2552 1963 2629; baseline 0.003 -20"><span class='ocrx_word' id='word_1_166' title='bbox 323 2552 412 2609; x_wconf 87' lang='lat' dir='ltr'>sia</span> <span class='ocrx_word' id='word_1_167' title='bbox 438 2552 1089 2624; x_wconf 85' lang='lat' dir='ltr'>libertatis,quotannis</span> <span class='ocrx_word' id='word_1_168' title='bbox 1121 2572 1294 2611; x_wconf 88' lang='lat' dir='ltr'>unam</span> <span class='ocrx_word' id='word_1_169' title='bbox 1328 2556 1553 2629; x_wconf 84' lang='lat' dir='ltr'>argenti</span> <span class='ocrx_word' id='word_1_170' title='bbox 1584 2555 1790 2613; x_wconf 89' lang='lat' dir='ltr'>libram</span> <span class='ocrx_word' id='word_1_171' title='bbox 1826 2558 1963 2614; x_wconf 85' lang='lat' dir='ltr'>Late</span> 
     </span>
    </p>
   </div>
   <div class='ocr_carea' id='block_1_28' title="bbox 324 2641 1194 2714">
    <p class='ocr_par' dir='ltr' id='par_1_28' title="bbox 324 2641 1194 2714">
     <span class='ocr_line' id='line_1_28' title="bbox 324 2641 1194 2714; baseline 0.001 -17"><span class='ocrx_word' id='word_1_172' title='bbox 324 2642 562 2697; x_wconf 90' lang='lat' dir='ltr'>ranensi</span> <span class='ocrx_word' id='word_1_173' title='bbox 588 2641 805 2714; x_wconf 89' lang='lat' dir='ltr'>palatio</span> <span class='ocrx_word' id='word_1_174' title='bbox 834 2642 1194 2713; x_wconf 87' lang='lat' dir='ltr'>persolvetis.</span> 
     </span>
    </p>
   </div>
   <div class='ocr_carea' id='block_1_29' title="bbox 394 2729 1982 2802">
    <p class='ocr_par' dir='ltr' id='par_1_29' title="bbox 394 2729 1982 2802">
     <span class='ocr_line' id='line_1_29' title="bbox 394 2729 1982 2802; baseline 0.004 -16"><span class='ocrx_word' id='word_1_175' title='bbox 394 2731 455 2786; x_wconf 91' lang='lat' dir='ltr'>Si</span> <span class='ocrx_word' id='word_1_176' title='bbox 488 2746 604 2802; x_wconf 89' lang='lat' dir='ltr'>qua</span> <span class='ocrx_word' id='word_1_177' title='bbox 633 2746 773 2786; x_wconf 86' lang='lat' dir='ltr'>sane</span> <span class='ocrx_word' id='word_1_178' title='bbox 805 2729 864 2785; x_wconf 89' lang='lat' dir='ltr'>in</span> <span class='ocrx_word' id='word_1_179' title='bbox 892 2730 1158 2788; x_wconf 86' lang='lat' dir='ltr'>futurum</span> <span class='ocrx_word' id='word_1_180' title='bbox 1188 2732 1587 2791; x_wconf 86' lang='lat' dir='ltr'>ecclesiastica</span> <span class='ocrx_word' id='word_1_181' title='bbox 1614 2735 1982 2793; x_wconf 85' lang='lat' dir='ltr'>saecularisve</span> 
     </span>
    </p>
   </div>
   <div class='ocr_carea' id='block_1_30' title="bbox 322 2818 1976 2895">
    <p class='ocr_par' dir='ltr' id='par_1_30' title="bbox 322 2818 1976 2895">
     <span class='ocr_line' id='line_1_30' title="bbox 322 2818 1976 2895; baseline 0.005 -22"><span class='ocrx_word' id='word_1_182' title='bbox 322 2833 577 2890; x_wconf 83' lang='lat' dir='ltr'>persona</span> <span class='ocrx_word' id='word_1_183' title='bbox 599 2818 751 2874; x_wconf 89' lang='lat' dir='ltr'>hanc</span> <span class='ocrx_word' id='word_1_184' title='bbox 771 2822 983 2875; x_wconf 70' lang='lat' dir='ltr'>nostra:</span> <span class='ocrx_word' id='word_1_185' title='bbox 1005 2820 1442 2878; x_wconf 88' lang='lat' dir='ltr'>constitutionis</span> <span class='ocrx_word' id='word_1_186' title='bbox 1466 2824 1739 2895; x_wconf 83' lang='lat' dir='ltr'>paginam</span> <span class='ocrx_word' id='word_1_187' title='bbox 1763 2826 1976 2895; x_wconf 90' lang='lat' dir='ltr'>sciens,</span> 
     </span>
    </p>
   </div>
   <div class='ocr_carea' id='block_1_31' title="bbox 321 2909 1976 2978">
    <p class='ocr_par' dir='ltr' id='par_1_31' title="bbox 321 2909 1976 2978">
     <span class='ocr_line' id='line_1_31' title="bbox 321 2909 1976 2978; baseline 0.005 -15"><span class='ocrx_word' id='word_1_188' title='bbox 321 2910 527 2968; x_wconf 81' lang='lat' dir='ltr'>contra</span> <span class='ocrx_word' id='word_1_189' title='bbox 553 2922 683 2963; x_wconf 87' lang='lat' dir='ltr'>eam</span> <span class='ocrx_word' id='word_1_190' title='bbox 713 2911 930 2964; x_wconf 86' lang='lat' dir='ltr'>temere</span> <span class='ocrx_word' id='word_1_191' title='bbox 977 2909 1176 2966; x_wconf 90' lang='lat' dir='ltr'>venire</span> <span class='ocrx_word' id='word_1_192' title='bbox 1225 2911 1551 2978; x_wconf 87' lang='lat' dir='ltr'>tentaverit,</span> <span class='ocrx_word' id='word_1_193' title='bbox 1576 2914 1831 2970; x_wconf 90' lang='lat' dir='ltr'>secundo</span> <span class='ocrx_word' id='word_1_194' title='bbox 1863 2919 1976 2971; x_wconf 92' lang='lat' dir='ltr'>ter-</span> 
     </span>
    </p>
   </div>
   <div class='ocr_carea' id='block_1_32' title="bbox 320 2994 1977 3077">
    <p class='ocr_par' dir='ltr' id='par_1_32' title="bbox 320 2994 1977 3077">
     <span class='ocr_line' id='line_1_32' title="bbox 320 2994 1977 3077; baseline 0.006 -27"><span class='ocrx_word' id='word_1_195' title='bbox 320 2994 473 3057; x_wconf 85' lang='lat' dir='ltr'>tiove</span> <span class='ocrx_word' id='word_1_196' title='bbox 529 2995 913 3064; x_wconf 87' lang='lat' dir='ltr'>commonita,</span> <span class='ocrx_word' id='word_1_197' title='bbox 972 2998 1024 3054; x_wconf 90' lang='lat' dir='ltr'>si</span> <span class='ocrx_word' id='word_1_198' title='bbox 1092 3015 1207 3054; x_wconf 92' lang='lat' dir='ltr'>non</span> <span class='ocrx_word' id='word_1_199' title='bbox 1267 3000 1664 3058; x_wconf 84' lang='lat' dir='ltr'>satisfactione</span> <span class='ocrx_word' id='word_1_200' title='bbox 1718 3019 1977 3077; x_wconf 84' lang='lat' dir='ltr'>congrua</span> 
     </span>
    </p>
   </div>
   <div class='ocr_carea' id='block_1_33' title="bbox 323 3083 1975 3164">
    <p class='ocr_par' dir='ltr' id='par_1_33' title="bbox 323 3083 1975 3164">
     <span class='ocr_line' id='line_1_33' title="bbox 323 3083 1975 3164; baseline 0.006 -24"><span class='ocrx_word' id='word_1_201' title='bbox 323 3083 745 3152; x_wconf 87' lang='lat' dir='ltr'>emendaverit,</span> <span class='ocrx_word' id='word_1_202' title='bbox 797 3087 1102 3157; x_wconf 87' lang='lat' dir='ltr'>potestatis</span> <span class='ocrx_word' id='word_1_203' title='bbox 1147 3087 1501 3160; x_wconf 87' lang='lat' dir='ltr'>honorisque</span> <span class='ocrx_word' id='word_1_204' title='bbox 1549 3089 1641 3147; x_wconf 86' lang='lat' dir='ltr'>sui</span> <span class='ocrx_word' id='word_1_205' title='bbox 1692 3092 1975 3164; x_wconf 86' lang='lat' dir='ltr'>dignitate</span> 
     </span>
    </p>
   </div>
   <div class='ocr_carea' id='block_1_34' title="bbox 2081 594 3739 675">
    <p class='ocr_par' dir='ltr' id='par_1_34' title="bbox 2081 594 3739 675">
     <span class='ocr_line' id='line_1_34' title="bbox 2081 594 3739 675; baseline 0 -20"><span class='ocrx_word' id='word_1_206' title='bbox 2081 605 2417 669; x_wconf 85' lang='lat' dir='ltr'>nostrorum</span> <span class='ocrx_word' id='word_1_207' title='bbox 2437 605 2701 675; x_wconf 89' lang='lat' dir='ltr'>tempore</span> <span class='ocrx_word' id='word_1_208' title='bbox 2717 601 2884 659; x_wconf 86' lang='lat' dir='ltr'>sedes</span> <span class='ocrx_word' id='word_1_209' title='bbox 2901 599 3222 675; x_wconf 84' lang='lat' dir='ltr'>apostolica</span> <span class='ocrx_word' id='word_1_210' title='bbox 3241 594 3616 672; x_wconf 84' lang='lat' dir='ltr'>interpellata</span> <span class='ocrx_word' id='word_1_211' title='bbox 3638 598 3739 671; x_wconf 84' lang='lat' dir='ltr'>sit,</span> 
     </span>
    </p>
   </div>
   <div class='ocr_carea' id='block_1_35' title="bbox 2084 688 3740 762">
    <p class='ocr_par' dir='ltr' id='par_1_35' title="bbox 2084 688 3740 762">
     <span class='ocr_line' id='line_1_35' title="bbox 2084 688 3740 762; baseline 0 -19"><span class='ocrx_word' id='word_1_212' title='bbox 2084 705 2198 744; x_wconf 93' lang='lat' dir='ltr'>non</span> <span class='ocrx_word' id='word_1_213' title='bbox 2231 697 2316 746; x_wconf 91' lang='lat' dir='ltr'>est</span> <span class='ocrx_word' id='word_1_214' title='bbox 2348 690 2746 746; x_wconf 88' lang='lat' dir='ltr'>necessarium</span> <span class='ocrx_word' id='word_1_215' title='bbox 2774 705 3099 746; x_wconf 89' lang='lat' dir='ltr'>memorare</span> <span class='ocrx_word' id='word_1_216' title='bbox 3127 705 3141 745; x_wconf 92' lang='lat'><strong>:</strong></span> <span class='ocrx_word' id='word_1_217' title='bbox 3176 688 3455 762; x_wconf 85' lang='lat' dir='ltr'>quoniam</span> <span class='ocrx_word' id='word_1_218' title='bbox 3485 692 3547 744; x_wconf 87' lang='lat' dir='ltr'>et</span> <span class='ocrx_word' id='word_1_219' title='bbox 3574 692 3740 744; x_wconf 78' lang='lat' dir='ltr'>ante-</span> 
     </span>
    </p>
   </div>
   <div class='ocr_carea' id='block_1_36' title="bbox 2083 776 3744 851">
    <p class='ocr_par' dir='ltr' id='par_1_36' title="bbox 2083 776 3744 851">
     <span class='ocr_line' id='line_1_36' title="bbox 2083 776 3744 851; baseline 0 -18"><span class='ocrx_word' id='word_1_220' title='bbox 2083 793 2381 834; x_wconf 87' lang='lat' dir='ltr'>cessorum</span> <span class='ocrx_word' id='word_1_221' title='bbox 2402 784 2736 835; x_wconf 84' lang='lat' dir='ltr'>nostrorum</span> <span class='ocrx_word' id='word_1_222' title='bbox 2753 779 2975 851; x_wconf 82' lang='lat' dir='ltr'>scripta</span> <span class='ocrx_word' id='word_1_223' title='bbox 2994 778 3341 844; x_wconf 80' lang='lat' dir='ltr'>indicant,et</span> <span class='ocrx_word' id='word_1_224' title='bbox 3358 776 3744 833; x_wconf 79' lang='lat' dir='ltr'>conciliorum</span> 
     </span>
    </p>
   </div>
   <div class='ocr_carea' id='block_1_37' title="bbox 2084 865 3743 937">
    <p class='ocr_par' dir='ltr' id='par_1_37' title="bbox 2084 865 3743 937">
     <span class='ocr_line' id='line_1_37' title="bbox 2084 865 3743 937; baseline 0.001 -16"><span class='ocrx_word' id='word_1_225' title='bbox 2084 882 2213 937; x_wconf 76' lang='lat' dir='ltr'>quas</span> <span class='ocrx_word' id='word_1_226' title='bbox 2236 883 2343 923; x_wconf 90' lang='lat' dir='ltr'>nos</span> <span class='ocrx_word' id='word_1_227' title='bbox 2376 872 2613 924; x_wconf 77' lang='lat' dir='ltr'>auctam</span> <span class='ocrx_word' id='word_1_228' title='bbox 2640 872 2754 923; x_wconf 88' lang='lat' dir='ltr'>Deo</span> <span class='ocrx_word' id='word_1_229' title='bbox 2784 867 2844 922; x_wconf 91' lang='lat' dir='ltr'>in</span> <span class='ocrx_word' id='word_1_230' title='bbox 2876 866 3081 923; x_wconf 87' lang='lat' dir='ltr'>Galliis</span> <span class='ocrx_word' id='word_1_231' title='bbox 3110 865 3557 933; x_wconf 75' lang='lat' dir='ltr'>celebravimus,</span> <span class='ocrx_word' id='word_1_232' title='bbox 3581 878 3743 922; x_wconf 84' lang='lat' dir='ltr'>com-</span> 
     </span>
    </p>
   </div>
   <div class='ocr_carea' id='block_1_38' title="bbox 2085 954 3743 1029">
    <p class='ocr_par' dir='ltr' id='par_1_38' title="bbox 2085 954 3743 1029">
     <span class='ocr_line' id='line_1_38' title="bbox 2085 954 3743 1029; baseline 0 -19"><span class='ocrx_word' id='word_1_233' title='bbox 2085 955 2285 1011; x_wconf 88' lang='lat' dir='ltr'>munis</span> <span class='ocrx_word' id='word_1_234' title='bbox 2316 957 2598 1013; x_wconf 89' lang='lat' dir='ltr'>memoria</span> <span class='ocrx_word' id='word_1_235' title='bbox 2630 959 3008 1029; x_wconf 89' lang='lat' dir='ltr'>protestatur.</span> <span class='ocrx_word' id='word_1_236' title='bbox 3035 956 3113 1011; x_wconf 81' lang='lat' dir='ltr'>Ea</span> <span class='ocrx_word' id='word_1_237' title='bbox 3144 955 3441 1028; x_wconf 83' lang='lat' dir='ltr'>siquidem</span> <span class='ocrx_word' id='word_1_238' title='bbox 3468 970 3651 1012; x_wconf 77' lang='lat' dir='ltr'>causa</span> <span class='ocrx_word' id='word_1_239' title='bbox 3678 954 3743 1011; x_wconf 83' lang='lat' dir='ltr'>in</span> 
     </span>
    </p>
   </div>
   <div class='ocr_carea' id='block_1_39' title="bbox 2084 1042 3741 1114">
    <p class='ocr_par' dir='ltr' id='par_1_39' title="bbox 2084 1042 3741 1114">
     <span class='ocr_line' id='line_1_39' title="bbox 2084 1042 3741 1114; baseline 0.002 -16"><span class='ocrx_word' id='word_1_240' title='bbox 2084 1042 2346 1114; x_wconf 85' lang='lat' dir='ltr'>plenario</span> <span class='ocrx_word' id='word_1_241' title='bbox 2367 1045 2712 1102; x_wconf 86' lang='lat' dir='ltr'>Arvernensi</span> <span class='ocrx_word' id='word_1_242' title='bbox 2737 1044 2980 1101; x_wconf 90' lang='lat' dir='ltr'>concilio</span> <span class='ocrx_word' id='word_1_243' title='bbox 3002 1049 3251 1101; x_wconf 80' lang='lat' dir='ltr'>tractata</span> <span class='ocrx_word' id='word_1_244' title='bbox 3269 1060 3336 1100; x_wconf 88' lang='lat' dir='ltr'>ac</span> <span class='ocrx_word' id='word_1_245' title='bbox 3356 1044 3601 1101; x_wconf 68' lang='lat' dir='ltr'>deﬁnita</span> <span class='ocrx_word' id='word_1_246' title='bbox 3625 1046 3741 1101; x_wconf 79' lang='lat' dir='ltr'>est.</span> 
     </span>
    </p>
   </div>
   <div class='ocr_carea' id='block_1_40' title="bbox 2084 1131 3746 1206">
    <p class='ocr_par' dir='ltr' id='par_1_40' title="bbox 2084 1131 3746 1206">
     <span class='ocr_line' id='line_1_40' title="bbox 2084 1131 3746 1206; baseline 0.001 -19"><span class='ocrx_word' id='word_1_247' title='bbox 2084 1131 2152 1187; x_wconf 90' lang='lat' dir='ltr'>Et</span> <span class='ocrx_word' id='word_1_248' title='bbox 2176 1149 2311 1188; x_wconf 88' lang='lat' dir='ltr'>cum</span> <span class='ocrx_word' id='word_1_249' title='bbox 2335 1133 2662 1200; x_wconf 81' lang='lat' dir='ltr'>Richerius,</span> <span class='ocrx_word' id='word_1_250' title='bbox 2678 1132 3030 1190; x_wconf 89' lang='lat' dir='ltr'>Senonensis</span> <span class='ocrx_word' id='word_1_251' title='bbox 3052 1132 3548 1206; x_wconf 80' lang='lat' dir='ltr'>archiepiscopus,</span> <span class='ocrx_word' id='word_1_252' title='bbox 3573 1145 3746 1206; x_wconf 84' lang='lat' dir='ltr'>syno-</span> 
     </span>
    </p>
   </div>
   <div class='ocr_carea' id='block_1_41' title="bbox 2082 1221 3741 1295">
    <p class='ocr_par' dir='ltr' id='par_1_41' title="bbox 2082 1221 3741 1295">
     <span class='ocr_line' id='line_1_41' title="bbox 2082 1221 3741 1295; baseline 0.001 -19"><span class='ocrx_word' id='word_1_253' title='bbox 2082 1221 2201 1276; x_wconf 92' lang='lat' dir='ltr'>dali</span> <span class='ocrx_word' id='word_1_254' title='bbox 2227 1222 2550 1278; x_wconf 83' lang='lat' dir='ltr'>definitioni</span> <span class='ocrx_word' id='word_1_255' title='bbox 2598 1222 2839 1278; x_wconf 92' lang='lat' dir='ltr'>minime</span> <span class='ocrx_word' id='word_1_256' title='bbox 2878 1222 3285 1295; x_wconf 83' lang='lat' dir='ltr'>acquievisset,</span> <span class='ocrx_word' id='word_1_257' title='bbox 3317 1223 3378 1278; x_wconf 90' lang='lat' dir='ltr'>in</span> <span class='ocrx_word' id='word_1_258' title='bbox 3409 1221 3741 1279; x_wconf 89' lang='lat' dir='ltr'>Turonensi</span> 
     </span>
    </p>
   </div>
   <div class='ocr_carea' id='block_1_42' title="bbox 2082 1310 3739 1385">
    <p class='ocr_par' dir='ltr' id='par_1_42' title="bbox 2082 1310 3739 1385">
     <span class='ocr_line' id='line_1_42' title="bbox 2082 1310 3739 1385; baseline 0.002 -21"><span class='ocrx_word' id='word_1_259' title='bbox 2082 1310 2298 1380; x_wconf 88' lang='lat' dir='ltr'>pariter</span> <span class='ocrx_word' id='word_1_260' title='bbox 2328 1327 2393 1366; x_wconf 88' lang='lat' dir='ltr'>ac</span> <span class='ocrx_word' id='word_1_261' title='bbox 2422 1310 2809 1367; x_wconf 83' lang='lat' dir='ltr'>Nemausensi</span> <span class='ocrx_word' id='word_1_262' title='bbox 2839 1311 3084 1369; x_wconf 78' lang='lat' dir='ltr'>conc-ilio</span> <span class='ocrx_word' id='word_1_263' title='bbox 3126 1327 3230 1385; x_wconf 90' lang='lat' dir='ltr'>per</span> <span class='ocrx_word' id='word_1_264' title='bbox 3260 1321 3419 1367; x_wconf 77' lang='lat' dir='ltr'>lnam</span> <span class='ocrx_word' id='word_1_265' title='bbox 3447 1314 3541 1367; x_wconf 79' lang='lat' dir='ltr'>est</span> <span class='ocrx_word' id='word_1_266' title='bbox 3564 1310 3739 1367; x_wconf 79' lang='lat' dir='ltr'>indu-</span> 
     </span>
    </p>
   </div>
   <div class='ocr_carea' id='block_1_43' title="bbox 2084 1396 3741 1472">
    <p class='ocr_par' dir='ltr' id='par_1_43' title="bbox 2084 1396 3741 1472">
     <span class='ocr_line' id='line_1_43' title="bbox 2084 1396 3741 1472; baseline 0.002 -21"><span class='ocrx_word' id='word_1_267' title='bbox 2084 1398 2287 1454; x_wconf 85' lang='lat' dir='ltr'>striam</span> <span class='ocrx_word' id='word_1_268' title='bbox 2319 1400 2592 1471; x_wconf 82' lang='lat' dir='ltr'>repetita;</span> <span class='ocrx_word' id='word_1_269' title='bbox 2625 1405 2684 1455; x_wconf 89' lang='lat' dir='ltr'>et</span> <span class='ocrx_word' id='word_1_270' title='bbox 2723 1401 3101 1472; x_wconf 88' lang='lat' dir='ltr'>supradictus</span> <span class='ocrx_word' id='word_1_271' title='bbox 3142 1399 3378 1472; x_wconf 86' lang='lat' dir='ltr'>quidem</span> <span class='ocrx_word' id='word_1_272' title='bbox 3432 1396 3741 1456; x_wconf 78' lang='lat' dir='ltr'>Richerius</span> 
     </span>
    </p>
   </div>
   <div class='ocr_carea' id='block_1_44' title="bbox 2084 1488 3743 1562">
    <p class='ocr_par' dir='ltr' id='par_1_44' title="bbox 2084 1488 3743 1562">
     <span class='ocr_line' id='line_1_44' title="bbox 2084 1488 3743 1562; baseline 0.002 -22"><span class='ocrx_word' id='word_1_273' title='bbox 2084 1502 2187 1557; x_wconf 92' lang='lat' dir='ltr'>pro</span> <span class='ocrx_word' id='word_1_274' title='bbox 2229 1504 2337 1542; x_wconf 89' lang='lat' dir='ltr'>sua</span> <span class='ocrx_word' id='word_1_275' title='bbox 2383 1488 2706 1560; x_wconf 86' lang='lat' dir='ltr'>pertinacia</span> <span class='ocrx_word' id='word_1_276' title='bbox 2754 1488 3104 1544; x_wconf 84' lang='lat' dir='ltr'>interdictus</span> <span class='ocrx_word' id='word_1_277' title='bbox 3153 1488 3316 1557; x_wconf 87' lang='lat' dir='ltr'>obiit,</span> <span class='ocrx_word' id='word_1_278' title='bbox 3350 1488 3743 1562; x_wconf 71' lang='lat' dir='ltr'>suifraganeis</span> 
     </span>
    </p>
   </div>
   <div class='ocr_carea' id='block_1_45' title="bbox 2083 1573 3745 1650">
    <p class='ocr_par' dir='ltr' id='par_1_45' title="bbox 2083 1573 3745 1650">
     <span class='ocr_line' id='line_1_45' title="bbox 2083 1573 3745 1650; baseline 0.004 -22"><span class='ocrx_word' id='word_1_279' title='bbox 2083 1574 2212 1644; x_wconf 87' lang='lat' dir='ltr'>ejus</span> <span class='ocrx_word' id='word_1_280' title='bbox 2243 1574 2349 1629; x_wconf 89' lang='lat' dir='ltr'>tibi</span> <span class='ocrx_word' id='word_1_281' title='bbox 2382 1580 2663 1648; x_wconf 88' lang='lat' dir='ltr'>tanquam</span> <span class='ocrx_word' id='word_1_282' title='bbox 2707 1576 2942 1649; x_wconf 89' lang='lat' dir='ltr'>primati</span> <span class='ocrx_word' id='word_1_283' title='bbox 2972 1581 3031 1633; x_wconf 90' lang='lat' dir='ltr'>et</span> <span class='ocrx_word' id='word_1_284' title='bbox 3060 1576 3323 1650; x_wconf 75' lang='lat' dir='ltr'>synodali</span> <span class='ocrx_word' id='word_1_285' title='bbox 3346 1573 3571 1649; x_wconf 56' lang='lat' dir='ltr'>judicio</span> <span class='ocrx_word' id='word_1_286' title='bbox 3601 1578 3745 1634; x_wconf 88' lang='lat' dir='ltr'>obe-</span> 
     </span>
    </p>
   </div>
   <div class='ocr_carea' id='block_1_46' title="bbox 2084 1658 3747 1737">
    <p class='ocr_par' dir='ltr' id='par_1_46' title="bbox 2084 1658 3747 1737">
     <span class='ocr_line' id='line_1_46' title="bbox 2084 1658 3747 1737; baseline 0.003 -20"><span class='ocrx_word' id='word_1_287' title='bbox 2084 1662 2364 1719; x_wconf 87' lang='lat' dir='ltr'>dientiam</span> <span class='ocrx_word' id='word_1_288' title='bbox 2389 1665 2514 1735; x_wconf 88' lang='lat' dir='ltr'>jam</span> <span class='ocrx_word' id='word_1_289' title='bbox 2546 1658 2849 1737; x_wconf 72' lang='lat' dir='ltr'>professis.</span> <span class='ocrx_word' id='word_1_290' title='bbox 2873 1666 3074 1722; x_wconf 84' lang='lat' dir='ltr'>Frater</span> <span class='ocrx_word' id='word_1_291' title='bbox 3101 1671 3299 1722; x_wconf 79' lang='lat' dir='ltr'>autem</span> <span class='ocrx_word' id='word_1_292' title='bbox 3326 1669 3529 1722; x_wconf 79' lang='lat' dir='ltr'>noster</span> <span class='ocrx_word' id='word_1_293' title='bbox 3555 1666 3747 1722; x_wconf 59' lang='grc' dir='ltr'>θείως</span> 
     </span>
    </p>
   </div>
   <div class='ocr_carea' id='block_1_47' title="bbox 2085 1751 3745 1828">
    <p class='ocr_par' dir='ltr' id='par_1_47' title="bbox 2085 1751 3745 1828">
     <span class='ocr_line' id='line_1_47' title="bbox 2085 1751 3745 1828; baseline 0.004 -22"><span class='ocrx_word' id='word_1_294' title='bbox 2085 1751 2307 1819; x_wconf 88' lang='lat' dir='ltr'>bertus,</span> <span class='ocrx_word' id='word_1_295' title='bbox 2340 1752 2442 1825; x_wconf 90' lang='lat' dir='ltr'>qui</span> <span class='ocrx_word' id='word_1_296' title='bbox 2486 1754 2679 1811; x_wconf 90' lang='lat' dir='ltr'>eidem</span> <span class='ocrx_word' id='word_1_297' title='bbox 2727 1771 2884 1811; x_wconf 80' lang='lat' dir='ltr'>nunc</span> <span class='ocrx_word' id='word_1_298' title='bbox 2930 1754 3216 1823; x_wconf 64' lang='lat' dir='ltr'>Ecclesiae,</span> <span class='ocrx_word' id='word_1_299' title='bbox 3251 1754 3599 1828; x_wconf 82' lang='lat' dir='ltr'>disponente</span> <span class='ocrx_word' id='word_1_300' title='bbox 3632 1752 3745 1812; x_wconf 87' lang='lat' dir='ltr'>Do-</span> 
     </span>
    </p>
   </div>
   <div class='ocr_carea' id='block_1_48' title="bbox 2090 1840 3748 1917">
    <p class='ocr_par' dir='ltr' id='par_1_48' title="bbox 2090 1840 3748 1917">
     <span class='ocr_line' id='line_1_48' title="bbox 2090 1840 3748 1917; baseline 0.004 -23"><span class='ocrx_word' id='word_1_301' title='bbox 2090 1840 2269 1907; x_wconf 91' lang='lat' dir='ltr'>mino,</span> <span class='ocrx_word' id='word_1_302' title='bbox 2303 1842 2596 1913; x_wconf 69' lang='lat' dir='ltr'>praesidet,</span> <span class='ocrx_word' id='word_1_303' title='bbox 2630 1843 2784 1899; x_wconf 81' lang='lat' dir='ltr'>sicut</span> <span class='ocrx_word' id='word_1_304' title='bbox 2823 1843 2932 1899; x_wconf 87' lang='lat' dir='ltr'>tibi</span> <span class='ocrx_word' id='word_1_305' title='bbox 2979 1843 3196 1899; x_wconf 75' lang='lat' dir='ltr'>nostris</span> <span class='ocrx_word' id='word_1_306' title='bbox 3227 1843 3629 1917; x_wconf 68' lang='lat' dir='ltr'>signiﬁcatum»</span> <span class='ocrx_word' id='word_1_307' title='bbox 3652 1847 3748 1900; x_wconf 79' lang='lat' dir='ltr'>est</span> 
     </span>
    </p>
   </div>
   <div class='ocr_carea' id='block_1_49' title="bbox 2064 1925 3743 2004">
    <p class='ocr_par' dir='ltr' id='par_1_49' title="bbox 2064 1925 3743 2004">
     <span class='ocr_line' id='line_1_49' title="bbox 2064 1925 3743 2004; baseline 0.004 -22"><span class='ocrx_word' id='word_1_308' title='bbox 2064 1929 2069 1935; x_wconf 84' lang='grc'><em>’</em></span> <span class='ocrx_word' id='word_1_309' title='bbox 2094 1925 2327 1997; x_wconf 85' lang='lat' dir='ltr'>litteris,</span> <span class='ocrx_word' id='word_1_310' title='bbox 2346 1931 2457 1987; x_wconf 91' lang='lat' dir='ltr'>sub</span> <span class='ocrx_word' id='word_1_311' title='bbox 2488 1931 2689 1987; x_wconf 87' lang='lat' dir='ltr'>eadem</span> <span class='ocrx_word' id='word_1_312' title='bbox 2717 1931 2955 2004; x_wconf 86' lang='lat' dir='ltr'>querela</span> <span class='ocrx_word' id='word_1_313' title='bbox 2982 1948 3088 2004; x_wconf 83' lang='lat' dir='ltr'>per</span> <span class='ocrx_word' id='word_1_314' title='bbox 3116 1932 3515 1990; x_wconf 67' lang='lat' dir='ltr'>mimista‘ium</span> <span class='ocrx_word' id='word_1_315' title='bbox 3543 1946 3743 1989; x_wconf 76' lang='lat' dir='ltr'>meum</span> 
     </span>
    </p>
   </div>
   <div class='ocr_carea' id='block_1_50' title="bbox 2093 2018 3745 2094">
    <p class='ocr_par' dir='ltr' id='par_1_50' title="bbox 2093 2018 3745 2094">
     <span class='ocr_line' id='line_1_50' title="bbox 2093 2018 3745 2094; baseline 0.004 -22"><span class='ocrx_word' id='word_1_316' title='bbox 2093 2018 2344 2088; x_wconf 86' lang='lat' dir='ltr'>gratiam</span> <span class='ocrx_word' id='word_1_317' title='bbox 2375 2019 2831 2077; x_wconf 82' lang='lat' dir='ltr'>consecrationis</span> <span class='ocrx_word' id='word_1_318' title='bbox 2860 2020 3101 2094; x_wconf 84' lang='lat' dir='ltr'>accepit.</span> <span class='ocrx_word' id='word_1_319' title='bbox 3132 2021 3331 2094; x_wconf 76' lang='lat' dir='ltr'>Nuper</span> <span class='ocrx_word' id='word_1_320' title='bbox 3356 2025 3745 2087; x_wconf 58' lang='lat' dir='ltr'>eammeam</span> 
     </span>
    </p>
   </div>
   <div class='ocr_carea' id='block_1_51' title="bbox 2095 2106 3745 2183">
    <p class='ocr_par' dir='ltr' id='par_1_51' title="bbox 2095 2106 3745 2183">
     <span class='ocr_line' id='line_1_51' title="bbox 2095 2106 3745 2183; baseline 0.004 -23"><span class='ocrx_word' id='word_1_321' title='bbox 2095 2106 2166 2160; x_wconf 88' lang='lat' dir='ltr'>ad</span> <span class='ocrx_word' id='word_1_322' title='bbox 2216 2107 2623 2179; x_wconf 78' lang='lat' dir='ltr'>apostolorum</span> <span class='ocrx_word' id='word_1_323' title='bbox 2661 2108 2889 2175; x_wconf 71' lang='lat' dir='ltr'>limina,</span> <span class='ocrx_word' id='word_1_324' title='bbox 2917 2113 3038 2165; x_wconf 87' lang='lat' dir='ltr'>tam</span> <span class='ocrx_word' id='word_1_325' title='bbox 3086 2126 3193 2183; x_wconf 88' lang='lat' dir='ltr'>pro</span> <span class='ocrx_word' id='word_1_326' title='bbox 3238 2111 3511 2181; x_wconf 71' lang='lat' dir='ltr'>ejusdem</span> <span class='ocrx_word' id='word_1_327' title='bbox 3550 2124 3745 2168; x_wconf 71' lang='lat' dir='ltr'>om</span> 
     </span>
    </p>
   </div>
   <div class='ocr_carea' id='block_1_52' title="bbox 2095 2194 3747 2271">
    <p class='ocr_par' dir='ltr' id='par_1_52' title="bbox 2095 2194 3747 2271">
     <span class='ocr_line' id='line_1_52' title="bbox 2095 2194 3747 2271; baseline 0.004 -22"><span class='ocrx_word' id='word_1_328' title='bbox 2095 2194 2320 2251; x_wconf 88' lang='lat' dir='ltr'>actione</span> <span class='ocrx_word' id='word_1_329' title='bbox 2347 2210 2522 2267; x_wconf 84' lang='lat' dir='ltr'>quam</span> <span class='ocrx_word' id='word_1_330' title='bbox 2556 2210 2659 2269; x_wconf 78' lang='lat' dir='ltr'>pro</span> <span class='ocrx_word' id='word_1_331' title='bbox 2682 2199 2979 2254; x_wconf 85' lang='lat' dir='ltr'>communi</span> <span class='ocrx_word' id='word_1_332' title='bbox 3003 2199 3283 2271; x_wconf 76' lang='lat' dir='ltr'>synodica</span> <span class='ocrx_word' id='word_1_333' title='bbox 3304 2199 3633 2266; x_wconf 59' lang='lat' dir='ltr'>vocatione,</span> <span class='ocrx_word' id='word_1_334' title='bbox 3658 2210 3747 2256; x_wconf 74' lang='lat' dir='ltr'>ne-</span> 
     </span>
    </p>
   </div>
   <div class='ocr_carea' id='block_1_53' title="bbox 2095 2281 3745 2360">
    <p class='ocr_par' dir='ltr' id='par_1_53' title="bbox 2095 2281 3745 2360">
     <span class='ocr_line' id='line_1_53' title="bbox 2095 2281 3745 2360; baseline 0.005 -24"><span class='ocrx_word' id='word_1_335' title='bbox 2095 2281 2318 2351; x_wconf 87' lang='lat' dir='ltr'>diisset,</span> <span class='ocrx_word' id='word_1_336' title='bbox 2363 2286 2745 2356; x_wconf 65' lang='lat' dir='ltr'>praesentibus</span> <span class='ocrx_word' id='word_1_337' title='bbox 2795 2286 3003 2360; x_wconf 82' lang='lat' dir='ltr'>legatis</span> <span class='ocrx_word' id='word_1_338' title='bbox 3053 2287 3193 2353; x_wconf 86' lang='lat' dir='ltr'>tuis,</span> <span class='ocrx_word' id='word_1_339' title='bbox 3225 2288 3493 2344; x_wconf 82' lang='lat' dir='ltr'>Ismeone</span> <span class='ocrx_word' id='word_1_340' title='bbox 3544 2287 3745 2345; x_wconf 71' lang='lat' dir='ltr'>nimi</span> 
     </span>
    </p>
   </div>
   <div class='ocr_carea' id='block_1_54' title="bbox 2093 2372 3747 2451">
    <p class='ocr_par' dir='ltr' id='par_1_54' title="bbox 2093 2372 3747 2451">
     <span class='ocr_line' id='line_1_54' title="bbox 2093 2372 3747 2451; baseline 0.005 -25"><span class='ocrx_word' id='word_1_341' title='bbox 2093 2372 2385 2445; x_wconf 86' lang='lat' dir='ltr'>episcopo,</span> <span class='ocrx_word' id='word_1_342' title='bbox 2401 2373 2601 2431; x_wconf 85' lang='lat' dir='ltr'>Girino</span> <span class='ocrx_word' id='word_1_343' title='bbox 2622 2375 2839 2432; x_wconf 84' lang='lat' dir='ltr'>decano</span> <span class='ocrx_word' id='word_1_344' title='bbox 2854 2380 2913 2432; x_wconf 89' lang='lat' dir='ltr'>et</span> <span class='ocrx_word' id='word_1_345' title='bbox 2929 2376 3069 2432; x_wconf 84' lang='lat' dir='ltr'>item</span> <span class='ocrx_word' id='word_1_346' title='bbox 3086 2376 3291 2433; x_wconf 79' lang='lat' dir='ltr'>Girine</span> <span class='ocrx_word' id='word_1_347' title='bbox 3304 2376 3633 2451; x_wconf 60' lang='lat' dir='ltr'>capsimus,</span> <span class='ocrx_word' id='word_1_348' title='bbox 3648 2389 3747 2434; x_wconf 79' lang='lat' dir='ltr'>se-</span> 
     </span>
    </p>
   </div>
   <div class='ocr_carea' id='block_1_55' title="bbox 2094 2461 3746 2539">
    <p class='ocr_par' dir='ltr' id='par_1_55' title="bbox 2094 2461 3746 2539">
     <span class='ocr_line' id='line_1_55' title="bbox 2094 2461 3746 2539; baseline 0.004 -23"><span class='ocrx_word' id='word_1_349' title='bbox 2094 2461 2186 2517; x_wconf 89' lang='lat' dir='ltr'>dis</span> <span class='ocrx_word' id='word_1_350' title='bbox 2216 2461 2545 2533; x_wconf 72' lang='lat' dir='ltr'>apostolieze</span> <span class='ocrx_word' id='word_1_351' title='bbox 2574 2468 2812 2536; x_wconf 76' lang='lat' dir='ltr'>cogente</span> <span class='ocrx_word' id='word_1_352' title='bbox 2833 2465 3080 2537; x_wconf 87' lang='lat' dir='ltr'>judicio,</span> <span class='ocrx_word' id='word_1_353' title='bbox 3104 2466 3264 2522; x_wconf 73' lang='lat' dir='ltr'>oraui</span> <span class='ocrx_word' id='word_1_354' title='bbox 3294 2466 3746 2539; x_wconf 62' lang='lat' dir='ltr'>domumutergi-</span> 
     </span>
    </p>
   </div>
   <div class='ocr_carea' id='block_1_56' title="bbox 2091 2551 3748 2627">
    <p class='ocr_par' dir='ltr' id='par_1_56' title="bbox 2091 2551 3748 2627">
     <span class='ocr_line' id='line_1_56' title="bbox 2091 2551 3748 2627; baseline 0.005 -23"><span class='ocrx_word' id='word_1_355' title='bbox 2091 2551 2419 2607; x_wconf 84' lang='lat' dir='ltr'>versatione</span> <span class='ocrx_word' id='word_1_356' title='bbox 2435 2557 2683 2615; x_wconf 79' lang='lat' dir='ltr'>cessata.</span> <span class='ocrx_word' id='word_1_357' title='bbox 2697 2553 2757 2608; x_wconf 88' lang='lat' dir='ltr'>in</span> <span class='ocrx_word' id='word_1_358' title='bbox 2775 2564 2954 2611; x_wconf 84' lang='lat' dir='ltr'>manu</span> <span class='ocrx_word' id='word_1_359' title='bbox 2972 2559 3172 2611; x_wconf 86' lang='lat' dir='ltr'>nostra</span> <span class='ocrx_word' id='word_1_360' title='bbox 3188 2555 3675 2627; x_wconf 70' lang='lat' dir='ltr'>pmﬁessuseetse</span> <span class='ocrx_word' id='word_1_361' title='bbox 3686 2559 3748 2612; x_wconf 89' lang='lat' dir='ltr'>et</span> 
     </span>
    </p>
   </div>
   <div class='ocr_carea' id='block_1_57' title="bbox 2092 2639 3744 2716">
    <p class='ocr_par' dir='ltr' id='par_1_57' title="bbox 2092 2639 3744 2716">
     <span class='ocr_line' id='line_1_57' title="bbox 2092 2639 3744 2716; baseline 0.004 -22"><span class='ocrx_word' id='word_1_362' title='bbox 2092 2639 2504 2712; x_wconf 84' lang='lat' dir='ltr'>Lugdunensis</span> <span class='ocrx_word' id='word_1_363' title='bbox 2517 2640 2787 2699; x_wconf 63' lang='lat' dir='ltr'>Ecclesiae</span> <span class='ocrx_word' id='word_1_364' title='bbox 2803 2659 2981 2716; x_wconf 87' lang='lat' dir='ltr'>super</span> <span class='ocrx_word' id='word_1_365' title='bbox 3004 2644 3399 2700; x_wconf 72' lang='lat' dir='ltr'>Senonensem</span> <span class='ocrx_word' id='word_1_366' title='bbox 3420 2643 3744 2716; x_wconf 63' lang='lat' dir='ltr'>palmatam</span> 
     </span>
    </p>
   </div>
   <div class='ocr_carea' id='block_1_58' title="bbox 2089 2730 3746 2806">
    <p class='ocr_par' dir='ltr' id='par_1_58' title="bbox 2089 2730 3746 2806">
     <span class='ocr_line' id='line_1_58' title="bbox 2089 2730 3746 2806; baseline 0.004 -22"><span class='ocrx_word' id='word_1_367' title='bbox 2089 2744 2425 2801; x_wconf 81' lang='lat' dir='ltr'>agnoscere,</span> <span class='ocrx_word' id='word_1_368' title='bbox 2440 2733 2496 2784; x_wconf 91' lang='lat' dir='ltr'>et</span> <span class='ocrx_word' id='word_1_369' title='bbox 2516 2730 2587 2786; x_wconf 92' lang='lat' dir='ltr'>de</span> <span class='ocrx_word' id='word_1_370' title='bbox 2601 2736 2807 2787; x_wconf 77' lang='lat' dir='ltr'>caetero</span> <span class='ocrx_word' id='word_1_371' title='bbox 2830 2732 2936 2789; x_wconf 81' lang='lat' dir='ltr'>tibi</span> <span class='ocrx_word' id='word_1_372' title='bbox 2961 2733 3196 2805; x_wconf 83' lang='lat' dir='ltr'>tuisque</span> <span class='ocrx_word' id='word_1_373' title='bbox 3216 2732 3493 2806; x_wconf 73' lang='lat' dir='ltr'>legitimis</span> <span class='ocrx_word' id='word_1_374' title='bbox 3512 2745 3746 2790; x_wconf 71' lang='lat' dir='ltr'>succes-</span> 
     </span>
    </p>
   </div>
   <div class='ocr_carea' id='block_1_59' title="bbox 2088 2817 3742 2891">
    <p class='ocr_par' dir='ltr' id='par_1_59' title="bbox 2088 2817 3742 2891">
     <span class='ocr_line' id='line_1_59' title="bbox 2088 2817 3742 2891; baseline 0.005 -20"><span class='ocrx_word' id='word_1_375' title='bbox 2088 2817 2321 2874; x_wconf 89' lang='lat' dir='ltr'>soribus</span> <span class='ocrx_word' id='word_1_376' title='bbox 2338 2822 2618 2890; x_wconf 86' lang='lat' dir='ltr'>tanquam</span> <span class='ocrx_word' id='word_1_377' title='bbox 2636 2820 2986 2891; x_wconf 87' lang='lat' dir='ltr'>primatibus</span> <span class='ocrx_word' id='word_1_378' title='bbox 3001 2822 3253 2878; x_wconf 75' lang='lat' dir='ltr'>obedire.</span> <span class='ocrx_word' id='word_1_379' title='bbox 3267 2820 3549 2879; x_wconf 69' lang='lat' dir='ltr'>Similiter!</span> <span class='ocrx_word' id='word_1_380' title='bbox 3560 2822 3742 2879; x_wconf 69' lang='lat' dir='ltr'>etiam</span> 
     </span>
    </p>
   </div>
   <div class='ocr_carea' id='block_1_60' title="bbox 2087 2905 3741 2985">
    <p class='ocr_par' dir='ltr' id='par_1_60' title="bbox 2087 2905 3741 2985">
     <span class='ocr_line' id='line_1_60' title="bbox 2087 2905 3741 2985; baseline 0.004 -24"><span class='ocrx_word' id='word_1_381' title='bbox 2087 2905 2380 2977; x_wconf 86' lang='lat' dir='ltr'>pollicitus</span> <span class='ocrx_word' id='word_1_382' title='bbox 2412 2912 2502 2963; x_wconf 88' lang='lat' dir='ltr'>est</span> <span class='ocrx_word' id='word_1_383' title='bbox 2529 2911 2749 2964; x_wconf 85' lang='lat' dir='ltr'>statuto</span> <span class='ocrx_word' id='word_1_384' title='bbox 2778 2926 2813 2965; x_wconf 91' lang='lat' dir='ltr'>a</span> <span class='ocrx_word' id='word_1_385' title='bbox 2838 2909 3006 2967; x_wconf 89' lang='lat' dir='ltr'>nobis</span> <span class='ocrx_word' id='word_1_386' title='bbox 3035 2914 3321 2983; x_wconf 78' lang='lat' dir='ltr'>tempore,</span> <span class='ocrx_word' id='word_1_387' title='bbox 3340 2910 3405 2966; x_wconf 66' lang='lat' dir='ltr'>id</span> <span class='ocrx_word' id='word_1_388' title='bbox 3430 2915 3527 2967; x_wconf 67' lang='lat' dir='ltr'>est</span> <span class='ocrx_word' id='word_1_389' title='bbox 3549 2924 3741 2985; x_wconf 68' lang='lat' dir='ltr'>usque</span> 
     </span>
    </p>
   </div>
   <div class='ocr_carea' id='block_1_61' title="bbox 2085 2995 3741 3071">
    <p class='ocr_par' dir='ltr' id='par_1_61' title="bbox 2085 2995 3741 3071">
     <span class='ocr_line' id='line_1_61' title="bbox 2085 2995 3741 3071; baseline 0.005 -22"><span class='ocrx_word' id='word_1_390' title='bbox 2085 2995 2156 3049; x_wconf 81' lang='lat' dir='ltr'>ad</span> <span class='ocrx_word' id='word_1_391' title='bbox 2181 2996 2508 3066; x_wconf 74' lang='lat' dir='ltr'>proximam</span> <span class='ocrx_word' id='word_1_392' title='bbox 2534 2997 2685 3053; x_wconf 81' lang='lat' dir='ltr'>beati</span> <span class='ocrx_word' id='word_1_393' title='bbox 2708 2998 2966 3071; x_wconf 86' lang='lat' dir='ltr'>Dionysii</span> <span class='ocrx_word' id='word_1_394' title='bbox 2989 2999 3441 3067; x_wconf 74' lang='lat' dir='ltr'>solemnitatem,</span> <span class='ocrx_word' id='word_1_395' title='bbox 3457 3000 3621 3057; x_wconf 56' lang='lat' dir='ltr'>eaad.</span> <span class='ocrx_word' id='word_1_396' title='bbox 3636 3016 3741 3057; x_wconf 74' lang='lat' dir='ltr'>vos</span> 
     </span>
    </p>
   </div>
   <div class='ocr_carea' id='block_1_62' title="bbox 2081 3085 3739 3161">
    <p class='ocr_par' dir='ltr' id='par_1_62' title="bbox 2081 3085 3739 3161">
     <span class='ocr_line' id='line_1_62' title="bbox 2081 3085 3739 3161; baseline 0.004 -23"><span class='ocrx_word' id='word_1_397' title='bbox 2081 3087 2415 3153; x_wconf 89' lang='lat' dir='ltr'>venturum,</span> <span class='ocrx_word' id='word_1_398' title='bbox 2448 3090 2506 3141; x_wconf 90' lang='lat' dir='ltr'>et</span> <span class='ocrx_word' id='word_1_399' title='bbox 2545 3085 2602 3141; x_wconf 89' lang='lat' dir='ltr'>in</span> <span class='ocrx_word' id='word_1_400' title='bbox 2643 3092 2957 3160; x_wconf 88' lang='lat' dir='ltr'>conspectu</span> <span class='ocrx_word' id='word_1_401' title='bbox 3008 3088 3429 3161; x_wconf 69' lang='lat' dir='ltr'>Lugdunensis</span> <span class='ocrx_word' id='word_1_402' title='bbox 3467 3086 3739 3145; x_wconf 60' lang='lat' dir='ltr'>Ecclesia</span> 
     </span>
    </p>
   </div>
   <div class='ocr_carea' id='block_1_63' title="bbox 322 3168 1968 3254">
    <p class='ocr_par' dir='ltr' id='par_1_63' title="bbox 322 3174 1968 3254">
     <span class='ocr_line' id='line_1_63' title="bbox 322 3174 1968 3254; baseline 0.007 -27"><span class='ocrx_word' id='word_1_403' title='bbox 322 3176 537 3241; x_wconf 90' lang='lat' dir='ltr'>careat,</span> <span class='ocrx_word' id='word_1_404' title='bbox 562 3189 837 3245; x_wconf 90' lang='lat' dir='ltr'>reamque</span> <span class='ocrx_word' id='word_1_405' title='bbox 867 3191 928 3229; x_wconf 90' lang='lat' dir='ltr'>se</span> <span class='ocrx_word' id='word_1_406' title='bbox 960 3174 1155 3232; x_wconf 88' lang='lat' dir='ltr'>divino</span> <span class='ocrx_word' id='word_1_407' title='bbox 1198 3176 1425 3248; x_wconf 90' lang='lat' dir='ltr'>judicio</span> <span class='ocrx_word' id='word_1_408' title='bbox 1466 3177 1712 3236; x_wconf 81' lang='lat' dir='ltr'>existere</span> <span class='ocrx_word' id='word_1_409' title='bbox 1740 3181 1811 3236; x_wconf 93' lang='lat' dir='ltr'>de</span> <span class='ocrx_word' id='word_1_410' title='bbox 1841 3199 1968 3254; x_wconf 87' lang='lat' dir='ltr'>per-</span> 
     </span>
    </p>
   </div>
   <div class='ocr_carea' id='block_1_64' title="bbox 2127 3168 3739 3254">
    <p class='ocr_par' dir='ltr' id='par_1_64' title="bbox 2127 3170 3739 3246">
     <span class='ocr_line' id='line_1_64' title="bbox 2127 3170 3739 3246; baseline 0.004 -21"><span class='ocrx_word' id='word_1_411' title='bbox 2127 3170 2339 3243; x_wconf 83' lang='lat' dir='ltr'>[ipsum</span> <span class='ocrx_word' id='word_1_412' title='bbox 2369 3188 2466 3228; x_wconf 88' lang='lat' dir='ltr'>ore</span> <span class='ocrx_word' id='word_1_413' title='bbox 2498 3173 2729 3245; x_wconf 90' lang='lat' dir='ltr'>proprio</span> <span class='ocrx_word' id='word_1_414' title='bbox 2778 3175 3209 3246; x_wconf 79' lang='lat' dir='ltr'>professarum,</span> <span class='ocrx_word' id='word_1_415' title='bbox 3231 3176 3353 3231; x_wconf 58' lang='lat' dir='ltr'>nisi</span> <span class='ocrx_word' id='word_1_416' title='bbox 3388 3176 3739 3233; x_wconf 60' lang='lat' dir='ltr'>canonicum</span> 
     </span>
    </p>
   </div>
   <div class='ocr_carea' id='block_1_65' title="bbox 320 3248 3743 3337">
    <p class='ocr_par' dir='ltr' id='par_1_65' title="bbox 320 3248 3743 3337">
     <span class='ocr_line' id='line_1_65' title="bbox 320 3248 3743 3337; baseline 0.004 -20"><span class='ocrx_word' id='word_1_417' title='bbox 320 3264 549 3334; x_wconf 88' lang='lat' dir='ltr'>petrata</span> <span class='ocrx_word' id='word_1_418' title='bbox 578 3260 886 3333; x_wconf 88' lang='lat' dir='ltr'>iniquitate</span> <span class='ocrx_word' id='word_1_419' title='bbox 915 3271 1246 3336; x_wconf 87' lang='lat' dir='ltr'>cognoscat,</span> <span class='ocrx_word' id='word_1_420' title='bbox 1269 3271 1329 3322; x_wconf 90' lang='lat' dir='ltr'>et</span> <span class='ocrx_word' id='word_1_421' title='bbox 1356 3283 1392 3322; x_wconf 90' lang='lat' dir='ltr'>a</span> <span class='ocrx_word' id='word_1_422' title='bbox 1419 3267 1815 3327; x_wconf 85' lang='lat' dir='ltr'>sacratissimo</span> <span class='ocrx_word' id='word_1_423' title='bbox 1841 3248 1969 3327; x_wconf 75' lang='lat' dir='ltr'>cor-</span> <span class='ocrx_word' id='word_1_424' title='bbox 2000 3248 2044 3316; x_wconf 64' lang='grc' dir='ltr'>(ἶ</span> <span class='ocrx_word' id='word_1_425' title='bbox 2082 3257 2571 3331; x_wconf 64' lang='lat' dir='ltr'>impedimentum</span> <span class='ocrx_word' id='word_1_426' title='bbox 2595 3263 2881 3318; x_wconf 64' lang='lat' dir='ltr'>evenerit:</span> <span class='ocrx_word' id='word_1_427' title='bbox 2907 3280 3023 3336; x_wconf 82' lang='lat' dir='ltr'>quo</span> <span class='ocrx_word' id='word_1_428' title='bbox 3045 3267 3340 3320; x_wconf 64' lang='lat' dir='ltr'>transacto</span> <span class='ocrx_word' id='word_1_429' title='bbox 3362 3264 3513 3320; x_wconf 64' lang='grc' dir='ltr'><strong>ίηΐτει</strong></span> <span class='ocrx_word' id='word_1_430' title='bbox 3536 3265 3743 3337; x_wconf 53' lang='grc' dir='ltr'>ωεξη-</span> 
     </span>
    </p>
   </div>
   <div class='ocr_carea' id='block_1_66' title="bbox 321 3351 1972 3430">
    <p class='ocr_par' dir='ltr' id='par_1_66' title="bbox 321 3351 1972 3430">
     <span class='ocr_line' id='line_1_66' title="bbox 321 3351 1972 3430; baseline 0.005 -24"><span class='ocrx_word' id='word_1_431' title='bbox 321 3366 466 3423; x_wconf 84' lang='lat' dir='ltr'>pore</span> <span class='ocrx_word' id='word_1_432' title='bbox 496 3366 561 3406; x_wconf 85' lang='lat' dir='ltr'>ac</span> <span class='ocrx_word' id='word_1_433' title='bbox 592 3351 878 3424; x_wconf 86' lang='lat' dir='ltr'>sanguine</span> <span class='ocrx_word' id='word_1_434' title='bbox 899 3352 1000 3409; x_wconf 92' lang='lat' dir='ltr'>Dei</span> <span class='ocrx_word' id='word_1_435' title='bbox 1021 3357 1079 3408; x_wconf 88' lang='lat' dir='ltr'>et</span> <span class='ocrx_word' id='word_1_436' title='bbox 1096 3354 1329 3411; x_wconf 88' lang='lat' dir='ltr'>Domini</span> <span class='ocrx_word' id='word_1_437' title='bbox 1362 3355 1768 3430; x_wconf 82' lang='lat' dir='ltr'>Redemptoris</span> <span class='ocrx_word' id='word_1_438' title='bbox 1789 3361 1972 3417; x_wconf 88' lang='lat' dir='ltr'>nostri</span> 
     </span>
    </p>
   </div>
   <div class='ocr_carea' id='block_1_67' title="bbox 316 3438 1973 3515">
    <p class='ocr_par' dir='ltr' id='par_1_67' title="bbox 316 3438 1973 3515">
     <span class='ocr_line' id='line_1_67' title="bbox 316 3438 1973 3515; baseline 0.008 -22"><span class='ocrx_word' id='word_1_439' title='bbox 316 3438 457 3493; x_wconf 87' lang='lat' dir='ltr'>Jesu</span> <span class='ocrx_word' id='word_1_440' title='bbox 490 3438 704 3495; x_wconf 87' lang='lat' dir='ltr'>Christi</span> <span class='ocrx_word' id='word_1_441' title='bbox 737 3440 927 3498; x_wconf 88' lang='lat' dir='ltr'>aliena</span> <span class='ocrx_word' id='word_1_442' title='bbox 959 3442 1079 3510; x_wconf 82' lang='lat' dir='ltr'>fiat,</span> <span class='ocrx_word' id='word_1_443' title='bbox 1103 3447 1278 3515; x_wconf 90' lang='lat' dir='ltr'>atque</span> <span class='ocrx_word' id='word_1_444' title='bbox 1321 3445 1380 3500; x_wconf 90' lang='lat' dir='ltr'>in</span> <span class='ocrx_word' id='word_1_445' title='bbox 1425 3450 1683 3503; x_wconf 83' lang='lat' dir='ltr'>extremo</span> <span class='ocrx_word' id='word_1_446' title='bbox 1709 3449 1973 3507; x_wconf 84' lang='lat' dir='ltr'>examine</span> 
     </span>
    </p>
   </div>
   <div class='ocr_carea' id='block_1_68' title="bbox 316 3526 1972 3602">
    <p class='ocr_par' dir='ltr' id='par_1_68' title="bbox 316 3526 1972 3602">
     <span class='ocr_line' id='line_1_68' title="bbox 316 3526 1972 3602; baseline 0.008 -19"><span class='ocrx_word' id='word_1_447' title='bbox 316 3526 589 3585; x_wconf 67' lang='lat' dir='ltr'>districts:</span> <span class='ocrx_word' id='word_1_448' title='bbox 607 3527 811 3585; x_wconf 89' lang='lat' dir='ltr'>ultioni</span> <span class='ocrx_word' id='word_1_449' title='bbox 830 3529 1148 3602; x_wconf 74' lang='lat' dir='ltr'>subiaceat,</span> <span class='ocrx_word' id='word_1_450' title='bbox 1174 3534 1400 3591; x_wconf 88' lang='lat' dir='ltr'>cunctis</span> <span class='ocrx_word' id='word_1_451' title='bbox 1420 3539 1615 3592; x_wconf 86' lang='lat' dir='ltr'>autem</span> <span class='ocrx_word' id='word_1_452' title='bbox 1638 3535 1827 3595; x_wconf 90' lang='lat' dir='ltr'>eidem</span> <span class='ocrx_word' id='word_1_453' title='bbox 1847 3538 1972 3596; x_wconf 92' lang='lat' dir='ltr'>loco</span> 
     </span>
    </p>
   </div>
   <div class='ocr_carea' id='block_1_69' title="bbox 308 3616 1969 3697">
    <p class='ocr_par' dir='ltr' id='par_1_69' title="bbox 308 3616 1969 3697">
     <span class='ocr_line' id='line_1_69' title="bbox 308 3616 1969 3697; baseline 0.007 -26"><span class='ocrx_word' id='word_1_454' title='bbox 308 3616 476 3687; x_wconf 76' lang='lat' dir='ltr'>justo.</span> <span class='ocrx_word' id='word_1_455' title='bbox 498 3617 867 3675; x_wconf 88' lang='lat' dir='ltr'>servantibus</span> <span class='ocrx_word' id='word_1_456' title='bbox 888 3619 965 3675; x_wconf 88' lang='lat' dir='ltr'>sit</span> <span class='ocrx_word' id='word_1_457' title='bbox 986 3637 1096 3692; x_wconf 83' lang='lat' dir='ltr'>pax</span> <span class='ocrx_word' id='word_1_458' title='bbox 1114 3621 1344 3678; x_wconf 80' lang='lat' dir='ltr'>Domini</span> <span class='ocrx_word' id='word_1_459' title='bbox 1371 3624 1554 3681; x_wconf 90' lang='lat' dir='ltr'>nostri</span> <span class='ocrx_word' id='word_1_460' title='bbox 1574 3629 1715 3683; x_wconf 72' lang='lat' dir='ltr'>Jesu</span> <span class='ocrx_word' id='word_1_461' title='bbox 1735 3626 1969 3697; x_wconf 88' lang='lat' dir='ltr'>Christi,</span> 
     </span>
    </p>
   </div>
   <div class='ocr_carea' id='block_1_70' title="bbox 317 3707 1967 3788">
    <p class='ocr_par' dir='ltr' id='par_1_70' title="bbox 317 3707 1967 3788">
     <span class='ocr_line' id='line_1_70' title="bbox 317 3707 1967 3788; baseline 0.008 -29"><span class='ocrx_word' id='word_1_462' title='bbox 317 3709 611 3777; x_wconf 79' lang='lat' dir='ltr'>quatenus</span> <span class='ocrx_word' id='word_1_463' title='bbox 641 3710 699 3763; x_wconf 91' lang='lat' dir='ltr'>et</span> <span class='ocrx_word' id='word_1_464' title='bbox 740 3707 833 3763; x_wconf 86' lang='lat' dir='ltr'>hic</span> <span class='ocrx_word' id='word_1_465' title='bbox 866 3708 1121 3765; x_wconf 89' lang='lat' dir='ltr'>fructum</span> <span class='ocrx_word' id='word_1_466' title='bbox 1155 3711 1319 3768; x_wconf 61' lang='lat' dir='ltr'>bona</span> <span class='ocrx_word' id='word_1_467' title='bbox 1350 3713 1593 3770; x_wconf 77' lang='lat' dir='ltr'>actionis</span> <span class='ocrx_word' id='word_1_468' title='bbox 1624 3716 1967 3788; x_wconf 87' lang='lat' dir='ltr'>percipiant,</span> 
     </span>
    </p>
   </div>
   <div class='ocr_carea' id='block_1_71' title="bbox 315 3794 1971 3877">
    <p class='ocr_par' dir='ltr' id='par_1_71' title="bbox 315 3794 1971 3877">
     <span class='ocr_line' id='line_1_71' title="bbox 315 3794 1971 3877; baseline 0.008 -28"><span class='ocrx_word' id='word_1_469' title='bbox 315 3797 372 3849; x_wconf 89' lang='lat' dir='ltr'>et</span> <span class='ocrx_word' id='word_1_470' title='bbox 403 3794 558 3866; x_wconf 81' lang='lat' dir='ltr'>apud</span> <span class='ocrx_word' id='word_1_471' title='bbox 590 3795 922 3852; x_wconf 89' lang='lat' dir='ltr'>districtum</span> <span class='ocrx_word' id='word_1_472' title='bbox 964 3798 1221 3867; x_wconf 87' lang='lat' dir='ltr'>judicem</span> <span class='ocrx_word' id='word_1_473' title='bbox 1254 3802 1493 3871; x_wconf 85' lang='lat' dir='ltr'>praemia</span> <span class='ocrx_word' id='word_1_474' title='bbox 1538 3806 1763 3860; x_wconf 62' lang='lat' dir='ltr'>aeternis</span> <span class='ocrx_word' id='word_1_475' title='bbox 1811 3806 1971 3877; x_wconf 80' lang='lat' dir='ltr'>pacis</span> 
     </span>
    </p>
   </div>
   <div class='ocr_carea' id='block_1_72' title="bbox 314 3881 1316 3954">
    <p class='ocr_par' dir='ltr' id='par_1_72' title="bbox 314 3881 1316 3954">
     <span class='ocr_line' id='line_1_72' title="bbox 314 3881 1316 3954; baseline 0.008 -17"><span class='ocrx_word' id='word_1_476' title='bbox 314 3881 633 3939; x_wconf 87' lang='lat' dir='ltr'>inveniant.</span> <span class='ocrx_word' id='word_1_477' title='bbox 662 3886 868 3951; x_wconf 80' lang='lat' dir='ltr'>Amen,</span> <span class='ocrx_word' id='word_1_478' title='bbox 901 3902 1092 3954; x_wconf 87' lang='lat' dir='ltr'>amen,</span> <span class='ocrx_word' id='word_1_479' title='bbox 1124 3904 1316 3946; x_wconf 86' lang='lat' dir='ltr'>amen.</span> 
     </span>
    </p>
   </div>
   <div class='ocr_carea' id='block_1_73' title="bbox 389 3971 1972 4053">
    <p class='ocr_par' dir='ltr' id='par_1_73' title="bbox 389 3971 1972 4053">
     <span class='ocr_line' id='line_1_73' title="bbox 389 3971 1972 4053; baseline 0.008 -26"><span class='ocrx_word' id='word_1_480' title='bbox 389 3971 687 4042; x_wconf 89' lang='lat' dir='ltr'>Scriptum</span> <span class='ocrx_word' id='word_1_481' title='bbox 718 3989 820 4045; x_wconf 89' lang='lat' dir='ltr'>per</span> <span class='ocrx_word' id='word_1_482' title='bbox 850 3991 1090 4032; x_wconf 91' lang='lat' dir='ltr'>manum</span> <span class='ocrx_word' id='word_1_483' title='bbox 1121 3977 1294 4046; x_wconf 90' lang='lat' dir='ltr'>Petri,</span> <span class='ocrx_word' id='word_1_484' title='bbox 1327 3979 1539 4035; x_wconf 89' lang='lat' dir='ltr'>notarii</span> <span class='ocrx_word' id='word_1_485' title='bbox 1570 3981 1883 4053; x_wconf 89' lang='lat' dir='ltr'>regionarii</span> <span class='ocrx_word' id='word_1_486' title='bbox 1914 3990 1972 4040; x_wconf 91' lang='lat' dir='ltr'>et</span> 
     </span>
    </p>
   </div>
   <div class='ocr_carea' id='block_1_74' title="bbox 316 4059 1039 4134">
    <p class='ocr_par' dir='ltr' id='par_1_74' title="bbox 316 4059 1039 4134">
     <span class='ocr_line' id='line_1_74' title="bbox 316 4059 1039 4134; baseline 0.008 -20"><span class='ocrx_word' id='word_1_487' title='bbox 316 4059 608 4116; x_wconf 85' lang='lat' dir='ltr'>scriniarii</span> <span class='ocrx_word' id='word_1_488' title='bbox 638 4062 789 4116; x_wconf 88' lang='lat' dir='ltr'>sacri</span> <span class='ocrx_word' id='word_1_489' title='bbox 820 4063 1039 4134; x_wconf 88' lang='lat' dir='ltr'>palatii.</span> 
     </span>
    </p>
   </div>
   <div class='ocr_carea' id='block_1_75' title="bbox 391 4149 1966 4230">
    <p class='ocr_par' dir='ltr' id='par_1_75' title="bbox 391 4149 1966 4230">
     <span class='ocr_line' id='line_1_75' title="bbox 391 4149 1966 4230; baseline 0.009 -27"><span class='ocrx_word' id='word_1_490' title='bbox 391 4152 599 4205; x_wconf 86' lang='lat' dir='ltr'>Datum</span> <span class='ocrx_word' id='word_1_491' title='bbox 630 4149 823 4207; x_wconf 70' lang='lat' dir='ltr'>Roma:</span> <span class='ocrx_word' id='word_1_492' title='bbox 855 4152 915 4207; x_wconf 90' lang='lat' dir='ltr'>in</span> <span class='ocrx_word' id='word_1_493' title='bbox 955 4153 1181 4225; x_wconf 90' lang='lat' dir='ltr'>porticu</span> <span class='ocrx_word' id='word_1_494' title='bbox 1211 4154 1370 4213; x_wconf 90' lang='lat' dir='ltr'>Beati</span> <span class='ocrx_word' id='word_1_495' title='bbox 1412 4156 1561 4212; x_wconf 90' lang='lat' dir='ltr'>Petri</span> <span class='ocrx_word' id='word_1_496' title='bbox 1594 4174 1697 4230; x_wconf 91' lang='lat' dir='ltr'>per</span> <span class='ocrx_word' id='word_1_497' title='bbox 1726 4175 1966 4217; x_wconf 86' lang='lat' dir='ltr'>manum</span> 
     </span>
    </p>
   </div>
   <div class='ocr_carea' id='block_1_76' title="bbox 313 4235 1966 4305">
    <p class='ocr_par' dir='ltr' id='par_1_76' title="bbox 313 4235 1966 4305">
     <span class='ocr_line' id='line_1_76' title="bbox 313 4235 1966 4305; baseline 0.009 -15"><span class='ocrx_word' id='word_1_498' title='bbox 313 4235 579 4305; x_wconf 78' lang='lat' dir='ltr'>Joannis,</span> <span class='ocrx_word' id='word_1_499' title='bbox 611 4244 822 4296; x_wconf 63' lang='lat' dir='ltr'>sanctae</span> <span class='ocrx_word' id='word_1_500' title='bbox 847 4241 1121 4298; x_wconf 80' lang='lat' dir='ltr'>Romanae</span> <span class='ocrx_word' id='word_1_501' title='bbox 1142 4244 1410 4301; x_wconf 65' lang='lat' dir='ltr'>Ecclesiae</span> <span class='ocrx_word' id='word_1_502' title='bbox 1438 4245 1668 4302; x_wconf 86' lang='lat' dir='ltr'>diaconi</span> <span class='ocrx_word' id='word_1_503' title='bbox 1700 4249 1966 4305; x_wconf 81' lang='lat' dir='ltr'>cardina-</span> 
     </span>
    </p>
   </div>
   <div class='ocr_carea' id='block_1_77' title="bbox 316 4324 1966 4402">
    <p class='ocr_par' dir='ltr' id='par_1_77' title="bbox 316 4324 1966 4402">
     <span class='ocr_line' id='line_1_77' title="bbox 316 4324 1966 4402; baseline 0.009 -22"><span class='ocrx_word' id='word_1_504' title='bbox 316 4324 390 4381; x_wconf 90' lang='lat' dir='ltr'>lis</span> <span class='ocrx_word' id='word_1_505' title='bbox 430 4343 531 4381; x_wconf 84' lang='lat' dir='ltr'>xm</span> <span class='ocrx_word' id='word_1_506' title='bbox 580 4327 702 4385; x_wconf 87' lang='lat' dir='ltr'>Kal.</span> <span class='ocrx_word' id='word_1_507' title='bbox 741 4330 898 4396; x_wconf 87' lang='lat' dir='ltr'>Maii,</span> <span class='ocrx_word' id='word_1_508' title='bbox 945 4332 1146 4387; x_wconf 89' lang='lat' dir='ltr'>indict.</span> <span class='ocrx_word' id='word_1_509' title='bbox 1180 4350 1280 4402; x_wconf 83' lang='lat' dir='ltr'>vn,</span> <span class='ocrx_word' id='word_1_510' title='bbox 1315 4334 1739 4392; x_wconf 84' lang='lat' dir='ltr'>Incarnationis</span> <span class='ocrx_word' id='word_1_511' title='bbox 1768 4339 1966 4394; x_wconf 86' lang='lat' dir='ltr'>Domi-</span> 
     </span>
    </p>
   </div>
   <div class='ocr_carea' id='block_1_78' title="bbox 314 4412 1967 4492">
    <p class='ocr_par' dir='ltr' id='par_1_78' title="bbox 314 4412 1967 4492">
     <span class='ocr_line' id='line_1_78' title="bbox 314 4412 1967 4492; baseline 0.008 -21"><span class='ocrx_word' id='word_1_512' title='bbox 314 4412 458 4477; x_wconf 68' lang='lat' dir='ltr'>nicis</span> <span class='ocrx_word' id='word_1_513' title='bbox 485 4432 636 4472; x_wconf 91' lang='lat' dir='ltr'>anno</span> <span class='ocrx_word' id='word_1_514' title='bbox 658 4418 815 4489; x_wconf 89' lang='lat'>1.099,</span> <span class='ocrx_word' id='word_1_515' title='bbox 841 4419 1217 4492; x_wconf 81' lang='lat' dir='ltr'>pontificatus</span> <span class='ocrx_word' id='word_1_516' title='bbox 1235 4426 1434 4478; x_wconf 88' lang='lat' dir='ltr'>autem</span> <span class='ocrx_word' id='word_1_517' title='bbox 1456 4422 1658 4480; x_wconf 84' lang='lat' dir='ltr'>domui</span> <span class='ocrx_word' id='word_1_518' title='bbox 1680 4425 1894 4483; x_wconf 91' lang='lat' dir='ltr'>Urbani</span> <span class='ocrx_word' id='word_1_519' title='bbox 1919 4429 1967 4484; x_wconf 90' lang='lat' dir='ltr'>Il</span> 
     </span>
    </p>
   </div>
   <div class='ocr_carea' id='block_1_79' title="bbox 315 4519 612 4577">
    <p class='ocr_par' dir='ltr' id='par_1_79' title="bbox 315 4519 612 4577">
     <span class='ocr_line' id='line_1_79' title="bbox 315 4519 612 4577; baseline 0.007 -17"><span class='ocrx_word' id='word_1_520' title='bbox 315 4519 482 4577; x_wconf 68' lang='lat' dir='ltr'>papa:</span> <span class='ocrx_word' id='word_1_521' title='bbox 512 4522 612 4562; x_wconf 81' lang='lat' dir='ltr'>xu.</span> 
     </span>
    </p>
   </div>
   <div class='ocr_carea' id='block_1_80' title="bbox 1015 4622 1266 4681">
    <p class='ocr_par' dir='ltr' id='par_1_80' title="bbox 1015 4622 1266 4681">
     <span class='ocr_line' id='line_1_80' title="bbox 1015 4622 1266 4681; baseline -0.004 -1"><span class='ocrx_word' id='word_1_522' title='bbox 1015 4622 1266 4681; x_wconf 84' lang='lat' dir='ltr'>CCXCII.</span> 
     </span>
    </p>
   </div>
   <div class='ocr_carea' id='block_1_81' title="bbox 317 4710 1962 4794">
    <p class='ocr_par' dir='ltr' id='par_1_81' title="bbox 317 4710 1962 4794">
     <span class='ocr_line' id='line_1_81' title="bbox 317 4710 1962 4794; baseline 0.007 -27"><span class='ocrx_word' id='word_1_523' title='bbox 317 4710 523 4767; x_wconf 77' lang='lat' dir='ltr'>Urbani</span> <span class='ocrx_word' id='word_1_524' title='bbox 563 4713 791 4794; x_wconf 63' lang='lat' dir='ltr'>epistola</span> <span class='ocrx_word' id='word_1_525' title='bbox 817 4713 1216 4794; x_wconf 29' lang='lat' dir='ltr'>adlﬂugoncm,</span> <span class='ocrx_word' id='word_1_526' title='bbox 1250 4715 1716 4794; x_wconf 69' lang='lat' dir='ltr'>archiepiscopum</span> <span class='ocrx_word' id='word_1_527' title='bbox 1744 4722 1962 4794; x_wconf 81' lang='lat' dir='ltr'>Lugdu-</span> 
     </span>
    </p>
   </div>
   <div class='ocr_carea' id='block_1_82' title="bbox 382 4785 1965 4873">
    <p class='ocr_par' dir='ltr' id='par_1_82' title="bbox 382 4785 1965 4873">
     <span class='ocr_line' id='line_1_82' title="bbox 382 4785 1965 4873; baseline 0.008 -36"><span class='ocrx_word' id='word_1_528' title='bbox 382 4798 624 4873; x_wconf 53' lang='grc' dir='ltr'>ξεηξεηι.</span> <span class='ocrx_word' id='word_1_529' title='bbox 647 4786 970 4873; x_wconf 49' lang='grc' dir='ltr'>-ιΙγιινξείαι</span> <span class='ocrx_word' id='word_1_530' title='bbox 996 4785 1215 4873; x_wconf 51' lang='lat' dir='ltr'>tandem</span> <span class='ocrx_word' id='word_1_531' title='bbox 1238 4785 1549 4871; x_wconf 57' lang='lat' dir='ltr'>prandium</span> <span class='ocrx_word' id='word_1_532' title='bbox 1575 4785 1692 4873; x_wconf 70' lang='lat' dir='ltr'>ejus</span> <span class='ocrx_word' id='word_1_533' title='bbox 1719 4809 1756 4848; x_wconf 89' lang='lat' dir='ltr'>a</span> <span class='ocrx_word' id='word_1_534' title='bbox 1782 4785 1965 4873; x_wconf 48' lang='lat' dir='ltr'>Dicim-</span> 
     </span>
    </p>
   </div>
   <div class='ocr_carea' id='block_1_83' title="bbox 386 4854 1965 4929">
    <p class='ocr_par' dir='ltr' id='par_1_83' title="bbox 386 4854 1965 4929">
     <span class='ocr_line' id='line_1_83' title="bbox 386 4854 1965 4929; baseline 0.011 -20"><span class='ocrx_word' id='word_1_535' title='bbox 386 4854 563 4923; x_wconf 80' lang='lat' dir='ltr'>berto,</span> <span class='ocrx_word' id='word_1_536' title='bbox 622 4856 1022 4928; x_wconf 68' lang='lat' dir='ltr'>archiepiscopo</span> <span class='ocrx_word' id='word_1_537' title='bbox 1082 4854 1385 4915; x_wconf 69' lang='grc' dir='ltr'><em>δεηοήεωὶ</em></span> <span class='ocrx_word' id='word_1_538' title='bbox 1400 4901 1432 4924; x_wconf 80' lang='grc'>,,</span> <span class='ocrx_word' id='word_1_539' title='bbox 1476 4854 1730 4929; x_wconf 65' lang='lat' dir='ltr'>agnitum</span> <span class='ocrx_word' id='word_1_540' title='bbox 1779 4867 1965 4925; x_wconf 66' lang='lat' dir='ltr'>Romae</span> 
     </span>
    </p>
   </div>
   <div class='ocr_carea' id='block_1_84' title="bbox 382 4942 1344 5071">
    <p class='ocr_par' dir='ltr' id='par_1_84' title="bbox 382 4942 1344 5071">
     <span class='ocr_line' id='line_1_84' title="bbox 382 4942 514 4981; baseline 0 0"><span class='ocrx_word' id='word_1_541' title='bbox 382 4942 514 4981; x_wconf 77' lang='lat' dir='ltr'>esse.</span> 
     </span>
     <span class='ocr_line' id='line_1_85' title="bbox 937 4998 1344 5071; baseline 0.002 -19"><span class='ocrx_word' id='word_1_542' title='bbox 937 4998 1124 5070; x_wconf 87' lang='lat' dir='ltr'>(Anno</span> <span class='ocrx_word' id='word_1_543' title='bbox 1159 4998 1344 5071; x_wconf 90' lang='lat'>1099.)</span> 
     </span>
    </p>
   </div>
   <div class='ocr_carea' id='block_1_85' title="bbox 741 5086 1539 5163">
    <p class='ocr_par' dir='ltr' id='par_1_85' title="bbox 741 5086 1539 5163">
     <span class='ocr_line' id='line_1_86' title="bbox 741 5086 1539 5163; baseline 0.008 -24"><span class='ocrx_word' id='word_1_544' title='bbox 741 5086 975 5157; x_wconf 81' lang='lat' dir='ltr'>[MANSI,</span> <span class='ocrx_word' id='word_1_545' title='bbox 1006 5086 1210 5143; x_wconf 69' lang='lat' dir='ltr'>Concz&#39;l.</span> <span class='ocrx_word' id='word_1_546' title='bbox 1242 5087 1354 5159; x_wconf 87' lang='lat' dir='ltr'>XX,</span> <span class='ocrx_word' id='word_1_547' title='bbox 1389 5090 1539 5163; x_wconf 86' lang='lat'>877.]</span> 
     </span>
    </p>
   </div>
   <div class='ocr_carea' id='block_1_86' title="bbox 383 5199 1966 5277">
    <p class='ocr_par' dir='ltr' id='par_1_86' title="bbox 383 5199 1966 5277">
     <span class='ocr_line' id='line_1_87' title="bbox 383 5199 1966 5277; baseline 0.008 -21"><span class='ocrx_word' id='word_1_548' title='bbox 383 5199 664 5257; x_wconf 78' lang='lat' dir='ltr'>URBANUS</span> <span class='ocrx_word' id='word_1_549' title='bbox 684 5201 1015 5273; x_wconf 86' lang='lat' dir='ltr'>episcopus,</span> <span class='ocrx_word' id='word_1_550' title='bbox 1043 5220 1245 5259; x_wconf 88' lang='lat' dir='ltr'>servus</span> <span class='ocrx_word' id='word_1_551' title='bbox 1266 5220 1563 5262; x_wconf 87' lang='lat' dir='ltr'>servorum</span> <span class='ocrx_word' id='word_1_552' title='bbox 1588 5208 1710 5277; x_wconf 87' lang='lat' dir='ltr'>Dei,</span> <span class='ocrx_word' id='word_1_553' title='bbox 1733 5228 1966 5268; x_wconf 86' lang='lat' dir='ltr'>venera-</span> 
     </span>
    </p>
   </div>
   <div class='ocr_carea' id='block_1_87' title="bbox 313 5287 1963 5372">
    <p class='ocr_par' dir='ltr' id='par_1_87' title="bbox 313 5287 1963 5372">
     <span class='ocr_line' id='line_1_88' title="bbox 313 5287 1963 5372; baseline 0.008 -28"><span class='ocrx_word' id='word_1_554' title='bbox 313 5287 417 5344; x_wconf 89' lang='lat' dir='ltr'>bili</span> <span class='ocrx_word' id='word_1_555' title='bbox 452 5287 616 5343; x_wconf 89' lang='lat' dir='ltr'>fratri</span> <span class='ocrx_word' id='word_1_556' title='bbox 654 5292 712 5344; x_wconf 91' lang='lat' dir='ltr'>et</span> <span class='ocrx_word' id='word_1_557' title='bbox 758 5287 1100 5363; x_wconf 88' lang='lat' dir='ltr'>coepiscopo</span> <span class='ocrx_word' id='word_1_558' title='bbox 1144 5291 1392 5363; x_wconf 76' lang='lat' dir='ltr'>Hueom,</span> <span class='ocrx_word' id='word_1_559' title='bbox 1420 5295 1799 5368; x_wconf 87' lang='lat' dir='ltr'>Lugdunensi</span> <span class='ocrx_word' id='word_1_560' title='bbox 1848 5303 1963 5372; x_wconf 92' lang='lat' dir='ltr'>pri-</span> 
     </span>
    </p>
   </div>
   <div class='ocr_carea' id='block_1_88' title="bbox 315 5375 1785 5451">
    <p class='ocr_par' dir='ltr' id='par_1_88' title="bbox 315 5375 1785 5451">
     <span class='ocr_line' id='line_1_89' title="bbox 315 5375 1785 5451; baseline 0.01 -21"><span class='ocrx_word' id='word_1_561' title='bbox 315 5376 482 5443; x_wconf 89' lang='lat' dir='ltr'>mati,</span> <span class='ocrx_word' id='word_1_562' title='bbox 518 5375 768 5434; x_wconf 87' lang='lat' dir='ltr'>salutem</span> <span class='ocrx_word' id='word_1_563' title='bbox 799 5382 857 5433; x_wconf 88' lang='lat' dir='ltr'>et</span> <span class='ocrx_word' id='word_1_564' title='bbox 887 5379 1265 5451; x_wconf 88' lang='lat' dir='ltr'>apostolicam</span> <span class='ocrx_word' id='word_1_565' title='bbox 1297 5383 1785 5445; x_wconf 90' lang='lat' dir='ltr'>benedictionem.</span> 
     </span>
    </p>
   </div>
   <div class='ocr_carea' id='block_1_89' title="bbox 386 5465 1965 5540">
    <p class='ocr_par' dir='ltr' id='par_1_89' title="bbox 386 5465 1965 5540">
     <span class='ocr_line' id='line_1_90' title="bbox 386 5465 1965 5540; baseline 0.011 -21"><span class='ocrx_word' id='word_1_566' title='bbox 386 5465 494 5520; x_wconf 88' lang='lat' dir='ltr'>Pro</span> <span class='ocrx_word' id='word_1_567' title='bbox 525 5466 761 5538; x_wconf 86' lang='lat' dir='ltr'>querela</span> <span class='ocrx_word' id='word_1_568' title='bbox 808 5485 986 5540; x_wconf 89' lang='lat' dir='ltr'>quam</span> <span class='ocrx_word' id='word_1_569' title='bbox 1036 5469 1314 5526; x_wconf 88' lang='lat' dir='ltr'>adversus</span> <span class='ocrx_word' id='word_1_570' title='bbox 1346 5472 1742 5534; x_wconf 88' lang='lat' dir='ltr'>Senonensem</span> <span class='ocrx_word' id='word_1_571' title='bbox 1772 5479 1965 5537; x_wconf 81' lang='lat' dir='ltr'>Eccle-</span> 
     </span>
    </p>
   </div>
   <div class='ocr_carea' id='block_1_90' title="bbox 316 5554 1966 5628">
    <p class='ocr_par' dir='ltr' id='par_1_90' title="bbox 316 5554 1966 5628">
     <span class='ocr_line' id='line_1_91' title="bbox 316 5554 1966 5628; baseline 0.011 -18"><span class='ocrx_word' id='word_1_572' title='bbox 316 5554 466 5610; x_wconf 84' lang='lat' dir='ltr'>siam</span> <span class='ocrx_word' id='word_1_573' title='bbox 519 5561 577 5611; x_wconf 90' lang='lat' dir='ltr'>et</span> <span class='ocrx_word' id='word_1_574' title='bbox 624 5558 1117 5628; x_wconf 72' lang='lat' dir='ltr'>praedecessorum</span> <span class='ocrx_word' id='word_1_575' title='bbox 1158 5563 1394 5617; x_wconf 91' lang='lat' dir='ltr'>tuorum</span> <span class='ocrx_word' id='word_1_576' title='bbox 1441 5567 1497 5619; x_wconf 91' lang='lat' dir='ltr'>et</span> <span class='ocrx_word' id='word_1_577' title='bbox 1537 5568 1639 5620; x_wconf 89' lang='lat' dir='ltr'>tua</span> <span class='ocrx_word' id='word_1_578' title='bbox 1683 5566 1966 5628; x_wconf 88' lang='lat' dir='ltr'>hactenus</span> 
     </span>
    </p>
   </div>
   <div class='ocr_carea' id='block_1_91' title="bbox 314 5645 1969 5723">
    <p class='ocr_par' dir='ltr' id='par_1_91' title="bbox 314 5645 1969 5723">
     <span class='ocr_line' id='line_1_92' title="bbox 314 5645 1969 5723; baseline 0.011 -24"><span class='ocrx_word' id='word_1_579' title='bbox 314 5645 647 5702; x_wconf 87' lang='lat' dir='ltr'>fraternitas</span> <span class='ocrx_word' id='word_1_580' title='bbox 676 5647 1046 5705; x_wconf 84' lang='lat' dir='ltr'>vehementer</span> <span class='ocrx_word' id='word_1_581' title='bbox 1074 5650 1353 5719; x_wconf 79' lang='lat' dir='ltr'>exercuit,</span> <span class='ocrx_word' id='word_1_582' title='bbox 1385 5654 1620 5723; x_wconf 88' lang='lat' dir='ltr'>quantis</span> <span class='ocrx_word' id='word_1_583' title='bbox 1653 5661 1969 5717; x_wconf 86' lang='lat' dir='ltr'>contentio-</span> 
     </span>
    </p>
   </div>
   <div class='ocr_carea' id='block_1_92' title="bbox 2082 3349 3741 3424">
    <p class='ocr_par' dir='ltr' id='par_1_92' title="bbox 2082 3349 3741 3424">
     <span class='ocr_line' id='line_1_93' title="bbox 2082 3349 3741 3424; baseline 0.005 -21"><span class='ocrx_word' id='word_1_584' title='bbox 2082 3351 2143 3403; x_wconf 87' lang='lat' dir='ltr'>ta</span> <span class='ocrx_word' id='word_1_585' title='bbox 2171 3349 2295 3404; x_wconf 87' lang='lat' dir='ltr'>dies</span> <span class='ocrx_word' id='word_1_586' title='bbox 2325 3349 2584 3422; x_wconf 86' lang='lat' dir='ltr'>idipsum</span> <span class='ocrx_word' id='word_1_587' title='bbox 2624 3351 2872 3424; x_wconf 83' lang='lat' dir='ltr'>implere</span> <span class='ocrx_word' id='word_1_588' title='bbox 2910 3353 3158 3408; x_wconf 88' lang='lat' dir='ltr'>curabit.</span> <span class='ocrx_word' id='word_1_589' title='bbox 3193 3353 3293 3409; x_wconf 87' lang='lat' dir='ltr'>Sic</span> <span class='ocrx_word' id='word_1_590' title='bbox 3315 3353 3483 3409; x_wconf 82' lang='lat' dir='ltr'>enim</span> <span class='ocrx_word' id='word_1_591' title='bbox 3503 3354 3741 3412; x_wconf 71' lang='lat' dir='ltr'>vinariis</span> 
     </span>
    </p>
   </div>
   <div class='ocr_carea' id='block_1_93' title="bbox 2079 3437 3739 3514">
    <p class='ocr_par' dir='ltr' id='par_1_93' title="bbox 2079 3437 3739 3514">
     <span class='ocr_line' id='line_1_94' title="bbox 2079 3437 3739 3514; baseline 0.003 -20"><span class='ocrx_word' id='word_1_592' title='bbox 2079 3437 2310 3505; x_wconf 80' lang='lat' dir='ltr'>vestris,</span> <span class='ocrx_word' id='word_1_593' title='bbox 2337 3455 2438 3510; x_wconf 88' lang='lat' dir='ltr'>per</span> <span class='ocrx_word' id='word_1_594' title='bbox 2461 3455 2567 3495; x_wconf 89' lang='lat' dir='ltr'>eos</span> <span class='ocrx_word' id='word_1_595' title='bbox 2585 3440 2695 3495; x_wconf 92' lang='lat' dir='ltr'>tibi</span> <span class='ocrx_word' id='word_1_596' title='bbox 2716 3456 2782 3497; x_wconf 85' lang='lat' dir='ltr'>ac</span> <span class='ocrx_word' id='word_1_597' title='bbox 2810 3441 3189 3514; x_wconf 85' lang='lat' dir='ltr'>Lugdunensi</span> <span class='ocrx_word' id='word_1_598' title='bbox 3221 3442 3493 3498; x_wconf 65' lang='lat' dir='ltr'>Ecclesia</span> <span class='ocrx_word' id='word_1_599' title='bbox 3518 3442 3585 3499; x_wconf 82' lang='lat' dir='ltr'>in</span> <span class='ocrx_word' id='word_1_600' title='bbox 3610 3459 3739 3499; x_wconf 79' lang='lat' dir='ltr'>rna-</span> 
     </span>
    </p>
   </div>
   <div class='ocr_carea' id='block_1_94' title="bbox 2082 3527 3736 3602">
    <p class='ocr_par' dir='ltr' id='par_1_94' title="bbox 2082 3527 3736 3602">
     <span class='ocr_line' id='line_1_95' title="bbox 2082 3527 3736 3602; baseline 0.004 -21"><span class='ocrx_word' id='word_1_601' title='bbox 2082 3543 2226 3582; x_wconf 87' lang='lat' dir='ltr'>num</span> <span class='ocrx_word' id='word_1_602' title='bbox 2257 3527 2710 3601; x_wconf 86' lang='lat' dir='ltr'>assignavimus,</span> <span class='ocrx_word' id='word_1_603' title='bbox 2743 3531 3133 3601; x_wconf 64' lang='lat' dir='ltr'>praesentibus</span> <span class='ocrx_word' id='word_1_604' title='bbox 3182 3531 3472 3587; x_wconf 65' lang='lat' dir='ltr'>fratribus</span> <span class='ocrx_word' id='word_1_605' title='bbox 3493 3532 3736 3602; x_wconf 69' lang='lat' dir='ltr'>nostris,</span> 
     </span>
    </p>
   </div>
   <div class='ocr_carea' id='block_1_95' title="bbox 2081 3616 3743 3690">
    <p class='ocr_par' dir='ltr' id='par_1_95' title="bbox 2081 3616 3743 3690">
     <span class='ocr_line' id='line_1_96' title="bbox 2081 3616 3743 3690; baseline 0.004 -20"><span class='ocrx_word' id='word_1_606' title='bbox 2081 3631 2331 3686; x_wconf 90' lang='lat' dir='ltr'>quorum</span> <span class='ocrx_word' id='word_1_607' title='bbox 2365 3616 2519 3673; x_wconf 86' lang='lat' dir='ltr'>infra</span> <span class='ocrx_word' id='word_1_608' title='bbox 2548 3618 2767 3690; x_wconf 89' lang='lat' dir='ltr'>scripta</span> <span class='ocrx_word' id='word_1_609' title='bbox 2799 3622 2938 3675; x_wconf 86' lang='lat' dir='ltr'>sunt</span> <span class='ocrx_word' id='word_1_610' title='bbox 2967 3619 3245 3676; x_wconf 83' lang='lat' dir='ltr'>nomina:</span> <span class='ocrx_word' id='word_1_611' title='bbox 3278 3619 3563 3676; x_wconf 65' lang='lat' dir='ltr'>[tussim</span> <span class='ocrx_word' id='word_1_612' title='bbox 3585 3620 3743 3676; x_wconf 82' lang='lat' dir='ltr'>vide-</span> 
     </span>
    </p>
   </div>
   <div class='ocr_carea' id='block_1_96' title="bbox 2080 3703 3737 3781">
    <p class='ocr_par' dir='ltr' id='par_1_96' title="bbox 2080 3703 3737 3781">
     <span class='ocr_line' id='line_1_97' title="bbox 2080 3703 3737 3781; baseline 0.004 -22"><span class='ocrx_word' id='word_1_613' title='bbox 2080 3703 2217 3760; x_wconf 91' lang='lat' dir='ltr'>licet</span> <span class='ocrx_word' id='word_1_614' title='bbox 2262 3705 2690 3773; x_wconf 84' lang='lat' dir='ltr'>Cantuariensi,</span> <span class='ocrx_word' id='word_1_615' title='bbox 2716 3707 3068 3781; x_wconf 85' lang='lat' dir='ltr'>Leodegario</span> <span class='ocrx_word' id='word_1_616' title='bbox 3117 3708 3488 3777; x_wconf 70' lang='lat' dir='ltr'>Bituricensi,</span> <span class='ocrx_word' id='word_1_617' title='bbox 3523 3710 3737 3766; x_wconf 78' lang='lat' dir='ltr'>Amata</span> 
     </span>
    </p>
   </div>
   <div class='ocr_carea' id='block_1_97' title="bbox 2079 3792 3734 3868">
    <p class='ocr_par' dir='ltr' id='par_1_97' title="bbox 2079 3792 3734 3868">
     <span class='ocr_line' id='line_1_98' title="bbox 2079 3792 3734 3868; baseline 0.003 -21"><span class='ocrx_word' id='word_1_618' title='bbox 2079 3792 2506 3865; x_wconf 86' lang='lat' dir='ltr'>Burdigalensi,</span> <span class='ocrx_word' id='word_1_619' title='bbox 2536 3795 3020 3868; x_wconf 84' lang='lat' dir='ltr'>archiepiscopis;</span> <span class='ocrx_word' id='word_1_620' title='bbox 3053 3796 3348 3853; x_wconf 83' lang='lat' dir='ltr'>Gualterio</span> <span class='ocrx_word' id='word_1_621' title='bbox 3389 3795 3734 3865; x_wconf 68' lang='lat' dir='ltr'>Albanensi,</span> 
     </span>
    </p>
   </div>
   <div class='ocr_carea' id='block_1_98' title="bbox 2079 3878 3733 3951">
    <p class='ocr_par' dir='ltr' id='par_1_98' title="bbox 2079 3878 3733 3951">
     <span class='ocr_line' id='line_1_99' title="bbox 2079 3878 3733 3951; baseline 0.005 -17"><span class='ocrx_word' id='word_1_622' title='bbox 2079 3878 2278 3935; x_wconf 85' lang='lat' dir='ltr'>Odone</span> <span class='ocrx_word' id='word_1_623' title='bbox 2299 3879 2574 3950; x_wconf 84' lang='lat' dir='ltr'>Ostiensi,</span> <span class='ocrx_word' id='word_1_624' title='bbox 2590 3882 2891 3940; x_wconf 80' lang='lat' dir='ltr'>Guntardo</span> <span class='ocrx_word' id='word_1_625' title='bbox 2917 3884 3213 3951; x_wconf 81' lang='lat' dir='ltr'>Fundado,</span> <span class='ocrx_word' id='word_1_626' title='bbox 3239 3884 3521 3942; x_wconf 74' lang='lat' dir='ltr'>Lsutaldo</span> <span class='ocrx_word' id='word_1_627' title='bbox 3542 3885 3733 3942; x_wconf 78' lang='lat' dir='ltr'>Silva-</span> 
     </span>
    </p>
   </div>
   <div class='ocr_carea' id='block_1_99' title="bbox 2079 3969 3735 4043">
    <p class='ocr_par' dir='ltr' id='par_1_99' title="bbox 2079 3969 3735 4043">
     <span class='ocr_line' id='line_1_100' title="bbox 2079 3969 3735 4043; baseline 0.006 -20"><span class='ocrx_word' id='word_1_628' title='bbox 2079 3969 2359 4037; x_wconf 86' lang='lat' dir='ltr'>nectensi,</span> <span class='ocrx_word' id='word_1_629' title='bbox 2392 3969 2708 4043; x_wconf 88' lang='lat' dir='ltr'>episcopis;</span> <span class='ocrx_word' id='word_1_630' title='bbox 2750 3972 3003 4029; x_wconf 89' lang='lat' dir='ltr'>Nunerio</span> <span class='ocrx_word' id='word_1_631' title='bbox 3051 3974 3129 4029; x_wconf 89' lang='lat' dir='ltr'>de</span> <span class='ocrx_word' id='word_1_632' title='bbox 3170 3972 3341 4030; x_wconf 88' lang='lat' dir='ltr'>titulo</span> <span class='ocrx_word' id='word_1_633' title='bbox 3371 3974 3735 4033; x_wconf 69' lang='lat' dir='ltr'>Sanctile</span> 
     </span>
    </p>
   </div>
   <div class='ocr_carea' id='block_1_100' title="bbox 2079 4056 3735 4125">
    <p class='ocr_par' dir='ltr' id='par_1_100' title="bbox 2079 4056 3735 4125">
     <span class='ocr_line' id='line_1_101' title="bbox 2079 4056 3735 4125; baseline 0.006 -14"><span class='ocrx_word' id='word_1_634' title='bbox 2079 4056 2313 4125; x_wconf 88' lang='lat' dir='ltr'>mentis,</span> <span class='ocrx_word' id='word_1_635' title='bbox 2342 4058 2605 4117; x_wconf 86' lang='lat' dir='ltr'>Teuzone</span> <span class='ocrx_word' id='word_1_636' title='bbox 2647 4062 2720 4117; x_wconf 89' lang='lat' dir='ltr'>de</span> <span class='ocrx_word' id='word_1_637' title='bbox 2769 4061 2939 4118; x_wconf 85' lang='lat' dir='ltr'>titulo</span> <span class='ocrx_word' id='word_1_638' title='bbox 2988 4062 3339 4120; x_wconf 71' lang='lat' dir='ltr'>Sanctorum:</span> <span class='ocrx_word' id='word_1_639' title='bbox 3379 4062 3638 4120; x_wconf 63' lang='lat' dir='ltr'>Joannis</span> <span class='ocrx_word' id='word_1_640' title='bbox 3676 4068 3735 4121; x_wconf 81' lang='lat' dir='ltr'>et</span> 
     </span>
    </p>
   </div>
   <div class='ocr_carea' id='block_1_101' title="bbox 2079 4143 3731 4223">
    <p class='ocr_par' dir='ltr' id='par_1_101' title="bbox 2079 4143 3731 4223">
     <span class='ocr_line' id='line_1_102' title="bbox 2079 4143 3731 4223; baseline 0.006 -23"><span class='ocrx_word' id='word_1_641' title='bbox 2079 4143 2262 4213; x_wconf 73' lang='lat' dir='ltr'>Pauli,</span> <span class='ocrx_word' id='word_1_642' title='bbox 2285 4145 2510 4203; x_wconf 85' lang='lat' dir='ltr'>Joanne</span> <span class='ocrx_word' id='word_1_643' title='bbox 2539 4149 2610 4204; x_wconf 91' lang='lat' dir='ltr'>de</span> <span class='ocrx_word' id='word_1_644' title='bbox 2652 4149 2827 4206; x_wconf 88' lang='lat' dir='ltr'>titulo</span> <span class='ocrx_word' id='word_1_645' title='bbox 2868 4151 3107 4207; x_wconf 76' lang='lat' dir='ltr'>Sanctae</span> <span class='ocrx_word' id='word_1_646' title='bbox 3137 4151 3480 4223; x_wconf 58' lang='lat' dir='ltr'>Anastasis,</span> <span class='ocrx_word' id='word_1_647' title='bbox 3512 4156 3731 4209; x_wconf 67' lang='lat' dir='ltr'>nocte.</span> 
     </span>
    </p>
   </div>
   <div class='ocr_carea' id='block_1_102' title="bbox 2076 4234 3730 4311">
    <p class='ocr_par' dir='ltr' id='par_1_102' title="bbox 2076 4234 3730 4311">
     <span class='ocr_line' id='line_1_103' title="bbox 2076 4234 3730 4311; baseline 0.005 -22"><span class='ocrx_word' id='word_1_648' title='bbox 2076 4234 2235 4291; x_wconf 90' lang='lat' dir='ltr'>sedis</span> <span class='ocrx_word' id='word_1_649' title='bbox 2286 4234 2615 4306; x_wconf 66' lang='lat' dir='ltr'>apostolicae</span> <span class='ocrx_word' id='word_1_650' title='bbox 2673 4239 3039 4311; x_wconf 78' lang='lat' dir='ltr'>presbyteris</span> <span class='ocrx_word' id='word_1_651' title='bbox 3078 4239 3505 4309; x_wconf 66' lang='lat' dir='ltr'>cardinalibus;</span> <span class='ocrx_word' id='word_1_652' title='bbox 3557 4240 3730 4297; x_wconf 78' lang='lat' dir='ltr'>Petro</span> 
     </span>
    </p>
   </div>
   <div class='ocr_carea' id='block_1_103' title="bbox 2077 4322 3728 4401">
    <p class='ocr_par' dir='ltr' id='par_1_103' title="bbox 2077 4322 3728 4401">
     <span class='ocr_line' id='line_1_104' title="bbox 2077 4322 3728 4401; baseline 0.004 -24"><span class='ocrx_word' id='word_1_653' title='bbox 2077 4322 2303 4390; x_wconf 82' lang='lat' dir='ltr'>Leonis,</span> <span class='ocrx_word' id='word_1_654' title='bbox 2352 4325 2577 4381; x_wconf 89' lang='lat' dir='ltr'>Joanne</span> <span class='ocrx_word' id='word_1_655' title='bbox 2634 4326 2971 4400; x_wconf 87' lang='lat' dir='ltr'>Frejapane,</span> <span class='ocrx_word' id='word_1_656' title='bbox 3033 4329 3311 4385; x_wconf 72' lang='lat' dir='ltr'>Romanis</span> <span class='ocrx_word' id='word_1_657' title='bbox 3364 4328 3728 4401; x_wconf 55' lang='lat' dir='ltr'>proceribus;</span> 
     </span>
    </p>
   </div>
   <div class='ocr_carea' id='block_1_104' title="bbox 2074 4411 3734 4488">
    <p class='ocr_par' dir='ltr' id='par_1_104' title="bbox 2074 4411 3734 4488">
     <span class='ocr_line' id='line_1_105' title="bbox 2074 4411 3734 4488; baseline 0.004 -21"><span class='ocrx_word' id='word_1_658' title='bbox 2074 4411 2205 4468; x_wconf 36' lang='lat' dir='ltr'>Tua»</span> <span class='ocrx_word' id='word_1_659' title='bbox 2225 4427 2365 4485; x_wconf 87' lang='lat' dir='ltr'>ergo</span> <span class='ocrx_word' id='word_1_660' title='bbox 2403 4412 2747 4471; x_wconf 68' lang='lat' dir='ltr'>fraternitas</span> <span class='ocrx_word' id='word_1_661' title='bbox 2782 4414 2923 4487; x_wconf 83' lang='lat' dir='ltr'>quid</span> <span class='ocrx_word' id='word_1_662' title='bbox 2972 4416 3307 4488; x_wconf 64' lang='lat' dir='ltr'>apostolicis</span> <span class='ocrx_word' id='word_1_663' title='bbox 3347 4418 3473 4474; x_wconf 65' lang='lat' dir='ltr'>sedi</span> <span class='ocrx_word' id='word_1_664' title='bbox 3523 4418 3734 4474; x_wconf 72' lang='lat' dir='ltr'>debeat</span> 
     </span>
    </p>
   </div>
   <div class='ocr_carea' id='block_1_105' title="bbox 2074 4501 3731 4579">
    <p class='ocr_par' dir='ltr' id='par_1_105' title="bbox 2074 4501 3731 4579">
     <span class='ocr_line' id='line_1_106' title="bbox 2074 4501 3731 4579; baseline 0.005 -24"><span class='ocrx_word' id='word_1_665' title='bbox 2074 4501 2437 4574; x_wconf 89' lang='lat' dir='ltr'>propensiori</span> <span class='ocrx_word' id='word_1_666' title='bbox 2465 4501 2738 4576; x_wconf 86' lang='lat' dir='ltr'>deinceps</span> <span class='ocrx_word' id='word_1_667' title='bbox 2770 4508 2828 4561; x_wconf 83' lang='lat' dir='ltr'>et</span> <span class='ocrx_word' id='word_1_668' title='bbox 2871 4506 3095 4562; x_wconf 82' lang='lat' dir='ltr'>amoris</span> <span class='ocrx_word' id='word_1_669' title='bbox 3120 4510 3185 4562; x_wconf 81' lang='lat' dir='ltr'>et</span> <span class='ocrx_word' id='word_1_670' title='bbox 3208 4505 3479 4579; x_wconf 69' lang='lat' dir='ltr'>obsequii</span> <span class='ocrx_word' id='word_1_671' title='bbox 3504 4507 3731 4564; x_wconf 60' lang='grc' dir='ltr'>θὼὶδὶμ</span> 
     </span>
    </p>
   </div>
   <div class='ocr_carea' id='block_1_106' title="bbox 1995 4589 2607 4680">
    <p class='ocr_par' dir='ltr' id='par_1_106' title="bbox 1995 4589 2607 4680">
     <span class='ocr_line' id='line_1_107' title="bbox 1995 4589 2607 4680; baseline 0.01 -37"><span class='ocrx_word' id='word_1_672' title='bbox 1995 4615 2041 4680; x_wconf 77' lang='lat' dir='ltr'><strong>D</strong></span> <span class='ocrx_word' id='word_1_673' title='bbox 2075 4589 2235 4680; x_wconf 74' lang='lat' dir='ltr'>tione</span> <span class='ocrx_word' id='word_1_674' title='bbox 2265 4591 2607 4663; x_wconf 81' lang='lat' dir='ltr'>perpendat.</span> 
     </span>
    </p>
   </div>
   <div class='ocr_carea' id='block_1_107' title="bbox 2143 4679 3731 4758">
    <p class='ocr_par' dir='ltr' id='par_1_107' title="bbox 2143 4679 3731 4758">
     <span class='ocr_line' id='line_1_108' title="bbox 2143 4679 3731 4758; baseline 0.005 -23"><span class='ocrx_word' id='word_1_675' title='bbox 2143 4679 2357 4735; x_wconf 84' lang='lat' dir='ltr'>Datum</span> <span class='ocrx_word' id='word_1_676' title='bbox 2386 4683 2581 4736; x_wconf 77' lang='lat' dir='ltr'>Romae</span> <span class='ocrx_word' id='word_1_677' title='bbox 2610 4683 2766 4754; x_wconf 88' lang='lat' dir='ltr'>apud</span> <span class='ocrx_word' id='word_1_678' title='bbox 2798 4687 3041 4741; x_wconf 85' lang='lat' dir='ltr'>Beatum</span> <span class='ocrx_word' id='word_1_679' title='bbox 3072 4684 3329 4753; x_wconf 59' lang='lat' dir='ltr'>Petrum;</span> <span class='ocrx_word' id='word_1_680' title='bbox 3352 4688 3731 4758; x_wconf 49' lang='lat' dir='ltr'>potationum</span> 
     </span>
    </p>
   </div>
   <div class='ocr_carea' id='block_1_108' title="bbox 2071 4766 3734 4831">
    <p class='ocr_par' dir='ltr' id='par_1_108' title="bbox 2071 4766 3734 4831">
     <span class='ocr_line' id='line_1_109' title="bbox 2071 4766 3734 4831; baseline 0.005 -8"><span class='ocrx_word' id='word_1_681' title='bbox 2071 4766 2320 4825; x_wconf 87' lang='lat' dir='ltr'>Joannis</span> <span class='ocrx_word' id='word_1_682' title='bbox 2349 4773 2565 4824; x_wconf 63' lang='lat' dir='ltr'>sancta</span> <span class='ocrx_word' id='word_1_683' title='bbox 2594 4770 2867 4827; x_wconf 70' lang='lat' dir='ltr'>Romanae</span> <span class='ocrx_word' id='word_1_684' title='bbox 2897 4771 3177 4830; x_wconf 70' lang='lat' dir='ltr'>Ecclesim-</span> <span class='ocrx_word' id='word_1_685' title='bbox 3196 4773 3426 4831; x_wconf 67' lang='lat' dir='ltr'>diaconi</span> <span class='ocrx_word' id='word_1_686' title='bbox 3456 4774 3734 4831; x_wconf 62' lang='lat' dir='ltr'>audin-</span> 
     </span>
    </p>
   </div>
   <div class='ocr_carea' id='block_1_109' title="bbox 2071 4854 3730 4931">
    <p class='ocr_par' dir='ltr' id='par_1_109' title="bbox 2071 4854 3730 4931">
     <span class='ocr_line' id='line_1_110' title="bbox 2071 4854 3730 4931; baseline 0.006 -19"><span class='ocrx_word' id='word_1_687' title='bbox 2071 4854 2165 4926; x_wconf 87' lang='lat' dir='ltr'>lis,</span> <span class='ocrx_word' id='word_1_688' title='bbox 2192 4856 2509 4913; x_wconf 86' lang='lat' dir='ltr'>indictione</span> <span class='ocrx_word' id='word_1_689' title='bbox 2557 4859 2828 4931; x_wconf 85' lang='lat' dir='ltr'>septima,</span> <span class='ocrx_word' id='word_1_690' title='bbox 2853 4877 2975 4931; x_wconf 83' lang='lat' dir='ltr'>vm,</span> <span class='ocrx_word' id='word_1_691' title='bbox 3031 4861 3341 4919; x_wconf 65' lang='lat' dir='ltr'>Kalendas;</span> <span class='ocrx_word' id='word_1_692' title='bbox 3366 4862 3548 4931; x_wconf 60' lang='grc' dir='ltr'><strong>Μαὶίς.</strong></span> <span class='ocrx_word' id='word_1_693' title='bbox 3575 4874 3730 4921; x_wconf 67' lang='grc' dir='ltr'>ωε)</span> 
     </span>
    </p>
   </div>
   <div class='ocr_carea' id='block_1_110' title="bbox 2074 4945 3731 5024">
    <p class='ocr_par' dir='ltr' id='par_1_110' title="bbox 2074 4945 3731 5024">
     <span class='ocr_line' id='line_1_111' title="bbox 2074 4945 3731 5024; baseline 0.005 -25"><span class='ocrx_word' id='word_1_694' title='bbox 2074 4945 2389 5001; x_wconf 66' lang='lat' dir='ltr'>Dominicis</span> <span class='ocrx_word' id='word_1_695' title='bbox 2432 4946 2859 5006; x_wconf 87' lang='lat' dir='ltr'>Incarnationis</span> <span class='ocrx_word' id='word_1_696' title='bbox 2888 4951 3047 5019; x_wconf 85' lang='lat'>1099,</span> <span class='ocrx_word' id='word_1_697' title='bbox 3079 4950 3467 5024; x_wconf 70' lang='lat' dir='ltr'>pontiﬁcatum</span> <span class='ocrx_word' id='word_1_698' title='bbox 3505 4949 3731 5010; x_wconf 84' lang='lat' dir='ltr'>domini</span> 
     </span>
    </p>
   </div>
   <div class='ocr_carea' id='block_1_111' title="bbox 2073 5033 3575 5108">
    <p class='ocr_par' dir='ltr' id='par_1_111' title="bbox 2073 5033 3575 5108">
     <span class='ocr_line' id='line_1_112' title="bbox 2073 5033 3575 5108; baseline 0.002 -17"><span class='ocrx_word' id='word_1_699' title='bbox 2073 5033 2294 5091; x_wconf 90' lang='lat' dir='ltr'>Urbani</span> <span class='ocrx_word' id='word_1_700' title='bbox 2325 5051 2491 5108; x_wconf 71' lang='lat' dir='ltr'>papas</span> <span class='ocrx_word' id='word_1_701' title='bbox 2519 5051 2620 5092; x_wconf 73' lang='lat' dir='ltr'>xli.</span> <span class='ocrx_word' id='word_1_702' title='bbox 3569 5049 3575 5054; x_wconf 86' lang='lat'><strong><em>‘</em></strong></span> 
     </span>
    </p>
   </div>
   <div class='ocr_carea' id='block_1_112' title="bbox 2762 5128 3037 5187">
    <p class='ocr_par' dir='ltr' id='par_1_112' title="bbox 2762 5128 3037 5187">
     <span class='ocr_line' id='line_1_113' title="bbox 2762 5128 3037 5187; baseline 0.007 -4"><span class='ocrx_word' id='word_1_703' title='bbox 2762 5128 3037 5187; x_wconf 84' lang='lat' dir='ltr'>CGXGIII.</span> 
     </span>
    </p>
   </div>
   <div class='ocr_carea' id='block_1_113' title="bbox 2074 5213 3729 5277">
    <p class='ocr_par' dir='ltr' id='par_1_113' title="bbox 2074 5213 3729 5277">
     <span class='ocr_line' id='line_1_114' title="bbox 2074 5213 3729 5277; baseline 0.003 -5"><span class='ocrx_word' id='word_1_704' title='bbox 2074 5217 2094 5237; x_wconf 80' lang='lat'>&#39;</span> <span class='ocrx_word' id='word_1_705' title='bbox 2132 5213 2377 5272; x_wconf 61' lang='lat' dir='ltr'>Urbanus</span> <span class='ocrx_word' id='word_1_706' title='bbox 2407 5217 2468 5270; x_wconf 79' lang='lat' dir='ltr'>in</span> <span class='ocrx_word' id='word_1_707' title='bbox 2490 5219 2822 5274; x_wconf 68' lang='lat' dir='ltr'>mnasterio</span> <span class='ocrx_word' id='word_1_708' title='bbox 2860 5219 3070 5277; x_wconf 60' lang='lat' dir='ltr'>Catulis</span> <span class='ocrx_word' id='word_1_709' title='bbox 3100 5220 3155 5276; x_wconf 89' lang='lat' dir='ltr'>S.</span> <span class='ocrx_word' id='word_1_710' title='bbox 3189 5221 3360 5276; x_wconf 57' lang='lat' dir='ltr'>Petri:</span> <span class='ocrx_word' id='word_1_711' title='bbox 3380 5240 3409 5270; x_wconf 72' lang='grc' dir='ltr'><strong><em>τ</em></strong></span> <span class='ocrx_word' id='word_1_712' title='bbox 3435 5235 3729 5276; x_wconf 49' lang='lat' dir='ltr'>suarm.</span> 
     </span>
    </p>
   </div>
   <div class='ocr_carea' id='block_1_114' title="bbox 2139 5285 3731 5359">
    <p class='ocr_par' dir='ltr' id='par_1_114' title="bbox 2139 5285 3731 5359">
     <span class='ocr_line' id='line_1_115' title="bbox 2139 5285 3731 5359; baseline 0.004 -18"><span class='ocrx_word' id='word_1_713' title='bbox 2139 5302 2241 5359; x_wconf 65' lang='lat' dir='ltr'>per</span> <span class='ocrx_word' id='word_1_714' title='bbox 2282 5285 2595 5359; x_wconf 57' lang='lat' dir='ltr'>discipline</span> <span class='ocrx_word' id='word_1_715' title='bbox 2642 5290 2915 5358; x_wconf 72' lang='lat' dir='ltr'>regularis</span> <span class='ocrx_word' id='word_1_716' title='bbox 2964 5293 3375 5349; x_wconf 68' lang='lat' dir='ltr'>inuiadimwm-</span> <span class='ocrx_word' id='word_1_717' title='bbox 3415 5293 3731 5349; x_wconf 69' lang='lat' dir='ltr'>cameram</span> 
     </span>
    </p>
   </div>
   <div class='ocr_carea' id='block_1_115' title="bbox 2136 5357 3725 5435">
    <p class='ocr_par' dir='ltr' id='par_1_115' title="bbox 2136 5357 3725 5435">
     <span class='ocr_line' id='line_1_116' title="bbox 2136 5357 3725 5435; baseline 0.005 -25"><span class='ocrx_word' id='word_1_718' title='bbox 2136 5357 2513 5435; x_wconf 74' lang='lat' dir='ltr'>jubet,_quam</span> <span class='ocrx_word' id='word_1_719' title='bbox 2529 5357 3303 5435; x_wconf 26' lang='lat' dir='ltr'>juxta’l’allumbrosanorum</span> <span class='ocrx_word' id='word_1_720' title='bbox 3328 5364 3574 5435; x_wconf 80' lang='lat' dir='ltr'>fratrum</span> <span class='ocrx_word' id='word_1_721' title='bbox 3597 5379 3725 5435; x_wconf 82' lang='lat' dir='ltr'>con-</span> 
     </span>
    </p>
   </div>
   <div class='ocr_carea' id='block_1_116' title="bbox 2144 5428 3728 5503">
    <p class='ocr_par' dir='ltr' id='par_1_116' title="bbox 2144 5428 3728 5503">
     <span class='ocr_line' id='line_1_117' title="bbox 2144 5428 3728 5503; baseline 0.005 -21"><span class='ocrx_word' id='word_1_722' title='bbox 2144 5428 2487 5503; x_wconf 66' lang='lat' dir='ltr'>suetudinem</span> <span class='ocrx_word' id='word_1_723' title='bbox 2530 5428 2804 5501; x_wconf 59' lang='lat' dir='ltr'>&#39;Amtreas,</span> <span class='ocrx_word' id='word_1_724' title='bbox 2854 5436 3179 5492; x_wconf 75' lang='lat' dir='ltr'>monasterii</span> <span class='ocrx_word' id='word_1_725' title='bbox 3233 5428 3500 5503; x_wconf 65' lang='lat' dir='ltr'>conditor,</span> <span class='ocrx_word' id='word_1_726' title='bbox 3550 5434 3728 5490; x_wconf 66' lang='lat' dir='ltr'>stabi-</span> 
     </span>
    </p>
   </div>
   <div class='ocr_carea' id='block_1_117' title="bbox 2148 5501 2394 5555">
    <p class='ocr_par' dir='ltr' id='par_1_117' title="bbox 2148 5501 2394 5555">
     <span class='ocr_line' id='line_1_118' title="bbox 2148 5501 2394 5555; baseline 0.004 -1"><span class='ocrx_word' id='word_1_727' title='bbox 2148 5501 2331 5555; x_wconf 70' lang='lat' dir='ltr'>(ierat.</span> <span class='ocrx_word' id='word_1_728' title='bbox 2364 5521 2394 5550; x_wconf 86' lang='lat'><strong>»</strong></span> 
     </span>
    </p>
   </div>
   <div class='ocr_carea' id='block_1_118' title="bbox 2698 5578 3105 5651">
    <p class='ocr_par' dir='ltr' id='par_1_118' title="bbox 2698 5578 3105 5651">
     <span class='ocr_line' id='line_1_119' title="bbox 2698 5578 3105 5651; baseline 0.01 -20"><span class='ocrx_word' id='word_1_729' title='bbox 2698 5578 2887 5646; x_wconf 84' lang='lat' dir='ltr'>(Anno</span> <span class='ocrx_word' id='word_1_730' title='bbox 2922 5578 3105 5651; x_wconf 71' lang='lat'>1099;)</span> 
     </span>
    </p>
   </div>
   <div class='ocr_carea' id='block_1_119' title="bbox 2303 5660 3513 5740">
    <p class='ocr_par' dir='ltr' id='par_1_119' title="bbox 2303 5660 3513 5740">
     <span class='ocr_line' id='line_1_120' title="bbox 2303 5660 3513 5740; baseline 0.017 -23"><span class='ocrx_word' id='word_1_731' title='bbox 2303 5661 2464 5728; x_wconf 86' lang='lat' dir='ltr'>[Vide</span> <span class='ocrx_word' id='word_1_732' title='bbox 2497 5660 2738 5722; x_wconf 67' lang='lat' dir='ltr'>Mam.</span> <span class='ocrx_word' id='word_1_733' title='bbox 2770 5666 2971 5724; x_wconf 76' lang='lat' dir='ltr'>Annal.</span> <span class='ocrx_word' id='word_1_734' title='bbox 3006 5667 3329 5740; x_wconf 54' lang='grc' dir='ltr'>Βρηθάιγνέ</span> <span class='ocrx_word' id='word_1_735' title='bbox 3363 5667 3513 5737; x_wconf 71' lang='lat'>406:]</span> 
     </span>
    </p>
   </div>
  </div>
