3958 6370
236 394 360 465 545

930 534 1205 594 CCXCIV.

235 615 557 681 Monasterii
585 625 668 698 _S.
727 624 911 682 Crucis
958 628 1337 698 possessiones,
1397 631 1623 698 rogante
1677 629 1884 696 Amata,

482 645 555 681 ru
612 645 668 680 ο.
727 645 911 682 amcis
958 645 1337 698 possessiones,
1397 645 1458 683 ro
1494 645 1623 683 ante

482 696 885 769 archiepiscopo
914 698 1317 772 Burdigalensi,
1351 645 1655 770 conﬁrmat.

871 787 1054 856 (Anno
1081 787 1266 861 1099.)

600 874 619 890 ⁸
669 874 836 948 (Vide
868 876 1113 933 MABILL.
1138 878 1238 933 ubi
1263 876 1479 951 supra.)

241 1073 455 1131 Urbani
482 1073 714 1146 epistola
735 1070 812 1146 ad
847 982 1630 1146 ﬁugﬁvarchiepiscopnm
1676 1072 1891 1144 Lugdu-

1410 398 1823 467 EPISTOLJE
1861 399 1985 467 ET~
2005 398 2485 469 PRIVILEGIA.

3526 405 3647 474 546

1922 543 1972 608 Α
2007 541 2158 610 quod
2184 539 2628 595 alternationcm
2662 556 2840 613 quam
2873 538 3064 597 clerici
3097 540 3155 595 S.
3190 542 3446 598 Severini
3474 544 3661 601 vobis-

1997 645 2132 683 cum
2164 629 2264 684 din
2297 629 2630 685 habuerunt
2673 629 2745 686 de
2804 629 3135 686 cmmeterio
3190 631 3410 686 matris
3457 638 3663 688 vestrae

1998 718 2254 774 ecclesiae
2283 733 2318 773 a
2346 716 2512 773 nobis
2544 734 2647 790 per
2676 716 2777 774 Dei
2809 718 3059 791 gratiam
3091 724 3464 789 consecratis,
3487 722 3559 776 ad
3573 724 3646 792 ju

1998 808 2158 860 stum
2189 809 2247 860 et
2272 803 2604 877 legitimum
2634 806 3018 878 perduximus
3062 807 3261 863 ﬁnem.
3290 807 3353 863 In
3400 807 3666 865 concilio-

2002 892 2160 948 enim
2204 894 2485 961 Romano,
2537 895 2695 966 quod
2749 894 2849 951 Dei
2905 894 3204 951 voluntate
3261 899 3397 952 ante
3441 912 3659 969 corpus

2001 979 2331 1037 beatissimi
2357 982 2509 1038 Petri
2540 982 2939 1055 apostolorum
2987 983 3269 1056 principis
3319 983 3662 1042 solemniter

2002 1069 2449 1137 celebravimus,
2481 1071 2809 1128 rationibus
2836 1072 3050 1129 vestris
3081 1088 3181 1144 per
3223 1073 3454 1130 Petrum
3485 1075 3659 1131 deca-

307 1142 653 1235 nensern.1—-
682 1144 755 1199 De
776 1142 998 1199 Roberto
1028 1144 1221 1201 abbate
1252 1142 1598 1201 Cisterciensi
1628 1161 1697 1199 ac
1715 1142 1896 1201 eremo

2088 1175 2146 1213 m
2172 1159 2478 1227 enarratis,
2511 1164 2569 1215 et
2594 1160 3058 1217 adversariorum
3084 1166 3411 1217 vestrorum
3432 1162 3658 1235 opposi-

311 1213 633 1272 revocando.

877 1286 1065 1355 (Anno
1093 1286 1278 1355 1099.)

652 1372 885 1444 (ΜΑΝει,
919 1374 1147 1443 Concil.,
1184 1375 1302 1443 XX,
1334 1376 1487 1446 666.)

316 1465 597 1523 URBANUS
622 1463 954 1537 cpiscopus,
987 1480 1191 1520 servus
1218 1480 1521 1521 servorum
1567 1465 1683 1532 Dei,
1717 1481 1895 1519 vene-

240 1553 419 1612 rabili
446 1553 614 1611 fratri
641 1557 697 1610 et
726 1552 1000 1626 episcOpo
1048 1553 1299 1618 Hooom,
1352 1552 1685 1627 apostolicae
1739 1554 1896 1609 sedis

237 1642 480 1713 vicario,
512 1641 763 1699 salutem
793 1647 852 1698 et
879 1641 1260 1715 apostolicam
1293 1642 1777 1699 benedictionem.

314 1730 785 1789 lolismensium
812 1731 1059 1787 fratrum
1091 1747 1372 1804 magnum
1406 1732 1464 1787 in
1508 1731 1748 1788 consilio
1780 1731 1896 1787 cla—

242 1819 1077 1893 rnoremaocepimus,abbatis
1103 1820 1192 1876 sui
1220 1821 1472 1875 reditum
1498 1821 1899 1877 vehementius

241 1909 698 1984 postulantium.
732 1908 1016 1966 Dicebant
1046 1910 1202 1965 enim
1234 1908 1574 1982 religionem
1595 1926 1703 1966 suo
1726 1909 1901 1966 choro
1930 1918 1979 1983 Β

242 2014 729 2071 eversam,qu
745 2014 855 2070 pro.
870 1997 1097 2055 abbatis
1118 1997 1280 2053 illius
1303 1998 1571 2054 absentia
1586 1998 1718 2054 odio
1744 1998 1903 2070 apud

241 2087 545 2162 principes
570 2091 630 2144 et
657 2092 897 2144 caeteros
924 2086 1146 2144 vicinos
1176 2086 1397 2143 haberi.
1431 2087 1625 2144 Coacti
1663 2087 1900 2144 tandem

245 2195 282 2233 a
311 2175 599 2235 fratribus
632 2176 872 2243 nostris,
932 2174 1227 2232 dilectioni
1259 2180 1375 2231 tuze
1430 2193 1534 2248 per
1590 2176 1903 2248 praesentia

234 2267 477 2339 scripta
494 2265 869 2333 mandamus,
901 2264 1298 2336 signiﬁcantes
1325 2269 1555 2338 gratum
1584 2265 1752 2320 nobis
1782 2265 1900 2321 exi-

244 2359 405 2413 stere
431 2359 517 2423 ut,
550 2353 605 2411 si
632 2354 756 2410 ﬁeri
785 2358 1002 2427 posset,
1035 2353 1218 2409 abbas
1237 2353 1337 2409 ille
1363 2354 1436 2410 ab
1467 2370 1661 2411 eremo
1681 2355 1753 2410 ad
1786 2371 1903 2410 mo-

246 2443 582 2501 nasterium
606 2443 939 2498 reducatur.
973 2442 1135 2506 Quod
1168 2442 1219 2498 si
1258 2442 1500 2515 implere
1548 2443 1898 2515 nequiveris,

248 2550 407 2593 om
434 2532 542 2588 tibi
572 2532 651 2589 sit
679 2536 745 2587 ut
772 2536 831 2587 et
857 2530 957 2604 qui
989 2548 1251 2587 eremum
1300 2531 1553 2605 diligunt
1595 2535 1901 2605 conquies-

250 2627 412 2687 cant,
444 2624 503 2678 et
530 2620 708 2695 quiin
732 2621 995 2676 cmnobio
1028 2625 1166 2676 sunt
1186 2620 1550 2693 regularibus
1572 2621 1903 2695 disciplinis

250 2710 597 2772 inserviant.

941 2798 1185 2854 CCXCVI
1195 2841 1207 2853 .

254 2890 469 2947 Urbani.
486 2889 540 2944 Ib
572 2889 800 2960 epistola
839 2904 938 2960 pro
985 2891 1193 3014 Jtoanne
1238 2889 1637 2946 archidiacomo
1683 2890 1903 2947 Atreba-

1037 2975 1172 3014 enisi.

1037 2975 1172 3014 εηει.

336 3116 339 3119 δ
895 3049 1084 3117 (Anno
1115 3048 1301 3121 1099.)

433 3138 610 3208 (Dom
636 3141 926 3203 Bonnam,
966 3137 1205 3205 Recueil,
1234 3142 1277 3192 t.
1312 3138 1456 3206 XLV,
1489 3156 1545 3211 ρ.
1577 3139 1729 3212 239.)

302 3227 607 3289 .Uwus
630 3225 959 3298 episcopus,
994 3242 1198 3282 servus
1225 3243 1524 3283 servorum
1550 3228 1679 3294 Dei,
1700 3228 1908 3285 dilecto

256 3316 397 3377 filior
413 3333 523 3385 suo
545 3315 773 3382 Joanm,
805 3315 1174 3371 Atrebatensi
1198 3315 1631 3383 archidiiacono,
1658 3317 1913 3374 salutem:

256 3411 323 3467 et
344 3404 727 3479 apostolicam
753 3403 1236 3461 benedictionem.

335 3494 627 3567 Quoniam
657 3492 904 3553 relatum
932 3498 1023 3553 est
1052 3494 1113 3549 in
1144 3494 1397 3550 auribus
1412 3495 1628 3551 nostris
1658 3500 1715 3550 te
1743 3513 1907 3552 com-

257 3584 427 3643 muni
455 3587 590 3640 voto
619 3581 1025 3655 religiosorum
1056 3582 1333 3653 virorum,
1356 3589 1485 3639 tam:
1508 3583 1699 3640 clerici
1731 3602 1906 3656 quam

253 3671 481 3747 populi,
513 3671 580 3731 in
600 3670 857 3731 Ecclesia
887 3671 1202 3728 Morinensi
1234 3688 1363 3728 esse
1404 3672 1672 3742 electum,
1724 3672 1907 3746 pluri-

254 3778 433 3834 muni.
464 3760 928 3833 _chgnudcmus,
960 3759 1304 3817 auctoritate
1353 3762 1533 3835 igitur
1575 3761 1906 3835 apostolica!

254 3850 423 3923 sedis
445 3848 788 3911 electionem
818 3848 977 3905 illam
1021 3852 1441 3907 conﬁrmamus
1470 3855 1527 3906 et
1564 3851 1906 3907 corrobora-

253 3955 421 4009 mus,
460 3942 517 3999 et
574 3954 644 3997 ne
702 3937 901 4010 aliqua
957 3938 1259 3995 occasione
1316 3956 1443 3995 eam
1496 3940 1903 4014 subterfugiat,

250 4028 458 4089 eadem
489 4027 831 4087 auctoritate
861 4026 1102 4099 omnino
1135 4027 1610 4084 interdicimus...

934 4132 1229 4191 CCXCVII.

248 4223 511 4281 Urbem
562 4223 889 4279 masterii
942 4222 1368 4278 Psalmodiensis
1419 4223 1725 4280 libertatem
1779 4242 1905 4283 con-

329 4294 570 4365 ﬁrmant
601 4309 673 4350 ne
705 4294 886 4349 ullam
936 4293 1368 4351 dominationem
1412 4295 1770 4352 Massilienses
1827 4298 1910 4353 ibi

310 4364 313 4367 γ
329 4364 587 4421 habeant.
623 4387 652 4416 ››

884 4436 1075 4508 (Anno
1109 4435 1294 4507 1099.)

257 4524 426 4599 (Vide
455 4522 796 4599 relationem
829 4525 1323 4599 apud‘_Man|Lnon
1367 4529 1441 4599 et
1472 4527 1755 4584 Romam.
1789 4529 1905 4586 Ou-

327 4611 541 4671 vrages
582 4596 801 4671 postia,
846 4596 927 4671 ΔΙΙΙ
957 4596 1083 4668 395,
1115 4601 1173 4653 et
1233 4597 1381 4653 infra
1431 4598 1491 4654 in
1548 4600 1797 4671 append.
1831 4601 1902 4657 ad

238 4710 243 4715 ι
304 4667 614 4740 epistolas
640 4667 908 4729 Urbani.)

924 4757 1238 4813 CCXCVxllI.

260 4846 478 4918 Urbani,
520 4847 574 4902 II
616 4862 770 4918 papa:
816 4846 1047 4917 epistola
1099 4846 1170 4901 ad
1227 4849 1513 4903 canonicos
1558 4850 1614 4905 S-.
1675 4848 1909 4907 Andrex

328 4917 772 5044 Βκνάεέῖἕιθῃδὶδ.
798 4948 865 4957 --
898 4918 1090 4973 Notum
1119 4920 1255 4989 facit
1268 4933 1456 4973 eorum
1483 4922 1909 4978 controversiam

328 5006 452 5044 cum
493 5005 522 5043 c
576 4989 707 5044 ricis
754 4988 807 5044 S.
862 4989 1111 5044 Severini
1169 4990 1243 5043 ita
1300 4988 1582 5044 deﬁnitam
1631 4994 1797 5044 fuisse
1846 4994 1909 5044 in

309 4988 452 5044 cum
476 4988 707 5063 clericis
754 4988 807 5044 S.
862 4988 1125 5063 Severini
1169 4990 1277 5063 ita;
1300 4988 1582 5063 deﬁnitam
1628 4994 1797 5063 fuisse
1846 4994 1910 5047 in

328 5061 559 5135 concilio
590 5062 845 5135 Romano,
886 5061 1210 5135 utecclesia
1244 5060 1296 5115 S.
1345 5060 1580 5118 Andreae
1620 5060 1909 5135 proprium

330 5131 530 5188 habeat
553 5133 920 5187 cwmetcrium
950 5133 1007 5186 in
1038 5140 1381 5203 perpetuum.

882 5223 1067 5292 (Anno
1099 5220 1280 5290 1099.)

528 5309 696 5382 [Dom
727 5310 1020 5376 Bououer,
1052 5310 1290 5381 Recueil,
1321 5309 1468 5379 XIV,
1501 5311 1651 5382 736.]

332 5415 605 5473 Unesnus
626 5416 956 5489 episcopus,
990 5432 1192 5473 servus
1215 5433 1512 5472 servorum
1534 5416 1655 5487 Dei,
1681 5417 1925 5477 dilectis

262 5504 400 5562 ﬁliis
430 5503 728 5561 canonicis
757 5505 817 5560 S.
846 5504 1087 5561 Andreae
1148 5504 1393 5562 salutem
1426 5510 1482 5561 et
1529 5507 1908 5579 apostolicam

261 5593 749 5651 benedictionem.

332 5682 549 5743 Notum
583 5683 682 5756 sit,
714 5683 924 5744 fratres
955 5682 1310 5757 charissimi,
1343 5684 1637 5747 dilectioni
1684 5690 1907 5763 vestra),

1933 4641 1991 4706 ι).

1999 1245 2262 1302 tionibus
2320 1247 2630 1320 diligenter
2684 1249 3078 1320 pertractatis,
3137 1249 3388 1306 decrevit
3461 1255 3666 1306 sancta

1999 1335 2267 1407 Synodus
2295 1342 2544 1392 matrem
2578 1341 2855 1404 vestram,
2909 1337 3401 1409 Burdegalensem
3447 1338 3675 1396 scilicet

2004 1423 2339 1493 Ecclesiam,
2364 1423 2545 1480 ﬁliam
2561 1442 2696 1481 vero
2716 1431 2976 1482 nostram
3002 1426 3171 1481 unico
3188 1426 3487 1500 privilegio
3509 1444 3669 1484 amo-

2004 1511 2087 1566 ris
2105 1512 2271 1568 nobis
2293 1529 2527 1585 semper
2546 1515 3282 1586 adjunctam,suum,quod
3306 1517 3656 1587 requirebat,

2008 1600 2217 1657 debere
2265 1601 2325 1657 in
2358 1608 2705 1675 perpetuum
2737 1602 2948 1659 habere
3002 1604 3420 1660 cmmeterium.
3480 1604 3664 1677 Igitur

2009 1691 2306 1750 communi
2330 1691 2559 1747 decreto
2580 1692 2833 1760 concilii,
2856 1692 3274 1760 coemoterium,
3299 1694 3453 1765 quod
3478 1694 3666 1766 requi-

2011 1778 2228 1834 rebatis
2256 1780 2329 1834 ad
2362 1779 2727 1851 sepulturam
2755 1780 3042 1847 ﬁdelium,
3068 1780 3323 1838 ecclesiae
3347 1783 3546 1838 statim
3567 1799 3667 1839 ve-

2009 1873 2143 1922 strae
2175 1868 2573 1934 restituimns,
2604 1873 2663 1924 et
2677 1870 2815 1940 jure
2844 1874 3123 1940 perpetuo
3154 1869 3501 1927 auctoritate
3530 1887 3667 1942 apo-

2009 1955 2218 2012 stolica
2238 1957 2661 2029 possidendum
2684 1958 3084 2015 concessimus
3112 1974 3126 2013 :
3152 1957 3405 2015 subinde
3431 1959 3665 2015 Petrum

2010 2046 2294 2101 decanum
2309 2051 2569 2102 vestrum
2589 2047 2653 2102 in
2669 2051 2983 2118 conspectu
3006 2046 3234 2104 concilii
3259 2064 3440 2104 manu
3465 2053 3667 2105 nostra

2010 2133 2434 2190 investivimus.
2496 2135 2693 2206 Neque
2746 2152 2883 2208 ergo
2941 2153 3189 2208 persona
3256 2140 3463 2192 contra
3519 2136 3670 2195 hanc

2011 2223 2241 2278 concilii
2274 2223 2672 2279 deﬁnitionem
2703 2230 2759 2280 et
2789 2228 3050 2280 nostram
3092 2226 3533 2282 concessionem
3562 2226 3668 2282 ali-

2011 2311 2248 2383 quando
2277 2312 2471 2367 venire
2503 2318 2840 2383 praesumat,
2874 2313 3222 2370 auctoritate
3258 2314 3358 2371 Dei
3401 2314 3671 2387 omnipo-

2009 2400 2207 2468 tentis,
2223 2404 2280 2456 et
2298 2400 2602 2456 beatorum
2625 2400 3024 2473 apostolorum
3048 2401 3199 2458 Petri
3222 2406 3279 2458 et
3301 2403 3466 2458 Pauli
3487 2409 3664 2476 atque

2009 2489 2271 2555 Andreas,
2303 2496 2359 2545 et
2389 2493 2607 2558 nostra,
2669 2490 2858 2545 modis
2888 2490 3164 2547 omnibus
3230 2492 3658 2550 interdicimus.

2088 2579 2298 2633 Datum
2340 2578 2534 2633 Romae
2593 2578 2748 2650 apud
2791 2579 2849 2634 S.
2912 2578 3170 2648 Petrum,
3199 2579 3459 2636 νΝοιιιε
3505 2580 3665 2649 Maii,

2010 2666 2216 2723 indict.
2248 2684 2346 2736 vn,
2379 2666 2806 2722 Incarnationis
2840 2667 3154 2724 Dominicm
3174 2684 3327 2724 anno
3351 2670 3509 2736 1099,
3531 2685 3673 2741 pon-

2012 2756 2269 2811 tiﬁcatus
2301 2762 2495 2812 autem
2528 2755 2728 2811 domui
2761 2756 2977 2812 Urbani
3007 2756 3057 2812 Il
3086 2773 3248 2829 papa;
3277 2774 3374 2814 xu.

2702 2862 2979 2918 CCXCIX.

2015 2953 2255 3025 Epistola
2288 2954 2492 3010 Urbani
2530 2954 2582 3008 II
2619 2967 2782 3025 papae
2830 2951 2901 3007 ad
2956 2952 3184 3025 Petrum
3215 2955 3576 3025 praepositum
3617 2959 3671 3012 et

2361 3027 2648 3080 canonicos
2677 3024 2913 3080 ecclesia
2937 3024 3319 3081 Ruthenenkis.

2622 3112 2808 3183 (Anno
2841 3112 3027 3184 1099.)

2448 3202 2701 3270 [BALUZ.,
2744 3201 2963 3258 Misce”.
2997 3202 3095 3269 ΙΙΙ,
3127 3202 3243 3273 91.)

1939 3279 1981 3347 C
2096 3291 2354 3347 Uneanus
2385 3289 2717 3361 episcopus,
2750 3305 2954 3346 servus
2994 3306 3296 3346 servorum
3331 3290 3451 3360 Dei,
3484 3291 3671 3348 Prono

2020 3379 2330 3453 praeposito
2360 3383 2418 3433 et
2446 3380 2575 3448 ejus
2604 3377 2882 3435 fratribus
2907 3379 2968 3434 in
2998 3378 3246 3435 ecclesia
3302 3379 3666 3443 Ruthenensi

2017 3468 2359 3524 canonicam
2389 3465 2569 3521 vitam
2600 3466 2899 3538 professis,
2948 3483 3268 3539 eorumque
3316 3468 3671 3525 successeri-

2016 3557 2130 3612 bus
2162 3557 2220 3612 in
2252 3555 2453 3612 eadem
2485 3554 2764 3627 religione
2784 3556 3187 3626 permansuris
3212 3556 3270 3610 in
3298 3562 3665 3628 perpetuum.

2087 3644 2185 3700 Pie
2203 3642 2515 3715 postulatio
2528 3640 2849 3699 voluntatis
2861 3644 3068 3699 effectu
3086 3644 3258 3699 debet
3277 3651 3671 3716 prosequente

2016 3731 2317 3804 compleri,
2351 3736 2642 3804 quatenus
2663 3735 2721 3787 et
2741 3731 3065 3788 devotionis
3081 3731 3385 3788 sinceritas
3409 3732 3669 3790 laudabi-

2017 3822 2149 3878 liter
2172 3822 2473 3890 enitescat,
2501 3825 2558 3876 et
2588 3820 2810 3876 utilitas
2840 3820 3136 3893 postulata
3161 3820 3310 3878 vires
3336 3821 3670 3879 indubitan-

2016 3915 2107 3966 ter
2136 3912 2420 3966 assumat.
2448 3909 2596 3976 Quia
2623 3908 2804 3980 igitur
2832 3925 2953 3979 vos,
2982 3926 3015 3965 o
3043 3907 3147 3964 ﬁlii
3183 3908 3541 3978 charissimi,
3569 3926 3672 3983 per

2016 3999 2275 4055 divinam
2296 3999 2547 4071 gratiam
2569 3997 3037 4070 aspirati,mores
3064 4002 3286 4055 vestros
3311 3999 3422 4055 sub
3444 3998 3672 4072 regula-

2016 4088 2100 4144 ris
2111 4087 2238 4143 vitae
2260 4085 2574 4159 disciplina
2585 4102 2846 4143 coercere
2858 4092 2915 4143 et
2934 4088 3325 4144 communiter
3345 4089 3670 4144 secundum

2016 4181 2355 4233 sanctorum
2389 4176 2623 4232 Patrum
2654 4175 3087 4233 institutionem
3112 4177 3497 4249 omnipotenti
3552 4177 3669 4234 Do-

2015 4266 2176 4323 mino
2207 4264 2493 4322 deservire
2524 4265 2936 4338 proposuistis,
2970 4282 3079 4321 nos
3107 4265 3256 4321 votis
3302 4265 3514 4323 vestris
3562 4283 3663 4339 pa-

2013 4360 2179 4412 terno
2210 4354 2692 4428 congratulamus
2722 4354 2951 4411 aﬁ‘ectu.
2987 4354 3151 4411 Unde
3180 4354 3357 4411 etiam
3399 4354 3667 4427 petitioni

2012 4450 2215 4500 vestrae
2265 4443 2627 4516 benignitate
2668 4442 2868 4500 debita
2910 4444 3285 4517 impertimur
3332 4460 3666 4500 assensum.

2013 4532 2156 4587 Vita:
2205 4548 2459 4603 namque
2504 4530 2792 4586 canonicos
2851 4532 3137 4598 ordinem,
3190 4549 3366 4604 quem
3420 4532 3670 4604 professi

2013 4620 2184 4687 estis,
2213 4619 2517 4691 praesentis
2548 4617 2832 4691 privilegii
2866 4620 3211 4675 auctoritate
3240 4620 3547 4676 ﬁrmamus
3575 4640 3589 4691 ;
3614 4624 3673 4677 et

2015 4726 2088 4766 ne
2119 4708 2212 4765 cui
2247 4712 2378 4780 post
2397 4706 2821 4779 professionem
2843 4706 3161 4763 exhibitam
3195 4708 3499 4780 proprium
3527 4708 3669 4780 quid

2015 4798 2247 4869 habere,
2309 4813 2451 4853 neve
2507 4795 2634 4851 sine
2710 4794 3005 4866 praepositi
3054 4794 3141 4852 vel
3200 4796 3669 4868 congregationis

2016 4885 2250 4942 licentia
2302 4887 2373 4941 de
2401 4885 2658 4941 claustro
2690 4884 2985 4940 discedere
3013 4882 3203 4951 liccat,
3234 4884 3665 4942 interdicimus.

2017 4976 2180 5042 Quod
2212 4975 2261 5030 si
2294 4974 2652 5043 discesserit,
2685 4978 2742 5029 et
2771 4973 3165 5030 commonitus
3197 4972 3386 5030 redire
3416 4979 3670 5031 contem-

2018 5066 2219 5137 pserit,
2252 5064 2356 5119 tibi
2389 5064 2622 5134 tuisque
2653 5064 3091 5119 successoribus
3124 5061 3373 5119 facultas
3410 5063 3489 5120 sit
3511 5064 3668 5134 ejus-

2019 5154 2175 5210 modi
2197 5151 2439 5208 ubilibet
2461 5170 2495 5207 a
2515 5151 2639 5208 suis
2660 5151 2867 5208 ofﬁciis
2888 5152 3230 5208 interdicere
3254 5170 3266 5220 ;
3292 5151 3669 5210 interdictum

2016 5260 2150 5299 vero
2182 5240 2380 5297 nullus
2410 5240 2819 5312 episcoporum
2841 5242 3121 5297 abbatum
3168 5242 3471 5314 suscipiat,
3491 5259 3671 5316 quan-

2011 5332 2121 5395 .diu
2151 5329 2372 5388 scilicet
2390 5328 2510 5384 illic
2540 5329 2804 5386 canonici
2831 5329 3055 5386 ordinis
3075 5334 3243 5387 tenor
3262 5331 3506 5387 Domino
3530 5349 3669 5404 prm-

2019 5425 2210 5477 stante
2236 5418 2505 5492 viguerit.
2526 5417 2706 5473 Vobis
2734 5417 2935 5491 itaque
2953 5419 3282 5493 vestrisque
3312 5420 3667 5476 successori-

2019 5512 2130 5567 bus
2153 5510 2212 5564 in
2243 5508 2447 5564 eadem
2478 5505 2758 5581 religione
2787 5509 3189 5580 permansuris
3211 5525 3279 5564 ea
3310 5508 3508 5564 omnia
3537 5523 3665 5579 per-

2019 5604 2194 5675 petuo
2207 5595 2563 5672 possidenda
2575 5596 2876 5654 sancimus
2891 5615 3016 5670 quae
3034 5598 3090 5654 in
3106 5596 3542 5670 prmsentiarum
3565 5614 3666 5668 pro

2019 5686 2351 5750 communis
2379 5686 2568 5747 victus
2598 5686 3023 5748 sustentatione
3047 5686 3347 5764 possidere
3363 5684 3663 5763 videmini,
