3958 6382
241 430 356 490 547
393 465 397 470 ι

1539 419 1608 482 Β.
1658 416 1957 483 URBANI
2001 417 2053 479 ll
2096 415 2347 478 ΡΑΡᾹΞ.

3521 371 3722 479 549’

237 561 542 620 ecclesiam
570 556 840 614 videlicet
874 555 1071 612 Sancti
1104 553 1422 612 Salvatoris
1460 555 1530 610 de
1552 553 1878 620 Veirieiras,
1910 559 1965 626 Α
1995 552 2053 606 S.
2113 549 2487 606 Salernitana
2544 549 2812 606 Ecclesiae
2883 549 3339 625 archiepiscopo,
3405 553 3648 626 suisque

238 657 297 708 et
325 649 632 708 ecclesiam
681 645 880 703 Sancti
917 645 1066 700 Petri
1099 645 1170 700 de
1199 643 1430 710 Colnac,
1480 646 1538 698 et
1577 641 1884 698 ecclesiam

238 739 438 797 Sancti
466 735 696 794 Geraldi
720 735 792 791 de
812 733 998 802 Sales,
1024 733 1322 789 universas
1346 735 1623 805 praterea
1653 733 1885 802 paratas

239 829 362 886 sive
392 825 708 901 symbolae,
741 841 889 896 quas
921 823 1174 896 synodos
1205 826 1430 888 vocant,
1462 825 1583 876 tam
1614 818 1884 880 ecclesia-

239 935 375 974 rum
397 918 524 989 jam
555 914 846 969 dictarum
879 929 1057 984 quam
1087 927 1157 967 ex
1184 909 1408 966 cateris
1447 907 1706 965 ecclesiis
1737 923 1884 980 quas

239 1001 632 1063 Ruthenensis
657 1001 926 1058 Ecclesia
957 999 1300 1066 anstistites,
1343 999 1546 1055 Petrus
1589 997 1884 1070 quondam

239 1092 594 1167 Berengarii,
613 1089 861 1146 Poncius
881 1089 1176 1161 Stephani,
1198 1087 1578 1161 Raymundus
1601 1083 1882 1152 Frotardi,

239 1189 296 1242 et
323 1183 671 1244 Ademarus,
713 1179 814 1251 qui
863 1176 1369 1250 inprasentiarum
1423 1176 1610 1232 eidem
1665 1174 1883 1230 Ruthe-

241 1272 410 1330 nensi
441 1269 706 1328 Ecclesia
733 1267 1022 1341 praesidet,
1054 1266 1217 1322 vobis
1247 1265 1307 1321 in
1331 1269 1604 1337 sumptus
1634 1263 1884 1320 vestium

240 1363 672 1418 concesserunt.
696 1356 1144 1430 Praposituram
1167 1371 1398 1426 quoque
1423 1353 1748 1427 dignariam
1771 1351 1886 1406 Ru-

238 1447 543 1506 thenensis
589 1444 894 1517 parochia,
968 1443 1483 1507 archidiaconiam,
1561 1439 1884 1496 oblationes

237 1553 471 1612 quoque
490 1539 692 1592 vestra
717 1533 975 1589 metricis
997 1531 1280 1598 Ecclesia,
1315 1547 1461 1604 quas
1489 1531 1642 1585 dono
1664 1529 1886 1601 praefati

235 1625 508 1684 Ademari
540 1621 848 1680 confratris
881 1621 1061 1676 nostri
1097 1624 1153 1675 et
1173 1620 1532 1692 coepiscopis
1551 1617 1883 1691 possidetis,

234 1722 438 1773 vestra
469 1710 907 1770 communitatis
932 1709 1136 1766 usibus
1161 1710 1599 1775 confirmamus,
1625 1712 1680 1763 et
1701 1707 1886 1779 quod-

237 1788 490 1876 cumque
518 1801 791 1872 deinceps
810 1815 913 1856 vos
935 1803 1036 1854 aut
1064 1815 1433 1854 successores
1453 1796 1625 1853 vestri
1652 1812 1886 1850 conces-

238 1896 402 1952 sione
422 1891 764 1966 pontiﬁcum
788 1893 888 1944 aut
911 1887 1256 1986 liberalitate
1269 1887 1598 1994 principum
1621 1883 1712 1994 vel
1733 1883 1890 1984 onbla-
1918 1929 1967 1994 B

237 1984 395 2039 tione
407 1979 668 2036 fidelium
677 1979 838 2050 juste
856 1971 1032 2048 atque
1051 1975 1326 2032 canonice
1339 1973 1606 2046 poteritis
1620 1971 1886 2044 adipisci.

238 2072 313 2128 Ut
342 2074 538 2128 autem
587 2067 970 2140 omnipotenti
1004 2065 1120 2120 Deo
1178 2064 1436 2136 quietius
1488 2061 1777 2118 deservire
1835 2065 1892 2117 et

239 2157 503 2216 canonici
533 2156 748 2213 ordicis
776 2153 1149 2227 disciplinam
1209 2151 1534 2208 districtius
1583 2151 1890 2206 observare

241 2248 500 2322 possitis,
514 2244 912 2302 cameterium
933 2241 1096 2298 vobis
1117 2241 1270 2314 apud
1295 2246 1538 2295 matrem
1557 2239 1888 2307 ecclesiam,

242 2339 340 2394 ubi
371 2333 760 2392 communiter
782 2331 994 2398 vivitis,
1021 2333 1190 2402 juxta
1221 2329 1442 2401 praefati
1474 2327 1671 2384 fratris
1701 2326 1885 2384 nostri

239 2425 508 2483 Ademari
544 2423 720 2480 vestri
752 2421 1009 2494 episcopi
1041 2417 1382 2492 petitionem
1433 2417 1648 2472 habere
1683 2433 1888 2472 conce-

239 2516 456 2582 dimus,
491 2513 550 2568 in
583 2529 699 2584 quo
733 2513 976 2566 fratrum
1001 2513 1330 2564 vestrorum
1362 2507 1483 2562 sive
1513 2505 1887 2578 parochiano-

240 2622 392 2676 rum,
421 2603 638 2676 quibus
658 2599 985 2656 viventibus
1004 2597 1283 2670 mysteria
1297 2596 1495 2652 divina
1517 2595 1884 2663 ministratis,

240 2691 636 2749 deﬁcientium
653 2705 896 2761 corpora
925 2685 1308 2742 tumulentur.
1333 2683 1392 2739 Si
1414 2700 1531 2755 qua
1546 2701 1686 2739 sane
1714 2682 1890 2738 eccle-

238 2781 476 2838 siastica
506 2776 872 2835 sacularisve
901 2790 1170 2847 persona,
1204 2773 1355 2828 hanc
1412 2775 1622 2828 nostra
1671 2772 1886 2827 consti-

235 2869 484 2926 tutionis
514 2867 790 2940 paginam
819 2863 1030 2931 sciens,
1063 2866 1264 2918 contra
1291 2877 1420 2916 eam
1453 2865 1667 2916 temere
1694 2860 1887 2916 venire

235 2955 828 3020 tentaverit,secnndo
855 2953 1094 3008 tertiove
1110 2951 1484 3018 commonita,
1510 2951 1559 3006 si
1581 2967 1696 3006 non
1715 2951 1884 3006 satis-

239 3046 486 3104 factione
499 3059 759 3116 congrua
777 3039 1190 3108 emendaverit,
1205 3039 1511 3112 potestatis
1531 3039 1886 3111 honorisque

237 3135 330 3192 sui
362 3132 646 3207 dignitate
675 3135 885 3194 careat,
920 3145 1198 3200 reamque
1231 3144 1292 3184 se
1313 3127 1506 3183 divino
1529 3128 1754 3199 judicio
1775 3127 1888 3183 exi-

239 3228 392 3281 stere
421 3223 492 3278 de
523 3223 853 3293 perpetrata
883 3218 1192 3290 iniquitate
1213 3220 1526 3290 cognoscat
1555 3221 1611 3272 et
1638 3234 1672 3272 a
1700 3234 1888 3273 sacra-

1995 639 2456 696 successoribus.

2065 728 2210 793 Quia
2239 729 2593 784 monasterio
2640 732 2696 784 S.
2758 729 3090 796 Trinitatis,
3139 731 3296 802 quod
3343 729 3404 788 in
3451 736 3648 790 vestra

1993 817 2269 890 parochia
2296 817 2477 872 situm
2509 822 2616 885 est,
2668 817 2943 890 precibus
2986 823 3047 874 P.
3099 819 3328 877 abbatis
3377 821 3648 894 ejusdem

1994 909 2244 962 monast.
2275 923 2379 980 pro
2410 906 2693 963 charitate
2724 907 2967 964 fratrum
2989 909 3048 964 in
3071 925 3136 965 eo
3167 909 3436 983 religiose
3459 911 3652 970 viven-

1993 996 2142 1051 tium
2173 995 2500 1052 libertatem
2533 997 2949 1065 concessimus,
2982 1002 3040 1054 et
3067 997 3212 1055 illud
3252 1000 3362 1057 sub
3400 1000 3649 1059 tuitione

1993 1089 2050 1140 et
2077 1085 2437 1156 subjectione
2467 1085 2650 1142 solius
2682 1087 2740 1142 S.
2776 1087 2842 1143 R.
2896 1089 2958 1143 E.
3019 1089 3368 1162 recepimus,
3419 1095 3478 1148 et
3531 1089 3645 1166 ipsi

1993 1175 2190 1230 abbati
2203 1173 2442 1246 suisque
2460 1177 3402 1248 successoribusconcessimus,ut
3415 1181 3648 1240 abbatis

1992 1263 2456 1319 benedictionem
2475 1264 3275 1324 aRomanatantumEeclesia
3295 1269 3639 1342 reciperent,

1991 1356 2049 1406 et
2078 1351 2480 1418 ecclesiarum,
2511 1358 2568 1408 et
2588 1353 2884 1423 altarium,
2905 1360 2962 1412 et
2983 1355 3322 1414 clericorum
3344 1376 3647 1416 consecras

1993 1441 2182 1496 tiones
2214 1441 2639 1498 aSalernitano
2697 1443 3134 1518 archiepiscopo
3189 1449 3537 1520 acciperent,
3587 1450 3639 1506 si

1993 1529 2316 1585 catholicus
2337 1535 2573 1598 esset,et
2589 1535 2870 1599 nostram,
2887 1551 3408 1609 suecessorumque
3420 1543 3644 1596 nostro-

1995 1634 2125 1672 rum
2157 1619 2404 1691 gratiam
2428 1619 2684 1685 haberet,
2711 1621 2966 1693 alioquin
2993 1624 3227 1695 prafato
3248 1625 3457 1682 abbate
3485 1627 3642 1684 suis-

1995 1723 2108 1778 que
2141 1708 2579 1763 successoribus
2607 1709 2804 1764 liceret
2833 1728 2867 1766 a
2897 1727 3248 1786 quocunque
3278 1713 3490 1772 vellent
3519 1716 3641 1790 epi—

1996 1812 2170 1867 scopo
2229 1796 2501 1868 pradicta
2561 1797 2831 1870 recipere.
2883 1799 3052 1856 Modo
3113 1806 3316 1858 vestra
3373 1803 3643 1860 Ecclesia

1997 1883 2300 1957 privilegia
2329 1885 2608 1953 videntes,
2643 1905 2768 1958 qua
2803 1889 2967 1960 prius
3000 1890 3436 1962 ignorabamus,
3459 1893 3518 1949 in
3547 1911 3641 1950 ve-

2001 1973 2168 2028 ritate
2191 1973 2582 2046 comperimus
2599 1976 2752 2047 quod
2772 1981 3168 2036 antecessores
3185 1980 3368 2036 nostri
3381 1981 3645 2040 Ecclesia

1997 2067 2200 2118 vestra
2232 2063 2628 2119 concesserint
2647 2081 2851 2122 omnes
2881 2067 3177 2135 ecclesias,
3208 2074 3268 2126 et
3291 2071 3492 2128 omnia
3518 2088 3644 2127 mo-

1999 2151 2275 2217 nasteria,
2308 2155 2428 2206 tam
2471 2156 2804 2210 constructa
2851 2172 3028 2227 quam
3079 2161 3492 2229 construenda,
3523 2161 3647 2218 sive

1999 2241 2148 2296 infra
2169 2240 2606 2306 civitatem,sive
2626 2243 3075 2310 extra,utcidem
3090 2249 3365 2319 subjecta
3377 2249 3646 2307 Ecclesia

1996 2333 2218 2396 vestra,
2239 2334 2296 2384 et
2324 2327 2617 2401 integrum
2632 2332 2732 2402 jus
2765 2331 2824 2386 in
2848 2333 3012 2404 ipsis,
3037 2336 3173 2391 etin
3195 2336 3420 2394 clericis
3439 2354 3644 2395 earum

1996 2417 2254 2483 haberet,
2289 2417 2442 2473 sicut
2466 2435 2717 2476 canones
2747 2421 2847 2476 SS.
2879 2427 3117 2480 Patrum
3140 2425 3502 2500 praecipiunt.
3533 2427 3646 2484 Ad-

1995 2505 2276 2561 vertimus
2307 2506 2544 2562 tandem
2589 2508 2758 2563 nobis
2817 2527 3164 2582 persuasum
3215 2514 3398 2572 fuisse
3439 2521 3645 2573 contra

1996 2611 2250 2651 canones
2281 2601 2616 2651 sanctorum
2643 2597 2904 2664 Patrum,
2930 2605 2986 2655 et
3016 2606 3218 2658 contra
3237 2605 3644 2678 auctoritatem

1997 2689 2433 2740 antecessorum
2463 2689 2797 2742 nostrorum
2829 2689 2899 2744 de
2921 2691 3195 2748 omnibus
3226 2693 3646 2767 suprascriptis

1997 2790 2123 2845 qua
2157 2774 2394 2846 praefato
2425 2775 2616 2830 abbati
2653 2775 2895 2849 suisque
2925 2781 3365 2838 successoribus
3409 2799 3645 2840 conces-

1997 2879 2282 2920 seramus.
2299 2865 2550 2935 Idcoque
2567 2866 2964 2938 suprascripta
2987 2869 3185 2926 omnia
3203 2887 3307 2942 per
3325 2873 3650 2946 subreptio-

1996 2969 2130 3008 nem
2181 2952 2351 3007 nobis
2409 2959 2688 3026 suggesta
2742 2955 3120 3025 advertimus,
3169 2965 3229 3015 et
3283 2961 3648 3021 advertentes

1996 3041 2506 3113 irrita...deinceps
2538 3042 2656 3098 fore
2677 3043 3068 3115 decernimus,
3094 3048 3424 3106 etEcclesia
3443 3057 3648 3109 vestra

1995 3149 2060 3188 ac
2087 3131 2251 3187 vobis
2279 3131 2604 3203 vestrisque
2629 3136 3070 3192 successoribus
3109 3138 3180 3194 de
3215 3141 3492 3212 pradicto
3522 3159 3648 3200 mo-

1997 3220 2274 3288 nasterio,
2302 3223 2360 3275 et
2389 3221 2459 3276 de
2491 3221 2622 3276 aliis
2645 3225 3039 3293 monasteriis,
3073 3231 3129 3282 et
3157 3227 3228 3284 de
3257 3231 3534 3288 omnibus
3555 3249 3646 3288 ec-

238 3312 470 3369 tissimo
501 3325 737 3380 corpore
765 3312 822 3364 et
853 3306 1138 3379 sanguine
1171 3307 1271 3363 Dei
1303 3309 1360 3362 et
1389 3306 1620 3360 Domini
1663 3307 1886 3362 redem-
1919 3293 1962 3361 C
1995 3308 2210 3378 elesiis,
2240 3308 2327 3364 vel
2361 3309 2588 3366 clericis
2619 3326 2824 3367 eorum
2863 3317 3186 3371 secundum
3221 3334 3474 3376 canones
3510 3337 3647 3377 san-

239 3400 424 3475 ptoris
445 3395 988 3456 nostriJesuChristi
1012 3395 1206 3452 aliena
1231 3395 1531 3467 ﬁat,atque
1552 3394 1609 3450 in
1635 3400 1889 3452 extremo

241 3489 506 3547 examine
527 3487 803 3543 districta
834 3485 1039 3541 ultioni
1073 3485 1393 3556 subjaeeat.
1427 3484 1662 3540 Cunctis
1694 3489 1890 3541 autem

241 3579 430 3635 eidem
460 3576 586 3632 loco
617 3577 772 3646 iusta
802 3573 1168 3630 servantibus
1200 3573 1277 3630 sit
1307 3590 1419 3646 pax
1447 3573 1678 3628 Domini
1707 3573 1889 3629 nostri

240 3667 378 3724 Jesu
407 3665 623 3724 Christi
648 3683 662 3733 ;
687 3670 978 3736 quatenus
997 3667 1053 3720 et
1070 3661 1163 3717 hic
1187 3663 1441 3718 fructum
1464 3662 1627 3718 bona
1650 3662 1893 3718 actionis

241 3756 584 3830 percipiant,
606 3758 664 3811 et
685 3753 838 3826 apud
859 3752 1192 3811 districtum
1199 3751 1462 3823 judicem
1475 3751 1714 3824 praemia
1735 3755 1894 3806 ater-

242 3863 328 3902 na
361 3844 522 3918 pacis
554 3842 874 3898 inveniant.

314 3933 611 4006 Scriptum
642 3947 746 4003 per
794 3945 1035 3984 manum
1089 3929 1260 3998 Petri,
1321 3928 1531 3985 notarii
1579 3928 1892 4001 regionarii

243 4023 392 4079 sacri
427 4020 646 4094 palatii.

313 4113 526 4168 Datum
557 4109 752 4164 Roma
775 4109 928 4180 apud
958 4112 1234 4164 Sanctum
1259 4109 1493 4163 Petrum
1519 4123 1621 4180 per
1645 4123 1890 4162 manum

239 4199 503 4264 Joannis,
539 4200 750 4253 sancta
775 4198 1047 4254 Romana
1069 4195 1338 4253 Ecclesia
1363 4195 1590 4252 diaconi
1623 4195 1892 4250 cardina-

242 4289 315 4345 lis
345 4307 406 4355 11,
439 4288 576 4343 ldus
607 4286 764 4355 Maii,
787 4287 1102 4342 indictione
1121 4304 1218 4353 vn,
1245 4283 1670 4340 Incarnationis
1700 4283 1894 4340 Domi-

241 4379 385 4434 nica
417 4393 569 4432 anno
600 4376 762 4446 1099,
788 4376 1163 4449 pontiﬁcatus
1183 4377 1378 4430 autem
1413 4372 1640 4428 Domini
1675 4373 1890 4430 Urbani

243 4484 407 4542 papa
439 4463 678 4522 secundi
711 4465 1078 4521 duodecimo.

1004 4569 1150 4626 CCC.

1999 3403 2225 3454 ctorum
2255 3398 2511 3466 Patrum,
2553 3403 2611 3454 et
2665 3403 2986 3458 secundum
3038 3405 3336 3480 privilegia
3385 3413 3646 3466 anteces-

2000 3505 2201 3546 sorum
2231 3490 2564 3543 nostrorum
2592 3493 2796 3545 vestra
2829 3491 3092 3549 Ecclesia
3119 3495 3270 3552 facta
3298 3498 3646 3555 canonicum

1993 3577 2096 3648 jus
2127 3575 2427 3632 reddimus
2458 3577 2517 3632 in
2547 3577 2862 3652 integrum,
2895 3587 3171 3654 praterea
3199 3583 3260 3640 in
3301 3588 3647 3658 praedictum

2000 3666 2420 3720 monasterium
2449 3665 2537 3722 vel
2569 3666 2682 3722 alia
2713 3671 3070 3728 monasteria
3099 3673 3330 3747 aliquas
3371 3675 3648 3734 ecclesias

1999 3754 2331 3810 habuerunt
2354 3753 2413 3809 in
2447 3756 2723 3828 parochia
2751 3763 2943 3815 vestra
2973 3766 3107 3816 ante
3148 3763 3378 3820 decreta
3407 3782 3650 3822 venera-

2001 3842 2138 3898 bilis
2169 3859 2342 3898 mem.
2375 3845 2636 3917 Gregorii
2667 3846 2771 3902 VlI
2806 3865 2989 3921 papa,
3025 3853 3412 3910 antecessoris
3445 3855 3648 3924 nostri,

2000 3929 2134 3986 illas
2182 3931 2458 3990 habeant.
2507 3935 2670 3998 Quod
2731 3936 2780 3991 si
2840 3938 3180 4008 praedictum
3227 3945 3649 4002 monasterium

2001 4024 2058 4074 et
2089 4019 2286 4092 aliqua
2310 4023 2664 4078 monasteria
2692 4024 2921 4098 aliquas
2949 4027 3228 4085 ecclesias
3259 4035 3392 4104 post
3419 4033 3652 4090 decreta

2001 4109 2222 4182 prafati
2254 4127 2415 4182 papa
2448 4111 2508 4165 in
2543 4117 2736 4168 vestra
2765 4115 3046 4187 parochia
3065 4117 3186 4174 sive
3205 4124 3398 4178 vestra
3415 4139 3650 4179 conces-

2001 4197 2183 4265 sione,
2197 4198 2284 4255 vel
2306 4201 2797 4272 pradccessorum
2821 4209 2876 4260 et
2897 4223 3305 4264 successorum
3324 4215 3649 4269 vestrorum

2001 4287 2310 4360 quomodo]
2321 4289 2439 4344 ibet
2450 4291 2776 4363 acquisieru
2787 4294 2961 4362 nt,vel
2975 4299 3649 4369 acquisierint,Ecclesia

1997 4382 2200 4434 vestra
2258 4377 2390 4435 illas
2447 4381 2750 4438 reddimus
2806 4393 2862 4439 et
2904 4385 3260 4444 stabilimus.
3311 4389 3565 4446 Tantum
3597 4391 3647 4448 si

1999 4467 2272 4539 praedicto
2350 4471 2724 4540 monasterio,
2787 4477 2888 4528 aut
2963 4475 3204 4548 reliquis
3271 4481 3648 4538 monasteriis

1997 4555 2319 4627 quamlibet
2348 4557 2700 4629 injustitiam
2742 4561 2956 4634 aliquis
3010 4563 3227 4634 fecerit,
3259 4571 3316 4622 et
3371 4573 3648 4641 praterea

247 4662 458 4720 Urbani
503 4663 727 4734 epistola
761 4661 830 4716 ad
874 4661 1139 4732 Alfenum
1183 4659 1595 4714 Salernitanum
1624 4661 1896 4734 archiepi-
1927 4663 1977 4728 Π
2011 4645 2081 4699 ad
2143 4645 2426 4700 amnium
2459 4647 2730 4704 Romam?
2761 4651 2993 4708 ΕεΙθΒίεε
3039 4655 3423 4728 confugerint:
3481 4675 3516 4714 ει
3539 4659 3657 4715 illi“

958 4747 1202 4802 scopum.

872 4821 1062 4889 (Anno
1095 4817 1277 4890 1099.)

525 4911 822 4982 (UGHELLI,
857 4909 1021 4964 Italia
1067 4923 1245 4976 sacra,
1277 4905 1428 4978 VIII,
1460 4908 1608 4977 393.)

313 4999 1148 5073 Uasmusepiscopus,servus
1173 5013 1471 5054 servorum
1495 4997 1616 5067 Dei,
1642 5003 1890 5070 Ammo,

2004 4739 2160 4790 tione
2191 4738 2413 4802 nostra,
2455 4741 2511 4790 et
2541 4753 2946 4797 successorum
3004 4747 3338 4800 nostrorum
3395 4745 3496 4803 illa
3539 4765 3655 4805 non

2004 4822 2364 4895 repellimus.

2080 4911 2287 4966 Datum
2311 4911 2505 4968 Roma
2533 4931 2684 4971 anno
2707 4915 3019 4974 Dominica
3046 4921 3470 4980 Incarnationis
3492 4925 3652 4998 1098,

2005 5017 2192 5056 mens.
2227 5001 2383 5070 Maii,
2419 5002 2538 5060 ind.
2571 5022 2670 5062 vn.
