3958 6390
160 423 281 486 549

1332 430 1736 498 EPISTOLIE
1775 433 1879 498 ET
1920 434 2045 499 PR]
2059 433 2392 499 VlLEGLA.

1600 649 2132 743 DUBIA.

897 822 1066 879 CCCI.

164 906 331 962 Bulla
366 907 573 983 Urbani
598 909 652 965 II
699 925 862 982 papze
918 927 1023 982 qua
1074 912 1374 969 beatissimi
1404 915 1736 983 legislatoris
1765 923 1816 971 et

231 978 627 1058 nionacllorum
672 978 1016 1058 patriarcth
1056 985 1336 1058 Benedicti
1380 978 1572 1058 corpus
1627 988 1815 1042 Casini

229 1050 526 1127 quiescere,
549 1068 619 1127 ac
647 1050 887 1127 ejusdem
903 1055 959 1109 S.
990 1056 1175 1112 Patris
1194 1050 1541 1126 revelatione,
1574 1059 1624 1113 et
1660 1059 1813 1127 signa

228 1123 491 1178 restitute
520 1123 741 1193 salutis,
769 1124 1030 1181 declarat.

649 1231 831 1299 (Intra
853 1249 949 1287 an.
979 1234 1321 1305 1088-1099.)

449 1336 828 1406 [ΜΑηαΑιῑιΝῃ
852 1339 1065 1395 Bullar.
1098 1340 1308 1410 Casin.,
1336 1343 1380 1409 Ι,
1418 1342 1527 1410 12.]

230 1441 513 1498 URBANUS
533 1444 1072 1516 episcopus,servus
1093 1463 1393 1503 servorum
1408 1447 1812 1514 Dei,omnibus

158 1530 427 1587 Ecclesia:
440 1531 738 1588 catholica:
757 1533 892 1589 ﬁliis
908 1535 1312 1608 Redemptoris
1331 1538 1511 1593 nostri
1526 1538 1813 1610 sanguine

155 1619 415 1692 pretioso
436 1620 775 1694 redemptis,
801 1621 1049 1679 salutem
1082 1628 1138 1679 et
1170 1624 1548 1696 apostolicam
1577 1626 1811 1680 benedi-

152 1708 431 1764 ctionem.

228 1797 525 1869 Scriptum
553 1804 664 1868 est,
681 1799 806 1856 sine
819 1800 1163 1872 paenitentia
1184 1806 1323 1858 sunt
1336 1803 1489 1858 dona
1517 1807 1574 1858 et
1588 1802 1812 1859 vocatio

152 1885 439 1942 Dei.lllud
460 1903 593 1944 vero
619 1888 842 1943 donum
865 1891 1018 1962 quod
1045 1891 1414 1964 omnipotens
1436 1891 1589 1947 Deus
1605 1890 1816 1948 beatis-

151 1974 310 2032 simo
338 1974 492 2032 Patri
519 1981 718 2033 nostro
768 1977 1099 2045 Benedicto,
1132 1982 1190 2035 et
1219 1996 1323 2052 per
1344 1995 1479 2035 eum
1511 1997 1618 2036 suo
1650 1981 1812 2036 Casi-

152 2063 328 2121 nensi
360 2065 652 2121 concessit
679 2066 962 2135 ccenobio,
996 2067 1159 2123 nulla
1199 2072 1390 2141 potest
1421 2069 1643 2126 ratione
1674 2086 1809 2124 con-

152 2151 315 2220 velli,
344 2152 509 2209 nulla
527 2153 802 2211 violentia
832 2157 1173 2228 permutari,
1209 2157 1351 2229 quin
1388 2157 1511 2229 ipse
1540 2158 1804 2213 omnium
1836 2195 1884 2260 B

154 2241 583 2298 monachorum
616 2243 804 2311 Pater,
836 2251 894 2299 et
926 2245 1054 2316 ejus
1077 2246 1204 2315 jam
1238 2245 1460 2301 dictum
1492 2246 1808 2303 Casinense

155 2330 605 2400 monasterium,
621 2337 797 2405 caput
812 2333 1076 2389 omnium
1096 2334 1584 2391 monasteriorum
1607 2351 1810 2408 perpe-

149 2424 259 2475 tuo
312 2419 636 2489 habeatur;
693 2426 750 2478 et
796 2422 1045 2478 merito:
1078 2440 1215 2479 nam
1247 2440 1316 2479 cx
1355 2424 1559 2480 eodem
1591 2424 1716 2480 loco
1744 2425 1814 2480 de

150 2507 455 2564 Benedicti
495 2514 725 2581 pectore
764 2510 1069 2567 monastici
1103 2512 1328 2567 ordinis
1359 2513 1693 2569 veneranda
1724 2530 1812 2569 re-

150 2595 320 2669 ligio,
351 2598 523 2669 quasi
553 2598 625 2653 de
641 2599 895 2670 paradisi
924 2599 1081 2655 fonte
1105 2601 1393 2670 manavit;
1428 2618 1602 2673 quem
1635 2602 1812 2658 etiam

153 2685 318 2740 idem
347 2686 703 2742 venerabilis
733 2686 903 2742 Pater
932 2688 1253 2744 virtutibus
1306 2695 1362 2744 et
1391 2706 1497 2745 sua
1526 2690 1812 2763 corporali

156 2774 364 2845 requie
408 2774 847 2830 memorabilem
892 2780 1014 2831 toto
1064 2777 1186 2832 orbi
1220 2777 1426 2833 effecit.
1460 2777 1642 2849 Cujus
1672 2779 1812 2833 dum

156 2861 565 2918 sacratissima
610 2862 836 2930 limina,
884 2881 1044 2920 more
1066 2866 1557 2936 praedecessorum
1585 2872 1813 2923 nostro-

159 2965 321 3017 rum,
354 2948 483 3021 ipso
536 2950 629 3005 die
658 2950 990 3023 vigiliarum
1014 2953 1277 3022 ejusdem
1304 2953 1490 3009 Patris
1515 2954 1812 3011 visitasse-

159 3054 321 3107 mus,
353 3039 869 3094 consuetudinario
914 3039 1113 3096 lateris
1136 3040 1333 3097 dolore
1356 3042 1551 3097 attacti
1584 3043 1816 3099 deveni-

161 3143 301 3182 mus
320 3143 335 3194 ;
353 3128 740 3200 cumquejam
763 3127 972 3183 salutis
995 3146 1127 3201 spes
1156 3130 1421 3186 funditus
1445 3131 1613 3187 nobis
1632 3131 1815 3187 adimi

158 3214 479 3283 videretur,
513 3232 579 3271 ac
606 3216 677 3272 de
697 3216 983 3289 corporali
1005 3218 1269 3289 ejusdem
1308 3218 1498 3275 Patris
1519 3220 1816 3276 Benedicti

161 3304 224 3359 in
247 3304 454 3360 eodem
476 3303 602 3360 loco
625 3305 951 3378 praesentia,
983 3306 1042 3361 in
1075 3312 1272 3363 nostro
1321 3308 1517 3364 animo
1547 3310 1816 3365 dubietas

160 3395 517 3461 versaretur,
553 3397 722 3449 nocte
759 3411 877 3466 qua
907 3395 1171 3466 ejusdem
1192 3396 1383 3452 Patris
1412 3397 1695 3469 agebatur
1722 3414 1814 3453 so-

156 3480 456 3549 lemnitas,
473 3481 631 3537 idem
654 3482 1067 3539 sanctissimus
1092 3485 1437 3541 Benedictus
1453 3490 1663 3541 nostra;
1693 3486 1812 3541 exi-

1835 828 1892 894 Α
1920 825 2221 898 principis,
2249 826 2342 882 cui
2359 826 2474 882 Deo
2496 826 2893 894 auctore,licet
2914 826 3161 899 indigni,
3194 827 3569 884 administra-

1924 932 2078 983 mus,
2098 915 2277 971 totius
2294 915 2580 972 Dominici
2601 915 3006 989 gregiscuram
3037 932 3254 988 gerere,
3290 916 3570 995 pastorali

1927 1004 2317 1062 sollicitudine
2347 1004 2774 1077 compellimur,
2807 1004 3106 1061 Casinensi
3137 1007 3570 1079 congregationi

1921 1092 2116 1148 divino
2148 1092 2332 1148 cultui
2363 1098 2644 1166 perpetuo
2695 1093 2817 1165 juri
2869 1093 3236 1164 mancipatae,
3268 1097 3433 1149 tanto
3463 1111 3570 1150 nos

1920 1181 2053 1253 plus
2075 1182 2286 1237 debere
2314 1182 2515 1255 gratiae
2545 1182 2793 1245 scimus,
2826 1187 3044 1253 quanto
3075 1198 3177 1254 per
3204 1182 3435 1238 Patrem
3464 1183 3572 1238 Be-

1921 1271 2216 1326 nedictum
2251 1288 2357 1327 nos
2405 1270 2643 1328 sanitati
2693 1271 2953 1343 pristinae
2986 1271 3196 1326 redditi
3254 1288 3486 1337 sumus,
3517 1274 3575 1327 et

1918 1357 2053 1414 illos
2084 1359 2156 1414 ab
2188 1359 2346 1414 omni
2400 1359 2663 1414 saeculari
2706 1359 3118 1431 inquietudine
3149 1361 3419 1415 convenit
3444 1377 3573 1416 esse

1919 1452 2192 1515 remotos,
2243 1452 2535 1519 quatenus
2577 1447 2768 1503 fidelis
2801 1464 2989 1513 mens,
3021 1448 3291 1521 expedita
3320 1448 3574 1521 impedi-

1920 1537 2136 1592 mentis
2166 1537 2585 1596 mundialibus.
2619 1542 2676 1591 et
2723 1536 2899 1591 etiam
2960 1537 3250 1592 intensius
3289 1537 3569 1593 creatoris

1920 1625 2009 1679 sui
2030 1624 2305 1680 laudibus
2329 1625 2630 1699 [insistat],
2663 1630 2719 1680 et
2740 1642 2846 1679 nos
2869 1629 3205 1699 sanctarum
3240 1626 3571 1682 orationum

1921 1713 2217 1785 suffragiis
2249 1717 2617 1785 peccatorum
2650 1730 2824 1768 onere
2854 1714 3249 1770 sublevemur.
3292 1715 3572 1779 Quocirca

1921 1806 2234 1873 sequentes
2246 1807 2464 1858 statuta
2480 1807 2817 1858 sanctorum
2838 1803 3331 1873 praedecessorum
3351 1809 3575 1859 nostro-

1922 1907 2074 1959 rum,
2107 1892 2526 1946 conﬁrmamus
2570 1891 2629 1945 in
2662 1896 3007 1962 perpetuum
3040 1895 3242 1946 sancto
3272 1891 3574 1949 Casinensi

1921 1978 2182 2035 coenobio
2200 1978 2483 2051 quidquid
2509 1996 2543 2033 a
2557 1979 2924 2050 temporibus
2944 1979 3164 2035 Justini
3188 1980 3573 2037 etJustiniani

1920 2068 2342 2139 imperatorum
2361 2083 2548 2139 usque
2564 2068 2638 2122 ad
2654 2067 2813 2122 hunc
2827 2067 2981 2122 diem
3008 2067 3197 2123 eidem
3223 2067 3348 2125 loco
3366 2085 3471 2141 per
3487 2074 3573 2125 to-

1920 2161 2045 2210 tum
2069 2157 2268 2211 orbem
2282 2159 2570 2211 terrarum
2586 2156 2844 2211 oblatum
2857 2197 2870 2219 ,
2887 2172 3251 2225 concessum,
3265 2158 3567 2213 venditum

1920 2244 2007 2299 vel
2027 2249 2452 2300 commutatum
2475 2248 2582 2312 est,
2604 2245 2722 2299 sive
2745 2245 2900 2316 quod
2923 2246 3131 2300 amodo
3151 2250 3208 2301 et
3227 2246 3287 2300 in
3312 2246 3574 2302 futurum

1919 2337 2155 2405 tempus
2192 2333 2357 2404 juste
2398 2338 2456 2388 et
2499 2333 2774 2389 canonice
2810 2335 3022 2405 poterit
3054 2334 3321 2405 adipisci.
3351 2334 3573 2391 Confir-

1923 2426 2151 2477 mantes
2181 2421 2424 2493 insuper
2446 2420 2645 2477 omnia
2673 2420 2977 2493 privilegia
3002 2422 3397 2478 Romanorum
3430 2440 3573 2495 pon-

1920 2510 2167 2576 tiﬁcum,
2202 2514 2488 2582 praecepta
2516 2509 2954 2582 imperatorum,
3000 2526 3229 2582 regum,
3284 2511 3574 2567 marchio-

1922 2615 2087 2665 num,
2123 2600 2341 2653 ducum
2374 2603 2430 2652 et
2460 2598 2814 2669 principum,
2850 2602 2907 2653 et
2935 2598 3257 2655 oblationes
3290 2615 3574 2671 quorum-

1922 2704 2152 2759 cunque
2172 2686 2454 2755 ﬁdelium,
2487 2703 2613 2758 quae
2638 2686 2700 2741 B.
2752 2687 3060 2743 Benedicto
3091 2691 3148 2742 et
3167 2704 3270 2759 per
3299 2703 3433 2743 eum
3465 2692 3575 2743 Ca-

1923 2775 2142 2831 sinensi
2166 2774 2428 2831 coenobio
2459 2790 2738 2831 concessa
2768 2779 2925 2831 sunt.
2956 2774 3015 2830 Si
3051 2791 3178 2848 quae
3211 2791 3349 2831 sane
3382 2775 3438 2831 in
3472 2793 3574 2848 po-

1925 2871 2164 2931 sterum,
2197 2863 2608 2936 ecclesiastica,
2657 2862 3072 2936 saecularisque
3115 2880 3385 2936 persona,
3425 2864 3576 2920 hanc

1924 2958 2134 3009 nostrae
2165 2952 2599 3009 constitutionis
2647 2952 2840 3008 scions
2870 2953 3170 3025 paginam,
3213 2956 3413 3009 contra
3442 2968 3573 3009 eam

1924 3046 2142 3097 temere
2180 3041 2375 3098 venire
2410 3041 2735 3109 tentaverit,
2770 3042 3025 3097 secundo
3046 3041 3284 3096 tertiove
3315 3058 3575 3097 commo-
3640 3050 3643 3055 '

1924 3131 2400 3197 nita,secundum
2429 3130 2889 3186 satisfactionem
2912 3146 3229 3202 congruam
3252 3147 3366 3186 non
3382 3146 3578 3187 emen-

1925 3219 2170 3286 daverit,
2218 3218 2528 3290 potestatis
2559 3218 2869 3275 honorisve
2900 3219 2990 3274 sui
3040 3219 3324 3292 dignitate
3363 3224 3574 3287 careat,

1925 3322 2203 3378 reamque
2225 3323 2287 3362 se
2318 3307 2512 3362 divino
2550 3307 2777 3379 judicio
2798 3309 2869 3363 de
2901 3312 3233 3380 perpetrata
3268 3308 3577 3381 iniquitate

1924 3399 2321 3467 cognoscat,et
2341 3413 2375 3451 a
2397 3396 2773 3452 sanctissimo
2799 3401 2856 3452 et
2871 3398 3079 3452 sacrati
3088 3397 3272 3452 ssimo
3290 3397 3579 3471 sanguine

1926 3485 2025 3540 Dei
2043 3489 2099 3540 et
2112 3485 2342 3540 Domini
2359 3484 2763 3556 Redemptoris
2788 3485 2968 3541 nostri
2992 3485 3128 3540 Jesu
3150 3485 3365 3540 Christi
3388 3485 3580 3543 aliena

159 3569 374 3643 guitati
405 3568 715 3626 visibiliter
745 3588 1033 3643 apparens
1065 3572 1212 3627 dixit
1244 3590 1256 3628 :
1294 3596 1321 3623 ‹‹
1371 3577 1484 3628 Cur
1513 3575 1585 3629 de
1615 3580 1814 3657 nostra
1843 3551 1886 3618 (ἶ
1924 3572 2043 3643 fiat,
2074 3587 2250 3645 atque
2271 3572 2331 3627 in
2350 3551 2608 3628 extremo
2621 3573 2886 3628 examine
2900 3573 3176 3629 districtis
3199 3573 3407 3629 ultioni
3430 3575 3575 3630 sub-

161 3656 450 3730 corporali
480 3659 792 3731 prmaentia
848 3661 1084 3716 dubitas
1126 3660 1154 3715 ?
1186 3682 1214 3711 ››
1250 3663 1433 3727 Quem
1488 3663 1629 3717 dum
1679 3656 1815 3735 quis

162 3750 320 3803 esset
347 3747 896 3820 interrogassemus,
931 3754 1170 3805 sanctus
1210 3749 1442 3806 Domini
1473 3753 1811 3824 respondit:

162 3858 191 3885 «
226 3836 344 3908 Ego
374 3851 508 3892 sum
533 3836 709 3892 frater
729 3837 1097 3905 Benedictus,
1131 3838 1306 3911 hujus
1338 3838 1671 3897 Casinensis
1700 3858 1812 3897 cce-

165 3923 326 3980 nobii
346 3930 546 3981 custos
567 3931 624 3981 et
639 3925 931 3982 habitator
952 3927 1009 3981 in
1035 3927 1459 3999 sempiternum
1481 3929 1509 3984 ?
1538 3930 1684 3994 Quia
1718 3948 1815 3986 au-

162 4018 282 4068 tem
305 4018 367 4068 tu
402 4030 494 4069 me
518 4013 615 4070 hic
635 4014 919 4071 dubitasti
943 4015 1325 4087 quiescere,id
1349 4031 1420 4072 ne
1438 4018 1694 4091 amplius
1711 4020 1815 4075 du-

160 4102 332 4171 bites,
366 4118 681 4176 meumque
698 4102 791 4158 hic
812 4104 1111 4176 quiescere
1140 4107 1555 4179 corpusculum
1587 4109 1811 4176 credas,

160 4190 272 4246 hoc
318 4191 426 4248 tibi
477 4191 714 4264 signum
763 4192 891 4249 erit.
926 4193 1070 4249 Cum
1104 4194 1359 4266 primum
1393 4197 1465 4253 ad
1515 4196 1813 4253 nocturale

160 4280 423 4337 ofﬁcium
454 4280 753 4353 pulsatum
794 4281 989 4350 fuerit,
1050 4283 1297 4340 ulterius
1328 4285 1525 4341 dolore
1553 4286 1664 4342 isto
1697 4303 1811 4343 non

161 4367 457 4426 laborabis
482 4388 496 4439 ;
524 4391 551 4419 »
573 4375 631 4426 et
657 4369 749 4425 his
780 4371 952 4426 dictis
983 4372 1289 4445 disparuit.
1324 4374 1679 4430 Adveniente
1709 4392 1811 4431 au-

158 4461 278 4513 tem
301 4457 448 4514 hora
472 4459 656 4530 (juxta
679 4460 832 4530 quod
855 4466 1093 4517 sanctus
1115 4462 1346 4517 Domini
1377 4463 1621 4534 dixerat)
1654 4465 1813 4520 sani-

160 4546 266 4602 tati
286 4547 547 4619 pristinae
570 4547 801 4617 redditi,
836 4565 972 4605 cum
1003 4550 1294 4623 episcopis
1314 4556 1372 4607 et
1392 4552 1810 4625 cardinalibus,

162 4634 278 4692 Deo
299 4640 358 4691 et
373 4635 745 4695 sanctissimo
776 4638 1093 4694 confessori
1124 4640 1432 4697 Benedicto
1463 4646 1656 4714 grates
1681 4658 1812 4715 per-

161 4724 451 4779 maximus
498 4724 815 4782 referentes
866 4727 995 4797 ejus
1046 4728 1416 4786 festivitatem
1461 4730 1639 4803 digna
1677 4748 1812 4787 cum

158 4812 532 4869 veneratione
563 4815 920 4887 peregimus.

227 4900 316 4955 Ob
336 4917 512 4973 quam
546 4919 669 4958 rem
692 4920 966 4976 rogamus
988 4908 1044 4960 et
1064 4905 1443 4962 obsecramus
1473 4906 1529 4963 in
1564 4910 1809 4965 Domino
1841 4921 1887 4985 Ι)

154 4987 295 5045 Jesu
309 4989 409 5061 qui
428 5006 533 5062 pro
546 4996 746 5047 nostra
757 4992 944 5049 salute
966 4992 1256 5050 incarnari
1279 5000 1336 5051 et
1361 4997 1507 5051 mori
1531 4999 1806 5071 dignatus

157 5080 265 5143 est,
297 5081 356 5133 et
374 5094 444 5134 ex
462 5080 807 5136 auctoritate
826 5081 887 5136 B.
909 5080 1059 5137 Petri
1077 5083 1473 5154 apostolorum
1498 5087 1804 5160 principis,

158 5167 331 5238 cujus
347 5166 472 5224 vice
492 5167 766 5225 Romanae
784 5169 1054 5227 Ecclesiae
1078 5172 1481 5244 praesidemus,
1514 5180 1571 5231 et
1598 5176 1658 5232 in
1688 5176 1804 5233 vir-

156 5257 283 5311 tute
332 5255 587 5327 Spiritus
628 5258 816 5314 sancti
845 5275 1115 5332 expresse
1143 5262 1535 5334 przecipimus,
1569 5280 1641 5319 ne
1672 5263 1806 5336 quis

158 5342 406 5400 ulterius
435 5345 645 5403 falsam
660 5346 846 5404 Patris
867 5348 1158 5406 Benedicti
1181 5351 1624 5408 translationem
1657 5352 1805 5409 cele-

157 5431 327 5488 brare
351 5438 1228 5506 praesumat,contradictoribus
1251 5439 1432 5513 hujus
1450 5442 1634 5498 nostri
1668 5459 1805 5515 apo-

156 5520 363 5578 stoloci
416 5523 675 5581 instituti
726 5526 989 5583 divinum
1020 5528 1315 5598 judicium
1345 5530 1718 5602 intentantes,
1751 5534 1809 5588 et

157 5611 551 5669 anathematis
577 5614 807 5671 vinculo
836 5616 1282 5675 innodantes.Et
1312 5620 1451 5694 quia
1476 5637 1544 5677 ex
1573 5620 1806 5695 dispen-

156 5700 382 5767 satione
407 5703 817 5765 secretissimae
848 5704 1005 5764 sedis
1044 5705 1198 5768 beati
1229 5707 1378 5770 Petri
1410 5709 1807 5789 apostolorum

1913 3660 2368 3734 jaceat.Cunctis
2384 3666 2577 3718 autem
2593 3661 2779 3717 eidem
2801 3660 2928 3717 loco
2941 3662 3106 3732 justa
3119 3661 3485 3718 servantibus
3500 3663 3578 3718 sit

1921 3767 2033 3823 pax
2079 3750 2311 3807 Domini
2361 3751 2501 3807 Jesu
2543 3750 2781 3821 Christi,
2816 3755 3105 3822 quatenus
3127 3754 3184 3806 et
3212 3750 3273 3806 in
3306 3750 3573 3806 futurum

1920 3839 2084 3895 bonae
2118 3839 2362 3896 actionis
2392 3840 2721 3895 mercedem
2746 3839 3093 3912 percipiant.
3113 3843 3170 3895 et
3189 3839 3343 3912 apud
3373 3838 3574 3895 distri-

1921 3934 2080 3984 ctum
2105 3930 2369 4000 judicem
2400 3929 2640 4001 praemia
2671 3932 2897 3984 interna
2923 3927 3084 4000 pacis
3105 3926 3425 3984 inveniant.

1994 4023 2227 4087 Datum,
2248 4023 2356 4073 etc.

2633 4124 2835 4180 CCCII.

1929 4231 2176 4288 Urbanus
2205 4232 2364 4287 Petro
2423 4232 2813 4302 Hispaniarum
2860 4232 2981 4299 regi
3032 4232 3253 4301 ejusque
3308 4246 3576 4285 successo-

1995 4303 2151 4358 ribus
2180 4304 2287 4358 rite
2307 4302 2701 4358 substituendis
2724 4302 2967 4357 concedit
2995 4324 3021 4351 ‹‹
3048 4309 3108 4356 ut
3135 4302 3385 4357 ecclesias
3412 4302 3575 4357 villa-

1992 4382 2259 4441 rum,tam
2281 4390 2473 4429 earum
2493 4391 2627 4445 quas
2649 4376 2706 4427 in
2749 4373 3148 4429 Saracenorum
3195 4374 3579 4445 te1‘7‘iscapere

1989 4446 2247 4516 potuerit,
2280 4462 2445 4517 quam
2485 4444 2675 4499 earum
2704 4460 2839 4515 quas
2874 4446 2982 4516 ipsi
3010 4446 3068 4499 in
3098 4460 3269 4517 regno
3298 4444 3582 4517 aediﬁcare

1992 4520 2257 4588 fecerunt,
2288 4516 2415 4588 ’per
2462 4532 2581 4588 quae
2616 4517 2898 4588 coluerint
2944 4516 3299 4588 monasteria,
3361 4516 3578 4571 sedibus

1993 4586 2263 4642 duntaxat
2312 4586 2706 4658 episcopalibus
2725 4587 2982 4656 exceptis,
3014 4586 3391 4658 distribuant,-
3419 4589 3580 4657 regni

1989 4659 2307 4729 proceribus
2340 4656 2596 4713 eamdem
2643 4658 2928 4713 licentiam
2970 4656 3283 4729 concedens,
3318 4662 3379 4712 ut
3406 4656 3574 4714 ecete-

1993 4728 2105 4784 sias
2129 4745 2264 4801 quas
2311 4730 2369 4783 in
2402 4729 2800 4801 Saracenorum
2843 4728 3007 4801 terris
3036 4729 3166 4801 jure
3197 4728 3334 4801 belli
3383 4731 3574 4799 acqui-

1991 4798 2212 4867 sierint,
2244 4801 2327 4857 vel
2358 4803 2418 4856 in
2479 4801 2723 4872 propriis
2755 4798 3574 4872 haereditatibusfundaperint,

1991 4873 2100 4927 sibi
2128 4874 2348 4946 suisque
2404 4869 2711 4946 lgairedibus
2732 4941 2745 4946 _
2765 4886 2934 4946 cum__
2942 4871 3218 4946 primitiis
3263 4877 3318 4946 et
3352 4869 3577 4946 decimis

1991 4940 2341 5015 propriarum
2402 4943 2670 4998 duntaxat
2727 4940 3112 5015 haereditatum
3159 4942 3458 5015 retineant,
3490 4943 3575 4997 rel

1988 5012 2361 5086 quarumlibet
2406 5015 2741 5086 capellarum
2767 5014 2850 5069 vel
2865 5013 3325 5069 monasteriorum
3345 5012 3576 5070 dictioni

1985 5086 2239 5142 subdant.
2275 5108 2304 5138 ››

2394 5193 2576 5266 (Intra
2605 5210 2701 5249 an.
2736 5191 3087 5260 10884099.)

1916 5297 2236 5374 [Aaaunoo,
2273 5301 2503 5358 Catedra
2518 5300 2812 5431 Episcopal.
2836 5298 2902 5356 de
2933 5298 3231 5373 Zaragoza.
3262 5299 3569 5375 Zaragoza,

2448 5373 2517 5429 16
2595 5416 2608 5431 .
2634 5372 2693 5429 in
2725 5370 2851 5431 fol..
2882 5371 3035 5431 659.|

2448 5370 2608 5443 1653,
2634 5370 2851 5441 in‘fol.,
2882 5371 3007 5429 659.
3019 5372 3035 5450 j
