3958 6364
432 378 548 438 551

1072 510 1269 565 eccm
1310 512 1441 581 (56).

437 601 686 657 Urbanus
740 600 883 671 clero
939 608 988 653 et
1038 600 1235 671 populo
1295 601 1663 654 Lenwvicemz'
1719 601 1971 671 μνίειςίριι
2028 602 2081 653 ut

506 670 805 727 Humbaldo
835 671 1074 741 episcopo
1097 670 1162 725 de
1190 670 1439 743 Simonta
1462 670 1725 743 purgato,
1750 689 1785 725 a
1832 687 1993 741 seque
2023 672 2083 725 in

506 744 779 814 integrum
808 744 1075 808 restituto,
1106 742 1377 797 obcdz’ant.

1052 849 1239 919 (Anno
1281 847 1463 919 1094.)

821 938 1079 1009 [ΒΑωΖ.,
1111 938 1372 1006 Μιζςσεὶι.,
1420 937 1490 1007 ΙΙ,
1537 937 1688 1008 482.]

501 1043 780 1100 URBANUS
802 1044 1129 1116 episcopus,
1147 1059 1349 1099 servus
1372 1059 1673 1099 servorum
1697 1043 1820 1110 Dei,
1839 1042 1992 1099 clero
2023 1046 2081 1097 et

431 1132 646 1205 populo
676 1131 950 1188 universo
981 1130 1481 1188 Lemovicensium
1506 1130 1757 1188 salutem
1788 1135 2078 1204 etaposto-

429 1219 601 1276 licam
634 1221 1115 1277 benedictionem.

506 1307 811 1364 Universos
822 1325 925 1364 vos
941 1309 1090 1364 scire
1103 1308 1398 1364 credimus
1411 1309 1909 1381 quemadmodum
1924 1325 2076 1365 anno

400 1452 407 1455 _
427 1396 716 1467 praeterito
742 1401 931 1451 vester
951 1397 1421 1468 episcopus,cum
1442 1414 1504 1452 se
1518 1401 1716 1453 nostro
1739 1397 2075 1469 conspectui

399 1487 834 1555 .praasentasset
864 1499 1042 1554 super
1071 1484 1426 1554 quibusdam
1458 1483 1731 1555 capitulis
1767 1488 2077 1540 accusatus

425 1587 552 1643 quae
582 1574 906 1627 secundum
939 1578 1275 1628 sanctorum
1316 1590 1609 1629 canonum
1655 1573 1920 1645 regulam
1953 1579 2073 1629 tam

423 1659 762 1717 electionem
785 1661 915 1731 ejus
929 1678 1106 1733 quam
1125 1662 1620 1719 consecrationem
1635 1663 2073 1734 eius,praesente

423 1749 599 1805 etiam
626 1750 973 1805 Bituricensi
999 1749 1452 1821 archiepiscopo,
1470 1751 1570 1822 qui
1600 1767 1734 1805 eum
1770 1767 2071 1806 consecra-

422 1842 608 1907 verat,
636 1838 1037 1907 infirmabant,
1068 1854 1246 1910 super
1292 1839 1508 1913 quibus
1540 1840 1816 1896 omnibus
1846 1856 1981 1896 cum
2011 1857 2072 1896 se

400 1925 699 1983 'canonice
726 1941 1050 1998 expurgare
1099 1926 1441 1999 nequiverit,
1473 1926 1802 1998 imparatus
1857 1928 2074 2001 quippe

424 2015 553 2071 sine
578 2014 984 2070 defensoribus
1013 2020 1264 2081 venerat,
1298 2015 1412 2082 ille,
1440 2015 1802 2088 episcopatu,
1835 2018 1945 2073 sub
1973 2034 2075 2089 spe

425 2102 561 2159 licet
591 2102 1026 2169 misericordiae,
1072 2104 1361 2175 abdicato,
1406 2104 1828 2177 Jerosolymam
1886 2106 2070 2177 petiit,

424 2192 660 2247 rediens
679 2190 1139 2248 misericordiam
1158 2191 1619 2264 imploravit,nos
1640 2193 1842 2249 multis
1858 2193 2073 2249 multo-

404 2296 556 2337 .rum
579 2279 833 2336 ﬁliorum
866 2286 1199 2337 nostrorum
1230 2282 1504 2354 precibus
1527 2281 1792 2338 inclinati
1807 2283 2071 2338 eamdem

400 2385 661 2429 .causam
694 2369 1161 2426 reverentissimo
1191 2369 1467 2426 confratri
1497 2375 1700 2427 nostro
1731 2371 1798 2426 H.
1842 2372 2071 2445 Lugdu-

424 2456 591 2513 nensi
603 2456 1037 2530 archiepiscopo
1059 2459 1437 2530 permisimus
1449 2459 1606 2516 intra
1619 2459 1976 2532 provinciam
1989 2461 2073 2516 di-

400 2543 714 2618 .ligentiori
737 2546 1001 2602 examine
1030 2549 1423 2620 quaerendam,
1444 2549 1546 2604 ubi
1576 2554 1634 2605 et
1662 2553 2070 2605 accusatorum

424 2651 684 2706 persona:
702 2640 851 2690 notae
874 2638 1096 2703 sunt,et
1116 2636 1428 2709 episcopus
1448 2638 1518 2693 de
1543 2637 1779 2694 testium
1804 2637 2071 2694 absentia

423 2723 698 2794 conqueri
732 2721 891 2777 nullo
925 2724 1096 2778 modo
1126 2724 1359 2779 valeret.
1394 2724 1581 2781 Causa
1612 2726 1790 2798 igitur
1818 2724 2069 2798 diligen-

420 2811 543 2868 tius
571 2810 880 2883 requisita,
911 2827 1042 2866 cum
1078 2811 1477 2868 Simoniacum
1536 2830 1671 2869 eum
1700 2818 2069 2870 accusatores

424 2899 673 2972 probare
709 2900 1098 2969 nequiverint,
1134 2901 1546 2956 misericordiae
1577 2906 1634 2957 et
1663 2902 2067 2959 ecclesiasticae

424 2987 585 3060 pacis
614 2986 827 3043 intuitu
861 2986 1108 3043 facultas
1139 2990 1191 3044 ei
1222 3006 1500 3046 concessa
1529 2995 1619 3046 est
1670 2996 1735 3046 ut
1763 3008 1825 3047 sc
1854 2992 1926 3047 ab
1958 2991 2067 3047 hoc

423 3093 546 3132 una
573 3092 706 3131 cum
738 3076 965 3132 idoneis
984 3077 1233 3133 testibus
1255 3080 2064 3152 expurgaret.Igiturczeteris,

421 3164 558 3220 licet
585 3163 1009 3236 depositionem
1032 3165 1216 3221 solam
1242 3168 1867 3240 asserant,apostolicae
1900 3186 2063 3224 man-

1733 374 1802 437 B.
1850 375 2145 441 URBANI
2191 373 2244 437 ΙΙ
2288 374 2542 438 PAPIE.

2112 514 2159 575 Α
2198 510 2505 581 praesentia
2535 507 3179 580 convocari,Stirpensis
3210 507 3268 563 F.
3303 506 3425 562 etJ.
3458 505 3848 562 Floriacensis

3690 372 3849 437 ’832

2193 600 2433 654 abbates
2483 599 2716 671 pariter,
2758 596 2863 652 viri
2923 597 3205 651 nimirum
3262 594 3543 668 religioSaz
3600 594 3730 649 vitae
3791 600 3849 649 et

2192 690 2362 743 famae
2383 688 2643 760 integrae,
2679 703 2811 742 cum
2832 685 2964 742 aliis
2996 684 3185 740 tribus
3217 682 3440 741 clericis
3472 684 3616 751 suis,
3650 700 3850 739 sacra-

2191 777 2407 832 mentis
2430 776 2982 832 asseruerunt.Eum
3010 774 3210 846 itaque
3231 773 3304 828 ad
3333 789 3435 829 vos
3467 788 3601 828 cum
3634 778 3851 828 nostrae

2190 865 2388 937 gratiae
2404 868 2463 920 et
2472 863 2822 937 episcopalis
2842 861 3015 919 ofﬁcii
3033 860 3394 934 plenitudine
3406 861 3848 930 remandantes,

2189 958 2251 1008 ut
2275 953 2387 1026 ipsi
2418 962 2699 1025 tanquam
2716 950 2935 1023 pastori
2956 950 3191 1023 proprio
3221 948 3509 1007 obediatis
3541 950 3849 1022 praesnti-

2187 1041 2302 1097 bus
2333 1041 2601 1114 apicibus
2649 1041 3057 1096 admonemus.
3092 1037 3439 1094 Obedientes
3468 1053 3570 1093 vos
3602 1036 3838 1099 miseri-

2187 1129 2387 1186 cordia
2409 1130 2607 1186 divina
2631 1127 2943 1185 custoniat.

2894 1231 3119 1287 CCCIV.

2188 1324 2342 1381 Clero
2366 1327 2417 1380 et
2444 1324 2641 1396 populo
2679 1324 3047 1390 Lemovicensi
3102 1319 3469 1396 Humbaldum
3524 1321 3839 1392 episcopum

2708 1396 2912 1448 iterum
2950 1391 3304 1448 commendat.

2792 1484 2978 1552 (Anno
3011 1482 3262 1552 eodem.)

2611 1573 2837 1640 [ΒΑιυΖ,
2870 1570 3122 1638 Μίδίνθιιη
3152 1571 3222 1636 ΙΙ,
3255 1571 3404 1641 182.]

2256 1661 2522 1717 [laeuus
2552 1661 2882 1732 episcopus,
2919 1676 3122 1715 servus
3164 1675 3461 1715 servorum
3509 1658 3632 1726 Dei,
3683 1656 3837 1715 clero

2183 1754 2240 1806 et
2252 1749 2466 1822 populo
2480 1749 2751 1804 universo
2768 1747 3157 1804 Lemovicensi
3166 1765 3198 1802 u
3208 1765 3265 1803 m
3279 1747 3528 1805 salutem
3541 1751 3599 1804 et
3610 1751 3842 1820 aposto-

2180 1838 2356 1895 licam
2386 1838 2877 1894 benedictionem.

2254 1927 2507 1983 Veniens
2540 1927 2611 1983 ad
2644 1943 2750 1981 nos
2783 1926 3074 1981 confrater
3105 1930 3302 1981 noster
3331 1923 3701 1981 Humbaldus
3738 1936 3835 1980 ve-

2184 2020 2314 2072 strae
2345 2015 2597 2072 civitatis
2625 2015 2936 2087 episcopus
2986 2014 3205 2071 multas
3268 2012 3441 2070 matri
3496 2011 3771 2069 Ecclesiae
3800 2029 3836 2068 a

2183 2104 2319 2159 ﬁliis
2344 2104 2730 2176 suiaquestus
2742 2107 2832 2158 est
2852 2102 3100 2173 injurias
3121 2101 3384 2173 irrogari.
3403 2100 3653 2165 Quidam
3675 2100 3835 2157 enim

2184 2192 2441 2248 militum
2473 2196 2529 2247 et
2556 2190 2951 2247 Ecclesiarum
2983 2190 3151 2246 bonis
3180 2189 3461 2247 violenter
3507 2189 3840 2245 abutuntur

2181 2285 2238 2337 et
2268 2281 2519 2336 honores
2574 2284 2859 2351 tanquam
2920 2279 3350 2351 possessionem
3401 2277 3835 2334 hereditariam

2181 2371 2503 2442 exigunt,et
2522 2386 2639 2424 non
2662 2368 3049 2424 consentienti
3075 2368 3347 2441 episcopo
3370 2372 3656 2439 tanquam
3675 2366 3834 2423 hosti

2181 2458 2480 2514 molestias
2512 2459 2804 2531 ingerunt.
2842 2457 3005 2513 Unde
3043 2473 3149 2512 nos
3182 2455 3554 2513 dilectionem
3577 2459 3835 2513 vestram

2180 2564 2314 2603 cum
2335 2547 2546 2604 litteris
2586 2547 2975 2619 praesentibus
3018 2546 3396 2601 exhortamur
3423 2548 3598 2616 atque
3632 2544 3833 2617 praeci-

2181 2637 2379 2709 pimus
2410 2640 2476 2692 ut
2505 2653 2539 2691 a
2594 2637 3049 2708 praesumptione
3089 2634 3199 2690 hac
3228 2634 3522 2690 abstinere
3552 2633 3829 2706 deinceps

2178 2725 2416 2781 omnino
2438 2724 2737 2796 satagatis.
2761 2723 2924 2788 Quod
2957 2722 3007 2779 si
3038 2722 3309 2795 posthaec
3336 2721 3830 2795 contempseritis,

2178 2829 2591 2886 quamcunque
2637 2812 2985 2867 sententiam
3016 2810 3075 2866 in
3124 2828 3226 2866 vos
3281 2811 3592 2883 episcopus
3638 2816 3834 2867 vester

2177 2902 2455 2958 canonica
2503 2901 2846 2956 auctoritate
2911 2900 3235 2965 dictaverit,
3312 2912 3588 2956 assensus
3642 2899 3830 2955 nostri

2176 2990 2517 3046 auctoritate
2548 2989 2986 3045 confirmamus.
3020 2989 3136 3044 Nos
3167 2988 3324 3042 enim
3353 2987 3657 3044 universas
3682 2987 3826 3043 dia:—

2175 3079 2326 3134 cesis
2347 3078 2622 3135 ecclesias
2637 3078 2908 3150 episcopo
2932 3077 3227 3147 subjectus
3258 3092 3387 3133 esse
3406 3080 3463 3132 et
3482 3075 3827 3132 canonicam

2172 3169 2447 3223 volumus
2469 3166 2849 3223 reverentiam
2868 3164 3159 3237 exhibere,
3192 3164 3389 3232 salvis,
3434 3164 3483 3222 si
3516 3181 3635 3237 qua
3663 3170 3825 3232 sunt,

419 3252 752 3309 suetudinis
772 3252 985 3325 pietate
1007 3260 1241 3326 propter
1260 3272 1460 3327 pacem
1492 3260 1546 3311 et
1575 3256 2063 3328 tranquillitatem
2095 3242 2137 3309 C
2178 3257 2451 3313 Romanae
2487 3254 2753 3311 Ecclesiae
2785 3253 3126 3327 privilegiis.
3187 3253 3483 3310 Universis
3531 3266 3673 3310 sane
3702 3258 3827 3309 tam

419 3345 623 3399 vestrae
655 3340 922 3397 Ecclesiae
953 3342 1215 3411 indultis,
1268 3344 1599 3399 Simoniaco
1632 3344 1847 3400 scelere
1870 3346 2065 3417 jusju-

420 3429 673 3486 randum
708 3430 977 3503 praastitit
1008 3432 1162 3503 quod
1195 3449 1297 3504 pro
1328 3432 1702 3504 adipiscendo
1732 3435 2066 3507 episcopatu

408 3519 726 3591 pecuniam
760 3536 865 3576 nec
896 3518 1022 3592 ipse
1051 3521 1277 3577 dederit
1323 3526 1428 3576 aut
1456 3523 1795 3594 promiserit
1833 3528 1934 3579 aut
1966 3540 2068 3596 pro

417 3608 546 3681 ipso
575 3607 727 3664 alius
758 3625 818 3664 se
845 3609 1086 3664 sciente.
1120 3611 1280 3675 Quod
1305 3610 1572 3667 videlicet
1611 3616 2065 3679 sacramentum,

418 3697 559 3771 quia
587 3714 690 3770 per
717 3702 910 3755 tantas
958 3698 1139 3769 hujus
1158 3699 1437 3771 temporis
1468 3701 1771 3773 angustias
1801 3717 2071 3773 compro-

420 3785 695 3843 vinciales
726 3786 982 3859 episcopi
1012 3804 1207 3843 coram
1241 3792 1440 3844 nostra
1469 3790 1812 3862 neutiquam
1832 3793 2071 3861 possent

2178 3344 2404 3401 clericis
2435 3360 2615 3416 quam
2645 3341 2811 3399 laicis
2840 3359 2973 3398 eum
3024 3342 3500 3398 commendatum
3528 3344 3825 3408 volumus,

2178 3438 2461 3505 tanquam
2491 3432 2563 3487 ad
2617 3448 2719 3487 vos
2778 3448 2917 3486 cum
2973 3429 3356 3503 benignitatis
3396 3433 3609 3487 nostrae
3640 3429 3832 3503 gratia

2179 3525 2578 3579 revertentem.
2614 3520 2965 3576 Obedientes
2995 3536 3096 3575 vos
3128 3518 3368 3576 monitis
3396 3519 3616 3576 nostris
3645 3518 3828 3576 mise-

2178 3611 2428 3667 ricordia
2457 3610 2654 3666 divina
2681 3609 2989 3665 custodiat.

2251 3700 2396 3755 Data
2422 3699 2571 3755 Pisis
2600 3717 2656 3756 v1
2686 3698 2824 3754 Idus
2852 3697 3140 3754 Octobris.

492 3914 604 3985 (56)
622 3913 956 3985 Supposita,
981 3916 1047 3968 ut
1069 3916 1126 3967 et
1151 3929 1422 3984 sequens,
1455 3913 1527 3969 ab
1554 3914 1880 3971 Humbaldo
1916 3914 2332 3971 Lemovicensi.

929 4218 1513 4306 EPISTOLZE
1571 4220 2345 4308 DIVERSORUM
2403 4221 2544 4305 AD
2603 4219 3176 4308 URBANUM
3232 4220 3309 4303 II

1222 4504 1263 4557 Ι.

417 4589 674 4665 Epistula
705 4591 1016 4665 Bgoamundz'
1044 4591 1357 4665 principis
1398 4591 1719 4665 antg'ochiaz,
1753 4595 2066 4665 Bay-mund:

416 4730 423 4735 1
488 4662 1156 4737 comitisSanctz‘A-Iigidzii,
1191 4662 1469 4737 Cede/ridi
1486 4662 1639 4737 ducis
1668 4662 2064 4737 Lotharz‘ngiae,

494 4733 709 4788 Robcrti
734 4736 944 4789 comitis
972 4734 1403 4799 ΝονιΙιηιαηηίεε,
1439 4735 1655 4789 Robcrtz'
1682 4738 1895 4791 comitis
1907 4733 2068 4793 Fian-

488 4804 718 4869 drensis,
751 4813 802 4859 et
831 4805 1112 4860 Eustachii
1140 4807 1353 4860 comitis
1384 4806 1643 4871 Bolonize,
1677 4807 1745 4863 α’ίί
1792 4808 2069 4864 Urbanum

488 4876 535 4929 ΙΙ
554 4892 757 4947 papam
788 4877 985 4948 (57-9).

628 4963 856 5035 (BALuz.
892 4963 1131 5018 Miscell.
1180 4963 1309 5018 edit.
1348 4965 1471 5019 Luc.
1521 4965 1617 5031 IIl,
1652 4985 1706 5038 p.
1736 4968 1851 5038 60.)

488 5052 731 5108 Domino
762 5057 817 5108 et
850 5051 1161 5108 venerabili
1190 5070 1349 5124 papae
1375 5053 1607 5108 URBANO
1632 5056 1989 5113 BOAML‘NDUS
2011 5062 2067 5112 et

418 5140 785 5197 RAYMUNDUS
816 5157 1011 5196 comes
1038 5141 1231 5196 Sancti
1278 5141 1510 5214 ngidii,
1559 5160 1625 5198 ac
1683 5144 2064 5201 GODEFREDUS

416 5228 555 5296 dux,
581 5229 886 5286 Ronan'rus
910 5246 1023 5302 que
1044 5246 1239 5286 comes
1261 5231 1711 5301 Northmanniaz,
1747 5239 1921 5307 atque
1953 5236 2063 5290 R0-

414 5331 637 5373 nnn'rus
662 5334 858 5374 comes
881 5318 1327 5374 Flandrensium
1349 5324 1406 5375 et
1428 5337 1623 5378 comes
1666 5322 1935 5392 Boloniaa,
1971 5342 2061 5379 sa-

415 5404 600 5460 lutem
632 5408 688 5459 et
718 5404 913 5461 fidelia
962 5406 1220 5475 servitia,
1256 5411 1315 5463 et
1343 5413 1409 5463 ut
1425 5409 1528 5463 filii
1562 5427 1667 5466 suo
1699 5411 1852 5467 Patri
1885 5412 2063 5485 spiri-

416 5490 563 5548 tuali
591 5507 787 5548 veram
819 5494 878 5549 in
909 5495 1138 5552 Christo
1171 5496 1616 5568 subjectionem.

2098 4509 2143 4574 D
2245 4505 2531 4562 Volumus
2542 4520 2745 4560 omnes
2777 4508 2834 4559 et
2854 4502 3258 4559 desideramus
3288 4503 3493 4556 notum
3512 4495 3682 4553 vobis
3703 4493 3830 4551 ﬁeri

2177 4612 2353 4668 quam
2387 4610 2601 4667 magna
2631 4593 2730 4649 Dei
2761 4591 3162 4648 misericordia
3192 4604 3488 4663 quamque
3517 4584 3829 4643 evidentis-

2177 4685 2326 4739 simo
2348 4682 2535 4755 ipsius
2559 4682 2657 4737 Dei
2677 4680 3035 4737 adminiculo
3059 4695 3092 4734 a
3122 4678 3290 4735 nobis
3320 4681 3491 4749 capta
3511 4678 3601 4730 est
3628 4672 3827 4729 Antio-

2178 4772 2329 4837 chia,
2362 4776 2420 4826 et
2436 4770 2631 4838 Turci,
2656 4769 2753 4841 qui
2774 4769 2960 4825 multa
2971 4768 3214 4824 Domino
3231 4770 3432 4822 nostro
3444 4761 3828 4821 JesuChriste

2176 4859 2496 4915 intulerant
2512 4858 2846 4931 opprobria,
2877 4856 3028 4930 capti
3057 4854 3415 4913 etinterfecti
3438 4855 3597 4933 sunt,
3631 4855 3691 4906 et
3725 4865 3827 4905 nos

2175 4947 2679 5020 Hierosolymitani
2723 4947 2862 5003 Jesu
2897 4946 3113 5002 Christi
3144 4943 3416 5016 injurias,
3449 4939 3670 4997 summi
3706 4937 3827 5003 Dei,

2174 5036 2621 5107 vindicavimus,
2654 5041 2710 5092 et
2762 5052 2891 5105 nos,
2926 5036 3025 5108 qui
3056 5036 3276 5089 Turcos
3306 5031 3471 5105 prius
3501 5027 3828 5085 obsidendo

2173 5126 2594 5193 deviceramus,
2627 5123 2878 5196 qualiter
2898 5128 3101 5198 postea
3128 5141 3162 5180 a
3182 5121 3399 5178 Turcis
3429 5120 3501 5175 de
3528 5117 3828 5174 Chorasan

2173 5220 2229 5270 et
2260 5214 2620 5271 Hierusalem
2679 5218 2736 5270 et
2791 5214 3074 5270 Damasco
3126 5210 3445 5282 multisque
3475 5206 3608 5263 aliis
3650 5204 3828 5261 terris

2171 5304 2537 5361 venientibus
2591 5304 2815 5360 obsessi
2870 5304 3111 5372 fuimus,
3170 5306 3229 5358 et
3256 5298 3550 5373 quomodo
3582 5295 3826 5352 tandem

2174 5392 2574 5451 misericordia
2601 5393 2632 5448 J
2639 5410 2741 5449 esu
2772 5393 2986 5449 Christi
3020 5391 3246 5448 liberati
3277 5404 3507 5446 sumus.

2242 5500 2386 5558 Cum
2417 5498 2602 5574 igitur
2629 5504 2796 5573 capta
2817 5499 3194 5572 Nicaea,illam
3223 5494 3542 5553 maximam
3558 5484 3830 5549 multitu-

488 5634 660 5717 (57-9)
689 5636 858 5697 Extat
895 5640 1051 5717 apud
1096 5639 1462 5703 Fulcherium
1501 5643 1935 5723 Carnotensem,
1967 5662 2095 5724 cap.
2126 5646 2215 5708 45.
