3958 6368
165 389 285 451 553

1339 387 1743 452 EPISTOL/E
1785 387 1886 449 ET
1928 386 2370 451 PRIVILEGIA
2384 431 2401 450 .

3392 463 3401 471 ,
3443 388 3571 452 δδι

168 523 363 578 dinem
393 522 738 591 Turcorum,
765 521 916 579 sicut
947 522 1218 588 audistis,
1246 523 1304 577 in
1338 522 1611 578 Kalendis
1645 521 1805 578 Junii
1840 523 1891 589 Α
1923 523 2176 577 exercitu
2210 526 2408 577 nostro
2439 520 2666 587 bellico,
2696 522 2768 578 ad
2800 525 2999 593 portas
3029 520 3335 592 exivimus;
3357 527 3566 580 actam

168 610 335 666 nobis
366 609 595 667 obviam
639 610 700 666 in
743 610 892 668 valle
940 610 1224 667 Dorelille:
1274 610 1712 677 devicissemus,
1757 615 1815 666 et

164 698 329 755 illum
349 714 627 773 magnum
652 698 1089 757 Sullimannum
1114 698 1812 773 fugavissemus,suisque

164 787 501 845 hominibus
530 791 587 844 et
614 792 769 846 terra
790 805 855 845 ac
878 789 1054 846 rebus
1079 787 1592 861 exspoliassemus;
1620 786 1815 860 acqui-

163 875 276 935 sita
318 879 379 932 et
424 876 729 949 paciﬁcata
774 881 898 935 tota
941 877 1246 943 Romanis,
1307 877 1379 933 ad
1427 876 1810 933 obsidendam

159 965 529 1022 Antiochiam
556 966 844 1024 venimus.
870 969 995 1033 Qua
1014 967 1277 1037 obsessa,
1300 964 1487 1022 multa
1510 964 1665 1021 mala
1684 981 1813 1037 per-

159 1055 316 1129 pessi
338 1072 569 1124 sumus,
589 1058 716 1111 tum
737 1055 809 1115 de
827 1054 998 1112 bellis
1019 1071 1389 1112 summorum
1411 1056 1734 1112 Turcorum
1753 1057 1811 1110 et

161 1159 524 1218 paganorum
556 1144 726 1200 nobis
753 1148 875 1201 tam
908 1145 1242 1216 frequenter
1262 1148 1318 1199 et
1338 1143 1570 1216 copiose
1592 1143 1814 1198 irruen-

158 1231 307 1289 tium
334 1236 401 1288 ut
428 1232 620 1289 verius
650 1233 979 1289 diceremur
994 1233 1218 1289 obsessi
1242 1249 1420 1304 quam
1444 1249 1593 1304 quos
1613 1231 1673 1287 in
1698 1237 1811 1287 An-

158 1321 431 1379 tiochena
462 1320 691 1377 civitate
737 1322 1174 1379 obsederamus.
1228 1321 1487 1377 Tandem
1531 1320 1811 1376 omnibus

159 1408 329 1466 bellis
364 1410 675 1484 superatis,
709 1427 1029 1482 eorumque
1077 1414 1284 1466 eventu
1327 1408 1659 1465 Christiana
1696 1409 1811 1464 ﬁde

159 1498 432 1569 exaltata,
480 1514 584 1572 ego
631 1499 1010 1555 Boamundus
1058 1497 1435 1554 conventione
1478 1497 1629 1553 facta
1674 1513 1810 1553 cum

158 1587 418 1659 quodam
448 1591 634 1643 Turco
665 1587 765 1660 qui
795 1586 943 1642 mihi
985 1587 1172 1660 ipsam
1206 1586 1449 1643 tradidit
1495 1585 1807 1653 civitatem,

156 1676 347 1734 scalas
364 1692 573 1749 parum
593 1680 725 1731 ante
743 1675 895 1731 diem
919 1692 1053 1731 eum
1075 1674 1276 1731 multis
1297 1674 1526 1730 Christo
1552 1674 1809 1730 militan-

155 1764 318 1820 tibus
350 1780 521 1820 muro
549 1764 826 1837 applicui,
859 1768 916 1818 et
945 1764 1027 1819 ita
1056 1764 1349 1820 civitatem
1383 1768 1553 1819 antea
1581 1763 1810 1819 Christo

156 1852 526 1909 resistentem
560 1870 621 1908 III
647 1851 843 1909 Nonas
891 1851 1052 1908 Junii
1106 1851 1458 1925 accepimus,
1508 1856 1565 1907 et
1612 1852 1809 1924 ipsum
1840 1891 1888 1958 Β

154 1941 501 1999 Cassianum
537 1941 723 2014 ipsius
758 1941 1009 1997 civitatis
1057 1946 1372 2014 tyrannum
1423 1957 1557 1996 cum
1606 1940 1809 1997 multis

152 2046 402 2089 suorum
428 2029 693 2086 millibus
722 2030 1145 2095 interfecimus,
1177 2045 1498 2101 eorumque
1527 2046 1736 2085 uxores
1757 2033 1814 2087 et

152 2119 307 2176 ﬁlios
339 2136 406 2176 ac
438 2118 691 2175 familias
718 2136 853 2174 cum
886 2103 1028 2175 auro
1060 2122 1117 2175 et
1149 2122 1386 2191 argento
1431 2121 1489 2173 et
1536 2118 1813 2174 omnibus

154 2225 359 2266 eorum
391 2208 865 2282 possessionibus
905 2207 1280 2263 retinuimus.
1326 2206 1567 2278 Asylum
1614 2211 1810 2263 autem

138 2297 584 2354 .Antiochenum
617 2314 651 2353 a
670 2296 879 2352 Turcis
903 2295 1320 2369 praemunitum
1343 2294 1557 2350 habere
1580 2311 1690 2350 non
1718 2312 1813 2367 po-

152 2386 404 2442 tuimus.
438 2386 551 2442 Sed
581 2401 715 2440 cum
749 2384 807 2439 in
831 2384 1085 2441 crastino
1107 2385 1303 2456 ipsum
1327 2382 1555 2457 asylum
1574 2384 1812 2457 aggredi

153 2474 572 2543 voluissemus,
618 2473 910 2529 inﬁnitam
973 2472 1414 2529 multitudinem
1463 2472 1807 2538 Turcorum,

153 2580 336 2637 quam
368 2562 575 2619 multis
599 2562 805 2619 diebus
837 2562 908 2617 ad
958 2579 1066 2618 nos
1116 2560 1456 2617 bellandum
1504 2566 1809 2616 venturam

152 2655 316 2707 extra
325 2650 619 2706 civitatem
631 2652 1196 2722 exspectaveramus,
1221 2665 1325 2722 per
1344 2665 1550 2704 omnes
1571 2665 1810 2721 campos

152 2740 583 2796 discurrentem
599 2738 876 2794 vidimus.
891 2737 997 2802 Qui
1011 2739 1182 2794 tertia
1201 2737 1295 2794 die
1308 2754 1424 2794 non
1449 2755 1555 2794 nos
1568 2737 1808 2794 obsede-

150 2831 315 2901 runt,
338 2831 398 2884 et
418 2826 646 2901 asylum
670 2826 1011 2900 praedictum
1032 2825 1350 2898 plusquam
1369 2830 1602 2883 centum
1626 2825 1810 2881 millia

150 2932 357 2974 eorum
391 2916 774 2983 intraverunt,
809 2932 874 2971 ac
898 2931 1001 2988 per
1028 2918 1255 2987 portam
1277 2915 1544 2987 ejusdem
1566 2914 1710 2987 asyli
1734 2916 1807 2970 ad

150 3006 448 3063 civitatem
481 3007 592 3060 sub
616 3004 778 3077 asylo
802 3004 1180 3060 constitutam
1205 3003 1376 3058 nobis
1398 3002 1633 3076 illisque
1649 3020 1806 3059 com-

149 3110 396 3151 munem
417 3094 745 3166 irrumpere
775 3093 1103 3150 voluerunt.
1128 3092 1239 3147 Sed
1264 3109 1370 3148 nos
1390 3091 1448 3146 in
1475 3090 1588 3147 alio
1610 3096 1808 3147 monte

151 3183 547 3242 consistentes
577 3181 690 3255 ipsi
716 3179 876 3254 asylo
911 3180 1199 3253 opposito,
1226 3180 1380 3235 viam
1410 3179 1563 3235 inter
1584 3184 1809 3235 utrum-

1922 611 2090 680 pauci
2112 627 2346 666 eramus
2370 611 2524 682 quod
2546 626 2652 667 nos
2674 609 2791 682 ipsi
2812 626 2928 666 non
2953 626 3061 666 nos
3084 625 3349 683 pugnare
3365 613 3569 667 contra

1920 715 2021 755 eos
2051 700 2150 756 sed
2173 700 2374 772 fugere
2395 699 2711 755 afﬁrmant.
2733 697 2850 755 Nos
2871 701 3069 756 autem
3100 696 3377 756 omnibus
3396 715 3566 772 para-

1921 789 2017 856 tis,
2051 792 2109 844 et
2127 791 2249 845 tam
2260 788 2558 860 peditibus
2572 803 2750 861 quam
2764 786 3050 844 militibus
3067 785 3243 845 certis
3263 787 3569 845 ordinibus

1921 877 2243 950 dispositis,
2275 878 2375 933 ubi
2410 879 2598 949 major
2623 875 2812 934 virtus
2841 880 2901 932 et
2921 876 3199 932 fortitudo
3219 892 3424 935 eorum
3444 879 3570 934 erat

1920 968 2198 1024 audacter
2221 965 2637 1038 requisivimus
2668 981 2803 1023 cum
2833 964 3141 1022 Dominica
3183 964 3408 1034 lancea,
3448 968 3507 1023 et
3535 981 3573 1022 a

1920 1056 2112 1128 prima
2139 1054 2275 1111 belli
2307 1054 2555 1110 statione
2584 1054 2789 1128 fugere
2817 1053 3137 1128 coegimus.
3185 1052 3301 1128 Ipsi
3348 1056 3566 1123 autem,

1919 1148 1985 1199 ut
2014 1161 2141 1200 mos
2171 1160 2370 1200 eorum
2399 1147 2508 1209 est,
2529 1158 2591 1200 se
2612 1143 2874 1215 undique
2901 1141 3235 1215 dispergere
3249 1145 3570 1216 coeperunt,

1918 1236 1978 1289 et
2026 1232 2201 1289 colles
2249 1232 2587 1304 occupando
2637 1236 2693 1287 et
2738 1232 2860 1288 vias
2906 1230 3247 1305 ubicunque
3303 1232 3574 1306 poterant

1919 1321 2265 1393 appetendo,
2298 1337 2406 1377 nos
2437 1336 2643 1393 gyrare
2671 1320 3002 1389 voluerunt,
3034 1320 3173 1392 quia
3202 1318 3287 1379 sic
3317 1337 3426 1377 nos
3446 1336 3573 1389 om-

1920 1426 2022 1465 nes
2055 1410 2377 1465 interﬁcere
2407 1412 2777 1482 putaverunt.
2810 1409 2924 1465 Sed
2956 1408 3126 1465 nobis
3166 1408 3371 1466 multis
3401 1405 3573 1465 bellis

1919 1503 2123 1555 contra
2134 1515 2337 1554 eorum
2350 1497 2698 1554 calliditates
2710 1500 2767 1554 et
2782 1496 3019 1570 ingenia
3038 1496 3261 1555 edoctis
3280 1497 3364 1555 ita
3381 1494 3573 1570 gratis.

1918 1588 2018 1645 Dei
2050 1592 2109 1644 et
2137 1585 2537 1644 misericordia
2565 1587 2856 1655 subvenit,
2889 1589 2956 1643 ut
2984 1585 3084 1659 qui
3115 1584 3461 1659 paucissimi
3493 1586 3568 1645 ad

1918 1692 2120 1733 eorum
2138 1676 2634 1750 comparationem
2652 1691 2910 1742 eramus,
2923 1691 3127 1732 omnes
3144 1673 3276 1732 illos
3296 1674 3358 1731 in
3379 1690 3567 1733 unum

1918 1765 2240 1838 coegimus,
2273 1769 2329 1820 et
2358 1769 2609 1833 coactos,
2641 1765 2878 1821 dextera
2915 1763 3016 1821 Dei
3052 1762 3362 1820 nobiscum
3391 1762 3568 1820 dimi-

1920 1859 2106 1922 cante,
2142 1854 2339 1928 fugere
2366 1858 2427 1913 et
2457 1858 2648 1910 castra
2668 1870 2803 1910 cum
2825 1851 3102 1909 omnibus
3124 1867 3255 1925 quas
3273 1852 3334 1908 in
3357 1850 3568 1911 castris

1921 1948 2086 1999 erant
2107 1942 2434 2015 relinquere
2454 1940 2870 2015 compulimus.
2894 1940 3119 2006 Quibus
3137 1939 3308 1998 victis
3327 1944 3568 2014 totaque

1921 2033 2014 2088 die
2044 2031 2347 2100 insecutis,
2380 2036 2438 2087 et
2466 2031 2671 2100 multis
2699 2030 2964 2088 millibus
2990 2046 3195 2087 eorum
3224 2029 3565 2096 interfectis,

1921 2121 1992 2176 ad
2024 2120 2315 2177 civitatem
2347 2118 2463 2175 laeti
2495 2124 2551 2176 et
2600 2119 2816 2176 hilares
2864 2119 3278 2177 remeavimus.
3324 2116 3568 2192 Asylum

1921 2213 2116 2265 autem
2140 2208 2607 2281 suprascriptum
2632 2208 3007 2264 Admirabilis
3028 2207 3274 2280 quidam
3295 2207 3398 2281 qui
3418 2207 3485 2265 in-
3499 2223 3567 2265 eo

1919 2294 2043 2353 erat
2071 2314 2206 2353 cum
2237 2296 2397 2352 mille
2428 2295 2789 2361 hominibus,
2822 2295 3163 2352 Boamundo
3193 2294 3467 2352 reddidit.
3500 2292 3568 2350 Et

1918 2386 2001 2442 ita
2030 2385 2318 2441 Dominus
2348 2387 2546 2441 noster
2573 2383 2746 2440 Jesus
2775 2383 3041 2440 Christus
3069 2388 3254 2442 totam
3272 2383 3567 2441 civitatem

1917 2474 2339 2530 Antiochenam
2367 2474 2640 2529 Romanis
2670 2472 2935 2546 religioni
2977 2477 3034 2529 et
3080 2472 3216 2529 ﬁdei
3264 2471 3565 2545 mancipa-

1915 2563 1995 2619 vit
2027 2564 2160 2635 (62).
2187 2563 2297 2618 Sed
2345 2561 2488 2635 quia
2534 2577 2766 2634 semper
2812 2560 2963 2618 solet
3009 2559 3229 2634 aliquid
3282 2564 3565 2618 moestum

1917 2650 2064 2707 laetis
2103 2651 2454 2707 intervenire
2496 2650 2694 2718 rebus,
2744 2649 2842 2706 ille
2888 2649 3190 2708 Podiensis
3229 2649 3563 2724 episcopus,

1918 2756 2091 2811 quem
2147 2744 2318 2795 tuum
2381 2738 2659 2794 vicarium
2716 2737 2887 2794 nobis
2951 2738 3358 2808 commiseras,
3411 2732 3563 2795 bello

1917 2832 2168 2901 peracto,
2200 2829 2259 2884 in
2291 2845 2409 2900 quo
2438 2828 2680 2884 honeste
2707 2827 2837 2894 fuit,
2870 2832 2929 2885 et
2965 2827 3281 2899 pacificate.
3308 2826 3561 2898 civitate,

1915 2917 2193 2974 Kalendis
2221 2916 2472 2989 Augusti
2504 2919 2772 2973 mortuus
2801 2920 2912 2973 est.

1986 3007 2151 3062 Nunc
2181 3006 2363 3078 igitur
2392 3005 2493 3061 ﬁlii
2524 3005 2611 3061 tui
2636 3005 2807 3062 Patre
2834 3004 3151 3062 commisso
3197 3004 3410 3075 orbati,
3453 3003 3563 3061 tibi

1915 3094 2209 3167 spirituali
2238 3095 2394 3151 Patri
2425 3099 2623 3157 nostro
2644 3095 2998 3150 mandamus
3023 3097 3090 3149 ut
3109 3093 3210 3166 qui
3230 3093 3383 3172 hanc
3401 3092 3561 3150 viam

1913 3184 2223 3257 inccnpisti,
2270 3189 2330 3240 et
2377 3184 2749 3241 sermonibus
2797 3184 2921 3240 tuis
2967 3200 3076 3240 nos
3123 3197 3333 3241 omnes
3374 3185 3561 3239 terras

150 3288 271 3346 que
302 3270 619 3328 exercitum
651 3271 723 3326 ad
756 3269 1047 3325 civitatem
1077 3267 1546 3337 descendentem,
1582 3286 1656 3323 ne
1692 3269 1802 3342 ipsi
1834 3255 1878 3322 Ε
1917 3255 2148 3329 nostras
2176 3278 2234 3329 et
2263 3272 2550 3344 quidquid
2573 3272 2633 3327 in
2657 3271 2830 3328 terris
2851 3275 2974 3329 erat
2993 3270 3324 3344 relinquere
3345 3269 3556 3340 fecisti,

152 3361 332 3418 nobis
362 3359 546 3415 multo
581 3358 778 3432 plures
824 3358 1237 3430 irrumperent,
1286 3357 1702 3426 custodientes,
1751 3361 1808 3414 et

152 3450 323 3506 intus
351 3451 409 3505 et
434 3451 597 3504 extra
645 3450 814 3503 nocte
855 3450 913 3502 et
957 3447 1049 3502 die
1096 3444 1451 3501 debellantes
1489 3448 1685 3517 portas
1733 3447 1803 3501 ad

152 3538 451 3595 civitatem
482 3536 627 3610 asyli
658 3536 873 3592 intrare
903 3539 959 3592 et
993 3536 1065 3591 ad
1084 3540 1277 3591 castra
1294 3550 1550 3591 remeare
1569 3550 1807 3607 compu-

150 3628 358 3684 limus.
391 3626 534 3683 Cum
566 3641 702 3698 ergo
724 3624 1012 3681 vidissent
1032 3624 1187 3697 quod
1210 3639 1279 3679 ex
1298 3622 1399 3678 illa
1419 3627 1579 3696 parte
1600 3638 1806 3679 nocere

151 3716 327 3774 nobis
344 3714 490 3771 nihil
509 3714 860 3788 potuissent,
886 3714 969 3770 ita
985 3731 1090 3769 nos
1112 3729 1181 3769 ex
1201 3712 1359 3768 omni
1381 3716 1543 3786 parte
1565 3711 1715 3768 circu
1725 3729 1810 3767 m-

149 3805 348 3862 ierunt
376 3808 445 3860 ut
474 3800 621 3859 nulli
652 3819 721 3859 ex
753 3802 968 3859 nostris
1000 3803 1154 3859 exire
1201 3801 1289 3857 vel
1334 3801 1407 3857 ad
1454 3818 1562 3857 nos
1607 3801 1803 3856 venire

148 3892 469 3967 potuerint.
501 3895 690 3958 Quare
716 3892 799 3946 ita
825 3891 1066 3955 desolati
1099 3896 1156 3947 et
1178 3890 1380 3946 afflicti
1403 3890 1624 3946 fuimus
1646 3890 1802 3962 quod

146 3982 305 4038 fame
334 3984 392 4039 et
416 3979 547 4037 aliis
578 3979 782 4036 multis
814 3981 1102 4053 angustiis
1143 3979 1481 4047 morientes,
1533 3994 1715 4050 equos
1748 3982 1806 4034 et

145 4070 347 4127 asinos
379 4073 612 4126 nostros
645 4068 947 4125 famelicos
980 4068 1395 4124 interﬁcientes
1422 4067 1592 4123 multi
1616 4067 1803 4123 nostri

144 4159 553 4215 comederunt.

219 4248 334 4303 Sed
366 4246 602 4302 interim
634 4245 1093 4303 clementissima
1121 4244 1525 4301 misericordia
1543 4245 1803 4317 omnipo-

146 4335 328 4392 tentis
357 4335 460 4390 Dei
490 4334 661 4391 nobis
690 4335 1070 4391 subveniente
1100 4337 1158 4389 et
1180 4350 1284 4406 pro
1309 4334 1479 4390 nobis
1502 4333 1799 4407 vigilante,

147 4422 513 4478 Dominicam
536 4422 821 4492 lanceam,
845 4440 962 4495 qua
984 4422 1136 4478 latus
1156 4423 1294 4478 Jesu
1318 4422 1533 4478 Christi
1557 4423 1801 4496 Longini

147 4512 426 4567 manibus
457 4512 819 4586 perforatum
853 4512 982 4578 fuit,
1014 4516 1215 4567 sancto
1254 4513 1489 4567 Andrea
1539 4511 1801 4584 apostolo

1913 3367 1973 3418 et
2000 3377 2227 3418 crucem
2262 3360 2579 3431 bajulando
2608 3359 2909 3417 Christum
2940 3359 3107 3433 sequi
3134 3357 3480 3432 praeepisti,
3501 3362 3563 3416 et

1913 3450 2309 3506 Christianum
2349 3465 2560 3505 nomen
2611 3448 2863 3505 exaltare
2910 3448 3349 3516 commonuisti,
3400 3463 3560 3507 eom-

1913 3538 2127 3611 plendo
2138 3554 2266 3610 quae
2284 3536 2552 3594 hortatus
2568 3553 2631 3593 es
2643 3538 2716 3592 ad
2738 3554 2844 3594 nos
2859 3537 3081 3605 venias,
3099 3540 3157 3593 et
3174 3551 3562 3609 quoscunque

1913 3628 2130 3701 poteris
2162 3632 2229 3682 ut
2264 3630 2459 3682 tecum
2505 3625 2743 3682 veniant
2786 3626 3162 3683 submoneas.
3207 3625 3357 3681 Hinc
3399 3622 3561 3680 enim

1912 3716 2308 3773 Christianum
2339 3714 2843 3787 nomensumpsit
2876 3713 3205 3777 exordium.
3241 3713 3560 3785 Postquam

1911 3805 2071 3862 enim
2117 3806 2325 3861 beatus
2374 3808 2601 3867 Petrus.
2630 3803 2691 3858 in
2739 3802 3019 3860 cathedra
3067 3817 3247 3874 quam
3297 3799 3561 3874 quotidie

1912 3892 2209 3950 cernimus
2237 3892 2363 3949 inth
2374 3892 2666 3949 ronizatus
2694 3891 2826 3962 fuit,
2858 3890 2945 3946 illi
2970 3889 3071 3963 qui
3087 3890 3253 3963 prius
3270 3889 3559 3956 vocaban-

1910 3986 2008 4038 tur
2037 3981 2279 4049 Galilaei,
2312 3981 2409 4037 hic
2437 3982 2695 4054 primum
2715 3985 2772 4037 et
2791 3978 3192 4053 principaliter
3211 3977 3399 4043 vocati
3421 3980 3562 4049 sunt

1910 4071 2246 4127 Christiani.
2279 4071 2428 4138 Quid
2462 4070 2643 4143 igitur
2666 4069 2729 4125 in
2759 4069 2898 4126 orbe
2926 4069 3144 4126 rectius
3175 4083 3304 4127 esse
3328 4067 3560 4126 videtur

1911 4177 2089 4234 quam
2113 4164 2180 4217 ut
2202 4165 2286 4225 tu,
2311 4160 2413 4232 qui
2435 4160 2605 4216 Pater
2622 4163 2680 4216 et
2700 4163 2877 4231 caput
2894 4157 3234 4214 Christianae
3256 4154 3557 4230 religionis

1909 4249 2132 4321 existis,
2164 4250 2236 4306 ad
2284 4249 2489 4305 urbem
2533 4247 2916 4321 principalem
2945 4250 3005 4304 et
3033 4246 3342 4320 capitalem
3389 4244 3560 4301 Chri-

1910 4339 2085 4395 stiani
2129 4339 2386 4394 nominis
2416 4338 2635 4406 venias,
2677 4341 2734 4395 et
2782 4336 3005 4395 bellum
3050 4337 3206 4409 quod
3255 4339 3425 4393 tuum
3471 4337 3561 4391 est

1910 4428 2208 4500 proprium
2243 4442 2309 4483 ex
2339 4431 2442 4481 tua
2472 4431 2635 4499 parte
2664 4425 2957 4482 conﬁcias.
2992 4425 3110 4482 Nos
3137 4425 3295 4482 enim
3338 4425 3560 4481 Turcos

1909 4518 1967 4569 et
1985 4529 2243 4585 paganos
2261 4512 2743 4585 expugnavimus.
2764 4513 3071 4571 Haereticos
3092 4517 3287 4568 autem
3305 4512 3561 4578 Grmcos,

146 4601 386 4689 cuidam
421 4600 641 4689 famulo
692 4602 792 4657 Dei
844 4605 931 4658 ter
978 4600 1269 4657 revelante
1316 4601 1449 4673 (60),
1499 4605 1556 4656 et
1602 4602 1800 4689 ipsum
1832 4623 1879 4689 Β
1911 4606 1967 4658 et
1995 4606 2302 4681 Armenes,
2336 4607 2511 4672 atque
2541 4599 2760 4673 Syrios,
2790 4601 3206 4672 Jacobitasque
3226 4600 3558 4689 expugnare

146 4688 343 4746 locum
377 4690 477 4746 ubi
512 4688 716 4747 lancea
737 4692 974 4763 jacebat
994 4691 1456 4758 demonstrante,
1478 4691 1534 4746 in
1559 4688 1805 4747 ecclesia

147 4777 307 4834 Beati
340 4779 490 4835 Petri
523 4779 919 4853 apostolorum
943 4778 1224 4852 principis
1246 4778 1597 4835 invenimus.
1623 4779 1805 4851 Cujus

150 4866 486 4923 inventione
515 4872 571 4923 et
601 4866 803 4923 multis
835 4866 968 4922 aliis
1005 4867 1219 4922 divinis
1250 4866 1703 4923 revelationibus
1725 4868 1805 4924 ita

149 4955 461 5012 eonfortati
493 4960 550 5013 et
581 4954 936 5013 corroborati
968 4956 1190 5011 fuimus
1220 4959 1284 5010 ut
1315 4954 1417 5027 qui
1448 4961 1582 5012 ante
1603 4956 1803 5011 afﬂicti

151 5050 211 5100 et
227 5045 419 5100 timidi
440 5046 756 5113 fueramus,
781 5049 920 5100 tunc
937 5044 1009 5099 ad
1030 5043 1249 5100 bellum
1274 5044 1603 5100 faciendum
1631 5046 1807 5100 auda-

151 5133 377 5189 eissimi
432 5133 997 5207 promptissimique,
1050 5132 1146 5188 alii
1206 5132 1352 5189 alios
1400 5134 1800 5189 hortabamur.

151 5221 338 5295 Igitur
369 5221 561 5278 tribus
591 5221 1060 5279 hebdomadibus
1092 5225 1150 5279 et
1178 5226 1430 5294 quatuor
1459 5222 1666 5278 diebus
1703 5223 1804 5278 ob-

152 5311 322 5380 sessi,
354 5310 415 5366 in
454 5311 651 5385 vigilia
703 5309 1101 5385 apostolorum
1154 5310 1307 5367 Petri
1356 5314 1413 5366 et
1456 5310 1620 5366 Pauli
1669 5312 1803 5383 (61),

150 5398 214 5454 in
243 5399 361 5455 Deo
409 5399 787 5468 conﬁdentes,
842 5402 900 5456 et
941 5400 1013 5455 de
1060 5399 1336 5456 omnibus
1384 5399 1807 5472 iniquitatibus

148 5489 368 5546 nostris
398 5488 670 5559 confessi,
704 5493 966 5563 petentes
986 5492 1185 5561 portas
1210 5487 1463 5545 civitatis
1483 5505 1618 5546 cum
1642 5487 1807 5547 omni

246 5595 336 5671 QQ)
365 5594 513 5671 Yide
542 5592 905 5671 Wilequyr.
937 5595 1038 5654 lib.
1069 5611 1146 5669 VI,
1179 5611 1230 5653 c.
1263 5594 1351 5655 44.

246 5595 336 5671 60)
365 5595 513 5652 Vide
542 5595 734 5652 Wilel.
769 5596 790 5652 'l

225 5595 344 5753 ξω)
376 5668 547 5739 Ibid.,
580 5684 632 5726 ο.
663 5668 790 5727 220.

477 5794 743 5863 ΡΑτιοι.
784 5793 931 5867 CLI.

1913 4690 2306 4762 nequivimus.
2341 4690 2690 4745 Mandamus
2719 4689 2898 4761 igitur
2926 4693 2985 4745 et
3013 4689 3431 4753 remandamus
3448 4686 3558 4743 tibi

1914 4779 2263 4836 charissimo
2280 4777 2435 4834 Patri
2467 4782 2667 4834 nostro
2698 4782 2763 4833 ut
2781 4776 3063 4845 tu,Pater,
3085 4776 3157 4833 ad
3177 4780 3289 4832 tuas
3311 4774 3564 4849 paterni-

1912 4869 2049 4924 tatis
2081 4867 2276 4923 locum
2305 4867 2523 4936 venias,
2556 4872 2613 4922 et
2642 4866 2743 4939 qui
2775 4866 2962 4922 sancti
2992 4866 3143 4923 Petri
3175 4881 3237 4923 es
3282 4864 3559 4934 vicarius,

1914 4957 1972 5012 in
2006 4957 2281 5013 cathedra
2311 4956 2498 5013 sancti
2529 4955 2681 5012 Petri
2711 4956 2917 5013 sedeas
2942 4960 3002 5011 et
3031 4972 3139 5012 nos
3162 4954 3318 5012 ﬁlios
3344 4957 3479 5012 tuos
3498 4954 3561 5011 in

1913 5045 2192 5101 omnibus
2224 5049 2375 5100 recte
2398 5044 2639 5117 agendis
2662 5042 2999 5101 obedientes
3017 5043 3258 5115 habeas;
3281 5048 3340 5102 et
3355 5058 3563 5107 omnes

1914 5134 2185 5201 hzereses,
2219 5135 2625 5206 cujuscunque
2655 5132 2845 5206 gentis
2877 5133 3017 5202 sint,
3068 5137 3171 5192 tua
3218 5133 3563 5197 auctoritate

1914 5227 1972 5280 et
2031 5228 2234 5280 nostra
2286 5223 2503 5281 virtute
2558 5222 2820 5279 eradices
2875 5226 2933 5279 et
2984 5223 3307 5293 destruas;
3367 5225 3425 5279 et
3479 5221 3563 5289 sic

1915 5313 2225 5369 nobiscum
2254 5312 2408 5368 viam
2440 5311 2578 5368 Jesu
2608 5311 2822 5367 Christi
2849 5328 2884 5367 a
2903 5310 3073 5369 nobis
3102 5311 3394 5385 inceptam
3444 5313 3502 5366 et
3530 5326 3566 5368 a

1914 5405 1970 5457 te
1996 5401 2368 5472 praedicatam
2401 5398 2687 5472 perﬁcies,
2721 5404 2780 5455 et
2809 5400 2984 5457 etiam
3018 5405 3216 5475 portas
3256 5400 3566 5471 utriusque

1917 5488 2279 5547 Hierusalem
2320 5487 2490 5545 nobis
2539 5486 2787 5562 aperias,
2839 5493 2898 5547 et
2945 5488 3282 5565 sepulcrum
3331 5484 3566 5549 Domini

1987 5596 2099 5681 (62)
2131 5597 2312 5668 Idem,
2340 5595 2445 5670 lib,
2476 5612 2557 5668 γι,
2589 5613 2640 5658 c.
2672 5596 2722 5657 l.

3168 5790 3246 5867 ιι
