3958 6352
427 372 546 433 551

1068 505 1266 561 ccam
1306 507 1436 578 (56).

433 595 684 667 Urbanus
721 595 880 667 clero
913 603 985 667 ret
1035 595 1232 667 popqu
1291 597 1660 650 Lemovicensi
1714 597 1967 667 pra'cipzt
2024 599 2078 649 ut

501 665 800 722 Humbaldo
831 666 1070 736 episcopo
1093 665 1158 739 dc
1187 665 1434 739 Simonta
1458 665 1723 739 purgato,
1745 685 1782 722 a
1828 665 1989 738 seque
2019 669 2079 722 in

502 739 776 808 integrum
805 739 1071 803 restituto,
1101 738 1374 792 obedz‘ant.

1048 843 1235 914 (Anno
1277 843 1459 915 1094.)

817 933 1075 1003 [ΒΑιυΖη
1107 934 1368 1001 MiscetL,
1416 933 1486 1002 II,
1533 932 1684 1004 182.]

499 1037 776 1094 URBANUS
797 1038 1125 1111 episcopus,
1143 1055 1344 1094 servus
1369 1055 1670 1094 servorum
1693 1039 1816 1105 Dei,
1835 1037 1988 1095 clero
2019 1042 2077 1094 et

426 1126 642 1200 populo
673 1127 946 1183 universo
977 1126 1477 1184 Lemovicensium
1501 1127 1753 1184 salutem
1783 1132 2074 1201 etaposto-

423 1213 597 1270 licam
629 1215 1110 1272 benedictionem.

501 1301 806 1359 Universos
817 1320 920 1359 vos
937 1303 1016 1358 sci
1026 1320 1084 1359 re
1098 1303 1250 1359 credi
1261 1321 1394 1360 mus
1406 1305 1904 1376 quemadmodum
1919 1321 2072 1361 anno

423 1390 712 1462 pratterito
737 1395 926 1446 vester
945 1391 1416 1462 episcopus,cum
1437 1409 1499 1448 se
1513 1396 1712 1449 nostro
1733 1393 2070 1466 conspectui

393 1481 830 1550 .praasentasset
859 1493 1038 1549 super
1066 1479 1422 1549 quibusdam
1453 1479 1727 1551 capitulis
1763 1484 2072 1536 accusatus

419 1581 548 1638 qua:
577 1568 900 1622 secundum
933 1573 1271 1624 sanctorum
1311 1585 1604 1624 canonum
1649 1569 1915 1642 regulam
1947 1575 2069 1625 tam

418 1653 758 1712 electionem
781 1657 910 1726 ejus
923 1673 1100 1728 quam
1119 1657 1614 1714 consecrationem
1629 1659 2068 1730 eius,praesente

418 1743 594 1800 etiam
622 1744 968 1800 Bituricensi
994 1744 1448 1817 archiepiscopo,
1463 1746 1566 1818 qui
1594 1763 1730 1801 eum
1765 1762 2067 1802 consecra-

417 1837 604 1901 verat,
632 1832 1032 1902 infirmabant,
1063 1849 1240 1905 super
1287 1834 1503 1908 quibus
1533 1835 1812 1892 omnibus
1841 1852 1976 1892 cum
2005 1853 2068 1892 se

395 1919 693 1977 canonice
721 1937 1045 1994 expurgare
1094 1921 1436 1994 nequiverit,
1468 1921 1797 1994 imparatus
1852 1923 2068 1998 quippe

419 2009 548 2066 sine
573 2008 979 2065 defensoribus
1007 2015 1258 2076 venerat,
1293 2011 1407 2076 ille,
1435 2010 1797 2084 episcopatu,
1830 2013 1940 2068 sub
1967 2029 2070 2085 spe

419 2096 556 2153 licet
586 2097 1021 2164 misericordias,
1067 2099 1356 2170 abdicato,
1401 2099 1823 2173 Jerosolymam
1880 2101 2066 2172 petiit,

419 2186 654 2242 rediens
673 2183 1134 2242 misericordiam
1152 2186 1614 2260 imploravit,nos
1635 2188 1838 2244 multis
1853 2189 2069 2245 multo-

398 2291 550 2332 .rum
573 2273 829 2332 filiorum
861 2281 1194 2332 nostrorum
1225 2277 1499 2349 precibus
1522 2276 1786 2333 inclinati
1801 2279 2067 2334 eamdem

393 2379 656 2424 causam
689 2363 1156 2420 reverentissimo
1185 2365 1462 2422 confratri
1492 2370 1695 2423 nostro
1725 2367 1794 2422 H.
1836 2367 2066 2441 Lugdu-

418 2451 586 2510 nensi
597 2451 1032 2525 archiepiscopo
1054 2454 1432 2526 permisimus
1443 2455 1601 2512 intra
1613 2455 1971 2528 provinciam
1983 2457 2068 2512 di-

418 2538 708 2612 ligentiori
731 2540 996 2596 examine
1023 2543 1417 2615 quaerendam,
1438 2544 1541 2600 ubi
1569 2549 1628 2600 et
1656 2549 2064 2601 accusatorum

418 2645 678 2701 persona:
696 2635 846 2685 notae
867 2633 1090 2698 sunt,et
1110 2631 1422 2704 episcopus
1442 2633 1512 2688 de
1537 2633 1774 2689 testium
1798 2633 2066 2690 absentia

417 2717 694 2790 conqueri
727 2716 886 2772 nullo
919 2719 1090 2774 modo
1121 2719 1354 2775 valeret.
1387 2719 1576 2776 Causa
1605 2721 1784 2794 igitur
1813 2721 2064 2794 diligen-

414 2806 536 2862 tius
565 2805 874 2877 requisita,
906 2822 1036 2862 cum
1072 2806 1472 2863 Simoniacum
1531 2825 1666 2864 eum
1693 2813 2064 2866 accusatores

419 2893 667 2967 probare
703 2894 1092 2964 nequiverint,
1127 2895 1540 2952 misericordiae
1571 2901 1628 2953 et
1657 2897 2060 2954 ecclesiasticae

418 2981 580 3055 pacis
608 2981 821 3038 intuitu
855 2982 1102 3038 facultas
1133 2985 1184 3040 ei
1216 3000 1493 3042 concessa
1523 2990 1613 3042 est
1663 2991 1728 3042 ut
1757 3003 1818 3043 sc
1848 2988 1920 3043 ab
1951 2987 2061 3044 hoc

417 3087 540 3126 una
566 3087 700 3126 cum
733 3071 959 3128 idoneis
979 3073 1227 3129 testibus
1248 3077 2058 3148 expurgaret.Igiturcasteris,

415 3159 552 3215 licet
579 3158 1002 3232 depositionem
1025 3160 1210 3217 solam
1235 3163 1860 3236 asserant,apostolicas
1893 3183 2057 3221 man-

1729 370 1798 434 B.
1846 371 2141 438 URBANI
2187 370 2240 433 ΙΙ
2285 371 2538 434 ΡΑΡιΕ.

2109 511 2156 572 Α
2193 507 2502 577 praascntia
2531 503 3175 578 convocari,Stirpensis
3206 504 3264 561 F.
3299 504 3422 560 etJ.
3454 503 3844 560 Floriacensis

2189 596 2430 651 abbates
2479 596 2712 668 pariter,
2754 593 2860 648 viri
2918 594 3201 648 nimirum
3258 591 3540 666 religiosa:
3596 592 3726 647 vitae
3785 598 3844 648 et

2188 686 2358 740 famae
2378 685 2639 758 integrae,
2674 700 2808 739 cum
2827 682 2960 739 aliis
2992 681 3182 738 tribus
3213 680 3437 738 clericis
3468 681 3612 748 suis,
3646 698 3846 737 sacra-

2187 773 2403 829 mentis
2425 789 2730 829 asserueru
2742 772 2978 828 nt.Eum
3007 771 3206 843 itaque
3227 771 3299 826 ad
3329 787 3432 826 vos
3464 786 3598 826 cum
3630 776 3847 826 nostra:

2185 861 2384 934 gratiae
2400 865 2458 917 et
2468 859 2818 934 episcopalis
2837 859 3012 916 ofﬁcii
3029 857 3390 932 plenitudine
3402 859 3844 928 remandantes,

2185 955 2248 1005 ut
2269 949 2382 1023 ipsi
2413 958 2695 1022 tanquam
2711 948 2930 1021 pastori
2951 948 3187 1021 proprio
3217 946 3506 1004 obediatis
3536 947 3846 1020 presenti-

2183 1037 2298 1093 bus
2329 1037 2597 1110 apicibus
2645 1038 3053 1093 admonemus.
3088 1034 3436 1092 Obedientes
3464 1051 3567 1091 vos
3597 1033 3835 1097 miseri-

2183 1125 2382 1183 cordia
2405 1127 2602 1183 divina
2627 1123 2940 1182 custoniat.

2889 1229 3115 1285 CCCIV.

2183 1321 2338 1377 ειενο
2361 1324 2413 1377 et
2439 1321 2637 1393 popqu
2675 1321 3042 1388 Lemovicensi
3097 1317 3464 1393 Humbaldum
3519 1319 3838 1390 episcopum

2703 1393 2908 1446 iterum
2946 1389 3300 1446 commendat.

2787 1481 2974 1549 (Anno
3007 1479 3258 1550 eodem.)

2605 1569 2832 1637 [Bawz,
2866 1568 3118 1636 Miscelt.,
3147 1568 3218 1635 ΙΙ,
3250 1568 3400 1638 182.]

2251 1657 2518 1713 [Insanus
2547 1658 2879 1730 episcOpus,
2915 1673 3118 1712 servus
3159 1673 3458 1712 servorum
3505 1656 3626 1724 Dei,
3678 1653 3835 1712 clero

2179 1750 2236 1802 et
2248 1746 2461 1819 populo
2475 1746 2746 1801 universo
2763 1744 3260 1801 Lemovicensium
3274 1744 3524 1802 salutem
3535 1749 3594 1801 et
3604 1749 3840 1818 aposto-

2176 1833 2351 1892 licam
2381 1834 2873 1892 benedictionem.

2249 1923 2502 1980 Veniens
2534 1924 2606 1980 ad
2639 1939 2746 1978 nos
2778 1923 3070 1979 confrater
3101 1927 3298 1979 noster
3326 1921 3696 1978 Humbaldus
3732 1932 3832 1978 ve-

2179 2016 2310 2068 stra:
2339 2011 2592 2069 civitatis
2620 2011 2932 2084 episcopus
2981 2011 3200 2068 multas
3262 2009 3437 2067 matri
3491 2008 3767 2066 Ecclesia:
3795 2027 3832 2066 a

2178 2100 2315 2156 ﬁliis
2339 2100 2725 2173 suiaquestus
2737 2104 2828 2155 est
2847 2099 3096 2170 injurias
3115 2097 3379 2170 irrogari.
3399 2097 3648 2162 Quidam
3670 2097 3831 2155 enim

2179 2187 2435 2244 militum
2467 2193 2524 2244 et
2551 2187 2944 2244 Ecclesiarum
2977 2187 3146 2243 bonis
3175 2186 3456 2244 violenter
3501 2187 3836 2242 abutuntur

2176 2281 2233 2334 et
2262 2277 2514 2334 honores
2568 2280 2854 2348 tanquam
2915 2276 3344 2349 possessionem
3396 2275 3830 2332 hereditariam

2175 2367 2498 2438 exigunt,et
2517 2382 2633 2422 non
2656 2365 3042 2422 consentienti
3069 2365 3341 2438 episcopo
3364 2368 3652 2436 tanquam
3671 2363 3830 2421 hosti

2175 2455 2476 2510 molestias
2507 2455 2799 2528 ingerunt.
2837 2453 3000 2510 Unde
3038 2470 3144 2509 nos
3176 2453 3548 2510 dilectionem
3571 2456 3831 2510 vestram

2175 2560 2309 2600 cum
2329 2543 2540 2600 litteris
2581 2543 2970 2616 praesentibus
3013 2542 3392 2598 exhortamur
3417 2546 3594 2614 atque
3626 2541 3829 2615 preci-

2175 2633 2374 2706 pimus
2404 2636 2470 2688 ut
2499 2649 2534 2688 a
2588 2633 3044 2705 praesumptione
3084 2631 3194 2688 hac
3223 2631 3517 2688 abstinere
3546 2630 3824 2704 deinceps

2172 2722 2410 2777 omnino
2432 2721 2731 2794 satagatis.
2755 2721 2918 2786 Quod
2951 2719 3001 2776 si
3032 2725 3162 2792 post
3183 2719 3304 2775 haec
3330 2719 3824 2793 contempseritis,

2171 2825 2585 2882 quamcunque
2631 2809 2980 2864 sententiam
3009 2807 3069 2864 in
3118 2825 3221 2864 vos
3275 2808 3587 2880 episcopus
3633 2813 3829 2865 vester

2171 2899 2448 2955 canonica
2497 2898 2840 2954 auctoritate
2904 2897 3228 2962 dictaverit,
3307 2911 3583 2954 assensus
3635 2896 3825 2954 nostri

2170 2987 2512 3042 auctoritate
2542 2986 2981 3042 confirmamus.
3014 2985 3131 3041 Nos
3161 2985 3318 3040 enim
3349 2985 3652 3042 universas
3677 2985 3822 3041 dite-

2169 3075 2320 3132 cesis
2341 3074 2616 3132 ecclesias
2631 3075 2903 3147 episcopo
2925 3075 3222 3144 subjectae
3252 3089 3382 3130 esse
3400 3077 3457 3129 et
3475 3073 3823 3130 canonicam

2165 3165 2442 3220 volumus
2463 3163 2842 3220 reverentiam
2863 3162 3154 3235 exhibere,
3186 3161 3384 3230 salvis,
3427 3162 3476 3220 si
3510 3178 3632 3234 qua
3657 3167 3822 3230 sunt,

413 3246 746 3304 suetudinis
767 3247 978 3320 pietate
999 3256 1235 3322 propter
1254 3267 1453 3323 pacem
1485 3257 1540 3307 et
1569 3253 2057 3324 tranquillitatem
2089 3238 2132 3306 C
2171 3253 2445 3310 Romanae
2481 3251 2747 3308 Ecclesia;
2779 3250 3120 3324 privilegiis.
3181 3250 3478 3308 Universis
3525 3265 3668 3308 sane
3697 3255 3824 3307 tam

413 3341 617 3392 vestra:
649 3335 916 3393 Ecclesiae
945 3337 1208 3407 indultis,
1261 3339 1592 3396 Simoniaco
1625 3341 1840 3397 scelere
1864 3343 2060 3414 jusju-

413 3425 667 3481 randum
700 3425 970 3498 praastitit
1001 3427 1155 3499 quod
1188 3445 1290 3500 pro
1321 3428 1696 3501 adipiscendo
1724 3431 2060 3504 episcopatu

401 3514 721 3586 pecuniam
753 3531 858 3571 nec
889 3514 1015 3588 ipse
1044 3517 1270 3574 dederit
1315 3523 1421 3572 aut
1449 3519 1788 3590 promiserit
1826 3524 1928 3576 aut
1959 3536 2062 3592 pro

410 3602 538 3675 ipso
568 3601 720 3660 alius
751 3621 812 3660 se
838 3605 1079 3660 sciente.
1112 3607 1273 3672 Quod
1297 3606 1565 3664 videlicet
1604 3613 2059 3676 sacramentum,

411 3692 551 3766 quia
579 3709 684 3765 per
709 3696 903 3752 tantas
951 3693 1132 3765 hujus
1151 3695 1430 3767 temporis
1461 3697 1764 3769 angustias
1793 3713 2064 3770 compro-

412 3781 688 3838 vinciales
719 3782 976 3854 episcopi
1004 3799 1200 3840 coram
1233 3789 1433 3841 nostra
1463 3785 1806 3858 neutiquam
1825 3790 2065 3858 possent

2171 3340 2398 3398 clericis
2429 3356 2608 3412 quam
2637 3339 2806 3396 laicis
2833 3356 2966 3395 eum
3017 3339 3494 3396 commendatum
3521 3341 3822 3407 volumus,

2172 3434 2455 3502 tanquam
2483 3429 2556 3484 ad
2611 3445 2713 3484 vos
2772 3444 2910 3484 cum
2967 3427 3350 3500 benignitatis
3391 3431 3605 3484 nostrae
3635 3427 3828 3501 gratia

2173 3521 2572 3576 revertentem.
2608 3517 2958 3574 Obedientes
2989 3533 3090 3573 vos
3122 3515 3362 3574 monitis
3390 3516 3611 3574 nostris
3639 3517 3824 3574 mise-

2171 3608 2422 3664 ricordia
2450 3607 2647 3663 divina
2674 3606 2983 3663 custodiat.

2243 3697 2389 3753 Data
2414 3696 2563 3753 Pisis
2593 3714 2649 3754 v1
2679 3695 2818 3752 Idus
2845 3695 3133 3752 Octobris.

485 3909 596 3981 (56)
615 3909 949 3980 Bupposita,
972 3911 1118 3964 utet
1141 3925 1414 3980 sequens,
1448 3909 1521 3964 ab
1548 3909 1875 3966 Humbaldo
1909 3911 2326 3968 Lemovicensi.

920 4213 1507 4300 EPISTOLZE
1564 4215 2340 4305 DIVERSORUM
2396 4218 2537 4302 AD
2595 4217 3169 4306 URBANUM
3225 4217 3303 4301 II

1215 4496 1257 4552 Ι.

409 4583 668 4662 Epistula
701 4585 1010 4662 Damna-mli
1035 4584 1352 4662 principia
1390 4587 1711 4662 Antiochiae,
1744 4591 2059 4662 ﬂag/mund:

480 4656 702 4729 comitia
714 4656 902 4729 Sancti
921 4655 1148 4729 ngidz't,
1183 4655 1460 4729 Gods/“ridi
1477 4659 1632 4716 ducis
1659 4655 2056 4729 Lothah'ngiac,

485 4727 704 4782 lloberti
728 4728 938 4782 comitis
967 4727 1394 4795 Northmanniaz,
1431 4732 1647 4787 Robcrtz'
1673 4734 1887 4787 comitis
1899 4727 2060 4788 Ftané

481 4797 712 4862 drancis,
745 4806 796 4852 ct
825 4799 1104 4854 Eustachii
1133 4803 1344 4857 comitis
1375 4803 1635 4867 Bolom’w,
1668 4804 1737 4858 dit
1784 4803 2061 4860 L’rtanum

480 4870 528 4924 Il
547 4885 752 4940 papam
783 4870 978 4942 (57-9).

621 4956 848 5029 (BALUz.
884 4958 1122 5014 Misccll.
1170 4960 1300 5016 e’dit.
1339 4962 1462 5015 Luc.
1512 4962 1608 5026 ΙΙΙ,
1643 4980 1698 5034 p.
1727 4963 1844 5034 60)

480 5045 724 5101 Domino
755 5051 810 5102 et
842 5048 1152 5104 venerabili
1179 5067 1340 5121 papa
1367 5050 1599 5104 ΗΒΕΑκο
1624 5051 1980 5108 BOAMUNDUS
2003 5058 2059 5108 et

410 5133 777 5192 RAYMUNDUS
807 5153 1001 5194 comes
1029 5137 1222 5193 Sancti
1269 5137 1501 5209 zEgidii,
1551 5156 1617 5192 ac
1675 5138 2056 5197 Gonnrnsnus

409 5222 547 5290 dux,
573 5223 877 5282 Rosan'rus
900 5243 1013 5299 que
1034 5243 1230 5283 comes
1252 5225 1704 5296 Northmannim,
1739 5233 1914 5302 atque
1943 5231 2054 5286 Ro-

407 5325 628 5368 nnn'rus
653 5330 848 5370 comes
871 5313 1318 5371 Flandrensium
1341 5318 1398 5370 et
1420 5331 1615 5372 comes
1658 5316 1926 5387 Boloniae,
1962 5337 2052 5376 sa-

405 5398 590 5456 lutem
621 5405 678 5456 et
709 5401 904 5458 fidelia
953 5401 1212 5469 servitia,
1247 5405 1306 5456 et
1335 5407 1400 5456 ut
1417 5402 1520 5457 filii
1553 5421 1659 5460 suo
1691 5406 1842 5462 Patri
1876 5407 2054 5480 spiri-

407 5487 553 5545 tuali
581 5504 777 5544 veram
809 5491 870 5544 in
901 5490 1130 5546 Christo
1163 5489 1606 5561 subjectionem.

2089 4505 2136 4570 Ι)
2238 4501 2523 4559 Volumus
2535 4517 2738 4557 omnes
2769 4505 2827 4556 et
2846 4499 3250 4556 desideramus
3281 4501 3486 4554 notum
3505 4493 3676 4552 vobis
3695 4491 3821 4550 fieri

2169 4607 2346 4664 quam
2380 4607 2594 4663 magna
2624 4590 2722 4646 Dei
2754 4589 3154 4646 misericordia
3184 4601 3480 4661 quamque
3509 4582 3822 4641 evidentis-

2170 4681 2319 4736 simo
2340 4679 2528 4751 ipsius
2551 4677 2650 4734 Dei
2669 4677 3028 4734 adminiculo
3051 4693 3084 4732 a
3114 4676 3283 4732 nobis
3312 4679 3483 4747 capta
3502 4676 3593 4729 est
3619 4669 3820 4727 Antio-

2170 4768 2322 4833 chia,
2355 4773 2412 4823 et
2428 4766 2624 4835 Turci,
2647 4766 2746 4838 qui
2766 4765 2952 4822 multa
2964 4765 3207 4822 Domino
3224 4767 3424 4820 nostro
3436 4760 3821 4818 JesuChristo

2169 4855 2488 4912 intulerant
2504 4855 2839 4928 opprobria,
2869 4853 3021 4927 capti
3049 4851 3405 4910 etinterfecti
3430 4853 3588 4932 sunt,
3622 4853 3680 4904 et
3716 4863 3820 4903 nos

2168 4943 2672 5018 Hierosolymitani
2715 4944 2855 5000 Jesu
2889 4943 3105 5000 Christi
3136 4941 3408 5014 injurias,
3441 4936 3662 4995 summi
3695 4936 3819 5002 Dei,

2165 5033 2614 5104 viudicavimus,
2645 5037 2702 5088 et
2755 5049 2884 5102 nos,
2918 5033 3018 5106 qui
3048 5033 3268 5088 Turcos
3298 5029 3464 5103 prius
3493 5025 3820 5083 obsidendo

2165 5123 2586 5189 deviceramus,
2619 5120 2871 5193 qualiter
2891 5126 3092 5195 postea
3119 5139 3154 5177 a
3184 5119 3391 5176 Turcis
3421 5117 3493 5173 de
3519 5115 3820 5171 Chorasan

2165 5216 2222 5267 et
2251 5210 2612 5268 Hierusalem
2671 5215 2728 5267 et
2783 5211 3065 5268 Damasco
3118 5209 3436 5281 multisque
3466 5203 3598 5261 aliis
3640 5201 3819 5260 terris

2161 5300 2528 5358 venienlibus
2582 5301 2807 5356 obsessi
2861 5301 3102 5369 fuimus,
3161 5303 3220 5356 et
3247 5295 3541 5371 quomodo
3573 5292 3816 5350 tandem

2165 5388 2565 5446 misericordia
2592 5389 2732 5446 Jesu
2763 5390 2978 5446 Christi
3011 5388 3238 5446 liberati
3269 5401 3498 5444 sumus.

2233 5497 2378 5554 Cum
2408 5495 2593 5571 igitur
2619 5500 2787 5570 capta
2809 5496 3186 5570 Nicaea,illam
3214 5492 3532 5552 maximam
3547 5479 3819 5546 multitu-

479 5631 652 5710 (57-9)
681 5630 850 5690 Extat
887 5633 1042 5710 apud
1087 5631 1454 5696 Fulcherium
1491 5637 1925 5720 Carnotensem,
1957 5657 2086 5719 cap.
2116 5641 2206 5705 45.
