3958 6396
177 425 302 485 353

1356 422 1760 486 EPISTOL/E
1803 422 1902 483 ET
1945 421 2387 485 PRIVILEGIA
2402 466 2418 484 .

3409 499 3417 505 ,
3461 424 3587 486 554

181 557 380 612 dinem
410 557 754 625 Turcorum,
783 556 932 612 sicut
964 557 1234 623 audistis,
1263 557 1320 611 in
1357 557 1628 612 Kalendis
1663 555 1822 612 Junii
1857 559 1907 622 A
1941 558 2194 611 exercitu
2227 561 2424 611 nostro
2457 555 2683 622 bellico,
2714 557 2784 611 ad
2818 560 3015 628 portas
3047 555 3350 626 exivimus;
3375 573 3440 614 ac
3461 561 3583 614 tam

181 646 352 701 nobis
383 644 611 701 obviam
657 645 716 700 in
759 645 908 702 valle
957 645 1240 701 Dorelilla:
1291 646 1728 710 devicissemus,
1774 649 1832 700 et

177 733 346 790 illum
367 749 644 807 magnum
670 733 1106 790 Sullimannum
1131 734 1829 808 fugavissemus,suisque

177 822 517 879 hominibus
548 827 604 879 et
633 827 786 880 terra
807 840 871 880 ac
895 825 1071 880 rebus
1097 823 1608 896 exspoliassemus;
1637 821 1831 894 acqui-

177 911 294 970 sita
337 915 396 968 et
441 912 745 984 paciﬁcate
791 917 914 968 tota
959 913 1263 977 Romanis,
1324 912 1396 967 ad
1444 911 1826 968 obsidendam

173 1000 544 1057 Antiochiam
573 1001 860 1058 venimus.
887 1004 1011 1067 Qua
1031 1002 1293 1072 obsessa,
1318 999 1503 1056 multa
1528 999 1682 1056 mala
1703 1016 1829 1072 per-

173 1091 334 1164 pessi
357 1107 586 1158 sumus,
607 1094 732 1145 tum
753 1091 824 1147 de
844 1089 1014 1146 bellis
1037 1106 1405 1146 summorum
1429 1091 1751 1146 Turcorum
1771 1091 1828 1144 et

175 1195 540 1252 paganorum
573 1179 741 1235 nobis
771 1183 891 1235 tam
926 1180 1258 1250 frequenter
1280 1178 1587 1250 etcopiose
1611 1177 1829 1232 irruen-

174 1267 326 1323 tium
354 1272 417 1323 ut
446 1268 637 1323 verius
667 1268 995 1324 diceremur
1011 1268 1234 1323 obsessi
1260 1284 1436 1339 quam
1461 1284 1610 1339 quos
1632 1266 1688 1321 in
1716 1272 1828 1322 An-

173 1356 447 1412 tiochena
477 1356 708 1412 civitate
755 1357 1192 1413 obsederamus.
1245 1357 1502 1411 Tandem
1549 1355 1827 1410 omnibus

175 1445 348 1501 bellis
382 1445 691 1518 superatis,
727 1462 1046 1517 eorumque
1094 1449 1301 1500 eventu
1344 1443 1676 1499 Christiana
1715 1444 1828 1498 ﬁde

174 1533 448 1602 exaltata,
497 1550 600 1607 ego
648 1534 1027 1590 Boamundus
1076 1532 1452 1588 conventione
1496 1532 1646 1587 facta
1691 1549 1826 1587 cum

174 1623 434 1694 quodam
465 1627 650 1677 Turco
682 1623 780 1694 qui
812 1621 960 1677 mihi
1002 1622 1189 1694 ipsam
1224 1621 1465 1677 tradidit
1513 1621 1824 1687 civitatem,

172 1711 366 1768 scalas
382 1728 588 1783 parum
611 1715 741 1766 ante
761 1711 912 1766 diem
935 1728 1069 1766 cum
1093 1709 1293 1766 multis
1315 1709 1542 1765 Christo
1570 1709 1825 1764 militan-

171 1800 338 1855 tibus
371 1817 538 1855 muro
565 1799 843 1872 applicui,
877 1805 932 1853 et
963 1801 1043 1853 ita
1073 1799 1364 1854 civitatem
1401 1803 1570 1854 antea
1599 1799 1826 1854 Christo

173 1888 542 1944 resistentem
577 1906 638 1942 III
664 1887 859 1943 Nonas
909 1887 1069 1943 Junii
1123 1886 1475 1959 accepimus,
1525 1891 1581 1942 et
1632 1887 1825 1958 ipsum

170 1977 518 2034 Cassianum
553 1977 739 2048 ipsius
775 1977 1026 2033 civitatis
1075 1981 1389 2048 tyrannum
1441 1993 1574 2031 cum
1625 1975 1826 2031 multis

171 2083 418 2124 suorum
446 2065 709 2121 millibus
740 2065 1161 2145 interfecimus,
1194 2081 1515 2136 eorumque
1545 2081 1752 2120 uxores
1775 2069 1830 2120 et

171 2155 327 2211 ﬁlios
359 2171 424 2211 ac
456 2154 707 2210 familias
735 2172 870 2210 cum
903 2172 1044 2210 auro
1078 2158 1134 2209 et
1166 2158 1403 2226 argento
1449 2157 1506 2207 et
1555 2154 1829 2209 omnibus

171 2261 376 2301 eorum
409 2243 882 2316 possessionibus
923 2242 1296 2298 retinuimus.
1343 2241 1583 2313 Asylum
1632 2247 1827 2298 autem

168 2333 601 2388 Antiochenam
635 2350 667 2388 a
688 2333 895 2388 Turcis
920 2331 1337 2403 praemunitum
1362 2330 1573 2386 habere
1597 2347 1707 2384 non
1735 2347 1830 2402 po-

168 2421 420 2477 tuimus.
456 2422 568 2477 Sed
599 2437 733 2475 cum
765 2420 824 2474 in
848 2421 1102 2476 crastino
1125 2421 1319 2490 ipsum
1345 2419 1571 2491 asylum
1591 2419 1830 2490 aggredi

170 2510 588 2578 voluissemus,
636 2509 927 2564 inﬁnitam
991 2507 1430 2563 multitudinem
1481 2508 1824 2574 Turcorum,

170 2617 354 2672 quam
387 2598 592 2654 multis
617 2597 822 2654 diebus
854 2598 925 2652 ad
976 2615 1083 2653 nos
1134 2596 1472 2652 bellandum
1521 2601 1825 2651 venturam

169 2691 334 2742 extra
345 2686 636 2742 civitatem
648 2687 1213 2756 exspectaveramus,
1239 2701 1341 2756 per
1362 2700 1566 2739 omnes
1589 2700 1827 2755 campos

169 2776 600 2831 discurrentem
616 2774 892 2828 vidimus.
908 2773 1014 2837 Qui
1028 2774 1198 2828 tertia
1219 2772 1312 2828 die
1327 2790 1441 2828 non
1467 2790 1573 2828 nos
1586 2773 1825 2828 obsede-

168 2868 331 2936 runt,
356 2867 414 2919 et
436 2861 663 2936 asylum
687 2862 1028 2935 praedictum
1051 2861 1367 2933 plusquam
1387 2865 1619 2918 centum
1643 2860 1827 2916 millia

167 2969 374 3009 eorum
409 2953 791 3018 intraverunt,
827 2968 891 3006 ac
915 2967 1018 3022 per
1047 2954 1271 3022 portam
1295 2951 1559 3021 ejusdem
1584 2949 1726 3022 asyli
1751 2951 1822 3005 ad

167 3043 464 3097 civitatem
499 3043 610 3096 sub
634 3040 794 3112 asylo
820 3039 1198 3095 constitutam
1222 3039 1392 3093 nobis
1415 3038 1650 3111 illisque
1667 3055 1822 3093 com-

167 3147 414 3186 munem
435 3130 761 3201 irrumpere
792 3128 1120 3184 voluerunt.
1146 3128 1256 3182 Sed
1281 3144 1386 3182 nos
1409 3127 1465 3180 in
1492 3126 1605 3182 alio
1628 3131 1824 3182 monte

169 3219 564 3276 consistentes
595 3217 708 3290 ipsi
734 3215 893 3290 asylo
929 3216 1216 3288 opposito,
1244 3215 1397 3270 viam
1429 3215 1580 3270 inter
1602 3219 1825 3270 utrum-

1939 645 2106 715 pauci
2129 662 2363 700 eramus
2388 646 2541 716 quod
2565 661 2669 700 nos
2692 645 2807 716 ipsi
2830 661 2945 700 non
2973 661 3077 700 nos
3101 660 3364 717 pugnare
3382 649 3586 701 contra

1938 749 2037 788 eos
2068 735 2167 790 sed
2191 735 2391 807 fugere
2413 734 2727 789 afﬁrmant.
2751 733 2867 790 Nos
2889 736 3086 789 autem
3118 731 3394 790 omnibus
3415 751 3584 806 para-

1941 823 2034 889 tis,
2069 827 2125 877 et
2145 827 2266 879 tam
2278 823 2575 894 peditibus
2590 838 2768 894 quam
2781 821 3067 879 militibus
3085 821 3260 880 certis
3281 821 3585 879 ordinibus

1939 911 2259 984 dispositis,
2293 911 2392 967 ubi
2427 913 2615 984 major
2641 910 2829 968 virtus
2859 915 2918 966 et
2939 911 3216 966 fortitudo
3237 927 3440 968 eorum
3463 915 3588 968 erat

1938 1003 2214 1058 audacter
2239 999 2654 1072 requisivimus
2685 1017 2820 1057 cum
2851 999 3158 1056 Dominica
3201 999 3425 1068 lancea,
3466 1003 3524 1057 et
3553 1017 3590 1056 a

1938 1091 2128 1163 prima
2158 1089 2292 1145 belli
2325 1089 2572 1145 statione
2603 1089 2806 1162 fugere
2835 1089 3155 1162 coegimus.
3202 1087 3317 1162 Ipsi
3366 1091 3584 1157 autem,

1937 1183 2002 1233 ut
2032 1195 2158 1234 mos
2189 1195 2387 1234 eorum
2416 1182 2525 1243 est,
2547 1193 2608 1234 se
2630 1177 2892 1250 undique
2919 1176 3251 1250 dispergere
3267 1180 3587 1250 coeperunt,

1936 1272 1994 1322 et
2043 1267 2218 1323 colles
2266 1268 2605 1338 occupando
2655 1271 2709 1322 et
2757 1267 2877 1322 vias
2925 1266 3263 1339 ubicunque
3321 1269 3591 1340 poterant

1936 1356 2283 1427 appetendo,
2316 1372 2422 1410 nos
2455 1372 2660 1427 gyrare
2689 1355 3019 1422 voluerunt,
3051 1355 3190 1427 quia
3220 1355 3304 1412 sic
3335 1372 3443 1411 nos
3464 1371 3590 1412 om-

1939 1461 2040 1500 nes
2073 1446 2394 1499 interﬁcere
2426 1448 2794 1516 putaverunt.
2829 1444 2940 1499 Sed
2973 1443 3142 1500 nobis
3183 1443 3388 1500 multis
3419 1441 3590 1500 bellis

1937 1539 2139 1590 contra
2151 1551 2354 1589 eorum
2369 1532 2716 1588 calliditates
2729 1536 2785 1588 et
2802 1531 3036 1604 ingenia
3057 1532 3278 1589 edoctis
3297 1532 3381 1588 ita
3401 1530 3590 1604 gratia

1936 1623 2034 1679 Dei
2068 1627 2126 1678 et
2155 1621 2555 1678 misericordia
2583 1621 2874 1689 subvenit,
2908 1625 2973 1676 ut
3002 1621 3101 1694 qui
3133 1619 3478 1693 paucissimi
3511 1621 3585 1678 ad

1936 1728 2137 1768 eorum
2157 1711 2652 1784 comparationem
2670 1727 3145 1776 eramus,omnes
3162 1709 3293 1766 illos
3314 1709 3374 1765 in
3397 1725 3584 1767 unum

1936 1802 2257 1872 coegimus,
2291 1805 2346 1854 et
2377 1805 2626 1867 coactos,
2660 1801 2894 1855 dextera
2933 1798 3034 1854 Dei
3071 1799 3379 1854 nobiscum
3409 1798 3585 1854 dimi-

1938 1895 2123 1957 cante,
2159 1889 2356 1962 fugere
2387 1893 2445 1944 et
2475 1893 2666 1944 castra
2687 1905 2822 1944 cum
2844 1886 3119 1943 omnibus
3141 1903 3270 1959 quas
3291 1887 3352 1942 in
3375 1887 3584 1945 castris

1939 1982 2102 2034 erant
2125 1977 2452 2049 relinquere
2472 1975 2887 2049 compulimus.
2911 1977 3136 2041 Quibus
3154 1975 3325 2032 victis
3345 1979 3584 2049 totaque

1938 2068 2030 2122 die
2061 2067 2363 2134 insecutis,
2397 2072 2455 2121 et
2484 2066 2688 2122 multis
2717 2065 2980 2122 millibus
3008 2081 3211 2122 eorum
3242 2065 3582 2131 interfectis,

1939 2157 2009 2210 ad
2042 2155 2332 2211 civitatem
2365 2154 2479 2209 laeti
2513 2159 2568 2210 et
2618 2154 2833 2210 hilares
2883 2155 3294 2211 remeavimus.
3342 2152 3584 2227 Asylum

1938 2248 2132 2299 autem
2157 2243 2624 2316 suprascriptum
2649 2243 3024 2299 Admirabilis
3047 2243 3291 2315 quidam
3313 2242 3415 2315 qui
3436 2243 3497 2298 in
3517 2258 3583 2299 eo

1937 2337 2060 2387 erat
2089 2349 2223 2388 cum
2254 2331 2414 2386 mille
2445 2330 2806 2395 hominibus,
2841 2331 3180 2387 Boamundo
3211 2330 3484 2387 reddidit.
3518 2329 3585 2384 Et

1937 2421 2017 2476 ita
2048 2420 2335 2476 Dominus
2366 2423 2564 2475 noster
2591 2418 2763 2474 Jesus
2793 2418 3059 2474 Christus
3087 2423 3270 2475 totam
3291 2418 3584 2475 civitatem

1934 2509 2355 2564 Antiochenam
2385 2509 2658 2563 Romanae
2689 2507 2953 2580 religioni
2995 2512 3051 2563 et
3099 2507 3234 2564 ﬁdei
3282 2506 3582 2579 mancipa-

1933 2598 2012 2653 vit
2045 2599 2176 2669 (62).
2205 2599 2313 2653 Sed
2363 2597 2505 2669 quia
2552 2611 2784 2668 semper
2830 2596 2980 2652 solet
3026 2595 3246 2668 aliquid
3301 2599 3582 2652 moestum

1935 2686 2081 2741 lastis
2121 2687 2471 2742 intervenire
2515 2686 2712 2753 rebus,
2762 2683 2860 2740 ille
2906 2684 3207 2742 Podiensis
3247 2683 3580 2758 episcopus,

1935 2792 2109 2846 quem
2166 2779 2335 2830 tuum
2398 2774 2676 2828 vicarium
2734 2773 2904 2829 nobis
2970 2773 3375 2842 commiseras,
3429 2771 3580 2830 bello

1934 2868 2185 2935 peracto,
2217 2864 2276 2918 in
2310 2880 2425 2935 quo
2455 2864 2697 2918 honeste
2725 2863 2855 2929 fuit,
2889 2866 2947 2919 et
2984 2863 3287 2934 paciﬁcate
3327 2861 3578 2932 civitate,

1933 2952 2210 3008 Kalendis
2240 2951 2488 3023 Augusti
2521 2955 2790 3008 mortuus
2819 2955 2928 3006 est.

2003 3042 2168 3096 Nunc
2199 3041 2380 3112 igitur
2410 3041 2511 3095 ﬁlii
2543 3041 2628 3096 tui
2654 3041 2825 3096 Patre
2852 3039 3168 3096 commisso
3216 3039 3427 3110 orbati,
3471 3038 3580 3096 tibi

1932 3129 2225 3202 spirituali
2257 3130 2409 3185 Patri
2443 3134 2640 3185 nostro
2662 3130 3015 3184 mandamus
3041 3132 3108 3184 ut
3127 3127 3227 3201 qui
3247 3127 3399 3206 hanc
3419 3127 3578 3184 viam

1930 3219 2240 3291 inccepisti,
2287 3224 2348 3274 et
2395 3219 2766 3274 sermonibus
2814 3219 2938 3274 tuis
2985 3235 3092 3274 nos
3141 3233 3348 3276 omnes
3393 3220 3578 3273 terras

169 3324 287 3380 que
319 3306 636 3362 exercitum
669 3306 740 3360 ad
773 3304 1063 3360 civitatem
1095 3303 1563 3371 descendentem,
1600 3321 1672 3358 ne
1710 3305 1818 3376 ipsi
1852 3290 1895 3357 C
1935 3290 2165 3363 nostras
2194 3313 2251 3364 et
2281 3307 2567 3379 quidquid
2591 3307 2650 3361 in
2676 3307 2847 3363 terris
2869 3310 2992 3362 erat
3011 3306 3342 3378 relinquere
3363 3305 3574 3374 fecisti,

170 3396 348 3452 nobis
380 3395 564 3450 multo
598 3394 795 3467 plures
842 3393 1254 3465 irrumperent,
1304 3392 1718 3461 custodientes,
1769 3397 1826 3448 et

170 3486 338 3540 intus
369 3488 426 3540 et
453 3487 614 3540 extra
663 3486 830 3538 nocte
873 3486 930 3537 et
974 3483 1066 3537 die
1113 3481 1468 3536 debellantes
1507 3484 1702 3552 portas
1751 3482 1819 3536 ad

170 3575 468 3630 civitatem
500 3572 643 3645 asyli
675 3572 890 3627 intrare
921 3575 975 3627 et
1011 3571 1082 3626 ad
1102 3576 1293 3626 castra
1311 3586 1567 3625 remeare
1587 3586 1824 3642 compu-

169 3664 375 3719 limus.
409 3663 551 3718 Cum
584 3677 719 3733 ergo
742 3659 1029 3716 vidissent
1050 3660 1204 3732 quod
1227 3675 1296 3714 ex
1315 3658 1416 3713 illa
1438 3663 1597 3731 parte
1619 3673 1823 3714 nocere

169 3752 344 3808 nobis
363 3751 507 3806 nihil
527 3750 877 3824 potuissent,
902 3750 986 3805 ita
1002 3766 1107 3804 nos
1130 3765 1198 3803 ex
1218 3748 1375 3804 omni
1399 3751 1560 3820 parte
1583 3747 1827 3803 circum-

167 3841 365 3897 ierunt
395 3844 461 3895 ut
491 3837 637 3894 nulli
670 3855 737 3894 ex
769 3838 985 3894 nostris
1018 3839 1171 3893 exire
1219 3837 1306 3892 vel
1352 3837 1424 3893 ad
1474 3854 1580 3892 nos
1625 3836 1820 3892 venire

167 3928 485 4002 potuerint.
519 3931 706 3993 Quare
734 3928 816 3982 ita
843 3926 1083 3982 desolati
1116 3932 1173 3982 et
1195 3925 1397 3981 afﬂicti
1421 3926 1642 3980 fuimus
1664 3926 1820 3997 quod

164 4019 322 4074 fame
351 4021 409 4074 et
434 4016 564 4072 aliis
595 4015 799 4072 multis
831 4017 1120 4088 angustiis
1160 4014 1499 4082 morientes,
1551 4030 1732 4084 equos
1766 4018 1823 4069 et

162 4107 365 4162 asinos
396 4109 628 4161 nostros
663 4104 964 4161 famelicos
998 4103 1412 4160 interﬁcientes
1441 4103 1609 4158 multi
1635 4104 1820 4159 nostri

161 4195 570 4250 comederunt.

237 4284 350 4339 Sed
385 4283 618 4338 interim
651 4282 1109 4339 clementissima
1139 4281 1543 4337 misericordia
1561 4281 1821 4352 omnipo-

164 4371 344 4428 tentis
375 4371 476 4426 Dei
510 4371 678 4426 nobis
707 4371 1088 4426 subveniente
1117 4374 1174 4425 et
1199 4386 1302 4441 pro
1328 4370 1496 4426 nobis
1521 4369 1816 4442 vigilante,

165 4459 530 4514 Dominicam
554 4459 838 4527 lanceam,
864 4476 979 4530 qua
1002 4458 1153 4513 latus
1174 4460 1312 4513 Jesu
1335 4459 1550 4513 Christi
1575 4460 1818 4532 Longini

165 4548 443 4603 manibus
475 4548 836 4620 perforatum
871 4548 999 4614 fuit,
1033 4553 1232 4602 sancto
1273 4549 1506 4603 Andrea
1557 4547 1818 4620 apostolo

1931 3403 1988 3452 et
2017 3413 2244 3452 crucem
2280 3395 2596 3466 bajulando
2626 3394 2926 3451 Christum
2958 3394 3124 3467 sequi
3153 3393 3497 3468 praecepisti,
3519 3397 3578 3450 et

1931 3485 2326 3540 Christianum
2367 3500 2578 3539 nomen
2629 3483 2880 3540 exaltare
2929 3483 3366 3550 commonuisti,
3418 3498 3578 3538 com-

1932 3574 2143 3646 plendo
2156 3590 2283 3645 quae
2302 3573 2569 3628 hortatus
2586 3589 2648 3627 es
2662 3573 2733 3627 ad
2756 3589 2862 3628 nos
2877 3572 3098 3640 venias,
3117 3575 3175 3627 et
3193 3587 3580 3643 quoscunque

1931 3663 2147 3736 poteris
2180 3668 2243 3718 ut
2283 3666 2476 3717 tecum
2523 3660 2760 3717 veniant
2805 3662 3181 3716 submoneas.
3226 3660 3374 3715 Hinc
3419 3658 3578 3715 enim

1929 3752 2325 3808 Christianum
2358 3767 2569 3806 nomen
2603 3749 2861 3822 sumpsit
2895 3749 3222 3806 exordium.
3259 3749 3578 3819 Postquam

1930 3841 2087 3897 enim
2136 3842 2343 3896 beatus
2393 3843 2618 3896 Petrus.
2647 3839 2708 3893 in
2757 3839 3036 3894 cathedra
3085 3853 3264 3910 quam
3316 3835 3578 3908 quotidie

1931 3928 2226 3986 cernimus
2256 3929 2683 3984 inthronizalus
2713 3927 2842 3997 fuit,
2877 3927 2962 3982 illi
2989 3925 3089 3998 qui
3106 3927 3270 3998 prius
3288 3924 3576 3989 vocaban-

1928 4023 2025 4073 tur
2055 4017 2297 4084 Galilzei,
2331 4017 2426 4072 hic
2455 4018 2712 4089 primum
2733 4021 2790 4072 et
2809 4014 3210 4088 principaliter
3229 4013 3416 4078 vocati
3439 4016 3579 4082 sunt

1928 4106 2264 4163 Christiani.
2298 4106 2446 4172 Quid
2480 4106 2660 4178 igitur
2685 4105 2746 4160 in
2777 4105 2916 4161 orbe
2945 4105 3161 4160 rectius
3193 4119 3322 4162 esse
3347 4103 3578 4160 videtur

1929 4214 2107 4268 quam
2131 4201 2197 4252 ut
2221 4201 2302 4260 tu,
2329 4195 2429 4267 qui
2453 4196 2622 4250 Pater
2641 4199 2698 4251 et
2719 4199 2895 4267 caput
2913 4193 3251 4250 Christianis
3273 4190 3574 4265 religionis

1927 4285 2148 4355 existis,
2182 4287 2253 4341 ad
2302 4285 2506 4340 urbem
2551 4284 2933 4357 principalem
2964 4287 3022 4340 et
3051 4282 3360 4355 capitalem
3407 4280 3578 4336 Chri-

1928 4375 2101 4430 stiani
2147 4375 2403 4429 nominis
2434 4374 2653 4440 venias,
2695 4377 2752 4429 et
2801 4373 3022 4430 bellum
3069 4373 3223 4444 quod
3273 4375 3443 4427 tuum
3489 4373 3578 4426 est

1929 4464 2226 4535 proprium
2261 4479 2326 4518 ex
2358 4468 2459 4517 tua
2490 4467 2652 4534 parte
2683 4461 2974 4517 conﬁcias.
3011 4461 3126 4518 Nos
3155 4461 3311 4517 enim
3356 4462 3576 4516 Turcoa

1927 4555 1983 4604 et
2004 4565 2261 4620 paganos
2279 4547 2760 4621 expugnavimus.
2782 4549 3088 4603 Hiereticos
3110 4552 3304 4604 autem
3323 4549 3578 4614 Graecos,

163 4638 403 4693 cuidam
440 4636 658 4693 famulo
710 4638 809 4692 Dei
863 4641 948 4693 ter
997 4637 1286 4693 revelante
1335 4637 1467 4708 (60),
1518 4642 1574 4692 et
1623 4639 1817 4709 ipsum
1851 4660 1897 4724 D
1929 4642 1984 4693 et
2013 4642 2319 4714 Armenes,
2354 4644 2528 4708 atque
2560 4635 2777 4709 Syrios,
2809 4636 3224 4707 Jacobitasque
3244 4651 3577 4724 expugnare

163 4724 359 4782 locum
396 4726 495 4780 ubi
530 4725 732 4782 lancea
754 4727 991 4798 jacebat
1013 4727 1474 4794 demonstrante,
1497 4728 1552 4782 in
1577 4725 1822 4782 ecclesia

163 4813 322 4870 Beati
359 4815 507 4871 Petri
542 4815 936 4888 apostolorum
960 4815 1242 4888 principis
1265 4815 1615 4871 invenimus.
1641 4815 1823 4886 Cujus

167 4902 503 4959 inventione
533 4908 589 4958 et
619 4903 821 4960 multis
853 4903 985 4958 aliis
1023 4903 1236 4958 divinis
1268 4903 1720 4959 revelationibus
1743 4905 1823 4959 ita

166 4992 478 5048 confortati
511 4997 568 5048 et
599 4991 953 5048 corroborati
987 4992 1207 5047 fuimus
1239 4996 1302 5046 ut
1334 4991 1434 5063 qui
1467 4997 1599 5046 ante
1621 4993 1820 5047 afflicti

167 5087 224 5137 et
240 5082 436 5136 timidi
458 5082 774 5148 fueramus,
799 5086 937 5135 tunc
956 5081 1026 5135 ad
1049 5079 1266 5135 bellum
1293 5081 1620 5135 faciendum
1650 5083 1824 5136 auda-

167 5170 392 5225 cissimi
449 5170 1014 5242 promptissimique,
1068 5169 1163 5224 alii
1224 5169 1370 5225 alios
1420 5170 1818 5224 hortabamur.

168 5257 354 5331 Igitur
387 5258 579 5312 tribus
610 5257 1077 5313 hebdomadibus
1111 5261 1167 5313 et
1197 5263 1448 5330 quatuor
1478 5259 1684 5314 diebus
1721 5260 1821 5313 ob-

168 5348 339 5414 sessi,
372 5346 433 5401 in
473 5347 669 5419 vigilia
722 5346 1119 5420 apostolorum
1174 5347 1324 5402 Petri
1375 5351 1430 5401 et
1475 5345 1637 5401 Pauli
1687 5348 1820 5418 (61),

167 5435 228 5490 in
259 5436 378 5491 Deo
428 5436 805 5503 conﬁdentes,
860 5439 918 5492 et
960 5437 1030 5490 de
1078 5436 1355 5492 omnibus
1403 5435 1824 5508 iniquitatibus

163 5525 385 5582 nostris
417 5525 688 5594 confessi,
721 5529 984 5598 petentes
1005 5529 1203 5596 portas
1228 5523 1480 5581 civitatis
1501 5541 1636 5580 cum
1661 5523 1824 5581 omni

265 5631 355 5707 βο)
384 5630 530 5707 Yide
561 5630 923 5707 Wileeryr.
956 5631 1055 5689 lib.
1088 5648 1164 5705 VI,
1198 5647 1248 5688 c.
1283 5631 1370 5690 44.

265 5631 354 5705 60)
384 5631 530 5687 Vide
561 5631 752 5688 Wilel.
787 5632 807 5688 Ἴ

244 5631 362 5787 lci)
395 5703 564 5775 Ibid.,
599 5721 650 5762 ο.
682 5705 807 5763 220.

495 5831 760 5898 PATBOL.
803 5830 948 5902 GLI.

1931 4726 2324 4797 nequivimus.
2360 4727 2708 4781 Mandamus
2738 4725 2916 4797 igitur
2944 4729 3001 4780 et
3032 4725 3448 4780 remandamus
3467 4722 3576 4778 tibi

1932 4815 2280 4870 charissimo
2298 4815 2453 4870 Patri
2487 4820 2685 4872 nostro
2717 4819 2781 4870 ut
2801 4813 3081 4882 tu,Pater,
3103 4812 3174 4868 ad
3195 4816 3307 4868 tuzs
3330 4809 3582 4885 paterni-

1931 4905 2066 4959 tatis
2099 4903 2293 4958 locum
2323 4903 2542 4971 venias,
2575 4909 2631 4959 et
2661 4904 2761 4975 qui
2795 4903 2979 4959 sancti
3011 4902 3159 4958 Petri
3193 4917 3255 4958 es
3301 4901 3576 4968 vicarius,

1932 4993 1989 5047 in
2024 4993 2299 5048 cathedra
2330 4993 2514 5048 sancti
2547 4993 2698 5047 Petri
2730 4993 2934 5048 sedeas
2962 4997 3020 5048 et
3050 5009 3156 5048 nos
3181 4990 3335 5047 ﬁlios
3363 4994 3496 5046 tuos
3517 4989 3578 5046 in

1932 5081 2209 5135 omnibus
2242 5085 2393 5135 recte
2416 5080 2656 5151 agendis
2681 5081 3016 5136 obedientes
3036 5080 3276 5150 habeas;
3299 5083 3357 5136 et
3373 5094 3581 5136 omnes

1933 5171 2202 5236 haereses,
2237 5171 2642 5240 cujuscunque
2673 5168 2863 5240 gentis
2895 5169 3034 5237 sint,
3085 5174 3189 5227 tua
3237 5167 3580 5232 auctoritate

1933 5263 1990 5315 et
2049 5264 2251 5314 nostra
2305 5259 2520 5315 virtute
2576 5258 2836 5314 eradices
2893 5263 2950 5313 et
3001 5259 3325 5328 destruas;
3385 5261 3441 5314 et
3497 5257 3581 5314 sic

1934 5349 2242 5404 nobiscum
2272 5348 2425 5402 viam
2458 5347 2596 5402 Jesu
2627 5346 2839 5402 Christi
2867 5364 2900 5401 a
2920 5345 3089 5402 nobis
3120 5347 3411 5420 inceptam
3463 5349 3520 5402 et
3548 5362 3583 5403 a

1932 5441 1988 5492 te
2013 5437 2384 5508 praedicatam
2419 5435 2705 5507 perﬁcias,
2739 5439 2796 5490 et
2827 5435 3000 5491 etiam
3036 5440 3232 5508 portas
3275 5436 3584 5506 utriusque

1936 5524 2296 5582 Hierusalem
2338 5523 2506 5580 nobis
2557 5523 2804 5596 aperias,
2857 5528 2915 5581 et
2963 5524 3299 5599 sepulcrum
3349 5521 3584 5584 Domini

2005 5632 2116 5715 (62)
2149 5632 2328 5703 Idem,
2358 5630 2462 5703 lib,
2494 5647 2574 5702 v1,
2607 5649 2658 5692 ο.
2690 5631 2739 5692 4.

3186 5826 3263 5901 ﬂ
