3958 6358
341 422 451 458 uel,

339 461 455 499 000

1642 416 1710 478 B.
1758 409 2050 478 URBANl
2097 409 2149 471 lI
2191 399 2441 470 PAPIE.

3617 397 3736 462 566

339 568 592 625 liberum
652 566 828 636 atque
883 555 1282 616 Christianum
1332 568 1544 609 nomen
1598 564 1773 620 super
1814 560 1988 602 omne
2014 547 2068 613 Α
2100 528 3744 608 Remorumepiscopum,perquevenerabilemHugonem

342 657 662 713 exaltatum
695 635 894 708 facias.
930 649 986 704 Si
1022 646 1176 703 enim
1211 645 1282 700 ad
1324 659 1428 698 nos
1455 638 1684 696 veneris
1731 637 1788 692 et
1833 635 1985 688 viam

343 763 448 820 per
465 749 522 800 te
552 743 846 814 inceptam
868 736 1175 793 nobiscum
1191 729 1530 806 perfeceris,
1551 733 1712 784 totus
1735 723 1990 780 mundus

2097 629 2547 701 Lugdunensem
2571 622 2880 696 primatem
2903 623 2960 676 et
2979 619 3159 690 hujus
3179 619 3453 676 Romana
3473 619 3744 677 Ecclesia

2101 717 2378 789 legatum,
2409 712 2469 768 in
2501 711 2791 768 sententia
2817 725 2992 782 quam
3022 709 3372 766 tenebamus
3392 710 3746 778 conﬁrmati,

345 797 452 892 tibi
484 831 762 890 obediens
787 827 916 886 erit.
951 825 1112 890 Quod
1146 823 1272 895 ipse
1301 825 1356 876 te
1385 819 1571 874 facere
1617 815 1793 872 faciat
1839 813 1994 867 Deus
2102 807 2246 862 adeo
2278 801 2722 878 provocavimus
2750 797 3056 854 adversum
3090 815 3198 854 nos
3227 798 3377 856 iram
3405 799 3649 870 Otberti,
3683 805 3751 858 ut

349 923 450 997 qui
478 921 620 977 vivit
649 922 706 975 et
723 919 932 990 regnat
950 915 1010 970 in
1035 911 1246 970 saecula
1268 907 1634 966 saeculorum.
1660 907 1842 960 Amen
1863 900 1993 974 (63).

421 1009 564 1068 Mihi
594 989 833 1082 quidem
864 1003 1111 1060 relatum
1143 1003 1233 1056 est
1255 1013 1464 1063 unum,
1505 993 1659 1068 quod
1689 989 1852 1046 valde
1887 989 1996 1082 Deo

354 1074 746 1168 omnibusque
793 1088 1153 1150 Christicolis
1184 1084 1539 1144 contrarium
1573 1085 1680 1147 est,
1715 1077 1866 1152 quod
1920 1074 1998 1128 si-

357 1187 518 1263 gnati
567 1165 772 1242 sancta
819 1197 988 1238 cruce
1027 1196 1060 1235 a
1107 1182 1164 1233 te
1209 1173 1506 1232 licentiam
1555 1169 1812 1226 habeant
1851 1165 2003 1220 inter

360 1253 738 1333 Ehristicolas
767 1268 1001 1326 morari.
1033 1265 1192 1332 Quod
1229 1262 1479 1319 multum
1512 1259 1710 1314 miror.
1744 1253 1891 1318 Quia
1935 1255 2000 1306 tu

362 1367 626 1437 inceptor
646 1359 833 1418 sancti
855 1355 1079 1413 itineris
1101 1370 1232 1410 cum
1258 1353 1362 1418 sis,
1385 1349 1712 1404 differentes
1735 1345 2003 1400 sanctum

365 1433 624 1510 iterate
672 1445 982 1504 consilium
1028 1442 1118 1498 vel
1169 1439 1388 1512 aliquid
1439 1436 1574 1492 boni
1625 1433 1839 1489 habere
1888 1445 2004 1485 non

366 1542 597 1605 debent,
631 1537 740 1593 nisi
775 1539 1029 1608 coeptum
1073 1532 1186 1586 iter
1215 1526 1592 1599 adimpleant.
1639 1524 1708 1579 Et
1756 1537 1872 1576 non
1921 1523 2011 1572 est

368 1629 537 1686 nobis
565 1645 714 1700 opus
746 1629 812 1680 ut
839 1607 1058 1680 bonum
1089 1619 1245 1693 quod
1276 1614 1502 1689 coepisti
1547 1611 1862 1676 disturhes,
1909 1607 2007 1662 sed

367 1719 540 1776 etiam
571 1723 672 1772 tuo
704 1715 953 1772 adventu
983 1716 1040 1768 et
1082 1707 1348 1766 omnium
1395 1706 1680 1760 bonorum
1731 1695 2010 1764 virorum,

341 1807 346 1812 ’
369 1823 593 1880 quoscu
604 1821 754 1877 nque
771 1801 988 1876 poteris
1005 1799 1294 1856 adducere
1306 1799 1519 1860 tecum,
1536 1807 1642 1846 nos
1655 1787 2012 1873 corrobores.

345 1898 546 1976 Decet
573 1893 730 1950 enim
760 1896 828 1946 ut
857 1907 963 1946 nos
991 1887 1092 1944 Dei
1124 1883 1339 1942 auxilio
1369 1881 1606 1952 tuisque
1632 1865 1849 1934 sanctis
1884 1889 2014 1947 pre-

375 1986 544 2042 cibus
575 1980 958 2054 acquisitores
989 1975 1174 2032 totius
1203 1971 1519 2038 Romania,
1567 1966 1800 2030 Cilicia,
1847 1963 2014 2027 Asia,

375 2073 576 2147 Syria,
605 2051 1011 2126 tehabeamus
1040 2066 1174 2138 post
1201 2061 1383 2118 Deum
1417 2057 1746 2128 adiutorem
1793 2057 1851 2110 et
1881 2051 2020 2108 sub-

378 2141 731 2219 venientem.
763 2157 848 2212 Tu
877 2171 1010 2210 vero
1039 2169 1148 2210 nos
1181 2149 1330 2206 ﬁlios
1361 2165 1465 2221 per
1492 2144 1690 2202 omnia
1735 2142 1840 2200 tibi
1887 2141 2021 2196 obe-

382 2251 626 2314 dientes,
657 2248 827 2303 Pater
855 2243 1140 2318 piissime,
1165 2240 1342 2295 debes
1372 2249 1641 2308 separare
1685 2233 1757 2288 ab
1802 2230 2024 2302 injusto

383 2339 750 2412 imperatore,
787 2317 884 2407 qui
930 2331 1116 2388 multa
1165 2329 1317 2383 bona
1366 2322 1636 2398 promisit
1682 2319 1872 2385 nobis,
1923 2317 2024 2372 sed

383 2408 627 2484 minime
655 2424 805 2480 fecit.
839 2420 1047 2478 Omnia
1095 2416 1251 2473 enim
1301 2412 1456 2470 mala
1505 2415 1561 2466 et
1609 2408 2028 2482 impedimenta

385 2513 747 2590 quacunque
777 2511 962 2565 facere
995 2505 1204 2580 potuit,
1238 2501 1407 2558 nobis
1440 2499 1592 2556 fecit.

457 2604 585 2660 Hac
601 2581 804 2658 charta
820 2598 927 2654 fuit
944 2595 1162 2668 scripta
1183 2592 1276 2648 die
1291 2609 1343 2646 χι
1364 2589 1619 2644 intrante
1639 2581 2026 2657 Septembrio,

355 2691 702 2773 ‘_indictione
731 2706 788 2745 1v
819 2688 960 2758 [vn].

387 2868 696 2927 Theudorici
741 2864 952 2921 abbatis
994 2865 1049 2918 et
1099 2860 1344 2930 ﬁliorum
1397 2855 1650 2930 Ecclesia
1694 2853 1757 2906 B.
1807 2849 2035 2906 Huberti

459 2925 859 3007 lindaginensis
888 2925 1108 2989 libellus
1131 2929 1362 3001 supplex
1391 2927 1462 2982 ad
1503 2925 1782 2982 Urbanum
1827 2937 2035 2994 papam

457 3006 648 3068 contra
682 3006 933 3066 Viredum
961 3007 1256 3060 intrusum.
1779 3018 1783 3022 -

675 3097 960 3170 (MARTEN.
995 3092 1164 3164 ampl.
1199 3088 1418 3145 Collect.
1451 3085 1544 3154 IV,
1565 3085 1749 3152 1010.)

465 3205 711 3262 Domino
742 3207 800 3259 et
828 3197 1138 3256 universali
1169 3212 1330 3269 papa
1361 3195 1598 3250 Uaemo
1628 3189 1736 3244 filii
1769 3185 2034 3244 Ecclesia

2103 893 2336 968 publice
2352 889 2520 964 quasi
2533 887 2933 945 inobedientes
2947 885 3057 944 sibi
3078 905 3184 944 nos
3196 904 3498 946 excommu
3507 891 3747 962 nicaret,

2105 988 2163 1039 et
2195 983 2380 1037 locato
2403 978 2627 1052 judicio
2657 977 3048 1050 quorumdam
3079 977 3358 1038 abbatum
3390 983 3449 1036 et
3467 979 3758 1038 archidia-

2108 1087 2385 1127 conorum
2421 1085 2663 1124 suorum
2709 1067 2967 1124 ofﬁcium
3015 1066 3260 1126 abbatis.
3292 1069 3530 1126 omnino
3583 1071 3756 1129 nobis

2109 1159 2500 1216 interdiceret.
2535 1157 2674 1212 lnde
2685 1157 2958 1228 juvenem
2983 1157 3298 1228 quemdam
3321 1158 3625 1217 Lobiensis
3645 1177 3758 1216 co:-

2111 1248 2270 1305 nobii
2301 1247 2428 1303 sine
2457 1244 2713 1320 regulari
2742 1244 3022 1302 electione
3053 1245 3176 1303 loco
3205 1251 3405 1305 nostro
3427 1249 3754 1318 substituit,

2113 1353 2366 1408 eumque
2391 1333 2927 1390 contradicentibus
2951 1335 3232 1391 fratribus
3251 1335 3534 1396 violenter
3559 1338 3759 1412 inges-

2115 1426 2210 1482 sit.
2231 1423 3029 1496 Cuiusjuvenilibusideoque
3049 1425 3452 1498 incompositis
3469 1427 3758 1498 moribus,

2116 1515 2332 1586 quibus
2355 1530 2456 1584 per
2473 1513 2774 1568 biennium
2803 1513 2918 1568 fere
2938 1529 3053 1584 quo
3075 1514 3324 1586 praefuit,
3347 1515 3650 1590 dissipatis
3673 1535 3763 1574 re-

2121 1605 2229 1658 bus
2247 1601 2676 1666 ecclesiasticis,
2704 1601 2907 1674 religio
2929 1618 3161 1675 quoque
3181 1621 3308 1676 qua
3327 1605 3386 1660 in
3407 1605 3532 1662 loco
3553 1607 3761 1664 eodem

2121 1691 2370 1766 gloriose
2399 1689 2629 1761 vigebat
2649 1690 2916 1763 deperiit.
2946 1691 3106 1747 Unde
3127 1691 3468 1766 compulsus
3488 1695 3768 1754 Otbertus

2123 1799 2154 1836 a
2197 1782 2343 1836 duce
2391 1778 2700 1835 Godefrido
2747 1779 2994 1852 aliisque
3041 1781 3347 1854 provincia
3401 1785 3770 1858 principibus

2125 1887 2270 1942 quos
2300 1869 2578 1940 gravabat
2607 1869 2870 1939 ejusdem
2902 1869 3012 1926 loci
3038 1871 3346 1942 dispersio,
3377 1871 3542 1929 illum
3582 1891 3762 1931 suum

2127 1958 2295 2031 ejecit
2323 1975 2388 2012 ex
2421 1975 2506 2012 eo.
2539 1957 2632 2012 Sic
2661 1957 2828 2014 nobis
2858 1963 3090 2031 patente
3120 1958 3244 2016 loco
3266 1963 3607 2032 revertendi,
3630 1979 3776 2020 cum

2127 2047 2454 2104 rediremus
2469 2047 2540 2101 ad
2560 2047 2766 2104 fratres
2785 2051 3038 2115 nostros,
3066 2049 3474 2107 revocantibus
3497 2051 3603 2124 eis,
3623 2051 3786 2108 indi-

2129 2142 2342 2209 gnatus
2373 2136 2682 2191 adversum
2708 2153 2814 2192 nos
2845 2136 3140 2208 Otbertus,
3173 2153 3308 2194 cum
3356 2139 3620 2196 audisset
3667 2158 3782 2200 nos

2133 2224 2277 2279 forte
2305 2223 2618 2289 inﬁrmari,
2651 2223 3010 2296 sepulturam
3060 2242 3434 2284 communem
3483 2229 3674 2297 nobis,
3727 2229 3786 2286 si

2135 2329 2515 2378 moraremur,
2549 2312 2868 2378 interdixit,
2902 2314 3190 2372 ministris
3221 2316 3464 2372 abbatia
3504 2334 3577 2374 ne
3606 2318 3785 2375 nobis

2135 2403 2438 2458 obedirent
2467 2401 2782 2474 prohibuit,
2823 2403 3142 2460 monachos
3189 2405 3397 2476 ejicere
3443 2409 3500 2463 et
3545 2423 3650 2480 pro
3698 2409 3795 2466 eis

2137 2491 2376 2550 clericos
2408 2508 2704 2564 reponere,
2736 2501 2790 2546 et
2812 2492 3215 2563 possessiones
3235 2494 3658 2552 ecclesiasticas
3681 2495 3797 2552 mi-

2135 2582 2343 2638 litibus
2374 2583 2500 2637 suis
2522 2581 2796 2648 dividere,
2823 2581 2937 2638 nisi
2962 2583 3390 2651 recederemus,
3409 2584 3646 2655 juravit.
3670 2584 3800 2642 Nos

2135 2688 2270 2728 vero
2309 2671 2518 2726 dantes
2565 2668 2756 2724 locum
2808 2668 2928 2738 ira,
2984 2687 3117 2726 cum
3165 2671 3482 2728 imminens
3531 2672 3796 2731 ecclesia

2139 2765 2350 2816 nostra
2368 2757 2582 2830 pericu]
2595 2774 2686 2812 um
2710 2759 3008 2814 Lamberto
3028 2760 3395 2817 Atrebatensi
3410 2761 3704 2836 episcopo,
3730 2768 3797 2820 et

2139 2850 2356 2904 domno
2381 2845 2622 2903 Rodulfo
2647 2846 3001 2903 Virdunensi
3027 2849 3245 2916 abbati,
3281 2849 3602 2923 multisque
3652 2851 3796 2908 aliis

2141 2938 2270 2993 sani
2303 2933 2530 2990 consilii
2559 2933 2699 2989 viris
2730 2933 3192 3006 deploraremus,
3237 2937 3311 2992 ad
3342 2937 3501 2993 hunc
3549 2938 3793 2994 tandem

2142 3027 2177 3080 ﬁ
2188 3042 2319 3080 nem
2346 3023 2706 3092 devenimus,
2737 3027 2802 3078 ut
2831 3028 3036 3095 sponte
3059 3029 3258 3080 nostra
3280 3025 3498 3098 privati.
3511 3025 3795 3085 baculum

2142 3113 2492 3187 pastoralem
2515 3110 2641 3167 loco
2667 3116 2865 3168 nostro
2896 3112 3290 3187 fratribusque
3329 3115 3794 3182 remitteremus,

2144 3219 2216 3259 ne
2239 3205 2474 3274 propter
2503 3217 2610 3257 nos
2639 3201 2724 3256 eis
2754 3201 3008 3258 eveniret
3039 3203 3195 3274 quod
3225 3202 3598 3260 timebamus.
3644 3204 3800 3261 Huic

396 3299 460 3354 B.
487 3293 725 3351 Huberti
744 3307 846 3364 pro
857 3287 1192 3345 defensione
1207 3300 1352 3340 vera
1371 3280 1504 3337 ﬁdei
1521 3281 1766 3351 ejusque
1789 3277 2014 3350 legitim

2147 3297 2343 3348 tamen
2376 3295 2586 3346 nostra
2617 3289 2924 3363 privationi
2973 3307 3042 3346 ex
3088 3290 3330 3348 consilio
3381 3293 3800 3364 pradictorum

397 3381 759 3458 apostolatus
789 3379 946 3453 passi
977 3375 1398 3448 dispersionem
1431 3371 1488 3426 in
1521 3366 1708 3425 oculis
1737 3365 1838 3422 Dei
1883 3365 2039 3438 quod

373 3472 616 3530 'dicitur
643 3486 792 3527 esse.

466 3559 800 3619 Dormiente
813 3556 1054 3614 Domino
1064 3555 1097 3611 J
1101 3571 1228 3619 esu,
1247 3550 1412 3607 navis
1433 3545 1752 3620 apostolica
1771 3543 1831 3600 in
1849 3541 2040 3600 medio

395 3651 576 3708 maris
599 3649 934 3722 jactabatur
957 3643 1260 3700 ﬂuctibus:
1286 3639 1414 3712 ipso
1435 3651 1671 3710 quoque
1691 3649 1847 3722 nunc
1867 3630 2042 3688 dissi-

373 3719 679 3805 'mulante,
694 3734 946 3809 peccatis
967 3728 1362 3804 exigentibus:
1389 3729 1607 3782 sancta
1629 3720 1897 3778 Ecclesia
1918 3719 2045 3775 uni-

391 3834 485 3885 tas
514 3843 550 3884 a
576 3821 971 3882 schismaticis
1001 3818 1398 3892 perturbatur,
1431 3817 1490 3868 et
1509 3809 1898 3867 amarissimis
1919 3824 2045 3880 per-

393 3916 762 3974 secutionum
783 3907 1236 3982 tempestatibus
1265 3903 1488 3976 passim
1507 3899 1720 3956 veritas
1738 3903 1798 3956 et
1809 3895 2042 3970 justiti'a

392 4003 789 4062 confunditur.
809 3999 998 4070 Hujus
1016 3991 1439 4069 persecutionis
1459 3987 1773 4062 procellam
1789 3987 1918 4058 jam
1939 4003 2042 4059 per

392 4097 613 4166 septem
647 4105 833 4147 annos
877 4086 1002 4142 sine
1033 4079 1418 4154 refragatione
1451 4076 1633 4150 passi,
1682 4074 1920 4130 tandem
1966 4075 2040 4130 ad

393 4163 705 4239 consilium
735 4178 1008 4233 Romana
1031 4169 1299 4228 Ecclesia
1322 4166 1716 4239 confugimus;
1742 4163 1896 4236 quod
1916 4163 2042 4236 qui-

394 4273 527 4328 dem
551 4270 678 4339 jam
711 4265 812 4320 diu
859 4263 992 4318 ideo
1037 4257 1402 4322 distulimus,
1449 4273 1522 4311 ne
1566 4253 1730 4310 vobis
1775 4269 2042 4309 essemus

393 4359 578 4421 oneri,
611 4370 745 4412 cum
763 4351 896 4408 usui
913 4367 1028 4406 non
1043 4347 1349 4404 fuerimus.
1366 4344 1817 4401 Postdecessum
1841 4342 2042 4397 domni

384 4445 627 4503 Henrici
659 4439 997 4500 Leodiensis
1021 4434 1265 4510 legitimi
1291 4433 1570 4506 episcopi,
1599 4431 1872 4488 Otbertus
1905 4431 2042 4502 qui-

386 4538 530 4594 dam
544 4527 934 4590 donoHenrici
950 4527 1088 4584 dicti
1120 4522 1434 4597 regis,cum
1454 4539 1570 4594 quo
1592 4521 1651 4576 in
1676 4519 2042 4592 expeditione

2147 3381 2404 3436 virorum
2435 3396 2503 3436 ea
2530 3379 2781 3434 conditio
2809 3383 2896 3434 est
2925 3380 3269 3452 interposita
3298 3386 3355 3436 et
3374 3381 3622 3454 signatis
3643 3380 3802 3438 litte—

2149 3469 2230 3526 ris
2260 3469 2510 3524 ﬁrmata.
2546 3469 2636 3524 Me
2665 3484 2732 3524 eo
2761 3471 2930 3541 pacto
2960 3467 3173 3540 privari
3205 3470 3497 3538 consensi,
3527 3467 3578 3526 si
3633 3485 3803 3528 com-

2149 3559 2347 3614 munis
2375 3573 2692 3614 consensus
2714 3555 3098 3614 fratrumloco
3131 3574 3258 3614 meo
3289 3558 3526 3632 eligeret
3545 3574 3804 3632 praeesse

2151 3647 2264 3706 sibi
2293 3647 2606 3720 quemdam
2636 3645 3015 3720 Beringerum
3046 3645 3316 3704 abbatem
3364 3647 3422 3704 S.
3476 3647 3798 3714 Laurentii,

2149 3737 2247 3810 qui
2266 3736 2429 3810 prius
2445 3734 2766 3791 monachus
2789 3735 2971 3792 nostri
2995 3736 3262 3808 canobii,
3286 3736 3552 3793 eamdem
3567 3740 3802 3794 senten-

2147 3825 2288 3882 tiam
2321 3843 2498 3898 quam
2532 3824 2861 3893 tuebamur,
2893 3825 3200 3882 videbatur
3245 3825 3418 3882 tueri.
3471 3825 3586 3882 Hoc
3633 3825 3796 3882 idem

2148 3915 2271 3972 fieri
2286 3914 2646 3984 censuimus,
2660 3917 2724 3968 ut
2735 3913 2890 3969 idem
2907 3913 3252 3988 Beringerus
3271 3931 3306 3970 a
3317 3914 3532 3971 domno
3547 3913 3797 3972 Henrico

2146 4003 2464 4060 venerabili
2494 4000 2766 4074 pontiﬁce
2787 4005 3158 4058 consecratus
3184 4002 3244 4058 in
3266 4003 3554 4070 abbatem,
3577 4002 3800 4060 iteran-

2149 4095 2236 4149 da
2265 4089 2716 4148 consecrationis
2747 4090 2819 4146 ab
2851 4090 3088 4148 Otberto
3117 4091 3325 4147 vitaret
3355 4091 3793 4150 necessitatem.

2149 4181 2310 4248 Quod
2344 4195 2478 4236 cum
2510 4179 2749 4236 omnino
2801 4179 2990 4236 facere
3039 4179 3238 4248 nollet,
3285 4185 3344 4237 et
3390 4181 3563 4238 taedio
3609 4180 3796 4254 hujus

2149 4268 2446 4326 dilationis
2492 4267 2766 4324 Otbertus
2805 4267 3139 4342 eligendum
3191 4269 3463 4326 abbatem
3513 4270 3798 4328 fratribus

2149 4357 2450 4426 indiceret,
2483 4361 2541 4413 et
2570 4356 2653 4412 illi
2684 4358 2996 4430 quemdam
3020 4375 3260 4415 suorum
3283 4359 3676 4416 communiter
3696 4359 3800 4416 eli-

2149 4451 2372 4520 gerent,
2398 4447 2574 4502 trater
2591 4445 2866 4503 Wiredus
2889 4447 3191 4504 nobiscum
3213 4447 3352 4504 olim
3370 4464 3550 4505 causa
3566 4448 3800 4506 tuenda

2151 4535 2285 4591 fidei
2311 4550 2585 4607 egressus
2615 4535 2685 4590 de
2715 4535 3090 4603 monasterio,
3123 4540 3180 4594 et
3209 4537 3430 4594 Otberti
3461 4541 3603 4594 tunc
3632 4553 3798 4594 acer-

393 4627 597 4682 contra
610 4613 1253 4710 RomanamEcclesism
1269 4612 1568 4710 "lore-bal“
1578 4627 1626 4710 τε
1638 4609 2039 4710 θῐξίεξεορδΐηξξὶ
2074 4644 2120 4710 D
2150 4623 2336 4681 rimus
2349 4625 2744 4698 impugnator,
2761 4625 3044 4697 praedictae
3061 4641 3294 4698 quoque
3307 4625 3608 4684 electionis
3618 4643 3798 4699 spon-

390 4711 626 4779 invasit,
652 4714 710 4767 et
730 4709 824 4764 hic
845 4707 971 4764 sine
992 4703 1269 4761 canonica
1285 4701 1563 4758 electione
1578 4697 1718 4754 cleri
1738 4700 1796 4752 et
1817 4695 2036 4768 populi.

382 4803 501 4868 Qui
532 4816 667 4856 cum
699 4815 761 4854 se
792 4797 1078 4852 fautorem
1107 4797 1166 4848 et
1195 4792 1557 4848 defensorem
1579 4784 1841 4842 Guiberti
1866 4784 2041 4840 hare-

387 4889 634 4948 siarcha
683 4884 914 4960 publice
951 4885 1222 4956 jactaret,
1246 4884 1304 4937 et
1349 4875 1703 4952 quamplura
1749 4891 1875 4946 qua
1923 4890 2040 4929 non

389 4978 532 5038 sunt
560 4982 770 5034 nostra
803 4971 1193 5030 accusationis
1224 4973 1428 5025 contra
1459 4981 1656 5022 sacros
1686 4979 1936 5018 canones
1967 4963 2037 5018 ad

387 5067 794 5126 confusionem
851 5059 1305 5120 ecclesiasticam
1365 5062 1580 5111 temere
1633 5051 2036 5118 exordinaret,

392 5174 569 5214 causa
597 5153 824 5212 timoris
852 5153 945 5208 Dei
983 5156 1038 5206 et
1089 5145 1449 5221 apostolatus
1489 5141 1664 5198 vestri
1711 5140 1902 5196 visum
1949 5143 2040 5196 est

388 5247 559 5303 nobis
589 5240 934 5315 subjectioni
960 5240 1088 5308 ejus
1119 5253 1227 5292 nos
1248 5231 1613 5296 subtrahere,
1635 5230 1808 5301 cujus
1825 5228 2040 5285 violen-

389 5339 484 5393 tia
497 5352 611 5392 non
626 5337 964 5406 poteramus
977 5319 1514 5382 resistere.Eductis
1527 5318 2035 5374 nobiscumautem

389 5405 747 5498 quibusdam
790 5420 1037 5474 fratrum
1071 5416 1426 5475 nostrorum,
1449 5423 1554 5481 per
1595 5405 1770 5462 cellas
1803 5411 2037 5464 nostras

385 5495 906 5580 divertimus,quas
917 5504 978 5559 in
991 5499 1264 5558 Remensi
1276 5503 1334 5555 et
1345 5497 1506 5554 Laud
1515 5497 1722 5552 unensi
1737 5495 2032 5569 episcOpio

383 5601 768 5660 habebamus.
803 5593 887 5650 Ibi
926 5589 1160 5647 interim
1191 5605 1293 5663 per
1322 5587 1606 5644 domuum
1640 5583 2032 5660 Raginoldum

455 5706 568 5794 (63)
600 5704 728 5763 Haec
761 5717 876 5761 non
908 5699 1136 5760 exstant
1159 5695 1310 5774 apud
1351 5691 1745 5760 Fulcherium.

2151 4718 2361 4769 taneus
2392 4717 2664 4782 assertor,
2697 4714 2882 4770 eidem
2913 4713 3094 4770 electo
3129 4715 3442 4788 persuasit,
3466 4719 3532 4771 ut
3561 4714 3799 4772 interim

2149 4801 2306 4858 domi
2336 4807 2610 4871 cessaret,
2646 4819 2719 4858 ne
2747 4802 2996 4878 gratiam
3026 4803 3326 4860 electionis
3355 4820 3474 4860 sua
3497 4805 3650 4860 dono
3697 4820 3802 4860 ex-

2149 4891 2560 4946 communicati
2591 4891 2870 4957 inliceret,
2895 4892 3137 4964 ipseque
3159 4893 3229 4948 ad
3252 4892 3553 4949 Otbertum
3578 4908 3640 4948 se
3662 4908 3799 4948 con-

2147 4978 2302 5042 tulit,
2335 4985 2391 5035 et
2421 4985 2630 5052 prater
2666 4981 3083 5036 conscientiam
3130 4985 3391 5038 nostram
3440 4987 3498 5038 et
3545 4982 3796 5038 fratrum

2147 5068 2486 5124 electionem
2516 5071 2587 5124 de
2610 5085 2789 5126 manu
2811 5069 3032 5126 Otberti
3054 5070 3348 5127 abbatiam
3373 5070 3604 5126 invasit.
3627 5069 3799 5144 Cogi-

2146 5158 2467 5214 tationibus
2489 5163 2686 5214 autem
2707 5159 2836 5230 ejus
2857 5175 2920 5216 se
2935 5158 3180 5216 invicem
3199 5159 3631 5225 accusantibus,
3655 5175 3796 5216 eum

2095 5269 2103 5277 ’
2145 5261 2208 5302 se
2239 5245 2578 5319 aliquandiu
2611 5265 2646 5304 a
2683 5247 3062 5321 suscipienda
3107 5249 3540 5306 consecratione
3569 5247 3798 5304 Otberti

2145 5335 2534 5406 subtraheret,
2566 5340 2624 5394 et
2653 5337 2925 5394 Otbertus
2955 5337 3065 5394 hoc
3086 5338 3278 5410 ipsum
3304 5335 3636 5411 intelligens
3657 5353 3796 5394 cum

2143 5425 2216 5524 ad
2249 5426 2708 5482 consecrandum
2737 5425 2952 5498 sapius
2976 5432 3260 5490 evocaret,
3295 5427 3506 5483 fratres
3534 5442 3801 5482 commu-

2142 5513 2375 5572 nionem
2407 5519 2466 5574 et
2495 5513 2918 5593 subjectionem
2952 5532 3120 5580 suam
3143 5516 3622 5578 contradixerunt
3640 5518 3716 5590 et,
3741 5501 3804 5575 si
