3958 6440
84 507 212 567 557

1247 503 1650 565 ΕΡΙΞΤΟΕλΕ
1694 503 1792 564 ET
1838 501 2301 565 PRIVILEGIA.

3351 506 3472 569 558

13 653 16 656 ‘
84 641 144 694 ab
175 639 414 694 Otherto
446 644 743 710 pateretur
773 638 1129 693 consecrari.
1167 637 1375 691 Praeter
1406 636 1604 691 omnia
1621 653 1720 692 au-
1750 637 1808 703 Α
1837 636 2002 704 tissa,
2033 654 2175 692 uxor
2189 637 2462 692 Bernardi
2485 637 2718 692 comitis
2741 637 3127 704 Pictavorum,
3147 653 3250 709 pro
3275 637 3467 694 salute

81 734 187 784 tem
214 744 342 800 quae
367 745 544 800 supra
564 727 841 795 diximus,
858 725 1446 798 gravabatccclesiam
1464 729 1723 782 castrum

84 817 373 890 quoddam
437 833 550 872 non
608 815 778 888 longe
809 816 879 870 ab
910 832 977 870 ea
1007 814 1208 882 situm,
1242 815 1396 887 quod
1443 815 1724 870 Henricus

82 907 386 978 episcopus
405 906 789 973 destruxerat,
828 909 883 960 et
915 921 985 958 ne
1018 903 1149 977 quis
1197 903 1341 958 illud
1387 905 1720 970 restrueret,

0 979 6 990 ’
83 1003 358 1068 perpetuo
375 994 746 1050 anathemate
779 994 1174 1048 damnaverat.
1209 992 1325 1047 Hoc
1355 991 1725 1046 anathemate

84 1083 510 1157 postposito,ad
538 1082 977 1155 oppressionem
999 1079 1335 1136 monasterii
1367 1079 1511 1134 illud
1545 1080 1722 1135 refor-

84 1177 356 1240 maverat,
388 1177 446 1228 et
500 1173 706 1226 fratres
764 1188 976 1243 corpus
1031 1171 1086 1224 B.
1124 1169 1390 1238 Huberti,
1424 1169 1592 1241 quasi
1651 1169 1721 1224 ad

83 1261 454 1318 obtinendam
481 1260 939 1315 misericordiam
959 1258 1059 1313 illo
1082 1259 1423 1327 deferentes,
1439 1274 1626 1330 usque
1649 1257 1720 1312 ad

84 1350 738 1425 sanguinisell'usionem
764 1349 999 1422 propria
1014 1365 1191 1404 manu
1215 1347 1721 1403 mactaveratllaec

83 1442 276 1497 omnia
295 1457 432 1495 cum
456 1441 526 1494 de
543 1439 778 1494 Otberto
796 1438 1075 1493 Wiredus
1099 1442 1316 1505 nosset,
1337 1441 1502 1509 rapto
1527 1439 1720 1491 tamen

0 1575 10 1594 η
82 1529 257 1586 semel
289 1529 509 1584 honore
556 1527 772 1601 privari
823 1527 1038 1594 timuit,
1075 1531 1132 1581 et
1162 1531 1385 1582 mutata
1413 1525 1719 1592 sententia,

81 1637 257 1692 quam
283 1618 592 1674 nobiscum
625 1620 911 1685 tenuerat,
951 1616 1045 1671 Dei
1070 1615 1314 1688 gloriam
1347 1613 1720 1686 contempsit,

77 1714 130 1764 et
161 1725 331 1764 suam
393 1706 674 1779 quaesivit,
709 1705 910 1778 sicque
940 1709 1314 1761 consecratus
1344 1704 1414 1758 ab
1465 1705 1720 1772 Otberto,

77 1798 277 1852 invitis
335 1796 636 1863 fratribus,
669 1812 772 1868 pro
833 1799 995 1866 patre
1026 1812 1086 1850 se
1118 1793 1399 1849 violenter
1454 1792 1718 1864 ingessit.

77 1889 191 1942 llac
215 1885 617 1958 indignatione
645 1885 851 1940 fratres
875 1883 1144 1956 dispersi,
1178 1900 1310 1939 eum
1343 1883 1721 1954 insequeren-

1833 743 1940 783 sua
1962 727 2267 799 utriusque
2285 727 2375 783 sui
2407 730 2461 782 et
2493 743 2594 799 pro
2620 726 2932 782 animabus
2955 725 3211 783 filiorum
3230 743 3478 786 suorum

1834 817 2265 884 defunctorum,
2279 816 2502 892 Warini
2527 815 2748 872 scilicet
2769 819 2824 871 et
2853 814 3158 884 Willelmi,
3177 819 3477 872 monaste-

1834 907 1985 962 rium
2005 905 2249 962 Blasiliae
2272 906 2328 960 in
2353 906 2584 978 praediis
2617 905 2741 961 suis
2781 905 3085 961 constituit
3115 909 3290 978 atque
3319 905 3475 962 circa

1834 995 2237 1066 adjacentibus
2259 994 2481 1067 campis
2507 999 2563 1049 et
2591 993 2746 1050 villis
2777 997 2834 1050 et
2863 992 3125 1050 ecclesiis
3156 995 3473 1050 sanctimo-

1833 1085 2018 1140 niales
2034 1085 2149 1140 Deo
2168 1085 2482 1141 servientes
2499 1083 2582 1139 ibi
2605 1083 2757 1140 unde
2795 1083 3053 1140 viverent
3089 1083 3472 1141 haereditavit.

1831 1173 2048 1230 Deinde
2079 1173 2389 1245 diligenter
2418 1174 2662 1229 Romam
2685 1173 2908 1246 petivit,
2936 1172 3253 1246 ipsumque
3284 1190 3474 1230 coeno-

1831 1262 1992 1317 bium
2017 1263 2183 1318 beato
2205 1262 2370 1317 Petro
2395 1262 2654 1334 apostolo
2695 1267 2870 1335 atque
2903 1262 3175 1336 episcopo
3207 1261 3305 1336 qui
3335 1266 3477 1318 tunc

1831 1351 2108 1423 temporis
2136 1350 2464 1422 apostolicae
2491 1351 2613 1406 sedi
2644 1351 2994 1424 praesidebat
3014 1351 3074 1406 in
3095 1351 3476 1424 propriojure

1832 1439 2137 1495 concessit.
2153 1439 2280 1511 Ipse
2295 1443 2486 1494 autem
2508 1457 2658 1512 papa
2675 1439 2811 1495 huic
2828 1440 2979 1496 dono
2995 1439 3244 1512 benigne
3277 1441 3477 1496 favens

1834 1530 2093 1601 quinque
2123 1528 2340 1584 solidos
2369 1534 2615 1584 monetae
2644 1529 3022 1585 Pictaviensis
3068 1533 3270 1586 sancto
3306 1529 3476 1585 Petro

1833 1617 2009 1674 semel
2043 1617 2100 1672 in
2123 1635 2274 1672 anno
2309 1616 2480 1691 [dari]
2513 1617 2789 1688 decrevit,
2821 1616 3064 1689 insuper
3119 1617 3297 1674 etiam
3329 1634 3472 1690 apo-

1833 1707 2021 1763 stolici
2051 1706 2338 1780 privilegii
2366 1706 2708 1762 auctoritate
2740 1705 2894 1763 idem
2925 1706 3258 1762 coenobium
3289 1706 3469 1763 abba-

1831 1798 1972 1852 tiam
2005 1795 2426 1851 monachorum
2458 1795 2515 1849 in
2547 1797 2896 1868 perpetuum
2927 1794 3254 1863 constituit,
3290 1794 3472 1852 altare

1831 1887 2005 1942 etiam
2025 1885 2176 1958 quod
2207 1884 2394 1940 adhuc
2412 1883 2696 1940 habemus
2727 1901 2836 1940 sua
2863 1885 3100 1956 propria
3129 1901 3309 1940 manu
3339 1901 3476 1941 con-

73 1982 170 2032 tur
197 1974 274 2031 ab
295 1991 385 2042 eo,
408 1973 760 2046 quibusdam
786 1972 1162 2028 saecularibus
1193 1971 1498 2027 conductis
1524 1971 1721 2026 confu-
1751 2006 1796 2070 Β
1833 1981 2123 2032 secratum
2182 1991 2284 2046 per
2338 1974 2527 2044 ipsam
2561 1976 2890 2029 matronam
2922 1973 3091 2029 nobis
3120 1971 3473 2030 transmisit.

73 2068 289 2138 gerunt
307 2062 591 2118 auxilium
611 2061 878 2118 Ecclesiae
903 2061 1206 2117 Remensis
1221 2067 1274 2117 et
1289 2060 1716 2116 Laudunensis.

0 2179 4 2192 ι
75 2157 152 2211 Eo
202 2169 439 2226 quoque
493 2151 622 2208 illos
669 2155 1076 2224 prosequente,
1124 2168 1258 2206 cum
1308 2151 1365 2206 in
1415 2149 1724 2224 praesentia

73 2243 277 2300 domui
311 2242 578 2297 Manasse
614 2245 928 2296 Remorum
965 2240 1221 2314 episcopi
1248 2245 1304 2296 et
1354 2238 1722 2313 Engelramni

77 2331 490 2389 Laudunensis
546 2329 798 2403 episcopi
860 2347 1054 2385 rerum
1091 2335 1383 2403 gestarum
1422 2329 1572 2384 inter
1618 2345 1725 2383 nos

77 2423 223 2478 ratio
247 2422 432 2490 ﬁeret,
461 2435 529 2474 ex
557 2419 783 2474 decreto
814 2409 1124 2491 utriusque
1158 2419 1389 2473 firmata
1433 2423 1522 2474 est
1554 2417 1724 2472 nobis

76 2510 393 2577 sententia,
420 2507 578 2564 adire
609 2525 715 2563 nos
746 2508 1018 2563 Romanae
1065 2507 1220 2562 sedis
1264 2506 1644 2574 audientiam,
1671 2509 1726 2561 et

76 2616 258 2672 super
276 2598 370 2654 his
389 2600 645 2652 vestrum
667 2601 997 2668 exspectare
1012 2595 1301 2667 judicium
1335 2600 1391 2650 et
1407 2595 1721 2667 justitiam.

75 2690 366 2744 Venimus
394 2702 530 2759 ergo
561 2686 672 2740 huc
707 2685 1025 2741 multorum
1049 2684 1454 2757 religiosorum
1486 2683 1725 2756 impulsi

73 2777 612 2849 consilio,quorum
636 2776 890 2831 maxima
903 2775 1254 2847 exspectatio
1287 2792 1356 2830 ex
1381 2779 1579 2830 nostro
1593 2791 1728 2846 pen-

72 2870 178 2925 det
233 2866 588 2939 spectaculo,
622 2869 687 2920 ut
735 2865 822 2920 vel
877 2882 948 2920 ex
980 2870 1180 2919 nostra
1228 2863 1624 2919 consolatione
1655 2864 1726 2918 ad

73 2957 480 3013 defensionem
496 2971 637 3010 verae
653 2953 782 3008 ﬁdei
798 2959 853 3008 et
865 2958 1070 3009 vestrae
1089 2951 1382 3007 fidelitatis
1395 2952 1725 3024 proficiant,

69 3046 185 3116 vel,
213 3045 372 3119 quod
396 3043 568 3111 absit,
601 3060 667 3098 ex
699 3048 898 3098 nostra
929 3041 1285 3097 desolatione
1318 3046 1373 3096 et
1412 3041 1729 3097 defectione

72 3142 132 3192 et
165 3135 279 3208 ipsi
339 3133 629 3189 deﬁciant.
667 3131 962 3187 Consulite
1021 3130 1201 3202 igitur
1233 3135 1433 3185 vestrae
1459 3131 1725 3201 justitiac,

69 3230 283 3280 vestrae
307 3224 496 3290 fama),
522 3225 842 3292 vestraeque
891 3220 1241 3286 auctoritati,
1279 3236 1350 3274 ne
1406 3219 1728 3274 inﬁdelium

1829 2063 2220 2136 Apostolicam
2239 2061 2473 2134 quidem
2497 2061 2923 2118 absolutionem
2943 2065 3000 2118 et
3012 2061 3476 2119 benedictionem

1832 2154 2049 2209 nostris
2079 2151 2545 2207 benefactoribus
2571 2169 2584 2219 ;
2609 2151 3270 2209 excommunicationem
3301 2156 3483 2224 atque-

1834 2240 2505 2309 anatbematizationem,
2528 2239 2882 2296 calumniam
2916 2244 3092 2313 atque
3117 2239 3478 2313 inquietudi-

1835 2349 1968 2387 nem
1985 2330 2153 2386 nobis
2168 2328 2554 2385 inferentibus
2568 2328 3040 2401 propriislitteris
3058 2346 3292 2402 semper
3307 2330 3478 2386 nobis

1834 2419 2072 2476 notavit.
2103 2419 2204 2473 His
2234 2417 2412 2490 igitur
2444 2416 2799 2474 ﬁrmissimis
2826 2417 3073 2474 decretis
3104 2422 3164 2474 et
3190 2418 3474 2474 constitu-

1834 2509 2094 2565 tionibus
2110 2511 2374 2562 nostrum
2398 2505 2818 2562 monasterium
2838 2506 3184 2562 aedificatum
3199 2523 3332 2562 cum
3351 2523 3476 2562 om-

1837 2600 2011 2654 nibus
2063 2596 2233 2652 nobis
2279 2594 2641 2668 appendiciis
2673 2595 2771 2649 diu
2803 2595 2862 2649 in
2895 2611 3034 2666 pace
3059 2599 3116 2651 et
3145 2611 3360 2668 magna
3413 2595 3474 2651 in

1837 2687 2216 2762 prosperitate
2240 2685 2579 2757 permansit.
2615 2684 2823 2740 Statim
2857 2688 2922 2739 ut
2952 2683 3137 2740 Roma
3165 2688 3343 2756 caput
3371 2700 3476 2740 no-

1834 2783 2022 2834 strum
2053 2781 2109 2831 et
2133 2773 2394 2830 defensio
2429 2777 2629 2829 nostra
2658 2772 2973 2845 inquietari
3028 2777 3086 2830 et
3144 2773 3476 2846 perturbari

1835 2867 2026 2938 cmpit,
2043 2866 2483 2921 insurrexerunt
2499 2862 2768 2917 monachi
2783 2865 2936 2918 Casa:
2958 2861 3078 2931 Dei,
3100 2867 3156 2919 et
3175 2862 3480 2919 ecclesiam

1836 2955 2030 3011 Sancti
2082 2951 2360 3024 Stephani
2419 2951 2864 3024 protomartyris
2912 2956 2969 3008 et
3025 2953 3223 3008 Sancti
3272 2952 3480 3010 Leonis

1837 3062 1998 3117 papae
2044 3043 2207 3097 urbis
2267 3043 2484 3107 Romae,
2518 3057 2692 3113 quem
2741 3040 3009 3109 Romani,
3043 3041 3182 3114 quia
3237 3041 3478 3098 Carolus

1838 3136 2154 3206 imperator
2174 3129 2521 3201 elegiteum,
2544 3134 2994 3199 excaeeaverunt,
3028 3147 3241 3203 corpus
3283 3133 3478 3203 cujus,

1839 3227 1904 3278 ut
1928 3220 2241 3285 credimus,
2270 3219 2348 3273 ibi
2381 3218 2711 3290 requiescit,
2745 3236 2924 3275 manu
2957 3235 3022 3275 ac
3053 3219 3327 3276 violentia
3376 3237 3476 3276 cu-

73 3319 182 3370 aut
216 3311 525 3368 rebellium
548 3309 882 3365 violentiam
907 3327 1009 3381 per
1041 3308 1454 3381 impunitatem
1473 3325 1730 3364 crescere
1772 3377 1804 3383 _
1833 3312 2072 3383 jusdam
2106 3309 2359 3381 potentis
2389 3307 2665 3379 Stephani
2697 3309 3102 3365 Mercoriensis
3133 3310 3302 3366 nobis
3342 3327 3481 3366 con-

75 3403 294 3459 sinatis
315 3401 451 3472 (64).
609 3461 613 3465 ,
907 3377 924 3381 —
1129 3377 1146 3381 _
1762 3377 1804 3442 C
1834 3377 2265 3456 tradieentibus
2287 3377 2672 3464 abstulerunt,
2687 3401 2744 3452 et
2759 3397 2974 3453 auxilio
2986 3398 3486 3455 dominiDurandi

854 3487 947 3543 Ill.
1840 3487 2335 3544 Ciaromontensis
2361 3485 2616 3557 episcOpi
2649 3486 2845 3557 ipsum
2878 3491 3196 3543 tenuerunt
3220 3487 3482 3560 quandiu

76 3579 325 3653 Epistola
355 3577 686 3634 monialium
717 3578 967 3653 Blasilia;
1000 3577 1304 3653 ip_Arvcrz's
1334 3576 1403 3631 ad
1455 3578 1732 3633 Urbanum
1839 3577 1981 3632 vixit
1997 3575 2368 3648 supradictus
2381 3572 2885 3644 Stephanus.Post
2901 3579 3148 3630 mortem
3165 3591 3298 3632 vero
3330 3577 3479 3646 ejus,

691 3665 892 3721 Papam
993 3649 1126 3738 (δβλ
1262 3737 1280 3738 7
1350 3737 1357 3738 ί
1383 3736 1392 3738 ξ
1420 3737 1427 3738 ί
1833 3665 2056 3738 judicio
2079 3662 2371 3736 praepositi
2399 3666 2456 3717 et
2486 3662 2714 3718 abbatis
2735 3661 3230 3719 Claromontensis
3257 3669 3483 3736 septem

312 3743 570 3809 (BALUZ.,
605 3738 828 3794 Miscell.
864 3737 1001 3792 edit.
1038 3737 1202 3805 Luc.,
1230 3737 1301 3802 II,
1336 3736 1483 3807 -l8l.)

1841 3736 2159 3828 presbyteri
2219 3751 2402 3807 nostri
2423 3753 2772 3822 juraverunt
2827 3751 3088 3808 alodium
3117 3769 3248 3809 esse
3278 3752 3472 3809 sancti

1841 3844 2013 3910 Petri,
2043 3847 2107 3898 ut
2154 3841 2356 3898 altaris
2413 3839 2681 3908 Blasiliaa,
2716 3839 3030 3912 recipiente
3069 3840 3340 3914 episcopo
3371 3841 3482 3898 hoc

1842 3935 2296 3990 sacramentum.
2314 3930 2433 4002 Ipsi
2463 3933 2660 3985 tamen
2681 3928 2970 3997 monachi,
2995 3930 3187 3987 adhuc
3217 3929 3486 4001 rebelles,

1842 4027 2061 4078 rectum
2083 4021 2235 4092 quod
2259 4021 2640 4074 firmaverunt
2649 4035 2751 4091 per
2771 4023 2994 4091 septem
3020 4019 3240 4078 milites
3261 4023 3486 4093 tenent,

1842 4117 1896 4168 et
1910 4107 2773 4180 excommunicationeepiscOpi
2794 4107 2954 4164 illam
2972 4107 3280 4165 ecclesiam
3304 4109 3486 4165 desti-

1840 4206 2029 4257 tutam
2061 4204 2116 4256 et
2137 4199 2357 4270 absque
2375 4195 2700 4253 ministerio
2723 4196 2947 4253 faciunt
2977 4198 3484 4267 esse,ministrum

1843 4289 2016 4345 etiam
2049 4288 2178 4358 ejus
2224 4287 2284 4341 in
2335 4287 2576 4342 modum
2621 4285 2890 4359 sacrilegi
2940 4291 3103 4342 extra
3154 4286 3483 4344 ecclesiam.

1843 4379 2090 4450 Ideoque
2123 4375 2465 4448 suppliciter
2485 4379 2542 4430 et
2561 4376 2811 4448 benigne
2832 4391 3106 4449 rogamus
3139 4381 3196 4432 et
3223 4375 3491 4433 obsecra-

1845 4485 1977 4523 mus
2000 4470 2063 4521 ut
2091 4465 2574 4521 consuetudinem
2598 4481 2776 4536 quam
2798 4463 2885 4520 tui
2916 4468 3310 4522 antecessores
3341 4467 3490 4522 fece-

150 3848 401 3903 Summo
441 3844 678 3900 domino
701 3861 861 3916 papae
885 3844 1156 3898 Romanae
1187 3841 1455 3898 Ecclesiae
1487 3842 1732 3898 URBANO

68 3936 326 3991 humilis
350 3951 486 4007 grex
513 3933 856 3989 monialium
889 3949 992 3987 seu
1024 3931 1367 3988 clericorum
1393 3933 1731 3988 monasterii

66 4024 325 4080 Blasiliae
379 4024 436 4078 in
502 4022 747 4079 Domino
792 4022 1073 4094 optimam
1107 4019 1353 4093 gratiam
1395 4025 1450 4075 et
1481 4020 1732 4078 salutem

68 4113 339 4185 atquein
372 4111 648 4168 omnibus
680 4110 1018 4166 obedientiae
1046 4110 1158 4164 sibi
1191 4110 1552 4165 servitutem.

144 4199 485 4274 Apostolica
532 4203 588 4255 et
632 4197 983 4255 venerabilis
1024 4203 1127 4254 tua
1182 4198 1462 4272 dignitas,
1496 4199 1732 4257 domine

64 4295 274 4358 Pater,
295 4289 607 4344 manifeste
646 4289 791 4344 sciat
822 4293 878 4343 et
908 4288 1104 4343 credat
1133 4305 1240 4344 nos
1270 4288 1531 4359 quotidie
1572 4289 1734 4345 ﬂexis

64 4379 335 4452 genibus
367 4378 548 4433 Deum
569 4394 732 4433 orare
756 4381 818 4432 ut
840 4380 895 4431 te
916 4381 1168 4448 tuosque
1201 4375 1390 4431 salvos
1423 4381 1480 4432 et
1511 4376 1733 4433 incolu-

67 4485 207 4524 mes
241 4466 969 4538 custod'iatnecnondigne
999 4469 1054 4520 et
1075 4465 1447 4521 laudabiliter
1478 4467 1733 4540 regimen

63 4561 346 4614 vestrum
391 4555 549 4611 omni
578 4554 843 4611 Ecclesiae
874 4555 1066 4627 vigere
1097 4559 1153 4610 et
1185 4555 1493 4627 prmsidcre
1527 4573 1732 4612 conce-
1845 4560 1999 4624 runt,
2045 4554 2238 4621 facies,
2267 4558 2322 4608 et
2352 4553 2658 4608 ecclesiam
2699 4570 2876 4625 quam
2927 4559 3274 4610 amaverunt
3311 4560 3489 4627 atque

62 4647 203 4701 dat.
228 4649 439 4701 Vestra
454 4645 610 4699 enim
631 4648 798 4716 targa
817 4644 985 4700 nobis
1009 4659 1173 4699 arma
1193 4649 1250 4699 st
1296 4649 1532 4700 scutum
1572 4645 1731 4701 inex-
1847 4644 2265 4700 monasterium
2293 4647 2560 4698 nostrum
2594 4659 2727 4698 cum
2747 4643 3022 4698 omnibus
3049 4644 3224 4698 rebus
3255 4644 3382 4700 suis
3412 4645 3486 4700 ab

0 4731 12 4754 '
64 4734 588 4809 pugnabiledebet
601 4733 951 4790 esse.Vestri
974 4737 1169 4788 autem
1195 4733 1738 4806 privilegiiauctori-
1767 4748 1813 4812 D
1843 4734 2141 4790 invasione
2164 4737 2219 4787 et
2248 4733 2542 4804 ereptione
2575 4731 3045 4804 supradictorum
3061 4732 3486 4790 monachorum

63 4833 172 4880 tas
209 4841 321 4879 nos
356 4827 514 4879 tutos
545 4840 612 4878 ac
642 4822 855 4878 liberos
887 4823 958 4877 ab
991 4823 1150 4878 omni
1177 4822 1426 4879 aliorum
1460 4824 1736 4880 servitute
1847 4823 2058 4896 eripias
2088 4827 2143 4877 et
2167 4838 2323 4877 nosa
2344 4820 2618 4876 servitute
2649 4821 2913 4878 omnium
2932 4821 3180 4878 aliorum
3202 4820 3262 4877 in
3293 4838 3491 4896 perpe-

65 4913 198 4969 sibi
223 4914 283 4966 in
315 4917 664 4985 perpetuum
687 4913 859 4967 debet
893 4911 1528 4983 habere.Temporibus
1560 4913 1740 4985 igitur
1846 4919 2014 4968 tuum
2049 4915 2318 4984 protegas
2347 4913 2404 4966 et
2433 4909 2730 4967 defendas.
2763 4911 2919 4967 Vale.

56 4999 293 5072 priscis
305 5003 576 5055 matrona
595 5000 861 5071 quaedam
878 4999 1113 5055 nomine
1134 5000 1534 5071 Ermengarda
1552 5003 1737 5057 comi-

57 5149 376 5224 (Epistetas
409 5149 463 5203 S.
497 5149 740 5224 Anselmi
783 5149 1799 5224 Gent'ziarz'cnais.Ivom'sCammIensis,
1855 5152 2096 5221 Ilugonz’s
2144 5148 2539 5224 Litgclitnenszs.
2597 5149 2852 5224 [lugente
2890 5149 3288 5224 Cpluniacensis,
3343 5153 3489 5224 Ray-

155 5220 315 5275 naldi
347 5223 642 5287 Hememis,
677 5221 953 5276 Lambertz'
974 5223 1358 5291 Atrebatensis,
1393 5224 1628 5295 (So/[ridi
1661 5229 1713 5280 γλ

159 5308 292 5347 mox
321 5291 573 5364 edenda.)
1470 5302 1474 5304 ‘

1841 5220 2095 5288 cz'nénsz’s,
2128 5221 2199 5275 ad
2221 5221 2504 5277 URBANUM
2525 5220 2884 5292 papammide
2912 5221 3055 5277 inter
3081 5237 3268 5278 eorum
3288 5220 3496 5296 scripta

162 5417 275 5488 (64)
322 5416 585 5492 Recitata
639 5417 698 5471 in
755 5417 1065 5492 praesentia
1094 5417 1311 5492 Urbani
1365 5436 1525 5492 papae
1558 5421 1738 5492 hujus

61 5487 369 5561 clamoris
401 5488 631 5561 pagina,
651 5493 708 5544 et
732 5487 774 5561 εί
795 5488 1071 5544 Romanis
1103 5491 1316 5561 saepius
1347 5487 1404 5545 et
1433 5487 1742 5560 diligenter

59 5558 698 5626 ventilata,’abbatem
731 5560 814 5615 sic
871 5558 1214 5616 destitutum
1263 5563 1334 5616 ob
1397 5558 1739 5620 fidelitatem

57 5630 348 5690 ecclesiae
410 5635 678 5686 Romanae
731 5631 1176 5701 condolucrunt,
1211 5637 1268 5688 et
1298 5632 1392 5687 W.
1430 5635 1541 5690 nisi
1599 5636 1741 5690 resi-

52 5704 365 5780 pisceret,
399 5707 456 5780 et
488 5701 611 5759 loco
653 5703 899 5780 cederet,
933 5704 1569 5780 excommunicandumi
1621 5708 1744 5763 sine

54 5772 101 5832 Ei
123 5772 377 5845 ilatione
409 5773 808 5830 decreverunt.
841 5775 1208 5845 Suffragante
1241 5781 1436 5830 autem
1469 5779 1740 5844 Rainero,

119 5845 196 5922 gi
223 5844 454 5922 Urbano
487 5845 546 5922 in
589 5846 927 5922 pontiﬁcatu
982 5844 1282 5922 successit,
1335 5855 1474 5922 tunc
1508 5851 1744 5922 quidem

119 5867 196 5901 ιιι
226 5867 454 5901 υἷ’υᾶΠο
487 5867 546 5900 Ill
589 5867 927 5917 ponuucatu
982 5867 1282 5909 δυεοθεδιι,
1335 5867 1474 5903 tunc
1508 5867 1744 5922 (ΙΠΙΟΘΠΙ

1 5937 22 5966 ι
48 5867 276 5995 gilata
295 5920 388 5995 est
401 5917 693 5995 sententia
720 5916 840 5973 haec
872 5917 1517 5995 excommunicationis,
1550 5938 1745 5995 usque

51 5995 146 6059 in
188 5987 342 6054 diem
373 5988 526 6051 inter
553 5993 833 6067 utrosque
881 5989 1214 6065 praestitutus
1257 5987 1662 6055 discussionis
1696 5995 1749 6061 si

1849 5421 2003 5494 forte
2027 5418 2370 5494 adveniente
2398 5416 2636 5494 Wiredo
2668 5417 2882 5474 certior
2909 5417 3074 5494 ﬁeret
3116 5420 3344 5494 agenda
3373 5422 3494 5478 dis-

1850 5491 2064 5565 cussio.
2104 5490 2226 5565 ll|o_
2263 5490 2421 5544 domi
2465 5496 2835 5565 remanente,
2870 5490 3181 5565 probatus'
3207 5497 3295 5548 est
3326 5494 3495 5565 quasi

1850 5563 2121 5618 conscius
2139 5561 2320 5632 culpae
2336 5563 2662 5616 condictam
2685 5563 2795 5617 sibi
2830 5561 3189 5619 audientiam
3208 5561 3498 5620 subterfu-

1851 5636 2027 5707 gisse.
2056 5634 2307 5707 Ideoque
2324 5633 2396 5707 _in
2429 5634 2794 5689 solemnitate
2839 5634 3492 5707 Omniuquanctorum

1851 5704 2449 5762 excommuni‘eatione
2483 5722 2515 5760 a
2545 5722 2694 5777 papa
2717 5707 2990 5777 formata,
3023 5709 3079 5760 et
3108 5706 3244 5762 data
3301 5723 3496 5764 coram

1853 5795 1916 5833 se
1945 5777 2210 5845 ejusdem
2241 5776 2862 5832 excommunicationis
2891 5777 3154 5848 epistola.

1924 5849 2039 5980 (35%
2068 5849 2212 5907 Vide
2272 5849 2372 5907 lib.
2433 5867 2452 5906 1
2494 5850 2638 5907 Hist.
2697 5848 2920 5921 geneal.
2979 5851 3168 5922 gentis
3224 5852 3488 5923 ,λιι-γεω.⁹

1855 5937 1981 5997 cap.
2020 5937 2069 5982 ί.
