3958 6372
415 418 425 428 .
467 362 590 428 563

360 1771 415 1861 /

1766 361 1840 424 B.
1886 360 2180 426 URBA-NI
2223 359 2278 426 ΙΙ
2320 361 2573 426 PAPrE.

3664 367 3882 433 '56!

467 499 686 567 menta,
710 509 906 554 coram
932 489 1221 570 episc0pis
1251 495 1306 553 el
1336 491 1732 554 cardinulibus
1763 491 2106 553 multorum-
2131 497 2188 564 Α
2212 496 2385 553 strata
2411 511 2594 554 versus
2625 494 3016 556 Bellumiocum
3043 494 3313 556 terminus
3335 501 3441 568 est,
3475 497 3666 557 contra
3690 499 3880 574 quad-

470 603 586 661 que
615 584 902 660 personis,
945 583 1356 656 huiuscemodi
1402 602 1731 642 sermonem
1787 585 1996 642 habuit
2043 585 2114 641 ad

469 674 760 751 populum
783 691 798 730 :

542 764 737 822 Sancti
762 765 954 820 Patres
982 769 1034 819 et
1059 763 1297 836 majores
1350 763 1789 820 nostri.Romani
1813 762 2114 836 pontiﬁces,

475 856 573 930 qui
599 856 806 912 sanctae
830 853 976 910 sedis
1003 853 1311 925 apostolicis
1332 852 1722 925 przsederunt,
1741 868 1810 908 ea:
1838 867 1941 923 quo
1971 852 2118 906 locus

479 943 774 1001 Cluniacus
829 942 1112 999 institutus
1167 945 1246 997 est
1285 940 1354 997 ab
1409 942 1592 1010 initio,
1623 945 1673 997 et
1727 941 2120 997 monasterium

475 1033 626 1090 istud
649 1030 965 1106 fundatum,
998 1038 1111 1087 tam
1165 1031 1344 1086 locum
1375 1029 1520 1086 hunc
1548 1047 1714 1102 quam
1755 1032 2002 1096 rectores,
2035 1029 2118 1083 vel

477 1121 805 1178 habitatores
833 1121 950 1190 eius
999 1121 1319 1192 propensius
1374 1119 1705 1187 dilexerunt,
1763 1121 2034 1190 foverunt,
2069 1123 2119 1172 et

474 1212 805 1268 curaverunt
845 1210 1126 1266 attentius.
1157 1209 1223 1263 Et
1275 1209 1490 1264 merito.
1521 1209 1659 1264 Nam
1683 1209 1808 1280 pius
1859 1207 1956 1262 ille
1988 1206 2118 1262 Wil-

477 1300 694 1370 lelmus,
721 1299 880 1355 istius
909 1298 1043 1355 olim
1090 1298 1409 1353 monasterii
1455 1298 1756 1363 institutor,
1807 1296 1960 1352 nulli
2013 1296 2121 1350 alii

473 1387 750 1457 advocato,
779 1387 928 1443 nulli
948 1386 1351 1460 patrono,nulli
1377 1387 1515 1455 regi,
1547 1387 1631 1440 vel
1655 1387 1902 1458 principi
1926 1400 2120 1440 curam

473 1478 650 1551 ipsius
702 1477 1034 1548 tutelamque
1082 1473 1494 1543 commendavit,
1546 1476 1662 1530 nisi
1709 1475 1814 1531 Deo
1857 1482 1910 1530 et
1967 1475 2120 1530 beato

473 1567 650 1635 Petro,
679 1565 897 1638 ejusque
921 1563 1166 1631 vicariis,
1203 1564 1458 1620 Romanis
1485 1564 1692 1620 scilicet
1744 1563 2114 1636 pontificibus.

475 1657 717 1728 Quorum
743 1669 973 1711 numero
999 1653 1084 1710 vel
1111 1652 1301 1710 ordini
1344 1653 1534 1708 divina
1564 1669 1649 1708 me
1674 1653 1940 1722 dignatio,
1997 1654 2122 1709 licet

473 1745 784 1818 indignum,
814 1744 1121 1810 associavit,
1155 1757 1241 1798 me
1268 1742 1402 1799 olim
1427 1741 1757 1798 monachum
1771 1743 2118 1814 prioremque

473 1833 801 1890 monasterii
827 1832 990 1930 hujus
1027 1831 1153 1930 sub"
1179 1830 1374 1888 domno
1403 1847 1468 1886 ac
1521 1831 1821 1930 venerabili
1875 1832 2112 1930 Hugone,
2148 1863 2196 1930 Β

474 1923 576 1980 Dei
627 1919 1008 1979 misericordia
1061 1919 1237 1976 adhuc
1295 1921 1586 1992 superstite
1653 1922 1703 1976 et
1751 1919 2114 1976 benevatente.

475 2013 656 2085 Igitur
693 2011 836 2067 sicut
869 2009 1152 2083 pontiﬁces
1205 2009 1410 2065 summi
1453 2011 1583 2064 ante
1629 2023 1718 2064 me
1743 2009 2113 2066 succedebant.

473 2101 584 2158 sibi
612 2101 671 2156 in
700 2100 991 2176 apostolica
1033 2097 1174 2167 sede,
1223 2102 1595 2154 successerunt
1650 2099 1818 2154 etiam
1846 2098 1917 2154 ad
1963 2106 2116 2154 tuen-

475 2191 606 2248 dum
631 2189 1040 2262 curandumque
1087 2189 1408 2262 propensius
1438 2187 1616 2243 locum
1647 2187 1833 2242 istum.
1896 2189 2116 2243 Verum-

477 2287 661 2337 tamen
687 2279 878 2335 nullus
907 2293 1096 2334 eorum
1135 2291 1239 2349 per
1266 2291 1428 2332 suam
1485 2276 1821 2347 corporalem
1870 2291 2116 2348 prarsen-

475 2369 614 2425 tiam
641 2369 818 2425 locum
849 2368 1015 2422 istum
1065 2366 1324 2421 hactenus
1352 2364 1615 2420 visitavit.
1647 2363 1782 2418 Mihi
1808 2380 1953 2432 vero,
1983 2366 2122 2422 sicut

473 2457 978 2532 imprzsentiarum
1005 2454 1250 2522 cernitis,
1282 2451 1341 2508 id
1366 2451 1558 2508 divina
1609 2455 1863 2509 concessit
1886 2453 2118 2510 clemen-

473 2549 574 2604 tia.
606 2547 848 2620 Denique
876 2547 1020 2602 inter
1049 2544 1192 2598 alias
1217 2558 1410 2599 causas
1439 2556 1566 2614 quae
1593 2557 1692 2598 nos
1720 2541 1791 2597 ad
1818 2542 2120 2599 visitandas

476 2635 682 2694 Gallias
711 2634 1070 2709 impulerunt,
1129 2631 1241 2686 haec
1262 2632 1449 2704 prima
1501 2640 1552 2687 et
1593 2633 1876 2704 pracipua
1923 2635 2121 2704 fuitut

473 2726 655 2784 locum
680 2726 848 2781 istum
894 2730 946 2780 et
996 2723 1464 2794 congregationem
1517 2719 1659 2776 hanc
1709 2722 1938 2793 speciali
1964 2723 2122 2778 nobis

471 2815 792 2885 cognatione
819 2827 1140 2884 germanam
1166 2812 1354 2866 nostra
1369 2809 1664 2882 prmsentia
1693 2809 2117 2880 Lntiﬁcaremus,

473 2909 655 2959 nostro
697 2915 912 2957 accessu
939 2903 992 2956 et
1021 2899 1261 2972 alloquio
1307 2898 1648 2971 juvaremus,
1707 2906 1758 2954 et
1787 2898 1858 2954 ad
1909 2915 2122 2956 omnem

472 2991 774 3050 utilitatem
798 2987 884 3045 vel
911 2986 1250 3044 commodum
1277 2995 1525 3043 nostram
1552 2989 1632 3044 eis
1661 3003 1882 3060 operam
1911 2990 2120 3061 impen-

474 3082 745 3139 deremus.
779 3083 970 3152 Itaque
997 3077 1087 3134 hic
1114 3078 1388 3134 vobiscum
1418 3076 1576 3134 hodie
1597 3081 1914 3150 praesentes,
1945 3079 2124 3136 altare

2224 586 2466 652 ruvium,
2497 587 2638 659 quod
2666 590 2744 644 est
2771 587 2999 660 desuper
3025 587 3401 645 molendmum
3425 589 3705 646 cellerarii
3745 590 3882 647 Clu-

2223 675 2493 730 niacensis
2541 679 2681 732 citra
2736 677 3001 748 Viengias.
3079 678 3231 734 Ultra
3295 676 3619 734 Cluniacum
3689 695 3886 736 versus

2225 763 2486 829 Masilias,
2543 767 2810 820 terminus
2859 769 2939 820 est
2991 764 3061 820 ad
3117 765 3342 831 bivium,
3411 766 3554 822 unde
3606 783 3723 824 una
3789 771 3886 824 via

2227 851 2400 907 tendit
2426 852 2498 908 ad
2541 853 2802 920 Masilias,
2859 855 3036 911 altera
3082 853 3153 909 ad
3210 853 3469 912 Sanctam
3522 856 3762 914 Mariam
3817 858 3886 914 de

2227 942 2411 996 Bosco.
2445 941 2618 1014 Super
2645 944 2932 1014 Ruﬁacum
2959 945 3226 999 terminus
3277 951 3355 1000 est
3383 944 3455 1000 ad
3507 948 3887 1004 summitatem

2226 1029 2452 1102 defensi,
2483 1030 2554 1086 ad
2585 1031 2810 1099 bivium,
2842 1031 2988 1088 unde
3019 1049 3133 1088 una
3161 1033 3252 1088 via
3285 1033 3457 1090 tendit
3479 1034 3550 1090 ad
3577 1035 3884 1092 Benarnia-

2227 1133 2370 1187 cum,
2403 1121 2577 1177 altera
2604 1119 2676 1176 ad
2705 1121 2998 1177 Carellam.
3036 1123 3227 1178 Versus
3252 1121 3563 1192 Setgiacum
3607 1127 3886 1182 terminus

2225 1215 2306 1264 est
2334 1209 2486 1264 intra
2531 1211 2914 1280 quarruvium,
2971 1211 3112 1266 citra
3140 1212 3314 1266 locum
3348 1213 3430 1268 ibi
3455 1212 3648 1270 dicunt
3675 1215 3883 1271 Adiur-

2225 1312 2374 1368 gum.
2407 1299 2472 1353 In
2497 1301 2672 1354 strata
2699 1315 2884 1354 versus
2917 1297 3329 1356 Cabilonensem
3372 1317 3576 1374 pagum
3603 1305 3884 1360 terminus

2227 1393 2305 1443 est
2332 1384 2405 1442 ad
2430 1402 2676 1458 grossam
2703 1388 3027 1446 Cassaniam
3053 1404 3216 1460 super
3270 1389 3621 1446 Mamiacum.
3685 1393 3882 1448 Versus

2229 1474 2646 1531 Brancedunum
2705 1478 2971 1533 terminus
3027 1481 3105 1534 est
3163 1479 3223 1532 in
3284 1479 3375 1534 via
3430 1495 3594 1552 super
3645 1481 3882 1537 Boxum

2225 1563 2566 1620 Bannedum.
2623 1567 2812 1621 Versus
2843 1566 3219 1622 Trinorchium
3247 1569 3517 1624 terminus
3576 1571 3655 1626 est
3713 1586 3886 1643 super

2226 1653 2469 1708 rivulum
2495 1669 2655 1725 quem
2683 1653 2874 1710 dicunt
2915 1656 3155 1727 Longam
3197 1657 3428 1727 Aquam,
3489 1659 3632 1714 inter
3672 1659 3882 1715 Biano-

2223 1757 2376 1798 scum
2395 1750 2448 1798 et
2475 1743 2828 1799 Donziacum.
2868 1745 3058 1800 Versus
3103 1746 3401 1800 Perronem
3429 1747 3512 1801 vel
3555 1748 3883 1816 Laziacum,

2225 1833 2493 1886 terminus
2518 1839 2596 1888 est
2624 1831 2694 1886 ad
2725 1833 2845 1888 Tres
2895 1834 3075 1903 Fagos
3097 1850 3120 1898 ;
3151 1833 3250 1890 ubi
3297 1836 3636 1906 partiuntur,
3695 1839 3890 1893 noster

2227 1920 2412 1975 boscus
2466 1919 2531 1976 de
2589 1921 2873 1989 Cluniaco,
2931 1929 2983 1978 et
3053 1923 3239 1978 boscus
3309 1925 3602 1979 comitalis.
3683 1925 3886 1983 Versus

2223 2009 2470 2079 Igiacum
2522 2011 2791 2066 terminus
2845 2013 2923 2066 est
2977 2011 3050 2066 ad
3106 2011 3346 2078 Carmos,
3417 2029 3584 2084 super
3637 2018 3886 2070 montem

2225 2097 2487 2154 medium.
2519 2098 2624 2154 Nos
2655 2099 2832 2167 igitur
2860 2100 3117 2156 terminos
3144 2101 3350 2156 sacrati
3379 2100 3551 2156 banni
3583 2100 3714 2158 huic
3759 2117 3883 2158 mo-

2226 2188 2465 2244 nasterio
2497 2186 2776 2255 Cluniaco,
2808 2190 2861 2243 et
2902 2188 3050 2243 villz
3081 2203 3144 2244 ac
3200 2189 3366 2260 burgo
3420 2191 3634 2262 pariter
3683 2191 3883 2264 prwﬁ-

2227 2277 2408 2345 gimus
2431 2293 2452 2338 ;
2481 2277 2576 2332 hos
2603 2277 2801 2332 limites
2823 2277 2992 2348 plena
3017 2277 3344 2333 certitudine
3369 2279 3887 2352 assignamus,prz-

2225 2366 2486 2436 cipientes
2516 2365 2578 2420 in
2605 2366 2828 2421 nomine
2853 2366 3076 2421 Domini
3105 2366 3202 2422 Dei
3237 2367 3637 2438 omnipotentis,
3667 2371 3725 2424 et
3773 2384 3884 2424 au-

2227 2454 2477 2510 ctoritate
2505 2454 2784 2510 beatorum
2828 2455 3196 2526 apostolorum
3231 2456 3382 2510 Petri
3407 2459 3461 2512 et
3512 2457 3698 2522 Pauli,
3746 2459 3884 2512 uni-

2228 2559 2404 2599 versos
2433 2559 2522 2598 vos
2549 2551 2712 2614 atque
2738 2558 2954 2598 omnem
3001 2544 3281 2600 hominem
3307 2545 3406 2616 qui
3462 2545 3579 2602 haec
3635 2547 3886 2603 lecturus

2231 2633 2310 2688 vel
2371 2631 2665 2688 auditurus
2720 2635 2818 2699 est,
2875 2635 3234 2688 contestantes
3286 2636 3348 2688 ut
3419 2633 3662 2690 bannum
3731 2634 3887 2691 hunc

2227 2721 2460 2776 scienter
2488 2735 2597 2776 non
2627 2721 2968 2792 infringatis,
3003 2723 3058 2776 ut
3112 2721 3231 2792 ejus
3279 2721 3452 2791 legem
3487 2724 3539 2778 et
3585 2723 3804 2793 singuli
3831 2733 3886 2781 et

2229 2825 2413 2866 omnes
2440 2811 2686 2866 teneatis.
2717 2808 2779 2865 Si
2805 2809 2927 2882 quis
2958 2825 3078 2865 vero
3118 2825 3238 2866 eam
3268 2811 3328 2866 in
3373 2826 3482 2867 uno
3511 2811 3706 2868 horum
3757 2829 3886 2885 qua

2227 2915 2394 2970 supra
2426 2901 2592 2955 vetita
2619 2905 2748 2954 sunt
2799 2899 3033 2955 scienter
3089 2899 3403 2972 infregerit,
3435 2903 3486 2955 et
3543 2899 3608 2955 ab
3655 2901 3882 2971 abbate,

2231 2989 2311 3044 vel
2334 2989 2540 3060 priore,
2593 2987 2676 3044 vel
2720 2987 3046 3056 camerario,
3103 2987 3187 3043 vel
3241 2987 3444 3044 decano
3499 2986 3886 3047 Cluniacensis

2229 3079 2538 3143 conventus,
2570 3084 2622 3132 et
2667 3077 2804 3132 sicut
2833 3077 3011 3132 visum
3062 3076 3234 3148 fuerit
3260 3076 3330 3132 ab
3382 3077 3482 3146 eis,
3542 3077 3882 3147 induciatus,

473 3171 721 3246 primum
746 3173 802 3226 et
827 3167 1010 3241 majus
1031 3184 1156 3224 cum
1183 3168 1394 3225 exteris
1423 3181 1548 3239 quae
1581 3175 1782 3239 parata
1809 3171 1957 3236 sunt,
1991 3170 2122 3225 novi
2151 3228 2190 3246 η
2229 3181 2466 3237 congrua
2521 3167 2893 3237 satisfactione
2945 3180 3058 3222 non
3113 3163 3500 3234 emendaverit,
3547 3167 3670 3238 jam
3721 3174 3878 3238 tunc,

477 3228 643 3334 hujus
671 3228 994 3316 monasterii
1019 3273 1324 3326 sacramus,
1351 3263 1407 3312 et
1429 3228 1513 3311 ἀει
1541 3228 1662 3311 eam
1691 3271 1817 3327 quae
1840 3256 1906 3313 de
1933 3228 2119 3314 eodem
2146 3228 2191 3296 δ
2229 3228 2476 3329 quisquis
2532 3255 2629 3311 ille
2654 3228 2664 3237 ’
2693 3256 2886 3326 fuerit,
2927 3228 3496 3310 excommunicationi.
3541 3228 3875 3328 iubjacebit:

473 3349 806 3407 monasterio
832 3351 998 3404 restat
1021 3349 1372 3413 structuram,
1432 3348 1629 3402 vestros
1657 3347 1871 3402 animos
1920 3348 2115 3404 incita-

475 3455 614 3496 mus.
648 3437 836 3496 Placet
860 3437 1029 3494 etiam
1056 3435 1231 3506 nobis,
1285 3435 1540 3508 vobisque
1563 3435 1780 3508 placeat
1826 3435 2118 3492 suademus

472 3529 630 3602 (nam
651 3527 750 3584 hoc
778 3527 960 3600 ipsum
986 3529 1038 3582 et
1096 3527 1299 3581 bonum
1352 3523 1570 3580 videtur
1596 3531 1648 3579 et
1694 3524 1954 3596 justum),
1989 3526 2117 3580 huic

464 3617 598 3682 loco,
617 3616 716 3689 qui
740 3615 890 3672 vobis
916 3620 970 3670 et
995 3615 1210 3671 caeteris
1242 3612 1571 3668 Christianis
1600 3613 1658 3667 in
1691 3615 2038 3669 ueneratione
2066 3621 2118 3670 et

455 3721 592 3764 cura
622 3705 762 3762 bona
789 3703 1068 3761 hadendus
1095 3709 1190 3771 est,
1251 3701 1510 3774 quosdam
1549 3704 1716 3758 certos
1769 3703 1972 3758 limites
2003 3705 2112 3759 im-

452 3795 744 3852 munitatis
781 3809 847 3850 ac
900 3792 1232 3860 securitatis,
1291 3791 1648 3846 circumcirca
1703 3791 1945 3864 undique
1974 3795 2110 3848 assi-

455 3899 650 3956 gnare,
702 3883 952 3955 ipsosque
1003 3881 1205 3936 limites
1247 3878 1394 3934 sacri
1425 3880 1618 3934 banni.
1652 3881 1804 3951 Infra
1840 3897 1972 3952 quos
2003 3890 2109 3938 ter-

459 3973 660 4040 minos,
685 3971 877 4026 nullus
905 3969 1082 4039 homo,
1141 3968 1510 4040 cujuscunque
1553 3969 1878 4025 conditionis
1923 3987 1987 4026 ac
2011 3989 2110 4045 po-

464 4059 675 4118 testatis
703 4074 946 4131 unquam
999 4058 1339 4113 invasionem
1411 4057 1658 4128 aliquam
1709 4057 1972 4129 grandem
2027 4063 2110 4118 vel

459 4164 716 4225 parvam,
747 4151 846 4204 aut
895 4145 1234 4214 incendium,
1273 4153 1370 4202 aut
1411 4146 1676 4218 pra'dam,
1709 4156 1805 4204 aut
1854 4151 2111 4222 rapinam

462 4241 662 4312 facere.
693 4245 792 4293 aut
821 4235 1097 4292 hominem
1126 4250 1338 4307 rapere,
1370 4235 1454 4292 vel
1475 4251 1579 4308 per
1607 4237 1751 4292 iram
1775 4239 1966 4309 ferire,
2012 4245 2110 4296 aut

462 4324 606 4400 quod
632 4323 804 4381 multo
833 4325 1058 4395 gravius
1085 4326 1184 4392 est,
1241 4323 1593 4380 homicidium
1641 4331 1973 4398 perpetrare,
2026 4331 2109 4386 vel

449 4414 865 4472 ‘truncationem
895 4413 1267 4469 membrorum
1293 4411 1552 4481 hominis,
1594 4431 1751 4470 sacra
1780 4419 2109 4474 auctoritate

461 4505 700 4571 arcente,
757 4501 1039 4559 ullatenus
1093 4500 1309 4570 audeat,
1367 4519 1466 4558 nec
1521 4503 1770 4560 audendo
1817 4509 2102 4578 pertentet.

2224 3347 2415 3401 Etiam
2441 3347 2489 3400 si
2518 3346 2616 3416 qui
2636 3353 2873 3401 vestrum
2925 3351 3114 3400 contra
3145 3345 3307 3400 illum
3337 3344 3524 3412 talem,
3579 3345 3648 3401 ab
3677 3345 3880 3403 abbate

2225 3435 2306 3490 vel
2333 3433 2600 3506 fratribus
2629 3433 2964 3506 interpellati
2990 3434 3218 3504 fuerint,
3245 3449 3484 3489 coercere
3531 3449 3677 3501 eum,
3722 3443 3773 3490 et
3803 3436 3882 3492 ad

2222 3523 2658 3580 emendationem
2728 3537 2924 3592 urgere
3006 3522 3290 3578 debebunt.
3354 3523 3882 3581 Excommunicatus

2221 3620 2404 3668 autem
2427 3627 2528 3686 pro
2553 3613 2732 3668 banno
2761 3611 3061 3683 fracto,ubi
3088 3610 3516 3669 emendationem
3571 3628 3885 3686 congruam

2218 3703 2430 3775 fecerit,
2463 3701 2799 3758 absolvatur.
2831 3701 2944 3756 Lea:
2972 3705 3156 3757 autem
3186 3700 3358 3756 banni
3383 3702 3548 3774 hujus
3577 3717 3688 3758 non
3720 3705 3884 3760 vobis

2218 3792 2350 3848 solis
2373 3793 2604 3863 ponitur
2632 3792 2729 3862 qui
2778 3797 3078 3862 prmsentcs
3107 3791 3254 3854 estis,
3285 3790 3378 3846 sed
3397 3791 3520 3863 jam
3572 3791 3740 3860 ﬁnem
3768 3796 3880 3860 rei,

2214 3897 2316 3954 pro
2337 3897 2445 3952 qua
2475 3895 2623 3934 nunc
2650 3881 2968 3951 satagimus,
3000 3878 3301 3935 videamus.
3337 3880 3532 3936 Omnes
3562 3881 3738 3952 igitur
3761 3881 3883 3940 loco

2219 3971 2346 4026 huic
2367 3969 2631 4026 Cluniaco
2654 3967 3058 4039 malefacientes
3087 3971 3136 4024 et
3165 3975 3356 4024 contra
3402 3969 3884 4042 congregationem

2219 4061 2382 4115 istam
2401 4059 2588 4130 inique
2617 4063 2853 4126 agentes,
2885 4056 3232 4113 anathemate
3259 4057 3415 4128 digni
3436 4066 3612 4125 erunt,
3645 4062 3700 4115 et
3731 4059 3884 4118 beati

2218 4147 2370 4204 Petri
2393 4146 2576 4219 gladio
2630 4145 2870 4218 feriendi
2931 4161 3101 4217 usque
3130 4146 3200 4201 ad
3251 4146 3684 4204 emendationem
3740 4165 3882 4206 con-

2213 4252 2427 4310 gruam.
2474 4236 2668 4292 Omnes
2695 4239 2880 4292 autem
2911 4235 3025 4290 loco
3055 4235 3185 4291 huic
3217 4236 3479 4292 Cluniaco
3536 4237 3884 4308 benefacien-

2214 4331 2312 4394 tes,
2347 4331 2398 4380 et
2444 4341 2575 4396 erga
2625 4325 3100 4394 congregationem
3133 4326 3297 4380 istam
3327 4329 3468 4382 recte
3503 4329 3741 4397 agentes,
3769 4343 3878 4398 pa-

2213 4430 2436 4486 cemque
2477 4421 2772 4482 servantes,
2805 4414 3045 4485 gratiam
3099 4420 3151 4470 et
3177 4414 3616 4471 misericordiam
3665 4415 3881 4474 Christi

2213 4504 2436 4561 Domini
2463 4504 2564 4560 Dei
2590 4503 2766 4559 nostri
2792 4511 3190 4574 consequentur
3211 4507 3555 4576 perpetuam,
3610 4513 3664 4561 et
3693 4505 3878 4562 beatos

457 4594 646 4666 Itaque
671 4592 896 4649 termini
941 4592 1088 4647 sacri
1143 4591 1314 4648 banni
1361 4599 1490 4648 sunt
1534 4592 1612 4648 hi.
1652 4595 1842 4650 Versus
1893 4596 2112 4652 Berzia-
2146 4601 2193 4666 D
2224 4593 2490 4666 apostolos
2518 4593 2740 4648 Petrum
2765 4599 2815 4648 et
2849 4592 3086 4648 Paulum
3131 4593 3340 4664 primos
3367 4597 3418 4650 et
3443 4595 3754 4667 praecipuos
3782 4595 3879 4652 ad-

457 4697 585 4740 cum
613 4681 881 4738 terminus
921 4687 1000 4738 est
1027 4679 1098 4736 ad
1149 4681 1358 4737 bivium
1384 4683 1524 4739 citra
1577 4685 1869 4739 Sarratam
1887 4699 1910 4746 ;
1965 4685 2110 4743 unde

457 4787 574 4830 una
600 4771 695 4828 via
721 4771 868 4828 venit
895 4769 968 4827 ad
999 4769 1345 4841 Cluniacum,
1387 4772 1568 4828 altera
1618 4771 1690 4826 ad
1713 4772 1990 4830 Masilias.
2044 4777 2109 4831 In

2207 4687 2417 4759 jutores
2437 4683 2674 4740 habeant
2705 4681 2849 4756 apud
2870 4684 3056 4739 Deum.
3088 4683 3274 4739 Amen.

1441 5063 1731 5127 ORATIO
1773 5067 1878 5128 AD
1921 5069 2223 5134 IVONEM
2266 5065 2870 5132 CONSECBATUM.

521 5187 826 5255 Quoniam,
860 5194 926 5246 ut
953 5189 1270 5254 credimus,
1320 5186 1515 5241 divino
1545 5189 1602 5242 te
1657 5191 1807 5244 nutu
1858 5197 2100 5248 vocante

449 5277 642 5336 clerus
667 5282 726 5336 et
753 5277 1009 5353 populus
1027 5275 1282 5333 civitatis
1325 5273 1485 5330 illius
1520 5276 1876 5333 unanimiter
1910 5279 2096 5353 elege-

445 5371 586 5425 runt
617 5372 922 5434 rectorem,
953 5370 1012 5421 et
1041 5381 1148 5420 nos
1179 5378 1370 5435 usque
1400 5363 1786 5436 perducentes
1809 5369 2100 5439 petierunt

444 5455 778 5513 consecrari
807 5454 1174 5528 episcopum,
1207 5455 1264 5507 et
1293 5451 1444 5518 ideo,
1475 5451 1591 5509 Deo
1649 5461 1966 5524 annuente,
1999 5475 2101 5530 per

444 5559 660 5602 manus
686 5546 902 5599 nostra
927 5539 1361 5614 impositionem
1392 5541 1702 5614 episcopus
1725 5551 2098 5602 consecratus

2211 5193 2301 5248 nis
2335 5191 2686 5259 animarum,
2741 5193 2800 5246 et
2829 5189 3155 5245 commodis
3198 5189 3485 5246 deservire
3517 5189 3868 5252 multorum.

2209 5280 2590 5351 omniumque
2623 5279 2742 5334 fieri
2779 5277 3090 5334 minimum
3125 5281 3299 5352 atque
3316 5278 3742 5348 ministrum,et
3763 5295 3870 5352 pro

2207 5369 2424 5426 credito
2451 5369 2554 5424 tibi
2587 5367 2804 5424 talento
2824 5366 2884 5422 in
2908 5367 3000 5423 die
3031 5367 3209 5423 divini
3253 5367 3538 5424 examinis
3577 5367 3865 5425 rationem

2207 5457 2595 5514 redditurum.
2655 5456 2800 5512 Nam
2856 5455 2904 5511 si
2961 5454 3222 5512 Salvator
3278 5459 3478 5512 noster
3506 5455 3690 5513 dixit:
3746 5457 3868 5514 Non

2205 5550 2333 5604 veni
2359 5547 2692 5613 ministrari,
2749 5545 2842 5600 sed
2897 5545 3234 5615 ministrare,
3293 5549 3344 5600 et
3399 5547 3656 5602 animam
3704 5561 3866 5602 suam

448 5647 534 5694 es.
569 5631 800 5694 amodo,
833 5629 1010 5685 frater
1037 5629 1402 5695 charissime,
1459 5629 1612 5688 scias
1669 5634 1725 5687 te
1775 5633 2097 5692 maximum
2202 5638 2357 5710 ponit
2395 5651 2496 5708 pro
2523 5635 2712 5691 ovibus
2739 5636 2855 5690 suis
2881 5633 3090 5705 (Matth.
3121 5633 3244 5704 xx),
3275 5639 3496 5707 quanto
3516 5634 3728 5708 magis
3753 5651 3864 5690 nos

453 5719 686 5790 pondus
712 5717 1044 5790 suscepisse
1071 5717 1470 5794 laboris,quod
1491 5723 1580 5775 est
1609 5720 1838 5778 sarcina
1869 5724 2099 5796 regimi-

2210 5724 2490 5782 desidiosi
2549 5723 2698 5781 servi
2780 5722 2998 5780 summi
3057 5723 3499 5795 patrisfamilias
3575 5724 3862 5782 debemus
