3958 6370
1670 383 2117 453 SERMONES.

3472 379 3588 451 ,6,
3610 400 3617 407 .

191 516 457 577 maxime
485 515 699 578 sudore
725 514 1063 580 incumbere
1091 533 1228 578 oves
1252 515 1585 579 Dominicas
1613 518 1784 578 nobis
1809 536 1844 577 a
1869 524 1926 589 Α
1952 525 2123 578 tuum
2151 516 2425 587 elevatur,
2468 530 2575 577 nec
2618 513 2877 577 adversis
2904 514 2965 574 in
3012 512 3208 590 aliquo
3260 511 3588 588 dejiciatur,

192 624 433 665 summo
462 609 695 667 Pastore
724 609 1094 684 consignatas
1125 611 1197 667 ad
1245 610 1392 666 ovile
1448 610 1836 679 Dominicum,

189 698 552 770 suffragante
579 698 777 755 divina
796 699 1006 772 gratia,
1036 700 1258 772 absque
1274 700 1478 756 morbo
1502 704 1561 755 et
1589 698 1841 755 mancha

190 785 471 858 [macula]
504 788 865 859 perducere?
910 788 1300 844 Exhortamur
1343 790 1539 861 itaque
1587 788 1840 844 dilectio-

189 890 329 931 nem
359 879 522 931 tuam
548 879 613 931 ut
635 876 810 933 fidem
840 893 1018 949 quam
1050 879 1108 934 in
1131 877 1364 934 exordio
1393 883 1506 932 tua:
1537 894 1837 933 consecra-

186 963 372 1020 tionis
400 964 652 1019 breviter
699 964 1070 1038 dilucideque
1118 966 1500 1038 digessimus,
1553 965 1837 1021 illibatam

188 1057 250 1108 et
277 1051 671 1109 inviolabilem
692 1053 1009 1121 custodias,
1041 1053 1178 1126 quia
1197 1054 1344 1110 ﬁdes
1372 1058 1463 1110 est
1492 1054 1836 1110 fundamen-

187 1144 319 1196 tum
377 1140 642 1196 omnium
699 1142 1005 1198 virtutum.
1060 1141 1293 1199 Scimus
1339 1146 1535 1198 autem
1578 1142 1733 1213 quod
1764 1141 1838 1197 ab

187 1229 442 1285 infantia
469 1228 651 1285 sacris
682 1228 891 1286 litteris
904 1230 1264 1298 eruditus,et
1293 1246 1583 1286 canonum
1607 1230 1839 1286 institu-

186 1318 267 1374 tis
295 1319 581 1387 edoctus;
640 1323 896 1377 attamen
955 1320 1203 1377 breviter
1253 1322 1325 1378 ad
1384 1326 1441 1376 te
1496 1325 1693 1378 noster
1748 1323 1839 1376 est

190 1406 538 1480 dirigendus
566 1424 776 1466 sermo.
812 1409 1021 1466 Nullus
1049 1414 1107 1465 te
1153 1411 1316 1466 favor
1362 1410 1628 1477 extollat,
1676 1408 1839 1465 nulla

193 1496 518 1553 adversitas
571 1501 801 1567 atterat,
860 1497 918 1553 id
949 1502 1058 1565 est,
1108 1516 1225 1555 non
1281 1499 1340 1555 in
1386 1498 1680 1572 prosperis
1739 1514 1840 1554 cor

1947 611 2047 668 sed
2079 610 2277 667 omnia
2305 613 2363 666 et
2389 609 2450 666 in
2479 608 2755 666 omnibus
2783 612 2951 665 caute
2979 610 3037 664 et
3063 622 3199 663 cum
3242 605 3590 671 discretione

1945 714 2115 772 agere
2168 703 2226 755 te
2279 697 2575 762 volumus,
2632 702 2699 753 ut
2756 699 2980 769 absque
3020 693 3471 769 reprehensione
3518 694 3589 749 ab

1945 787 2221 843 omnibus
2249 786 2437 843 vivere
2468 785 2885 859 comproberis.
2922 786 3137 841 Sancta
3181 781 3441 839 Trinitas
3473 782 3591 837 fra-

1944 877 2276 933 ternitatem
2307 880 2468 932 tuam
2501 893 2609 931 sua
2625 873 3300 948 protectionecustodiat,
3331 876 3416 942 ut,
3449 872 3592 926 dum

1944 964 2047 1020 tali
2076 964 2475 1021 moderamine
2502 964 2563 1019 in
2593 964 2840 1020 Domino
2862 967 3060 1019 nostro
3091 979 3241 1018 onus
3281 961 3436 1032 quod
3459 976 3589 1016 sus-

1945 1054 2148 1125 cepisti
2210 1053 2523 1126 peregeris,
2558 1053 2619 1108 in
2668 1052 2763 1109 die
2791 1057 3016 1109 internae
3067 1049 3490 1117 retributionis,
3524 1065 3591 1104 eo

1945 1142 2195 1208 dicente,
2226 1143 2429 1198 audire
2475 1142 2753 1198 merearis
2778 1159 2790 1196 :
2850 1144 2994 1211 Euge
3016 1157 3166 1196 serve
3222 1140 3355 1195 bene
3381 1147 3433 1193 et
3461 1138 3593 1209 ﬁde-

1947 1232 2016 1287 lis
2045 1233 2177 1302 quia
2229 1246 2394 1303 super
2444 1247 2619 1300 pauca.
2670 1231 2830 1302 fuisti
2858 1230 3053 1300 ﬁdelis,
3111 1245 3285 1301 supra
3339 1228 3517 1282 multa
3545 1230 3597 1282 te

1942 1321 2264 1377 constituam
2276 1336 2298 1383 ;
2328 1322 2480 1377 intra
2539 1320 2598 1375 in
2651 1319 2926 1391 gaudium
2975 1319 3198 1375 Domini
3251 1318 3336 1373 tui
3385 1315 3595 1388 (Matth.

1951 1409 2109 1480 xxv.)

898 1759 1340 1821 onmouns
1383 1718 1469 1820 mi
1505 1634 1848 1820 CONCILHI)

1970 1757 2534 1820 ιΑΒΟΜΟΝΤΑΝΟ
2577 1756 2894 1819 ΗΑΒΙΤᾸΕ

1329 1886 1418 1945 De
1443 1883 1838 1964 expeditione
1869 1881 2450 1963 Hierosolymitana.

186 2106 295 2179 (Ex
318 2110 478 2163 tomo
507 2104 554 2179 Χ
581 2107 745 2179 Cone.
788 2106 1020 2176 Lanam,
1054 2106 1163 2163 col.
1194 2107 1321 2175 514,
1355 2110 1412 2163 et
1451 2106 1516 2163 D.
1551 2107 1835 2177 Romam,

510 2178 627 2234 Vita
657 2178 881 2246 Urbani,
916 2179 1179 2251 Append.
1213 2196 1345 2252 pag.
1377 2179 1528 2251 369.)

262 2283 632 2351 Audivimus,
660 2284 868 2340 fratres
892 2284 1276 2353 dilectissimi,
1300 2292 1359 2341 et
1381 2285 1650 2353 audistis,
1684 2286 1837 2358 quod

187 2373 319 2430 sine
349 2372 654 2445 profundis
682 2373 1042 2446 singultibus
1061 2378 1307 2431 tractare
1325 2391 1693 2447 nequaquam
1714 2392 1842 2447 pos-

187 2477 421 2529 sumus,
454 2461 690 2533 quantis
712 2461 1427 2535 calamitatibus,quantis
1458 2463 1841 2519 incommodi-

188 2550 437 2614 tatibus,
469 2565 647 2621 quam
664 2549 1268 2607 diriscontritionibus
1295 2551 1352 2606 in
1365 2551 1686 2608 Jerusalem
1707 2555 1765 2607 et
1781 2550 1842 2605 in

189 2636 499 2694 Antiochia
525 2641 583 2693 et
613 2637 672 2692 in
703 2638 926 2694 ceteris
956 2639 1253 2695 orientalis
1286 2639 1467 2712 plagas
1511 2639 1843 2695 civitatibus

190 2725 512 2783 Christiani
544 2725 748 2796 nostri,
808 2727 1017 2783 fratres
1073 2728 1278 2794 nostri,
1338 2730 1603 2784 membra
1629 2727 1844 2783 Christi

194 2813 586 2887 ﬂagellantur,
620 2815 1053 2887 opprimuntur,
1066 2815 1426 2888 injuriantur
1443 2833 1707 2891 germani
1733 2816 1844 2871 fra-

194 2909 318 2961 tres
344 2902 549 2970 nostri,
582 2904 1030 2961 contubernales
1057 2904 1254 2976 vestri,
1307 2906 1589 2961 couterini
1636 2904 1838 2962 vestri:

196 3009 339 3051 nam
369 2997 428 3049 et
458 2992 720 3063 ejusdem
752 2993 966 3050 Christi
999 2999 1057 3050 et
1082 2995 1347 3065 ejusdem
1387 2995 1563 3051 etiam
1608 2994 1706 3050 Dei
1742 2992 1843 3048 ﬁlii

1872 2017 1920 2084 B
1950 2012 2140 2086 dacta,
2201 2016 2421 2088 Deique
2475 2015 2759 2083 servituti,
2809 2016 2883 2072 ad
2941 2013 3264 2088 ignomiam
3329 2016 3593 2071 nostram

1947 2106 2101 2174 dico,
2132 2104 2423 2162 subducta
2470 2109 2578 2162 est.
2638 2105 2801 2171 Quod
2831 2103 2988 2162 enim
3040 2106 3309 2176 superest
3366 2102 3596 2175 imperii

1949 2195 2134 2250 nostri
2164 2193 2462 2251 tantillum
2494 2199 2604 2263 est,
2657 2194 3124 2250 Christianorum
3175 2192 3277 2266 qui
3324 2193 3438 2249 ista
3463 2209 3594 2265 pro-

1950 2283 2275 2339 meruimus
2324 2287 2415 2340 est
2459 2283 2731 2340 dedecus.
2789 2284 2892 2340 Cui
2935 2283 3113 2339 servit
3142 2299 3297 2338 nunc
3352 2280 3598 2338 ecclesia

1949 2372 2130 2428 beatas
2161 2372 2356 2428 Mariae
2386 2372 2446 2427 in
2480 2389 2598 2444 qua
2647 2372 2775 2444 ipsa
2802 2389 2906 2444 pro
2939 2388 3179 2444 corpore
3226 2361 3469 2443 Sepulta~
3484 2370 3597 2425 fuit

1951 2461 2010 2517 in
2049 2459 2194 2516 valle
2231 2460 2561 2533 Josaphat?
2591 2462 2701 2516 Sed
2734 2460 2875 2532 quid
2923 2460 3206 2533 templum
3237 2458 3590 2529 Salomonis,

1950 2549 2067 2605 imo
2089 2549 2342 2615 Domini,
2376 2550 2903 2621 praatermittimus,
2926 2548 3114 2621 inquo
3148 2546 3464 2604 simulacra
3483 2564 3594 2603 sua

1950 2638 2207 2694 barbarae
2241 2638 2505 2695 nationes
2534 2642 2736 2694 contra
2749 2639 2852 2711 jus
2881 2643 2939 2694 et
2967 2638 3055 2694 fas
3085 2638 3258 2694 modo
3310 2635 3594 2693 collocata

1951 2732 2301 2783 venerantur
2321 2727 2348 2782 ?
2372 2727 2452 2783 De
2501 2726 2766 2799 sepulcro
2798 2726 3100 2783 Dominico
3131 2725 3257 2782 ideo
3295 2723 3593 2781 reminisci

1953 2815 2712 2889 supersedemus,quoniam
2737 2815 2923 2874 oculis
2933 2814 3142 2872 vestris
3158 2813 3389 2871 vidistis
3406 2830 3591 2887 quan-

1952 2910 2026 2960 tas
2058 2904 2481 2961 abominationi
2510 2904 2793 2961 traditum
2819 2906 2917 2961 sit.

2026 2994 2167 3049 Inde
2186 2993 2466 3050 violenter
2490 2993 2843 3050 abstrahunt
2862 3010 3008 3066 quas
3024 2991 3221 3065 ibipro
3252 2990 3414 3049 cultu
3434 2990 3596 3047 illius

194 3082 341 3139 estis
364 3098 378 3138 :
401 3086 459 3136 et
486 3080 703 3153 inipsis
720 3082 844 3137 suis
856 3082 1130 3138 domibus
1146 3083 1527 3140 haereditariis
1544 3084 1615 3139 ab
1638 3082 1846 3139 alienis
1955 3081 2257 3138 multoties
2280 3082 2560 3139 intulistis
2573 3082 2920 3139 oblationes.
2953 3081 3039 3138 Ibi
3070 3081 3352 3137 nimirum
3382 3080 3599 3137 multas

197 3169 457 3226 dominis
489 3169 919 3242 mancipantur,
937 3171 1027 3228 vel
1055 3173 1280 3245 exipsis
1311 3172 1721 3245 exploduntur,
1746 3176 1849 3228 aut
1955 3176 2013 3226 et
2044 3170 2384 3226 innumeras
2415 3170 2683 3244 religioni
2715 3174 2924 3228 nostrae
2974 3170 3250 3244 ingerunt
3277 3169 3601 3226 irrisiones.

197 3261 355 3316 inter
383 3276 485 3315 vos
512 3259 869 3327 mendicant,
903 3266 1003 3316 aut
1032 3262 1187 3333 quod
1212 3262 1449 3333 gravius
1473 3268 1582 3328 est,
1613 3261 1674 3317 in
1706 3260 1848 3332 ipsis
1958 3261 2028 3315 Et
2049 3262 2244 3315 tamen
2276 3259 2333 3313 in
2364 3258 2463 3315 illo
2495 3258 2621 3316 loco
2652 3259 2789 3330 (non
2820 3259 3026 3333 ignara
3053 3258 3282 3332 loquor)
3322 3257 3605 3331 requievit

197 3346 724 3447 suis‘patrimonii-s
752 3347 986 3447 venales
1035 3349 1302 3447 exsulant
1340 3354 1397 3406 et
1425 3350 1722 3447 vapulant.
1752 3349 1847 3405 Ef-
1879 3379 1923 3447 Ο
1959 3348 2146 3447 Deus:
2180 3348 2388 3447 ibipro
2418 3348 2587 3405 nobis
2628 3353 2895 3447 mortuus
2947 3352 3060 3447 est,
3086 3350 3284 3447 I‘leque
3332 3347 3605 3446 equidem

199 3434 469 3492 funditur
497 3435 740 3504 sanguis
760 3435 1148 3507 Christianus,
1175 3438 1391 3494 Christi
1443 3438 1728 3510 sanguine
1760 3454 1846 3493 re-
1884 3434 1923 3447 “
1958 3435 2040 3492 ibi
2070 3442 2220 3492 Deus
2271 3436 2378 3493 hoc
2420 3437 2725 3493 annuatim
2774 3437 3166 3509 praetermittit
3212 3437 3403 3493 facere
3429 3437 3608 3493 mira—

198 3524 497 3596 demptus,
528 3527 586 3580 et
613 3540 745 3580 caro
775 3524 1123 3593 Christiana,
1155 3527 1369 3583 Christi
1393 3526 1848 3599 consanguinea,
1958 3524 2180 3591 culum,
2215 3541 2350 3580 cum
2382 3525 2440 3580 in
2471 3524 2677 3580 diebus
2705 3524 2995 3597 passionis
3020 3542 3138 3582 sua:
3166 3524 3466 3582 exstinctis
3488 3542 3609 3581 οω-

201 3610 791 3685 nefandisineptiiset
815 3613 1194 3671 servitutibus
1208 3615 1445 3671 nefariis
1459 3615 1847 3687 mancipatur.
1960 3613 2135 3670 nibus
2166 3618 2222 3669 et
2252 3614 2312 3668 in
2345 3613 2610 3685 sepulcro
2655 3619 2714 3669 et
2742 3612 2802 3669 in
2828 3612 3074 3669 ecclesia
3104 3613 3483 3670 circumcirca
3513 3612 3604 3668 lu-

202 3700 330 3771 Illis
361 3700 420 3755 in
451 3699 699 3757 urbibus
716 3701 933 3773 ubique
957 3700 1169 3769 luctus,
1193 3703 1409 3775 ubique
1435 3703 1703 3769 miseriae,
1727 3702 1852 3759 ubi-
1961 3702 2243 3769 minibus,
2266 3703 2478 3774 jubare
2491 3702 2684 3758 divino
2714 3701 3017 3774 lampades
3037 3701 3329 3758 exstincta
3345 3717 3607 3757 reaccen-

202 3806 319 3863 que
348 3789 623 3862 gemitus.
647 3790 912 3863 Suspirio
930 3791 1228 3848 haecdico:
1262 3792 1515 3849 ecclesiae
1547 3792 1605 3847 in
1638 3791 1852 3863 quibus
1962 3791 2200 3845 duntur.
2222 3792 2400 3862 Cujus
2425 3795 2629 3862 pectus
2661 3790 2960 3847 silicinum
2981 3791 3200 3847 factum
3232 3794 3465 3846 tantum
3488 3788 3605 3845 .mi-

201 3877 348 3934 olim
369 3876 567 3933 divina
595 3878 886 3934 celebrata
934 3885 1073 3936 sunt
1119 3880 1426 3949 sacriﬁcia,
1473 3880 1617 3953 proh
1648 3879 1850 3936 dolor!

203 3982 339 4023 ecce
373 3964 729 4023 animaiibus
749 3984 952 4024 eorum
982 3974 1122 4024 sunt
1166 3970 1418 4026 stabula.
1465 3970 1729 4042 Nequam
1760 3969 1857 4025 ho-

205 4054 400 4110 mines
416 4058 649 4112 sanctas
675 4064 1106 4129 occupaverunt
1129 4058 1409 4115 civitates.
1429 4059 1629 4114 Turcis
1661 4057 1857 4130 spurci

205 4144 569 4200 etimmundi
588 4145 804 4200 nostris
834 4138 1114 4202 fratribus
1127 4148 1523 4203 dominantur.
1541 4146 1857 4203 Antiochiae

206 4233 418 4288 beatus
467 4233 669 4289 Petrus
732 4235 1001 4305 praesedit
1061 4236 1413 4308 episcopus:
1472 4253 1603 4292 ecce
1642 4236 1701 4290 in
1732 4235 1860 4307 ipsa

206 4320 469 4377 Ecclesia
496 4321 742 4394 gentiles
777 4340 918 4379 suas
935 4321 1362 4379 collocaverunt
1390 4323 1858 4395 superstitiones,

206 4416 267 4467 et
298 4408 639 4483 religionem
669 4410 1085 4479 Christianam,
1135 4430 1315 4483 quam
1365 4413 1740 4484 potissimum
1773 4428 1862 4467 co-

206 4498 393 4555 luisse
420 4499 766 4567 debuerant,
800 4499 872 4555 ab
895 4500 1037 4573 aula»
1060 4505 1170 4557 Deo
1201 4502 1471 4558 dedicata
1502 4501 1748 4574 turpiter
1764 4500 1862 4556 eli-

215 4588 539 4644 minarunt.

279 4677 505 4731 Praedia
526 4681 869 4734 sanctorum
891 4677 1203 4750 stipendiis
1234 4679 1454 4747 dedita,
1486 4682 1544 4736 et
1572 4678 1860 4736 nobilium

1964 3880 2229 3934 raculum
2261 3896 2375 3935 non
2407 3878 3404 3949 emolliat?Creditemihi,bestialis
3432 3878 3609 3936 homo

1965 3974 2022 4024 et
2049 3967 2261 4025 insulsi
2284 3969 2493 4041 capitis
2523 3973 2631 4038 est,
2678 3970 2847 4041 cujus
2895 3985 2993 4025 cor
3022 3969 3206 4024 virtus
3251 3967 3449 4025 divina
3488 3971 3610 4027 tam

1966 4074 2225 4130 praesens
2238 4058 2310 4113 ad
2326 4058 2499 4113 fidem
2514 4074 2626 4113 non
2651 4059 2931 4119 verberat,
2964 4062 3021 4113 et
3052 4074 3186 4112 cum
3217 4057 3612 4130 gentilescum

1967 4145 2315 4211 Christianis
2344 4145 2424 4200 ita
2454 4146 2686 4201 videant
2716 4145 3127 4213 communiter,
3162 4161 3268 4202 nec
3298 4146 3614 4201 emendan-

1966 4240 2081 4291 tur.
2116 4235 2517 4291 Perterrentur
2546 4235 2820 4306 equidem
2851 4233 2933 4303 hi,
2967 4251 3072 4290 nec
3104 4238 3522 4290 convertuntur
3540 4233 3613 4289 ad

1970 4325 2145 4379 fidem
2171 4340 2184 4378 :
2220 4341 2323 4379 nec
2355 4323 2591 4389 mirum,
2611 4323 2890 4395 quoniam
2913 4323 3127 4379 mentis
3158 4321 3467 4379 obcaecatio
3500 4322 3615 4379 illis

1968 4412 2324 4467 dominatur.
2360 4412 2605 4476 Quantis
2646 4411 3060 4468 afﬂictionibus
3094 4428 3197 4468 vos
3247 4412 3348 4484 qui
3377 4411 3616 4478 adestis,

1970 4502 2071 4573 qui
2098 4500 2352 4569 redistis,
2386 4500 2743 4568 invaserunt,
2775 4517 2877 4558 vos
2900 4500 3010 4572 ipsi
3041 4500 3253 4556 melius
3276 4501 3486 4568 nostis,
3517 4499 3620 4572 qui

1971 4590 2334 4646 substantias
2364 4589 2721 4661 vestras,qui
2742 4589 3090 4662 sanguinem
3110 4593 3370 4646 vestrum
3402 4590 3481 4644 ibi
3503 4589 3619 4652 Deo

1974 4676 2349 4733 immolastis.

214 4765 569 4838 patrimonia
598 4749 999 4822 sustentandis
1021 4767 1379 4840 pauperibus
1400 4768 1746 4833 contradita,
1770 4784 1866 4840 pa-
1894 4749 1941 4814 Ι)
2043 4766 2173 4821 ΗίΒο
2202 4765 2973 4834 idcirco,fratres,diximus,
2993 4770 3059 4821 ut
3086 4782 3188 4822 vos
3218 4765 3377 4838 ipsos
3408 4781 3626 4824 sermo-

213 4853 1121 4927 ganeatyrannidisubjiciuntur,
1137 4857 1340 4928 eisque
1367 4857 1426 4912 in
1449 4857 1714 4930 proprios
1727 4873 1867 4912 usus
1977 4854 2069 4911 nis
2100 4853 2282 4910 nostri
2311 4857 2490 4910 testes
2517 4854 2860 4911 habeamus.
2893 4854 3095 4911 Plures
3126 4859 3265 4911 sunt
3294 4859 3351 4911 et
3379 4854 3626 4909 fratrum

213 4941 470 4998 redactis
501 4942 723 4997 domini
756 4943 1023 5000 crudeles
1077 4945 1420 5001 abutuntur.
1471 4945 1869 5002 Sacerdotium
1979 4947 2312 5000 nostrorum
2326 4942 2596 5011 miseriae,
2629 4947 2687 4998 et
2701 4942 3079 5000 ecclesiarum
3100 4942 3202 4999 Dei
3233 4941 3632 5015 depopulatio-

215 5029 318 5085 Dei
352 5029 709 5086 humotenus
738 5031 1145 5089 conculcatum
1176 5039 1288 5102 est,
1337 5034 1737 5090 sanctuarium
1773 5035 1870 5089 Dei
1982 5052 2104 5102 nes,
2139 5051 2266 5104 quae
2299 5030 2601 5104 sigillatim
2633 5048 2941 5104 possemus
2972 5033 3225 5101 referre;
3258 5032 3358 5089 sed
3407 5032 3633 5089 instant

216 5135 322 5189 per
351 5116 515 5174 nefas
550 5118 769 5191 ubique
799 5120 1171 5192 profanatum
1195 5126 1317 5178 est:
1354 5122 1402 5178 si
1435 5122 1535 5195 qui
1568 5122 1760 5178 adhuc
1792 5121 1871 5178 ibi
1981 5121 2249 5195 lacrymae
2263 5138 2327 5177 ac
2343 5121 2619 5195 gemitus,
2644 5121 2938 5178 etinstant
2958 5120 3213 5193 suspiria
3241 5120 3628 5195 etsingultus.

214 5204 455 5261 latitant
482 5205 819 5275 Christiani,
866 5207 966 5263 ubi
1015 5209 1285 5281 audistis,
1336 5210 1723 5283 exquiruntur
1757 5214 1872 5266 tor-
1944 5264 1953 5275 ,
1983 5212 2304 5279 Ploremus,
2341 5212 2568 5279 fratres,
2601 5210 2691 5266 eia
2722 5209 3039 5284 ploremus,
3071 5214 3129 5267 et
3158 5229 3292 5267 cum
3323 5210 3636 5268 Psalmista

218 5294 457 5350 mentis.
491 5299 571 5351 De
601 5302 802 5352 sancta
830 5297 1179 5364 Jerusalem,
1233 5300 1437 5355 fratres
1471 5341 1484 5354 .
1521 5340 1534 5354 .
1567 5342 1580 5353 .
1618 5341 1630 5354 .
1669 5340 1682 5353 .
1715 5298 1876 5371 loqui
1987 5298 2328 5356 medullitus
2348 5298 3261 5373 plorantesingemiscamus,nos
3294 5299 3636 5369 miseri,nos

216 5381 735 5440 dissimulavimus
756 5386 922 5457 quod
957 5386 1121 5443 valde
1149 5389 1220 5444 de
1252 5405 1321 5444 ea
1339 5388 1500 5461 loqui
1523 5386 1879 5461 pertimesci-
1987 5387 2270 5456 infelices,
2305 5405 2559 5460 quorum
2584 5393 2846 5461 tempore
2876 5389 2976 5446 Dei
3010 5389 3316 5463 prophetia
3349 5390 3461 5446 ista
3481 5404 3640 5445 com-

220 5487 383 5539 mus,
435 5472 713 5544 quoniam
746 5473 876 5545 ipsa
922 5474 1149 5548 civitas,
1196 5475 1254 5531 in
1305 5494 1440 5550 qua,
1475 5481 1647 5550 prout
1675 5492 1879 5533 omnes

223 5560 434 5628 nostis,
475 5559 650 5617 Jesus
679 5561 947 5618 Christus
990 5580 1095 5635 pro
1126 5564 1294 5621 nobis
1340 5583 1572 5638 passus,
1628 5565 1881 5638 peccatis

224 5647 442 5707 nostris
472 5648 863 5723 exigentibus,
887 5652 1000 5709 sub
1032 5654 1373 5727 spurcitiam
1402 5672 1764 5729 paganorum
1796 5671 1880 5711 re-

1988 5479 2143 5551 pleta
2195 5482 2316 5533 est:
2377 5479 2539 5547 Deus,
2594 5486 2863 5535 venerunt
2915 5489 3101 5551 gentes
3152 5482 3211 5535 in
3266 5477 3640 5535 haereditatem

1990 5578 2161 5636 tuam,
2184 5567 2501 5639 polluerunt
2531 5568 2800 5639 templum
2827 5573 3081 5624 sanctum
3120 5571 3313 5629 tuum;
3339 5573 3642 5638 posuerunt

1989 5657 2293 5714 Jerusalem
2325 5673 2385 5711 in
2408 5671 2696 5728 pomorum
2719 5657 3041 5713 custodiam.
3102 5658 3401 5712 Posuerunt
3451 5654 3639 5709 morti-
