3958 6362
343 366 479 431 53.7-

1646 367 1716 430 Β.
1761 363 2055 430 URBANI
2092 363 2161 428 ΙΙ,
2191 364 2442 431 ΡᾹΡΛΕ.

332 502 463 560 emo
489 516 775 559 servorum
801 506 1023 559 tuorum
1077 516 1226 559 escas
1253 499 1571 559 volatilibus
1599 501 1741 569 casti,
1794 517 1990 559 comes
2015 498 2072 567 Α
2102 504 2449 561 Sarracenos
2497 500 2759 578 gladium
2797 501 3025 562 vibrare
3046 499 3348 578 singulare
3380 499 3611 562 bonum
3636 502 3771 571 est,-

331 598 648 649 smwtorum
668 591 890 647 tuorum
922 591 1106 647 bestiis
1145 596 1330 649 terrae.
1387 592 1714 664 Eﬂuderunt
1765 593 1994 664 sangui-

334 696 464 740 nem
491 680 739 753 ipsorum
764 684 1033 753 tanquam
1063 698 1269 753 aquam
1298 683 1358 737 in
1387 683 1626 737 circuitu
1665 682 1991 749 Jerusalem,

338 777 391 827 et
412 785 529 827 non
552 772 674 826 erat
692 771 791 843 qui
844 771 1115 842 sepeliret.
1176 770 1348 843 (Psat.
1383 771 1632 839 Lxxvm).
1670 775 1765 827 Vae
1798 772 1993 838 nobis,

343 858 574 927 fratres,
604 873 712 915 nos
744 857 845 930 qui
868 860 995 931 jam
1024 860 1161 931 facti
1186 876 1376 915 sumus
1403 861 1758 932 opprobrium
1795 862 1997 916 vicinis

341 948 925 1014 nostris,subsannatie
949 951 998 1005 et
1030 950 1219 1006 illusio
1249 949 1334 1005 his
1354 951 1450 1022 qui
1482 950 1540 1005 in
1571 952 1803 1006 circuitu
1816 957 1996 1006 nostro

286 1060 289 1063 λ
345 1045 474 1094 sunt
501 1036 707 1109 (Ibid.).
741 1037 1166 1095 Condoleamus
1195 1039 1688 1111 etcompatiamur
1715 1039 1995 1095 fratribus

349 1125 589 1194 nostris,
649 1125 856 1183 saltem
883 1127 944 1182 in
1000 1126 1295 1200 lacrymis.
1329 1128 1444 1183 Nos
1501 1128 1748 1200 abjectio
1805 1127 1993 1201 plebis

347 1214 505 1284 facti,
538 1217 595 1272 et
617 1215 893 1272 omnibus
918 1216 1259 1282 deteriores,
1309 1217 1806 1273 immanissimam
1854 1234 1991 1273 san-

345 1303 618 1361 ctissima
634 1307 800 1360 terra;
817 1304 1167 1378 plangamus
1180 1306 1656 1362 devastationem.
1673 1307 1862 1371 Quam
1878 1310 1992 1361 ter-

344 1409 472 1449 ram
504 1392 711 1449 merito
741 1397 1007 1451 sanctam
1038 1393 1314 1462 diximus,
1332 1395 1390 1450 in
1414 1413 1531 1467 qua
1559 1412 1675 1451 non
1705 1401 1794 1452 est
1814 1396 1991 1451 etiam

341 1496 556 1556 passus
586 1481 752 1555 pedis
765 1499 940 1555 quem
958 1499 1073 1538 non
1087 1483 1466 1540 illustraverit
1478 1488 1533 1542 et
1545 1484 1995 1541 sanctiﬁcaverit

340 1571 430 1629 vel
461 1587 671 1644 corpus
700 1570 790 1627 vel
822 1572 1032 1628 umbra
1059 1572 1400 1641 Salvatoris,
1433 1574 1522 1629 vel
1553 1574 1808 1647 gloriosa
1846 1592 1991 1647 pra:-

343 1660 532 1718 sentia
586 1664 799 1717 sanctae
857 1661 959 1716 Dei
1019 1661 1350 1731 Genitricis,
1410 1663 1500 1719 vel
1553 1664 1994 1736 amplectendus

341 1749 741 1823 apostolorum
772 1754 1153 1819 commeatus,
1185 1750 1276 1807 vel
1313 1755 1638 1823 martyrum
1669 1753 1994 1809 ebibendus

343 1839 593 1934 sanguis
617 1839 860 1934 effusus.
893 1840 1078 1904 Quam
1097 1839 1272 1934 beati,
1295 1857 1328 1896 o
1358 1840 1647 1913 Stephane
1672 1846 1996 1915 protomar-
2024 1868 2073 1934 Β

226 2004 235 2013 ο
344 1932 457 2009 tyr,
488 1927 588 2012 qui
616 1931 673 1985 te
718 1927 1130 1984 laureaverunt
1175 1928 1439 2002 lapides!
1494 1930 1679 1994 Quam
1714 1930 1928 1999 felices,
1961 1949 1994 1988 o

345 2006 488 2075 tunc
513 2006 780 2090 Baptista
793 2017 1068 2086 Joannes,
1084 2017 1300 2090 quitibi
1330 2018 1401 2074 ad
1414 2017 1773 2075 Salvatorem
1801 2021 1995 2093 bapti-

344 2107 601 2164 zandum
631 2106 955 2164 servierunt
982 2106 1278 2164 Jordanici
1306 2107 1510 2164 latices
1533 2110 1544 2157 i
1566 2107 1694 2164 Filii
1724 2108 1902 2165 Israel
1924 2111 1996 2166 ab

343 2195 629 2270 Egyptiis
641 2194 858 2265 educti,
891 2193 1187 2268 quiRubri
1208 2196 1392 2253 maris
1406 2197 1661 2253 transitu
1690 2214 1790 2253 vos
1818 2200 1998 2271 przefi-

346 2287 723 2359 guraverunt,
738 2287 955 2342 terram
984 2284 1149 2342 illam
1172 2284 1353 2342 armis
1367 2285 1513 2356 suis,
1531 2285 1672 2343 Jesu
1704 2287 1998 2357 duce,sibi

343 2372 788 2433 vindicaverunt
811 2392 825 2443 ;
847 2373 1147 2431 Jebusaaos
1177 2378 1235 2431 et
1264 2372 1410 2430 alios
1426 2391 1715 2431 convenas
1747 2375 1882 2432 inde
1903 2394 1997 2433 ex-

347 2463 644 2538 pulerunt,
678 2466 736 2519 et
761 2462 952 2518 instar
996 2461 1326 2520 Jerusalem
1378 2463 1627 2521 caelestis
1673 2464 1999 2522 Jerusalem

351 2555 645 2610 terrenam
677 2551 1073 2609 excoluerunt.

425 2638 589 2707 Quod
619 2640 895 2708 dicimus,
926 2640 1156 2710 fratres,
1188 2640 1383 2697 audite
1412 2644 1469 2696 et
1505 2641 1832 2715 intelligite.
1884 2643 2002 2700 Vos

362 2730 608 2788 accincti
640 2729 875 2803 cingulo
906 2728 1128 2785 militiai
1178 2745 1392 2802 magno
1441 2730 1749 2803 supercilio
1799 2732 2004 2789 fratres

357 2822 584 2877 vestros
612 2818 933 2884 dilaniatis,
967 2821 1142 2889 atque
1162 2817 1314 2874 inter
1340 2835 1441 2874 vos
1460 2819 1853 2876 dissecamini.
1876 2821 2003 2877 Non

360 2911 449 2966 est
476 2908 598 2965 haec
619 2906 830 2964 militia
853 2905 1064 2962 Christi
1078 2923 1205 2978 quae
1219 2906 1467 2963 destruit
1497 2908 1643 2965 ovile
1666 2908 2008 2983 Redempto-

359 2996 461 3054 ris.
493 2998 710 3053 Sancta
736 2994 994 3051 Ecclesia
1018 2996 1089 3052 ad
1141 3012 1383 3051 suorum
1422 2995 1863 3069 opitulationem
1893 2999 2007 3056 sibi

361 3084 676 3142 reservavit
704 3082 978 3140 militiam
1011 3084 1097 3155 (ut
1131 3083 1432 3149 veritatem
1481 3085 1790 3154 fateamur)
1835 3089 2006 3159 cujus

360 3186 658 3248 praecones
688 3188 817 3229 esse
846 3172 1147 3229 debemus.
1178 3173 1306 3229 Non
1335 3174 1544 3229 tenetis
1560 3191 1690 3230 vere
1718 3174 1872 3231 viam
1903 3193 2007 3249 per

361 3276 542 3335 quam
573 3259 720 3319 eatis
749 3261 822 3317 ad
862 3259 1110 3318 salutem
1141 3264 1199 3318 et
1243 3261 1444 3318 vitam.
1477 3266 1594 3319 Vos
1642 3264 2002 3336 pupillorum

358 3364 755 3424 oppressores,
785 3365 889 3406 vos
916 3349 1226 3407 viduarum
1258 3351 1630 3423 praedatores,
1677 3369 1778 3409 vos
1818 3354 2006 3410 homi-

358 3437 522 3505 cidae,
552 3454 655 3497 vos
683 3436 968 3513 sacrilegi,
996 3455 1101 3496 vos
1132 3438 1303 3496 alieni
1329 3440 1482 3512 juris
1512 3441 1853 3514 direptores,
1904 3459 2004 3500 vos

360 3543 466 3602 pro
495 3526 844 3585 effundendo
874 3528 1159 3601 sanguine
1188 3526 1517 3586 Christiano
1543 3532 1889 3604 exspectatis
1920 3531 2003 3588 la-

361 3615 779 3675 trocinantium
814 3616 1125 3691 stipendia,
1148 3621 1206 3674 et
1236 3616 1655 3676 sicutvultures
1687 3621 2007 3677 odorantur

360 3707 659 3778 cadavera,
676 3706 760 3765 sic
786 3706 1243 3780 longinquarum
1257 3707 1513 3780 partium
1544 3709 1927 3782 auspicamini
1950 3714 2007 3767 et

360 3794 664 3854 sectamini
694 3795 867 3852 bella.
890 3795 1278 3853 Certeviaista
1306 3798 1565 3868 pessima
1594 3801 1700 3866 est,
1725 3799 2003 3871 quoniam

354 3894 396 3942 ‘a
423 3884 541 3941 Deo
573 3883 810 3941 omnino
834 3886 1064 3940 remota
1081 3887 1191 3940 est.
1223 3887 1400 3941 Porro
1418 3885 1466 3939 si
1496 3884 1673 3940 vultis
1694 3886 2004 3944 animabus

354 3971 567 4031 Vestris
597 3971 844 4037 consuli,
876 3972 1047 4028 istius
1068 3972 1227 4028 modi
1261 3971 1478 4028 militiae
1496 3973 1795 4047 cingulum
1829 3992 2006 4047 quan-

354 4061 551 4119 tocius
597 4060 891 4135 deponite,
949 4063 1007 4116 et
1055 4060 1127 4116 ad
1185 4061 1611 4117 defendendam
1663 4062 2003 4121 orientalem

354 4149 679 4211 Ecclesium
734 4149 992 4206 velocius
1048 4149 1394 4206 concurrite.
1428 4150 1555 4206 Haec
1613 4155 1702 4208 est
1747 4153 1901 4210 enim
1936 4155 2006 4212 de

359 4256 478 4315 qua
497 4239 676 4298 totius
705 4241 912 4296 vestrae
930 4237 1140 4294 salutis
1168 4242 1585 4296 emanaverunt
1612 4243 1846 4314 gaudia,
1878 4259 2005 4314 quat

358 4327 664 4386 distillavit
690 4328 749 4384 in
780 4343 845 4384 os
870 4331 1129 4384 vestrum
1161 4326 1338 4383 divini
1397 4327 1563 4384 lactis
1624 4331 1825 4403 ubera,
1878 4349 2004 4404 quae

358 4419 530 4475 nobis
540 4416 870 4491 propinavit
880 4415 1309 4490 evangeliorum
1327 4424 1697 4476 sacrosancta
1708 4422 2002 4493 dogmata.

359 4507 490 4565 Haec
519 4506 669 4575 ideo,
701 4506 930 4571 fratres,
961 4504 1234 4575 dicimus,
1259 4510 1324 4562 ut
1350 4510 1407 4563 et
1437 4525 1648 4565 manus
1678 4508 2005 4566 homicidas

2102 594 2242 664 quia
2271 597 2329 648 et
2356 592 2611 650 charitas
2641 599 2730 650 est
2759 612 2862 667 pro
2880 595 3163 652 fratribus
3177 595 3405 650 animas
3430 595 3767 667 deponeret.

2102 682 2185 737 Ne
2213 699 2345 739 vero
2367 684 2440 737 de
2461 684 3149 740 crastiniseventionibus
3162 683 3397 739 solliciti
3428 684 3578 750 sitis,
3599 684 3752 739 Βοίδ-

2100 773 2180 828 tis
2206 772 2348 844 quia
2374 772 2721 831 timentibus
2768 774 2951 830 Deum
2992 772 3140 829 nihil
3183 774 3363 843 deest,
3413 788 3518 830 nec
3548 772 3621 829 iis
3649 773 3753 847 qui

2105 878 2238 917 eum
2273 861 2529 934 diligunt
2558 863 2617 917 in
2648 862 2905 919 veritate.
2962 862 3288 919 Facultates
3324 862 3503 919 etiam
3548 863 3754 920 inimi-

2103 967 2307 1007 corum
2339 955 2673 1007 nostrorum
2694 955 2897 1008 vestrae
2927 956 3116 1021 erunt,
3138 952 3418 1024 quoniam
3439 957 3497 1010 et
3514 952 3755 1011 illorum

2102 1040 2413 1097 thesauros
2439 1040 2855 1114 exspoliabitis,
2889 1047 2947 1097 et
2977 1041 3062 1097 vel
3091 1042 3385 1098 victoriosi
3416 1043 3489 1097 ad
3517 1043 3757 1115 propria

2104 1130 2462 1201 remeabitis,
2496 1131 2584 1185 vel
2614 1130 2901 1204 sanguine
2927 1135 3119 1186 vestro
3152 1131 3458 1204 purpurati
3499 1148 3757 1205 perenne

2103 1218 2372 1275 brevium
2404 1218 2829 1292 adipiscemini.
2859 1218 2983 1275 Tali
3009 1219 3346 1292 imperatori
3379 1220 3627 1277 militare
3656 1223 3759 1278 de~

2103 1306 2272 1372 betis,
2307 1306 2401 1363 cui
2430 1307 2600 1380 panis
2630 1308 2960 1364 deessenon
2976 1312 3184 1380 potest,
3212 1309 3450 1382 cuiqum
3468 1312 3761 1383 rependat»

2103 1396 2267 1452 nulla
2295 1398 2507 1453 desunt
2537 1397 2846 1469 stipendia.
2861 1395 2969 1452 Via
2989 1397 3178 1453 brevis
3192 1401 3301 1464 est,
3320 1397 3499 1455 labor
3527 1415 3771 1472 perum.-

2102 1482 2270 1539 dieus
2299 1489 2410 1550 est,
2444 1482 2543 1556 qui
2575 1483 3331 1541 tamenimmarcescibilem
3362 1487 3523 1543 vobis
3550 1500 3754 1560 repen-

2102 1572 2202 1626 dat
2232 1588 2530 1627 coronam.
2557 1573 2688 1629 Jam
2720 1589 2876 1627 nunc
2904 1588 3042 1645 ergo
3071 1574 3414 1630 auctoritate
3441 1573 3756 1648 loquamur

2101 1660 2439 1732 prophetica
2461 1660 2974 1729 :Accingere,homo
2995 1662 3418 1734 unusquisque,
3451 1663 3644 1734 gladio
3660 1673 3754 1721 tuo

2101 1766 2267 1821 super
2293 1752 2477 1820 femur
2507 1754 2664 1804 tuum
2679 1751 3051 1821 potentissime
3079 1751 3249 1822 (Psal.
3283 1754 3457 1824 XLIV).
3503 1754 3756 1826 Accingi-

2102 1840 2265 1907 mini,
2305 1840 2685 1910 accingimini,
2739 1839 3005 1911 inquam,
3037 1842 3088 1895 et
3146 1843 3311 1897 estote
3339 1842 3449 1911 ﬁlii
3489 1849 3763 1914 potentes,

2105 1929 2366 1999 quoniam
2396 1929 2592 1984 melius
2621 1931 2698 1983 est
2726 1928 2885 1983 nobis
2915 1930 3058 1984 mori
3102 1930 3164 1983 in
3214 1930 3351 1986 bello
3380 1947 3547 2003 quem
3573 1932 3767 1989 videre

2104 2017 2256 2072 mala
2283 2018 2465 2089 gentis
2490 2020 2688 2072 nostra
2703 2024 2755 2072 et
2780 2023 3099 2073 sanctorum
3128 2018 3177 2088 (Ι
3187 2018 3355 2073 Maeli.
3380 2022 3485 2090 In).
3508 2020 3634 2076 Non
3653 2036 3760 2077 vos

2107 2104 2475 2161 demulceant
2503 2104 2844 2160 illecebrosa
2877 2103 3278 2162 blandimenta
3315 2106 3631 2163 mulierum
3662 2120 3762 2165 re-

2107 2209 2356 2266 rumque
2379 2198 2727 2263 vestrarum,
2760 2193 2903 2265 quin
2945 2194 3090 2250 eatis
3116 2212 3128 2263 ;
3161 2211 3267 2251 nec
3295 2212 3397 2252 vos
3428 2196 3762 2255 deterreant

2112 2283 2445 2355 perferendi
2475 2282 2725 2349 labores,
2761 2286 3053 2354 quatenus
3084 2283 3454 2341 remaneatis.

2180 2372 2317 2441 Vos,
2346 2371 2555 2428 fratres
2584 2371 2997 2444 etcoepiscopi,
3020 2373 3468 2430 consacerdotes
3485 2378 3543 2430 et
3569 2375 3758 2431 cohae-

2111 2462 2278 2517 redes
2289 2459 2931 2534 Christi,perEcclesias
2944 2459 3108 2516 vobis
3121 2462 3468 2518 commissas
3496 2462 3758 2535 idipsum

2112 2550 2477 2620 annuntiate,
2496 2554 2553 2605 et
2581 2549 2814 2606 viamin
2839 2548 3166 2606 Jerusalem
3194 2554 3316 2607 toto
3347 2566 3444 2608 ore
3465 2552 3762 2610 universa-

2111 2638 2245 2694 liter
2273 2638 2599 2712 praedicata.
2632 2639 2891 2695 Confessi
2926 2642 3293 2712 peccatorum
3325 2657 3566 2698 suorum
3598 2642 3764 2716 igno-

2114 2727 2388 2794 rantiam,
2421 2728 2610 2784 securi
2651 2728 2722 2784 de
2752 2727 2978 2784 Christo
3027 2727 3273 2785 celerem
3321 2729 3637 2802 impetrent
3664 2748 3762 2789 ve-

2115 2816 2295 2872 niam.
2327 2816 2447 2872 Vos
2475 2819 2669 2871 autem
2702 2816 2801 2888 qui
2835 2815 2971 2871 ituri
3003 2816 3163 2886 estis,
3198 2816 3489 2876 habebitis
3518 2836 3626 2876 nos
3656 2836 3764 2893 pro

2114 2906 2279 2962 vobis
2311 2908 2590 2971 oratores,
2623 2921 2730 2960 nos
2759 2904 3085 2961 habeamus
3113 2922 3217 2962 vos
3248 2923 3352 2979 pro
3401 2909 3613 2981 populo
3656 2908 3764 2966 Dei

2116 2998 2490 3068 pugnatores.
2524 2994 2801 3050 Nostrum
2832 2998 2920 3050 est
2949 3011 3134 3063 orare,
3167 2999 3425 3051 vestrum
3447 3001 3538 3054 est
3557 3003 3765 3055 contra

2114 3083 2465 3140 Amaleeitas
2495 3098 2774 3155 pugnare.
2808 3083 2927 3138 Nos
2973 3084 3351 3140 extendamus
3400 3102 3533 3141 cum
3566 3086 3765 3159 Moyse

2117 3191 2327 3230 manus
2376 3173 2699 3229 indefessas
2748 3177 2979 3229 orantes
3026 3174 3082 3228 in
3117 3172 3366 3241 ccelum;
3416 3190 3518 3231 vos
3547 3175 3772 3232 exerite‘

2116 3267 2173 3320 et
2199 3262 2419 3319 vibrate
2449 3261 2724 3334 intrepidi
2752 3260 3107 3333 praeliatores
3139 3260 3198 3316 in
3211 3261 3446 3319 Amalec
3473 3263 3759 3336 gladium.

2111 3354 2290 3408 Amen
2301 3395 2313 3407 .

2903 3437 2971 3494 II.

2113 3530 2340 3603 (Concit.
2391 3528 2525 3584 ibid.
2576 3526 2683 3583 col.
2712 3528 2853 3595 501;
2904 3528 2972 3584 D.
3009 3528 3292 3598 RUINART,
3326 3529 3485 3598 ibid.,
3517 3545 3574 3602 p.
3606 3531 3761 3604 373).

2184 3617 2402 3689 Nostis,
2437 3618 2644 3674 fratres
2689 3616 3077 3683 dilectissimi,
3108 3621 3166 3673 et
3195 3620 3447 3674 vestram
3498 3635 3673 3675 nosse
3696 3620 3763 3676 id

2111 3708 2341 3782 expedit
2360 3706 2723 3774 charitatem,
2740 3706 3032 3777 quomodo
3054 3705 3296 3762 humani
3314 3707 3544 3780 generis
3576 3708 3765 3781 Repa-

2112 3803 2271 3854 rator
2300 3813 2403 3868 pro
2434 3799 2634 3851 nostra
2662 3792 2927 3849 omnium
2959 3794 3146 3850 salute
3167 3810 3398 3851 carnem
3428 3811 3764 3865 assumens,

2113 3892 2169 3943 et
2197 3886 2372 3942 homo
2405 3884 2557 3939 inter
2595 3881 2867 3938 homines
2915 3887 3311 3953 conversatus,
3363 3887 3577 3940 terram
3626 3901 3769 3958 pro-

2114 3973 2434 4041 missionis,
2469 3987 2645 4044 quam
2678 3970 2902 4043 pridem
2932 3971 3201 4044 patribus
3230 3973 3597 4044 promiserat,
3628 3988 3769 4046 pro-

2114 4063 2242 4136 pria
2273 4058 2582 4116 illustravit
2602 4059 2935 4131 prtesentia,
2952 4063 3009 4115 et
3033 4065 3350 4134 assumptaa-
3384 4060 3770 4133 dispensatio-

2115 4151 2207 4207 nis
2238 4149 2534 4222 operibus,
2567 4152 2625 4203 et
2654 4148 2857 4204 crebra
2889 4147 3065 4205 simul
3099 4149 3513 4206 miraculorum
3536 4150 3773 4211 exhihio‘

2114 4239 2270 4295 tione
2331 4236 2585 4293 reddidit
2633 4235 2963 4309 specialiter
3016 4236 3347 4310 insignem;
3401 4238 3459 4294 id
3517 4239 3673 4295 enim
3707 4245 3767 4297 et

2112 4327 2335 4384 Veteris
2358 4325 2567 4382 etNovi
2588 4342 2735 4398 pene
2757 4325 2815 4379 in
2837 4325 3113 4382 omnibus
3135 4326 3373 4399 syllabis
3395 4327 3562 4384 docet
3580 4329 3764 4386 series

2113 4414 2492 4474 Testamenti.
2525 4415 2785 4479 Quadam
2819 4430 2961 4470 sane
3003 4414 3331 4472 dilectionis
3381 4418 3766 4490 prairogativa

2114 4511 2337 4564 certum
2361 4509 2451 4560 est
2476 4519 2605 4558 eam
2636 4502 2927 4570 dilexisse,
2960 4504 3045 4559 ita
3075 4508 3138 4559 ut
3168 4520 3296 4560 eam
3328 4506 3488 4561 orbis
3508 4511 3763 4578 partem,

359 4616 395 4657 a
423 4597 679 4654 fraterna
708 4610 848 4651 nece
879 4594 1246 4664 continentis,
1277 4600 1334 4652 et
1362 4613 1466 4669 pro
1492 4597 2008 4673 ‘ﬁdeidomestieis-
2039 4602 2086 4667 Ι)
2118 4597 2236 4652 imo
2273 4591 2647 4667 particulam,
2696 4592 3094 4648 hereditatem
3146 4609 3315 4649 suam
3364 4594 3643 4668 dignatus
3672 4601 3766 4654 est

355 4705 459 4748 vos
486 4683 740 4744 externis
765 4684 1100 4741 nationibus
1129 4686 1455 4758 opponatis,
1472 4690 1528 4743 et
1543 4687 1651 4743 sub
1680 4687 1821 4743 Jesu
1843 4687 2001 4744 Chri-

358 4781 450 4836 sto
481 4776 629 4833 duce
656 4777 848 4831 vestro
876 4772 1027 4830 acies
1053 4772 1400 4841 Christiana,
1432 4774 2004 4847 aciesinvictissima,

358 4865 571 4924 melius
600 4879 778 4938 quam
804 4862 917 4937 ipsi
944 4865 1163 4921 veteres
1194 4863 1467 4921 Israelitae
1489 4880 1593 4937 pro
1618 4867 1811 4920 vestra
1839 4864 2000 4921 Jeru-

360 4953 544 5012 salem
572 4952 899 5020 decertetis,
934 4955 991 5008 et
1028 4953 1250 5009 Turcos
1280 4952 1467 5025 quiin
1504 4968 1572 5008 ea
1619 4956 1758 5007 sunt
1805 4954 2002 5010 nefan-

358 5044 550 5101 diores
580 5057 758 5117 quam
787 5040 1040 5100 Jebusaei
1070 5040 1429 5115 impugnatis
1457 5043 1514 5096 et
1541 5043 1903 5114 expugnatis.

426 5132 742 5191 Pulchrum
763 5132 842 5189 sit
868 5131 1034 5187 vobis
1055 5131 1116 5186 in
1150 5129 1250 5185 illa
1269 5129 1499 5185 civitate
1528 5130 1675 5185 mori
1700 5147 1803 5203 pro
1835 5132 1911 5187 Ch
1923 5132 1998 5187 ri-

356 5227 467 5293 sto,
498 5222 799 5297 inquapro
814 5220 979 5276 vobis
1004 5219 1273 5276 Christus
1300 5223 1567 5274 mortuus
1580 5223 1690 5275 est.
1716 5221 1997 5277 Cmterum

356 5312 405 5368 si
434 5327 536 5369 vos
566 5313 739 5369 antea
766 5309 914 5368 mori
972 5306 1298 5380 contigerit,
1348 5306 1406 5362 id
1450 5306 1647 5379 ipsum
1699 5313 2001 5367 autumate

355 5400 503 5457 mori
527 5400 588 5455 in
615 5400 729 5469 via,
760 5399 811 5455 si
839 5402 1038 5454 tamen
1069 5395 1335 5451 Christus
1358 5394 1418 5449 in
1450 5412 1558 5451 sua
1584 5412 1687 5453 vos
1718 5397 2002 5456 invenerit

355 5487 584 5545 militia.
617 5487 773 5544 Deus
803 5485 959 5543 enim
990 5482 1214 5540 denarii
1245 5483 1562 5539 retributor
1608 5488 1698 5542 est
1725 5486 1916 5558 prima
1946 5493 2002 5544 et

351 5577 499 5634 hora
529 5579 708 5632 sexta.
739 5573 1107 5629 Horrendum
1137 5576 1244 5637 est,
1276 5572 1503 5639 fratres,
1536 5573 1893 5632 horrendum
1913 5580 2002 5632 est

352 5683 454 5722 vos
485 5665 543 5721 in
566 5663 930 5720 Christianos
961 5676 1229 5733 rapacem
1279 5677 1521 5719 manum
1574 5665 1900 5722 extendere.
1936 5666 1999 5723 In

2110 4682 2423 4759 appellare,
2457 4697 2591 4737 cum
2614 4682 2743 4753 ejus
2773 4681 2851 4738 sit
2895 4681 3171 4738 omnibus
3188 4685 3345 4738 terra
3374 4685 3431 4739 et
3457 4682 3766 4756 plenitudo

2117 4775 2266 4847 ejus.
2299 4771 2464 4828 Unde
2494 4787 2595 4845 per
2641 4771 2856 4827 Isaiam
2903 4772 3020 4827 ait:
3082 4772 3379 4829 Haereditas
3425 4788 3548 4830 mea
3593 4774 3768 4832 Israel

2109 4864 2234 4935 (Isa.
2267 4862 2402 4934 xw).
2434 4861 2502 4916 Et
2556 4861 2729 4916 item:
2791 4860 2958 4917 Vinea
3013 4861 3242 4918 Domini
3295 4862 3519 4920 sabaoth
3572 4862 3767 4920 domus

2105 4952 2278 5009 Israel
2306 4960 2383 5006 est
2413 4952 2537 5022 (lsa.
2569 4949 2644 5021 v).
2680 4949 2750 5004 Et
2779 4948 2916 5005 licet
2942 4952 3129 5005 totam
3171 4949 3231 5005 in
3281 4954 3508 5023 partem
3557 4951 3765 5025 praeci-

2107 5057 2286 5114 puam
2318 5038 2427 5096 sibi
2458 5037 2810 5094 dedicaverit
2840 5038 2912 5094 ab
2944 5038 3136 5109 initio,
3169 5038 3526 5112 peculiarius
3563 5044 3766 5122 tamen

2109 5131 2313 5185 urbem
2346 5132 2607 5184 sanctam
2627 5127 2737 5183 sibi
2757 5127 3058 5200 adoptavit
3082 5127 3138 5183 in
3162 5127 3480 5202 propriam,
3510 5132 3789 5201 testante,

2108 5218 2389 5292 prephela
2419 5215 2516 5287 qui
2549 5216 2629 5270 ait
2655 5233 2666 5271 :
2698 5216 2893 5289 Diligit
2915 5218 3174 5274 Dominus
3206 5221 3394 5290 portas
3424 5218 3555 5274 Sion
3599 5235 3771 5292 super

2109 5309 2296 5366 omnia
2350 5305 2709 5362 tabernacula
2764 5306 2923 5363 Iacob
2980 5306 3146 5379 (Psal.
3210 5307 3452 5381 uxxvr).
3506 5307 3589 5364 De
3645 5325 3770 5382 qua

2109 5394 3099 5468 gloriosadicuntur,videlicetquod
3118 5395 3176 5451 in
3208 5412 3277 5452 ea
3307 5397 3768 5471 docens,passus

2109 5492 2489 5558 etresurgens
2512 5483 3049 5555 Salvator,salutem
3077 5489 3351 5559 cperatus
3364 5490 3454 5542 est
3483 5486 3542 5541 in
3568 5488 3770 5546 medio

2109 5579 2291 5630 terrae.
2328 5573 2411 5628 Ad
2442 5573 2551 5629 hoc
2582 5591 2615 5629 a
2645 5573 2871 5630 saeculis
2902 5578 2991 5630 est
3037 5573 3339 5649 praeelecta
3368 5578 3434 5630 ut
3463 5577 3770 5634 tantorum

2110 5667 2265 5721 esset
2290 5662 2525 5720 conscia
2544 5666 2607 5718 et
2635 5662 3105 5721 cellafamiliaris
3123 5664 3553 5737 mysteriorum.
3569 5665 3775 5725 Electa
