3958 6368
1635 416 1643 423 ·
1662 382 2111 451 SERMONES.

3463 385 3597 452 στα

185 514 682 591 nimirum,un
700 515 836 591 ipse
866 514 965 591 qui
990 514 1170 592 elegit
1212 518 1461 576 testatur
1488 515 1688 576 dicens
1716 536 1733 576 :
1764 520 1837 578 Et
1855 518 1913 587 Α
1938 517 2119 588 viant,
2149 517 2206 575 et
2234 531 2450 575 nomen
2476 512 2577 575 Dei
2604 512 2720 574 vivi
2743 514 3052 592 abnegent,
3076 513 3168 576 vel
3192 532 3298 577 ore
3311 515 3590 594 blasphe-

183 607 248 666 de
286 607 595 665 Mutata»
634 607 854 663 civitate
897 621 1065 679 quam
1108 606 1248 678 elegi
1292 607 1471 665 veniet
1512 608 1661 664 vobis
1706 607 1831 664 Sal-

187 701 363 756 valor.

255 787 441 852 Quam
457 783 593 852 etsi,
618 784 871 858 peccatis
892 783 1421 844 inbabitantiumid
1443 786 1832 860 exigentibus,

175 878 341 950 justo
360 874 586 946 judicio
617 890 725 929 suo
748 873 813 929 in
844 890 1058 930 manus
1090 874 1407 947 impiorum
1440 876 1654 948 saepius
1681 875 1833 931 tradi

183 963 522 1038 permiserit
550 962 854 1030 Dominus,
884 965 944 1018 et
973 964 1131 1018 duris
1153 964 1368 1037 jugum
1417 964 1714 1021 servitutis
1759 966 1832 1021 ad

182 1058 422 1126 tempus
451 1067 579 1107 eam
599 1051 898 1108 sustinere
930 1068 1140 1124 passus
1170 1052 1270 1121 sit,
1302 1068 1415 1109 non
1450 1057 1648 1109 tamen
1680 1054 1833 1110 arbi-

182 1141 462 1201 trantium
491 1144 581 1196 est
610 1141 764 1212 quod
793 1157 925 1197 eam
950 1142 1119 1213 quasi
1141 1158 1176 1196 a
1201 1158 1263 1197 se
1290 1143 1658 1215 repudiatam
1679 1144 1835 1215 obje-

186 1230 351 1295 cerit,
380 1244 515 1286 cum
538 1230 826 1302 scriptum
856 1229 970 1286 sit:
1004 1231 1267 1302 Flagellat
1319 1232 1585 1289 Dominus
1621 1248 1837 1289 omnem

185 1320 369 1391 ﬁlium
393 1335 553 1392 quem
572 1320 777 1391 recipit
807 1320 1000 1393 (Hebr.
1031 1320 1132 1391 xu)
1159 1339 1171 1388 ;
1204 1319 1289 1374 illi
1318 1337 1450 1377 vero
1479 1321 1837 1377 tbesaurizat

186 1409 336 1469 iram
394 1408 491 1464 cui
538 1408 790 1464 dicitur:
838 1411 1073 1466 Recessit
1126 1411 1276 1465 zelus
1319 1427 1472 1466 meus
1529 1415 1662 1479 ate,
1714 1412 1838 1483 jam

186 1497 429 1572 amplius
452 1512 567 1553 non
605 1498 815 1553 irascar
859 1499 963 1554 tibi
990 1499 1214 1570 (Eat-ch.
1267 1499 1407 1571 xw.)
1459 1499 1662 1573 Diliglt
1699 1514 1841 1573 ergo

186 1602 341 1655 om,
372 1601 479 1642 nec
506 1585 762 1658 intepuit
791 1603 929 1659 erga
955 1603 1083 1643 eam
1129 1587 1458 1644 dilectionis
1516 1589 1706 1644 fervor
1741 1589 1835 1645 cui

187 1674 332 1732 dicit
361 1691 376 1730 :
404 1676 535 1732 :Eris
561 1690 759 1732 ceroma
789 1676 983 1744 gloriae
1029 1678 1091 1733 in
1134 1694 1306 1733 mnu
1344 1678 1567 1733 Domini
1624 1682 1675 1733 et
1714 1678 1835 1734 dia-

184 1764 349 1821 dema
377 1765 535 1837 regni
558 1766 625 1819 in
650 1780 824 1821 manu
847 1766 944 1822 Dei
960 1767 1047 1822 tui
1068 1785 1084 1832 ;
1103 1773 1157 1822 et
1178 1782 1289 1821 non
1308 1767 1580 1822 vocaberis
1601 1769 1838 1840 amplius

183 1854 574 1959 {uolutatam
598 1854 875 1959 vocaberis
902 1856 1154 1959 voluntas
1180 1872 1302 1912 mea
1340 1857 1468 1928 quia
1514 1857 1840 1928 complacuit
1870 1893 1919 1959 B

184 1945 417 2000 Domino
446 1945 511 1999 in
539 1950 592 1999 to
621 1942 749 2016 (ha.
784 1944 943 2016 um.)

206 2058 215 2064 α
256 2035 392 2088 Hac
420 2030 603 2106 igitur
632 2031 843 2089 salutis
874 2035 1085 2089 nostris
1116 2032 1430 2103 cunabula,
1464 2032 1694 2090 Domini
1739 2050 1840 2106 pa-

186 2121 387 2187 triam,
433 2119 732 2194 religionis
789 2125 1060 2191 matrem,
1117 2121 1371 2195 populus
1427 2122 1651 2195 absque
1703 2122 1840 2193 Deo,

188 2208 412 2269 seems
442 2207 601 2266 ﬁlius
622 2208 920 2283 Egyptian,
956 2209 1216 2283 possidet
1241 2210 1541 2275 violenter,
1577 2214 1634 2265 et
1664 2210 1845 2283 capti-

185 2299 338 2356 vatis
367 2297 566 2354 libera
600 2297 743 2354 ﬁliis
798 2301 1087 2354 extremas
1145 2297 1397 2370 imponit
1456 2298 1840 2367 conditiones,

188 2387 409 2461 quibus
430 2402 606 2442 versa
629 2387 754 2443 vice
784 2388 992 2443 merito
1022 2387 1239 2443 servire
1268 2388 1593 2443 tenebatur.

257 2476 375 2533 Sed
407 2474 550 2548 quid
572 2475 862 2548 scriptum
893 2476 1031 2531 est?
1070 2477 1219 2549 Ejice
1263 2477 1525 2532 ancillam
1563 2482 1616 2533 et
1664 2478 1845 2548 ﬁlium

188 2566 310 2639 ejus
340 2564 495 2637 (Gen.
524 2564 665 2637 ut.)
696 2565 1149 2621 Sarracenorum
1179 2566 1336 2621 enim
1367 2580 1512 2638 gens
1559 2565 1742 2639 impia
1786 2571 1846 2622 et

189 2654 631 2711 mundanorum
664 2654 937 2710 sectatrix
965 2654 1349 2710 traditionum
1382 2654 1510 2710 loca
1538 2659 1760 2725 sancta;
1783 2656 1843 2712 in

189 2743 413 2818 quibus
438 2746 733 2801 steterunt
760 2744 939 2815 pedes
968 2740 1226 2808 Domini,
1252 2744 1379 2815 jam
1408 2761 1439 2799 a
1461 2744 1663 2800 multis
1693 2750 1844 2803 retro

190 2831 560 2906 temporibus
584 2831 841 2888 violenta
872 2832 1086 2905 premit
1115 2833 1422 2905 tyrannide
1449 2851 1463 2902 ;
1496 2834 1756 2890 subactis
1783 2836 1847 2889 fi-

188 2921 425 2980 delibus
454 2925 513 2978 et
540 2921 602 2977 in
636 2921 980 2977 servitutem
1039 2921 1355 2990 damnatis,
1398 2921 1646 2995 ingressi
1709 2928 1848 2980 sunt

188 3027 367 3068 canes
395 3008 458 3069 in
491 3010 729 3075 sancta;
762 3007 1135 3080 profanatum
1162 3012 1252 3065 est
1271 3009 1694 3077 sanctuarium,
1736 3010 1845 3066 bu-

191 3098 457 3159 minatus
480 3100 575 3155 est
604 3096 796 3153 cultor
823 3096 924 3153 Dei
980 3097 1258 3170 populus,
1301 3097 1572 3170 angarias
1628 3098 1849 3170 patitur

190 3187 468 3261 indignas
498 3200 687 3260 genus
717 3184 986 3254 electum,
1020 3186 1197 3242 servit
1235 3187 1293 3241 in
1326 3186 1452 3242 luto
1483 3190 1539 3243 et
1567 3185 1627 3241 in
1669 3187 1847 3243 latere

1941 612 2107 665 ment
2122 606 2402 682 secrilego
2424 606 2886 682 compelluntur:
2915 606 3211 682 autimpia
3224 608 3587 667 detestantes

1942 697 2185 770 imperia
2216 699 2524 753 caeduntur
2551 697 2765 771 gladiis
2796 712 2959 754 more
2987 697 3336 767 bidentium,
3366 698 3589 757 sanctis

1942 787 2299 860 martyribus
2332 786 2612 843 sociendi.
2657 787 2784 844 Non
2813 790 2903 843 est
2944 785 3268 860 sacrilegiis
3325 786 3591 844 locorum

1943 876 2288 946 differentia,
2323 894 2439 933 non
2471 880 2560 932 est
2590 892 2972 949 personarum
3005 879 3322 949 respectus.
3355 881 3422 933 In
3451 894 3593 933 san-

1942 965 2188 1022 ctuariis
2217 966 2566 1023 occiduntur
2597 966 2927 1022 sacerdotes
2953 970 3012 1020 et
3047 964 3251 1035 leVi‘tm,
3297 969 3593 1041 coguntur

1942 1055 2199 1127 virgines
2233 1054 2524 1123 fornicari,
2557 1057 2660 1110 aut
2715 1070 2819 1127 per
2867 1054 3185 1111 tormentis.
3230 1055 3439 1128 perire,
3485 1072 3591 1112 nec

1944 1144 2228 1199 matronis
2258 1146 2398 1199 aetas
2433 1143 2725 1199 maturior
2755 1143 3129 1217 suffragatur.

2011 1232 2108 1286 Vae
2141 1232 2314 1288 nobis
2345 1232 2447 1303 qui
2474 1232 2531 1286 in
2591 1232 2745 1287 hanc
2776 1234 2898 1287 tam
2950 1231 3264 1304 periculosi
3312 1231 3595 1306 temporis

1944 1320 2354 1376 descendimus
2384 1320 2708 1388 miseriam,
2741 1336 2919 1392 quam
2941 1322 3002 1376 in
3030 1321 3243 1393 spiritu
3272 1320 3595 1395 prmideus

1942 1408 2161 1464 electus
2178 1425 2210 1463 a
2232 1409 2480 1464 Domino
2496 1408 2701 1475 David,
2714 1426 2813 1464 rex
2837 1407 3045 1477 ﬁdelis,
3067 1409 3333 1482 deplorat
3346 1410 3553 1467 dicens
3575 1428 3590 1467 :

1944 1498 2103 1568 Deus,
2126 1501 2389 1554 venerunt
2437 1505 2618 1566 gentes
2649 1499 2710 1553 in
2756 1498 3133 1555 haereditate»:
3161 1506 3350 1566 tuam;
3380 1499 3594 1571 polluc-

1944 1594 2075 1642 runt
2104 1587 2362 1658 templum
2380 1595 2626 1643 sanctum
2656 1595 2816 1643 tuum
2843 1586 3019 1659 (Psal.
3045 1588 3293 1660 LXXVIII).
3324 1589 3391 1643 Et
3420 1590 3590 1644 item:

1945 1675 2215 1747 Populum
2245 1679 2406 1730 tuum
2447 1676 2877 1731 humiliaverunt
2924 1681 2979 1731 et
3025 1675 3401 1733 hereditatem
3440 1685 3598 1734 trram

1945 1773 2300 1820 vexaverant.
2339 1764 2557 1837 thuid,
2614 1766 2861 1841 Domine,
2893 1766 3150 1822 irasceris
3189 1767 3249 1821 in
3297 1766 3480 1837 ﬁm,
3510 1782 3599 1822 ac-

1948 1853 2207 1909 cendetur
2234 1854 2382 1908 velut
2411 1855 2556 1924 ignis
2593 1855 2682 1909 ira
2728 1857 2862 1909 tua?
2890 1854 3061 1925 (Psal.
3112 1854 3296 1926 xum.)
3343 1855 3442 1912 Ubi
3466 1862 3599 1911 sunt

1890 1942 1919 1983 ε’
1947 1942 2343 1999 misericordia
2370 1946 2486 2000 tua;
2513 1945 2779 2014 antiquae,
2822 1944 3085 1999 Domine?
3109 1944 3276 2007 (Psal.
3306 1944 3597 2013 Lxxxvm.)

1946 2030 2241 2087 Verumnc
2269 2034 2360 2087 est
2390 2032 2545 2104 quod
2596 2030 2813 2089 dicitur
2843 2049 2858 2088 :
2891 2033 3005 2087 Non
3056 2032 3407 2088 obliviscetur
3438 2034 3599 2088 mise-

1950 2122 2066 2175 reri
2093 2121 2253 2188 Deus,
2286 2136 2396 2176 non
2443 2121 2745 2177 continebit
2789 2122 2853 2176 in
2906 2123 2996 2176 ira
3039 2136 3143 2178 sua

1949 2224 2079 2264 suas
2098 2213 2123 2262 .9
2154 2209 2465 2275 Recordare,
2491 2208 2884 2282 Dominc,quid
2913 2209 3173 2266 acciderit
3190 2212 3364 2278 nobis,
3385 2212 3601 2267 intuere

1949 2302 2001 2354 et
2029 2298 2149 2353 vide
2177 2298 2533 2369 opprobrium
2558 2302 2808 2354 nostrum
2831 2298 3050 2371 (Thrcn.
3076 2299 3157 2371 v.)
3197 2302 3285 2358 Vae
3302 2300 3458 2356 nobis
3476 2307 3497 2357 !
3517 2304 3601 2356 ut-

1950 2386 2082 2458 quid
2108 2389 2238 2443 nati
2264 2403 2453 2443 sumus
2476 2386 2659 2443 videre
2684 2389 3091 2459 corruptionem
3127 2389 3323 2461 populi
3346 2390 3525 2446 nostri
3549 2391 3601 2445 et

1950 2477 2333 2531 contritioncm
2361 2477 2598 2532 civitatis
2634 2483 2838 2532 sanctae
2855 2480 2909 2532 et
2935 2475 3121 2532 sedere
3139 2478 3275 2544 illic,
3307 2493 3435 2533 cum
3461 2477 3599 2533 dan-

1953 2567 2043 2619 tur
2068 2565 2129 2619 in
2155 2566 2415 2619 manibus
2444 2566 2802 2621 inimicorum
2829 2568 3021 2620 sancta
3060 2566 3106 2634 (ι
3133 2565 3304 2621 Maeli.
3333 2578 3424 2641 ﬂ.)

2023 2652 3061 2726 Vosigitur,dilectissimi,armamini
3084 2653 3206 2711 zelo
3218 2652 3600 2728 Dei,acclngi-

1954 2739 2520 2815 miniunusquisque
2541 2742 2734 2815 gladio
2755 2760 2862 2799 suo
2885 2759 3061 2814 super
3081 2742 3272 2799 femur
3296 2759 3473 2800 suum
3496 2760 3598 2818 po~

1951 2831 2182 2886 tentissi
2193 2832 2616 2899 me(Psal.xmv.
2628 2831 3090 2903 )Accingimini,et
3109 2835 3278 2888 estote
3288 2832 3396 2903 ﬁlii
3411 2837 3602 2905 potens

1951 2923 2060 2976 tes:
2073 2921 2269 2976 mlius
2280 2928 2357 2976 est
2370 2922 2519 2977 enim
2537 2921 2693 2976 nobis
2706 2923 2849 2976 mori
2858 2922 2919 2975 in
2934 2919 3068 2977 bello
3081 2937 3249 2994 quum
3258 2921 3441 2977 videre
3454 2923 3605 2978 mala

1952 3011 2131 3080 gentis
2150 3013 2350 3065 nostra:
2374 3013 2428 3065 et
2455 3017 2770 3065 sanctorum
2788 3010 2835 3082 (I
2853 3009 3035 3065 Much.
3065 3008 3236 3083 lll.)Sl
3260 3009 3392 3083 quis
3412 3009 3603 3066 zelum

1953 3096 2098 3169 legis
2121 3096 2218 3153 Dei
2244 3097 2441 3167 habet,
2466 3099 2751 3171 adjungat
2773 3115 2835 3154 se
2857 3098 3476 3156 nobis.8ubveniamus
3496 3100 3607 3155 frav

1952 3186 2142 3242 tribus
2171 3187 2409 3252 nostris,
2433 3187 2811 3259 dirumpamus
2856 3189 3080 3243 vincula
3111 3203 3299 3245 eorum
3325 3190 3377 3244 et
3424 3189 3602 3260 proji+

191 3258 388 3350 regale
410 3258 1110 3348 sacerdotiummrinceps
1131 3273 1563 3347 provinciarum
1589 3276 1741 3332 facta
1761 3280 1850 3333 est
1880 3258 1922 3325 (ἶ
1959 3277 2168 3332 ciamus
2205 3292 2239 3330 (ι
2273 3277 2427 3332 nobis
2455 3258 2654 3348 jugum
2701 3277 2946 3348 ipsorum
2986 3277 3159 3350 (Psal.
3190 3276 3279 3349 II.)
3310 3258 3605 3350 Egrediml

195 3366 309 3423 sub
330 3364 560 3421 tributo
591 3363 793 3420 civitas
821 3363 945 3420 Dei.
968 3364 1152 3436 Cujus
1182 3380 1296 3419 non
1328 3363 1590 3436 liqueﬂat
1610 3364 1851 3422 anima?

190 3455 369 3527 cujus
394 3470 514 3511 non
534 3452 846 3509 tabescunt
876 3453 1194 3527 praecordia
1243 3453 1315 3508 iis
1346 3453 1416 3508 ad
1458 3452 1722 3508 animum
1756 3470 1851 3510 re-

192 3542 572 3600 cumtibus
589 3542 619 3597 ‘2
638 3541 780 3608 Quis
807 3542 929 3597 hac
958 3541 1129 3598 siccis
1158 3541 1351 3598 oculis
1415 3542 1617 3598 audire
1638 3546 1847 3614 potest,

190 3634 401 3690 ἠπίως
422 3630 801 3690 charissimi?
818 3631 1127 3703 Templum
1150 3629 1402 3696 Domini,
1428 3631 1501 3685 de
1516 3647 1632 3702 quo
1652 3630 1850 3688 zelans

192 3720 486 3778 Dominus
510 3719 830 3776 vendentes
875 3720 1044 3791 ejecit
1096 3723 1157 3774 et
1213 3723 1474 3775 ementes
1521 3735 1593 3775 ne
1639 3720 1849 3777 domus

190 3809 541 3880 Patris'ej'us
572 3807 737 3864 fleret
793 3808 1077 3881 spelunca
1135 3807 1454 3875 latronum,
1489 3808 1704 3863 factum
1762 3812 1851 3865 est

190 3898 362 3955 sedes
380 3896 828 3954 daemoniorum.
864 3897 924 3953 ld
953 3899 1147 3970 ipsum
1170 3897 1325 3954 enim
1357 3900 1416 3952 et
1438 3896 1848 3954 Mattbatbiam

192 3986 560 4043 sacerdotem
583 4001 890 4057 magnum,
912 3990 1251 4042 sanctorum
1280 3985 1709 4059 progenitorem
1733 3986 1851 4042 Ma-

194 4074 590 4142 dlrsbtsorum,
630 4074 706 4130 ad
756 4074 946 4132 zelum
991 4074 1253 4131 accendit
1298 4074 1846 4142 commendabilem,

188 4163 349 4221 sicut
374 4163 503 4237 ipse
534 4165 784 4220 testatur
813 4163 1010 4219 dicens
1043 4180 1057 4218 :
1112 4165 1386 4236 Templum
1430 4165 1649 4219 Domini
1693 4166 1851 4235 quasi

190 4253 284 4309 vir
300 4252 582 4324 ignobilis,
613 4268 743 4308 vasa
778 4251 981 4323 gloria
1028 4255 1147 4324 ejus
1191 4253 1422 4308 abducta
1464 4257 1593 4309 sunt
1636 4256 1849 4325 captiva

1957 3368 2015 3421 et
2043 3365 2328 3420 Dominus
2357 3365 2467 3420 erit
2494 3364 2821 3421 vobiscum.
2853 3367 3032 3421 Arma
3060 3382 3188 3437 quae
3218 3366 3368 3425 caede
3399 3368 3607 3422 mutua

1956 3453 2156 3509 illicito
2186 3454 2561 3519 cruentastis,
2596 3454 2652 3508 in
2685 3452 2884 3510 hostes
2911 3453 3046 3509 ﬁdei
3076 3458 3134 3510 et
3160 3454 3419 3512 nominis
3446 3454 3606 3513 Chri-

1957 3542 2131 3599 stiani
2163 3542 2496 3599 convertite.
2524 3543 2717 3608 Furta,
2748 3542 3037 3605 incendia,
3071 3542 3326 3614 rapinas,
3358 3542 3600 3599 homici-

1956 3631 2073 3697 dia,
2101 3635 2156 3687 et
2187 3635 2392 3687 caetera
2421 3630 2620 3703 qualia
2665 3631 2765 3703 qui
2807 3633 2989 3703 agunt
3036 3646 3281 3703 regnum
3329 3629 3429 3686 Dei
3485 3647 3602 3686 non

1956 3720 2362 3793 possidebunt,
2380 3719 2489 3775 hoc
2506 3720 2621 3775 Deo
2634 3718 2996 3792 beneplacito
3018 3718 3287 3775 redimite
3300 3717 3603 3790 obsequio,

1958 3813 2022 3864 ut
2049 3807 2396 3864 delictorum
2423 3807 2640 3880 quibus
2663 3806 2977 3862 Dominum
3004 3808 3076 3863 ad
3096 3806 3459 3863 iracundiam
3480 3823 3609 3880 pro-

1955 3898 2228 3965 vocastis,
2261 3895 2504 3953 celerem
2532 3895 2955 3970 indulgentiam
2980 3912 3084 3969 pro
3112 3895 3282 3952 vobis
3304 3895 3609 3952 obtineant

1950 3986 2079 4042 haec
2101 3986 2333 4080 pietatis
2360 4002 2539 4080 opera
2558 3989 2615 4040 et
2644 3985 2975 4080 deprecatio
3005 3983 3216 4080 collata
3243 3988 3604 4080 sanctorum.
3667 4052 3676 4080 ι

1956 4077 2264 4132 Monemus
2293 4074 2476 4149 igitur
2502 4078 2560 4131 et
2588 4074 2969 4130 exhortamus
3024 4074 3083 4128 in
3125 4074 3393 4142 Domino,
3443 4077 3501 4130 et
3543 4075 3606 4129 in

1957 4165 2392 4221 remisssionem
2422 4168 2800 4237 peccatorum
2830 4162 3220 4236 injungimus,
3246 4167 3311 4218 ut
3330 4160 3608 4219 fratribus

1955 4253 2173 4310 nostris
2203 4257 2260 4309 et
2290 4251 2544 4309 caelestis
2574 4251 2739 4324 regni
2772 4251 3173 4308 coheredibus
3203 4252 3428 4324 (omnes
3446 4251 3607 4307 enim

192 4343 245 4414 (1
270 4342 439 4398 Each.
473 4340 564 4412 ιι.)
613 4340 826 4397 Civitas
884 4341 1058 4415 Regis
1104 4356 1311 4414 regum
1368 4341 1657 4410 omnium,
1719 4360 1845 4415 quae
1952 4343 2201 4398 invicem
2224 4359 2431 4399 sumus
2452 4341 3014 4406 membra,beeredes
3038 4341 3275 4413 quidem
3292 4340 3608 4411 Dei,cohie-

191 4429 329 4486 aliis
377 4429 611 4503 regulas
675 4429 1020 4486 intemerato
1074 4430 1317 4487 tradidit
1374 4430 1533 4497 ﬁdei,
1579 4432 1845 4503 gentium
1954 4432 2120 4487 redes
2154 4433 2349 4487 autem
2377 4431 2591 4487 Christi
2615 4432 2786 4501 [Rom
2811 4429 2934 4503 vm]
2959 4430 3057 4502 qui
3102 4428 3524 4503 Hierosolymis
3552 4432 3610 4489 et

186 4516 723 4591 superstitionibus
753 4518 981 4592 cogitur
1025 4519 1207 4575 invita
1262 4519 1572 4576 deservire.
1620 4521 1845 4577 Sanctae
1952 4517 3606 4591 inﬁnibusejusbabitant,afﬂictionietlaboribuscompa-

195 4604 644 4690 resurrectionis
669 4607 933 4676 ecclesia,
965 4606 1196 4681 requies
1218 4608 1565 4664 dormientis
1591 4609 1844 4677 Domini,
1876 4625 1922 4691 ι)
1951 4606 3030 4677 tientes,inlldeliuminsolentiam,qui
3050 4605 3159 4661 sibi
3180 4605 3609 4678 regna,princi-

192 4708 400 4753 eorum
432 4696 685 4752 sustinet
713 4695 979 4768 imperia,
1012 4697 1263 4753 foedatur
1308 4697 1605 4770 spurcitiis
1644 4714 1847 4755 eorum
1955 4701 2131 4771 patus
2147 4700 2203 4753 et
2219 4699 2530 4769 potestates
2551 4695 2840 4766 subjicere
2855 4695 3101 4750 contend
3113 4693 3442 4761 unt,debita
3454 4710 3609 4751 com~

196 4784 301 4859 qui
340 4783 792 4842 resurrectionis
822 4802 939 4842 non
977 4786 1278 4843 habebunt
1318 4787 1716 4859 participium,
1746 4788 1849 4844 sed

188 4872 417 4948 stipula
432 4872 592 4947 ignis
602 4874 799 4931 salerni
823 4875 1177 4947 perennibus
1198 4874 1636 4947 deputabuntur
1659 4876 1853 4933 incen-

188 4963 335 5021 diis.
368 4966 518 5020 Loca
541 4963 901 5020 venerabilia
936 4965 1151 5021 divinis
1208 4965 1487 5037 deputata
1532 4965 1851 5038 mysteriis,

199 5066 329 5126 qua:
342 5050 659 5109 Dominum
676 5051 736 5109 in
754 5068 930 5110 carne
955 5056 1343 5127 susceperunt
1362 5053 1855 5127 hospitem,signa

182 5141 491 5222 viderunt,
523 5144 838 5198 senserunt.
863 5142 1165 5209 beneﬁcia,
1199 5159 1452 5214 quorum
1493 5143 1759 5199 omnium
1789 5144 1850 5201 in

196 5246 264 5287 se
296 5228 470 5304 plena
498 5228 614 5287 ﬁde
652 5233 1023 5304 praetendunt
1080 5235 1446 5305 argumenta,
1506 5232 1658 5287 facta
1715 5237 1853 5289 sunt

197 5334 447 5399 gregum
470 5320 775 5393 praesepia,
807 5320 1041 5378 stabula
1055 5323 1484 5394 jumentorum.
1515 5322 1853 5378 Laudabilis

196 5407 473 5481 populus,
502 5408 603 5465 cui
652 5408 951 5466 benedixit
991 5408 1277 5467 Dominus
1323 5407 1707 5475 exercituum,
1742 5412 1852 5468 sub

196 5497 578 5575 angariarum
609 5500 665 5553 et
695 5497 1067 5555 sordidarum
1111 5498 1548 5572 praestationum
1599 5501 1854 5571 pondere

195 5586 378 5659 gemit
402 5586 714 5661 fatigatus;
734 5587 1047 5662 rapiuntur
1066 5605 1269 5645 eorum
1286 5588 1414 5656 ﬁlii,
1435 5588 1643 5645 matris
1659 5589 1851 5646 Eccle-

197 5674 301 5731 siae
322 5676 507 5734 obire
534 5676 799 5750 pignora,
832 5680 899 5734 ut
926 5678 1192 5751 gentium
1222 5677 1616 5734 immunditiis
1656 5678 1851 5735 deser-

1958 4786 2213 4861 pcscatis
2226 4784 2814 4850 animadversione,et
2829 4782 2948 4839 illis
2960 4784 3100 4839 totis
3110 4783 3332 4839 viribus
3346 4798 3610 4841 occurra-

1958 4874 2279 4946 tis,quibus
2290 4875 2381 4929 est
2393 4871 2752 4943 propositum
2764 4887 2977 4927 nomen
2992 4868 3263 4927 deleret}:
3272 4869 3606 4935 ristianum.

1957 4961 2229 5034 Alioquin
2261 4961 2522 5017 futurum
2555 4963 2644 5016 est
2695 4958 2848 5015 utin
2899 4960 3164 5031 proximo
3216 4958 3475 5017 Ecclesia
3494 4961 3603 5017 Dei

1953 5053 2166 5126 jugum
2196 5050 2468 5108 indebitae
2497 5049 2811 5122 praeferens
2853 5048 3177 5115 servitutis,
3210 5048 3345 5104 ﬁdei
3396 5048 3612 5107 sentiat

1960 5141 2355 5214 dispendium,
2381 5138 2723 5212 przevalente
2744 5137 3052 5210 gentilium
3082 5137 3523 5211 superstitiosam
3542 5137 3608 5194 In

1960 5235 2179 5305 quanta
2200 5230 2354 5286 enim
2382 5227 2553 5301 positi
2576 5226 2697 5285 sint
2712 5226 3027 5283 afﬂictione
3048 5231 3335 5283 noverunt
3351 5242 3420 5283 ex
3442 5226 3609 5284 vobis

1961 5338 2116 5377 nonn
2128 5319 2227 5375 ulli
2244 5319 2344 5391 qui
2358 5318 2477 5373 huic
2490 5334 2617 5390 quae
2632 5315 3169 5389 loquimuroculata
3180 5320 3612 5389 conspexerunt

1958 5411 2157 5477 ﬁde,et
2175 5423 2431 5482 presens
2452 5406 2685 5462 illorum
2720 5422 2822 5479 per
2852 5422 3095 5463 manum
3118 5406 3269 5463 Petri
3298 5405 3404 5461 viri
3434 5420 3609 5462 vene-

1960 5500 2184 5567 rabilis,
2211 5497 2309 5570 qui
2330 5511 2587 5569 przesens
2608 5496 2796 5563 est,ad
2820 5513 2928 5552 nos
2949 5495 3142 5553 delata
3155 5497 3322 5552 docet
3338 5493 3605 5567 epistola.

1959 5592 2076 5646 Nos
2107 5594 2300 5644 autem
2332 5586 2403 5641 de
2451 5584 2853 5641 misericordia
2889 5584 2987 5643 Dei
3016 5590 3074 5642 et
3119 5586 3423 5641 beatorum
3456 5583 3607 5639 Petri

1966 5683 2023 5738 et
2052 5676 2214 5736 Pauli
2256 5674 2657 5749 apostolorum
2705 5675 3046 5732 auctoritate
3076 5671 3299 5742 conﬁsi,
3332 5670 3608 5731 ﬁdelibu
