3958 6354
377 362 497 428 871
1672 365 1744 430 B.
1790 363 1940 432 UBE

2232 364 2472 431 ΡΑΡᾸΞ.
3658 362 3795 429 B72-

381 499 750 566 Christianis,
783 497 884 574 qui
922 501 1124 556 contra
1176 512 1297 556 eos.
1323 499 1497 555 arma
1551 500 1933 572 susceperint,
1965 503 2022 555 et
2049 501 2105 568 Α
2132 504 2388 572 quantus
2409 497 2872 557 Christianorum
2895 497 3142 573 pudori)
3162 492 3780 571 Syriam,Armeniam,

382 607 533 649 onus
563 590 674 648 sibi
705 591 884 661 hujus
923 588 1402 662 peregrinationis
1433 589 1879 660 assumpserint,
1913 588 2022 643 im-
2132 606 2365 646 omnem
2395 593 2689 663 postremo
2721 590 2918 646 Asiam
2939 589 3226 644 minorem
3252 588 3444 659 (cujus
3468 586 3778 659 provinciae

383 698 619 737 mensas
642 697 744 753 pro
766 679 890 736 suis
911 678 1136 735 delictis
1158 678 1529 751 pcenitentias
1548 678 1894 734 relaxamus.
1917 678 2022 743 Qui
2133 683 2272 734 sunt
2332 678 2616 752 Bithynia,
2680 678 2947 751 Phrygia,
2999 677 3245 743 Galatia,
3321 675 3519 748 Lydia,
3589 676 3780 740 Caria,

382 776 577 826 autem
608 769 685 824 ibi
719 770 779 824 in
803 785 939 824 vera
968 768 1308 840 pcenitentia
1337 766 1711 832 decesserint,
1743 771 1800 822 et
1829 783 2026 838 pecca-
2133 766 2492 839 Pamphylia,
2511 765 2749 832 Isauria,
2767 765 2960 838 Lycia,
2977 764 3195 835 Cilicia)
3217 768 3606 835 occuparunt;
3626 779 3785 819 nunc

381 863 576 914 torum
599 855 1026 928 indulgentiam
1051 859 1108 909 et
1130 855 1384 909 fructum
1407 858 1634 909 aeternae
1658 853 1941 909 mercedis
1963 869 2025 908 se
2133 856 2426 927 Illyricum
2469 860 2526 911 et
2558 872 2762 910 omnes
2795 855 3099 909 inferiores
3131 858 3315 908 terras
3345 851 3666 908 insolentes
3696 853 3788 906 in-

383 964 498 1003 non
521 945 791 1002 dubitent
815 944 1142 999 habituros.
1169 943 1401 998 Interim
1424 959 1558 997 vero
1580 959 1678 997 eos
1699 942 1797 1012 qui
1821 943 2024 996 ardore
2134 946 2416 1016 quietant,
2448 961 2635 1016 usque
2659 944 2731 998 ad
2762 959 2922 998 mare
2946 944 3100 1014 quod
3125 941 3406 996 brachium
3419 941 3606 996 Sancti
3625 940 3788 997 Geor-

381 1035 517 1091 fidei
548 1036 620 1090 ad
646 1033 1065 1105 expugnandos
1096 1031 1230 1087 illos
1259 1031 1515 1086 laborem
1564 1030 1744 1086 istum
1794 1047 2022 1085 assum-
2131 1034 2214 1103 gii
2232 1037 2490 1088 vocatur.
2517 1031 2665 1096 Quid
2697 1031 2852 1103 quod
2885 1030 3256 1086 Dominicum
3310 1034 3784 1095 monumentum,

383 1124 625 1196 pserint.
659 1123 769 1178 sub
801 1121 1064 1176 Ecclesiae
1095 1119 1428 1175 defensione
1459 1123 1515 1174 et
1540 1119 1842 1175 beatorum
1875 1119 2024 1173 Petri
2133 1121 2374 1176 unicum
2405 1120 2710 1176 introitum
2738 1119 3058 1193 peregrinis
3081 1118 3298 1176 nostris
3321 1118 3781 1189 venditant,quae

380 1216 441 1269 et
487 1211 652 1268 Pauli
703 1209 1077 1282 protectione,
1150 1212 1433 1279 tanquam
1492 1224 1638 1262 versa
1683 1206 2023 1262 obedientiae
2134 1210 2274 1265 solis
2306 1209 2652 1266 Christianis
2699 1214 2898 1280 patere
2925 1209 3177 1273 deberet,
3213 1208 3262 1263 si
3312 1207 3548 1278 aliquod
3597 1207 3781 1262 solitae

380 1300 534 1356 ﬁlios
565 1299 898 1371 recipimus,
940 1303 998 1352 et
1029 1297 1099 1352 ab
1158 1295 1444 1351 universis
1499 1295 2025 1366 inquietationibus
2131 1299 2364 1354 virtutis
2393 1299 2702 1371 vestigium
2735 1298 2819 1353 eis
2851 1297 3085 1352 inesset.
3122 1297 3238 1353 Hoc
3271 1296 3330 1350 in
3362 1296 3554 1352 solum
3600 1299 3780 1360 esset,

377 1394 500 1445 tam
528 1388 590 1444 in
619 1388 796 1443 rebus
827 1403 1003 1458 quam
1035 1386 1090 1440 in
1142 1384 1406 1456 personis
1437 1384 1752 1440 statuimus
1789 1400 2025 1440 manere
2133 1387 2351 1442 frontes
2380 1391 2612 1442 nostras
2643 1403 2880 1442 onerare
2919 1385 3252 1453 sufﬁceret;
3279 1386 3404 1456 jam
3453 1399 3586 1440 vero
3645 1383 3783 1456 quis

378 1493 634 1535 securos.
668 1475 727 1532 Si
756 1491 888 1531 vero
919 1473 1213 1545 quispiam
1263 1472 1574 1528 molestare
1621 1489 1718 1527 eos
1750 1489 1897 1528 ausu
1941 1478 2022 1528 te-
2132 1475 2277 1530 ferat
2307 1475 2416 1530 nisi
2441 1475 2693 1530 multum
2725 1474 2904 1537 iners,
2935 1473 3049 1530 nisi
3080 1473 3424 1530 Christianae
3457 1472 3652 1546 glorise
3684 1472 3777 1528 in-

377 1565 627 1623 merario
654 1562 1111 1636 praesumpserit.
1147 1579 1248 1633 per
1276 1561 1619 1632 episcopum
1650 1559 1762 1616 loci
1792 1577 2022 1615 excom-
2128 1564 2320 1630 vidus,
2353 1564 2507 1631 quod
2568 1581 2682 1619 non
2729 1581 2799 1619 ex
2853 1579 3017 1635 aequo
3069 1562 3378 1618 divisimus
3429 1562 3652 1618 orbem.
3688 1561 3777 1617 Illi

376 1651 1040 1712 municationeleriatur
1069 1655 1127 1706 et
1155 1650 1361 1705 tandiu
1393 1649 1683 1705 sententia
1713 1649 1784 1704 ab
1833 1650 2021 1704 omni-
2132 1653 2348 1718 Asiam,
2381 1651 2612 1709 tertiam
2671 1652 2876 1707 mundi
2936 1656 3182 1724 partem,
3232 1656 3298 1706 ut
3345 1650 3784 1706 hereditarium

375 1745 489 1800 bus
519 1744 876 1804 observetur,
919 1740 1102 1794 donec
1133 1742 1192 1793 et
1244 1738 1438 1793 ablata
1493 1738 1831 1805 reddantur,
1865 1742 1921 1792 et
1949 1739 2021 1793 de
2131 1741 2336 1797 nidum
2366 1740 2718 1809 inhabitant,
2753 1757 2880 1814 quae
2913 1758 2947 1796 a
2976 1740 3301 1811 majoribus
3334 1739 3554 1796 nestris
3613 1755 3786 1810 aqua

375 1832 554 1888 illatis
584 1829 816 1927 damnis
842 1843 1096 1898 congrue
1126 1826 1475 1927 satisfaciat:
1804 1914 1826 1927 ἢ
1917 1915 1926 1925 ⁸
2052 1863 2099 1927 Β
2129 1830 2358 1886 duabus
2390 1830 2643 1886 residuis
2675 1829 2942 1902 partibus
2969 1834 3028 1885 et
3057 1833 3356 1884 tractuum
3386 1827 3780 1900 longitudine,

447 1917 716 1992 EpiscOpi
745 1932 878 1972 vero
910 1919 966 1971 et
997 1914 1336 1986 presbyteri,
1379 1914 1478 1985 qui
1537 1913 1755 1969 talibus
1799 1914 2023 1969 fortiter
2052 1913 2099 1927 "
2130 1923 2188 1974 et
2219 1918 2648 1989 provinciarum
2683 1918 3088 1990 magnitudine
3125 1934 3242 1974 non
3281 1916 3574 1976 immerito
3624 1916 3782 1972 aesti-

377 2025 494 2065 non
525 2003 860 2068 restiterint,
891 2002 1064 2058 ofﬁcii
1098 2001 1484 2073 suspensione
1515 2001 1895 2069 mulctentur,
1927 2003 2023 2058 do-
2133 2011 2291 2062 mata
2328 2011 2434 2062 est.
2467 2006 2548 2062 Ibi
2581 2007 2720 2062 olim
2751 2007 3073 2063 devotionis
3104 2010 3313 2062 nostris
3344 2005 3492 2061 rami
3523 2004 3782 2078 pullula-

377 2113 483 2152 nec
515 2091 970 2152 misericordiam
999 2090 1155 2146 sedis
1185 2089 1514 2160 apostolicae
1545 2091 1867 2146 obtineant.
2130 2099 2290 2160 runt,
2322 2096 2402 2150 ibi
2433 2096 2680 2167 apostoli
2712 2113 2936 2163 omnes,
2971 2099 3180 2168 praeter
3207 2096 3376 2163 duos,
3402 2098 3620 2151 mortes
3640 2111 3784 2150 suas

2130 2189 2584 2251 consecrarunt;
2613 2184 2694 2239 ibi
2730 2185 2900 2239 modo
2931 2183 3304 2251 Christicolae,
3339 2183 3388 2238 si
3428 2183 3526 2255 qui
3574 2192 3783 2254 snper-

1153 2239 1249 2296 m'
2132 2277 2290 2337 sunt,
2323 2239 2676 2344 pauperciulo
2709 2271 3023 2344 agricolatu
3065 2239 3463 2342 transigentes
3499 2239 3782 2338 inediam,

379 2355 481 2427 (EX
536 2353 855 2409 WILLEWO
931 2349 1465 2432 MALMESBHRIENSB
1526 2346 1565 2402 Ῑο
1627 2364 1702 2414 Ῑνν
1775 2364 1901 2420 0³1)-
1965 2351 2019 2416 2ι
2132 2360 2536 2417 nefandisillis
2567 2360 2809 2432 vectigal
2837 2360 3152 2432 pensitant,
3183 2360 3270 2416 vel
3293 2359 3487 2415 tacitis
3507 2359 3785 2432 suspiriis

1090 2436 1145 2490 P-
1197 2419 1311 2486 74-)
1855 2419 1863 2420 ί
2129 2455 2334 2506 vestrae
2365 2449 2650 2505 libertatis
2691 2419 3089 2505 diasiderantes
3140 2419 3582 2516 conscientiam,
3617 2419 3787 2518 ‘quia

446 2540 648 2605 Multa,
680 2538 888 2594 fratres
919 2534 1274 2601 charissimi,
1308 2532 1514 2590 diebus
1544 2532 1637 2588 his
1672 2532 1838 2589 vobis
1868 2533 2024 2589 dicta
2133 2539 2432 2610 perdidere
2455 2555 2643 2593 suam.
2672 2537 2760 2593 Illi
2786 2537 3321 2605 Africam,alteram
3353 2537 3511 2593 orbis
3531 2539 3782 2608 partem,

375 2628 649 2695 recolitis,
683 2626 949 2699 quaedam
969 2623 1028 2678 in
1053 2621 1296 2678 concilio
1319 2623 1719 2693 nostrojussa,
1753 2624 2022 2692 quaedam
2131 2627 2400 2682 ducentis
2418 2628 2544 2698 jam
2577 2627 2744 2682 annis
2773 2631 2831 2682 et
2855 2642 2920 2682 eo
2941 2625 3198 2699 amplius
3228 2625 3408 2682 armis
3441 2641 3780 2698 possessam

377 2717 646 2775 inhibita.
679 2714 1046 2772 Inconditum
1077 2717 1134 2766 et
1163 2711 1475 2766 confusum
1519 2711 1802 2768 scelerum
1846 2711 2023 2768 chaos
2130 2719 2351 2780 tenent,
2398 2715 2553 2787 quod
2601 2714 2730 2770 ideo
2785 2714 3101 2770 Christiani
3153 2714 3395 2770 honoris
3453 2711 3781 2786 periculum

376 2806 642 2878 exigebat
673 2801 993 2858 multorum
1024 2799 1254 2855 dierum
1304 2799 1719 2868 interstitium;
1752 2805 2024 2856 veternus
2131 2803 2470 2875 pronuntio,
2502 2801 2638 2874 quia
2665 2802 2842 2858 fuerit
2869 2808 3022 2859 terra
3051 2801 3154 2858 illa
3181 2795 3322 2858 olim
3366 2799 3781 2874 praclarorum

379 2895 621 2952 morbus
650 2890 877 2946 volebat
914 2888 1255 2945 cauterium.
1289 2888 1440 2943 Dum
1497 2888 1652 2943 enim
1699 2888 2024 2961 indulgenti
2132 2891 2502 2964 ingeniorum
2523 2891 2714 2962 altrix,
2737 2909 2863 2964 quae
2881 2891 3093 2946 divinis
3114 2891 3349 2962 scriptis
3371 2904 3606 2947 omnem
3625 2894 3782 2946 vetu-

380 2978 848 3040 funeclementize
862 2977 1214 3033 dimittimus
1235 2976 1472 3042 lineam,
1492 2976 1676 3033 multa
1697 2978 1870 3032 modo
1895 2996 2028 3050 apo-
2133 2981 2303 3037 statis
2332 2981 2512 3037 situm
2539 2999 2574 3037 a
2603 2971 2665 3037 se
2687 2981 2988 3053 repellent,
3012 2980 3274 3052 quandiu
3308 2979 3484 3035 fuerit
3502 2979 3603 3051 qui
3627 2977 3782 3034 Lati-

381 3070 630 3130 stolatus
658 3066 842 3123 nostri
875 3065 1117 3121 offendit
1145 3065 1404 3120 ofﬁcium
1436 3082 1561 3138 quae
1593 3065 2022 3137 prazscinderet,
2135 3088 2241 3126 nas
2292 3070 2514 3126 litteras
2561 3071 2732 3142 legat.
2784 3071 3012 3126 Norunt
3064 3068 3302 3126 litterati
3347 3069 3503 3140 quod
3552 3068 3780 3140 loquor.

381 3158 547 3216 nulla
576 3157 790 3230 quibus
809 3157 1086 3226 parceret.
1112 3153 1224 3208 Sed
1255 3153 1725 3210 fuerithactenus
1755 3154 2025 3210 humana
2069 3227 2097 3230 Ἀ
2135 3159 2396 3216 Tertium
2426 3159 2628 3214 mundi
2663 3159 2837 3214 clima
2867 3162 3095 3230 Europa
3113 3162 3310 3226 restat,
3336 3158 3506 3229 cujus
3537 3160 3788 3229 quantu-

380 3227 712 3320 fragilitatis
743 3244 894 3316 quod
927 3241 1232 3315 peccastis,
1264 3242 1420 3313 quod
1438 3241 1829 3299 illicebrarum
1860 3243 2025 3300 invo-
2057 3227 2099 3294 C
2137 3249 2252 3304 1am
2287 3252 2511 3320 partem
2549 3247 2950 3304 inhabitamus
2977 3227 3312 3309 christiani,
3365 3227 3501 3302 nam
3549 3227 3786 3302 omnem

377 3336 563 3394 lucris
585 3333 784 3406 sopiti,
808 3330 1098 3388 cmlestem
1127 3331 1514 3402 exasperastis
1541 3331 2024 3400 misericordiam,
2135 3337 2294 3393 illam
2325 3337 2653 3392 barbariem
2685 3354 2814 3408 quae
2846 3335 2906 3390 in
2936 3336 3175 3391 remotis
3232 3334 3443 3391 insulis
3473 3333 3780 3408 glacialem

380 3439 728 3497 suspensam
752 3419 1836 3494 parvipendcndoiracundiam.Fuerit
1858 3438 2025 3477 mun-
2135 3427 2463 3498 frequentat
2496 3426 2810 3493 Oceanum,
2845 3423 2986 3496 quia
3023 3440 3184 3481 more
3232 3423 3492 3480 belluina
3539 3423 3794 3493 victitet,

379 3516 544 3571 danae
600 3510 960 3568 tumulentiaa
1020 3510 1197 3581 quod,
1259 3508 1523 3582 legitima
1582 3526 1698 3566 non
1755 3515 2027 3567 curantes
2135 3513 2527 3570 Christianam
2552 3514 2685 3584 quis
2708 3512 2965 3568 dixerit?
2995 3513 3154 3568 Hanc
3175 3511 3557 3584 igiturnostri
3581 3511 3790 3567 mundi

381 3600 773 3667 matrimonia,
808 3599 978 3654 alieni
1007 3597 1218 3654 cubilis
1250 3615 1364 3654 non
1391 3599 1684 3671 pensastis
1726 3599 2022 3671 injuriam.
2137 3602 2528 3674 portinculam
2582 3602 2755 3657 Turci
2809 3606 2865 3657 et
2923 3600 3229 3658 Sarraceni
3284 3599 3435 3656 bello
3487 3604 3788 3671 premunt,

379 3693 576 3751 Fuerit
609 3687 905 3752 aviditatis
936 3686 1130 3742 nimiae
1189 3688 1345 3758 quod
1405 3687 1613 3744 fratres
1661 3691 1883 3743 vestros
1927 3687 2027 3743 illo
2134 3692 2375 3762 jamque
2397 3708 2430 3746 a
2450 3690 2728 3746 trecentis
2752 3690 2923 3746 annis
2956 3689 3235 3762 Hispania
3265 3693 3321 3745 et
3340 3688 3679 3744 Balearibus
3705 3688 3791 3744 in-

371 3796 592 3852 .magno
622 3782 680 3835 et
703 3778 904 3833 eodem
937 3775 1120 3848 pretio
1153 3779 1403 3848 emptos,
1429 3780 1494 3831 ut
1525 3775 1775 3847 quisque
1805 3780 2032 3848 poterat
2139 3780 2286 3836 sulis
2317 3779 2666 3853 subjugatis,
2701 3779 2857 3850 quod
2889 3779 3180 3851 reliquum
3211 3782 3301 3834 est
3337 3793 3439 3850 spe
3485 3777 3791 3846 devorant,

378 3869 786 3940 illaqueantes,
847 3863 1268 3919 contumeliose
1336 3864 1602 3935 pecuniis
1661 3864 2026 3920 emunxistis.
2139 3868 2409 3925 homines
2432 3868 2796 3936 inertissimi,
2830 3872 2888 3923 et
2913 3867 3012 3939 qui
3035 3867 3301 3923 cominus
3323 3865 3791 3939 pugnandiﬁdu-

377 3958 546 4016 Nunc
575 3954 742 4010 vobis
773 3953 922 4008 inter
951 3953 1065 4008 ista
1095 3956 1466 4024 peccatorum
1489 3952 1794 4024 naufragia
1822 3952 2033 4008 consti-
2140 3957 2288 4013 ciam
2303 3974 2418 4012 non
2433 3956 2734 4023 habentes,
2752 3954 3157 4029 fugaxbellum
3173 3954 3790 4027 diligunt.Nunquam,

381 4045 526 4102 tutis
548 4047 750 4116 portus
773 4039 1012 4114 placidae
1035 4038 1247 4111 quietis
1270 4039 1668 4111 aperitur,nisi
1693 4039 2028 4112 negligatis:
2139 4045 2295 4102 enim
2319 4047 2546 4101 Turcus
2567 4045 2712 4117 pede
2739 4049 3005 4100 censerto
3029 4050 3276 4100 martem
3301 4043 3506 4110 audet;
3535 4043 3638 4098 sed
3661 4041 3793 4114 pul-

383 4133 544 4210 parvi
571 4131 790 4188 laboris
821 4129 879 4184 in
912 4130 1132 4184 Turcos
1155 4128 1498 4200 compendio
1520 4128 1848 4184 retibuetur
1871 4128 2030 4185 vobis
2141 4151 2243 4190 sus
2274 4135 2398 4191 loco
2430 4135 2599 4206 longe
2630 4133 2816 4188 tendit
2853 4149 3059 4189 nervos
3098 4138 3156 4188 et
3211 4131 3498 4204 permittit
3549 4130 3797 4186 vulnera

381 4225 672 4297 perpetuae
689 4219 862 4276 statio
878 4217 1454 4289 salutis.Comparate
1468 4233 1624 4272 nunc
1638 4215 1866 4273 labores
1884 4235 2030 4290 quos
2138 4222 2328 4279 ventis
2355 4240 2368 4290 ;
2403 4226 2458 4278 et
2485 4221 2624 4293 quia
2644 4221 2822 4277 habet
2849 4221 2967 4276 tela
2983 4221 3281 4278 mortifero
3313 4235 3485 4276 succo
3515 4219 3698 4287 ebria,
3732 4219 3796 4274 in

381 4313 440 4368 in
473 4309 758 4367 scelerum
780 4306 1050 4364 exercitio
1073 4304 1363 4362 habuistis
1389 4309 1444 4362 et
1463 4323 1562 4361 eos
1579 4323 1726 4378 quos
1751 4306 1808 4361 in
1827 4307 2033 4364 itinere
2141 4311 2440 4367 hominem
2456 4325 2628 4381 quem
2650 4310 2898 4381 percutit
2910 4326 3024 4364 non
3037 4309 3224 4364 virtus
3238 4309 3337 4364 sed
3364 4309 3526 4364 virus
3540 4312 3794 4364 mortem

383 4400 538 4473 quod
561 4396 830 4470 praecipio
866 4394 1121 4452 habituri
1147 4394 1306 4450 estis.
1331 4394 1530 4450 Plures
1551 4394 1638 4450 vel
1661 4395 1924 4451 adulterii
1944 4396 2033 4452 vel
2142 4401 2296 4455 facit.
2317 4397 2611 4468 Quidquid
2643 4397 2823 4469 igitur
2843 4398 2983 4471 agit,
3017 4399 3283 4466 fortunae,
3315 4414 3429 4453 non
3463 4395 3796 4452 fortitudini

377 4485 682 4544 homicidii
706 4483 1121 4541 meditatiodat
1145 4482 1566 4556 timores(nihil
1589 4483 1744 4539 enim
1767 4483 2032 4541 timidius
2143 4485 2531 4554 attribuerim,
2573 4491 2630 4541 et
2685 4487 2841 4557 quod
2899 4492 3122 4559 pugnat
3177 4487 3339 4557 fuga,
3391 4501 3610 4541 veneno
3669 4486 3798 4556 [al.,

383 4575 666 4651 nequitia,
700 4580 765 4631 ut
791 4575 874 4630 ait
900 4573 1170 4628 Salomon
1205 4573 1353 4645 [Sap.
1385 4575 1570 4645 xvn]),
1604 4573 1820 4629 multos
1869 4573 2030 4629 labo-
2061 4595 2109 4659 Β
2143 4577 2298 4648 quod
2347 4579 2589 4647 pugnat,
2623 4575 2757 4643 fuga
2815 4579 2872 4630 et
2925 4576 3189 4645 veneno].
3250 4576 3488 4630 Constat
3538 4573 3799 4644 profecto

383 4683 513 4736 res;
547 4665 690 4738 quid
715 4664 872 4720 enim
913 4662 1262 4718 laboriosius
1311 4663 1650 4734 injustitia?
1701 4664 1806 4731 Qui
1845 4668 2033 4719 autem
2141 4665 2297 4736 quod
2353 4661 2546 4719 omnis
2604 4663 2761 4718 natio
2819 4680 2948 4735 quae
3004 4663 3064 4718 in
3141 4679 3209 4718 ea
3268 4661 3444 4734 plaga
3510 4659 3797 4728 nascitur,

381 4757 626 4813 ambulat
681 4753 1024 4826 simpliciter,
1079 4753 1324 4808 ambulat
1371 4753 1701 4824 conﬁdenter
1758 4753 1938 4824 (Prov.
1973 4770 2027 4821 x,
2139 4753 2323 4808 nimio
2363 4752 2505 4808 solis
2546 4752 2750 4807 ardore
2781 4752 3018 4817 siccata,
3053 4751 3308 4824 amplius
3346 4749 3588 4823 quidem
3617 4749 3800 4821 sapit,

381 4845 460 4915 9.)
491 4843 711 4898 Horum
739 4842 1030 4906 laborum,
1064 4842 1271 4897 horum
1330 4841 1609 4897 timorum
1662 4841 1853 4896 exitus
1908 4845 2032 4895 erat
2140 4841 2242 4897 sed
2261 4839 3801 4912 minushabetsanguinis;ideoquevicinampugnam

383 4935 708 5006 peccatum.
740 4931 1084 5003 Stipendium
1109 4935 1303 4987 autem
1327 4933 1541 5003 peccati
1567 4946 1712 4984 mors
1742 4931 2032 5000 (Rom.v1,)
2140 4929 2396 5002 fugiunt,
2431 4929 2571 5000 quia
2601 4946 2810 5001 parum
2856 4929 3164 5002 sanguinis
3217 4945 3279 4984 se
3309 4928 3525 4984 habere
3557 4930 3798 4982 norunt.

383 5021 498 5091 23,)
527 5035 672 5076 mors
727 5037 858 5076 vero
908 5028 1252 5091 peccatorum
1318 5021 1557 5090 pessima
1605 5019 1770 5089 (Psal.
1833 5034 2028 5084 XXXIII,
2141 5016 2937 5090 Contrapopulusquioritur
2960 5018 3020 5073 in
3043 5023 3233 5074 arctos
3261 5017 3581 5090 pruinis,et
3602 5033 3804 5071 remo-

381 5111 502 5177 22.)
524 5108 689 5164 Nunc
718 5126 753 5164 a
789 5108 954 5164 vobis
1005 5126 1108 5181 par
1165 5108 1330 5164 labor
1386 5111 1561 5177 atque
1606 5110 1796 5160 metus
1848 5105 2033 5177 pretio
2140 5111 2240 5162 tus
2267 5112 2356 5162 est
2387 5124 2420 5161 a
2449 5105 2591 5161 solis
2625 5105 2955 5176 ardoribus,
2987 5106 3373 5163 inconsultior
3397 5104 3656 5178 quidem,
3697 5103 3804 5160 sed

385 5197 625 5254 meliore
651 5201 948 5271 petuntur.
973 5197 1192 5252 Horum
1213 5196 1480 5250 laborum
1505 5194 1616 5248 erit
1638 5210 1817 5249 causa
1842 5194 2034 5249 chari-
2141 5195 2302 5267 largo
2325 5201 2380 5251 et
2400 5195 3021 5267 luxuriantisuperbus
3045 5192 3806 5268 sanguine,promptissime

383 5292 500 5354 tas,
531 5285 579 5343 si
609 5287 693 5344 sic
722 5293 1005 5360 praecepto
1037 5285 1339 5340 Uominico
1359 5283 1641 5336 admoniti
1678 5283 1906 5338 animas
1934 5301 2034 5355 pro
2145 5289 2385 5357 pugnat.
2443 5283 2558 5339 Vos
2589 5285 2730 5340 estis
2761 5301 2907 5357 gens
2939 5285 2997 5339 in
3049 5283 3563 5357 temperatioribus
3593 5280 3806 5338 mundi

384 5377 662 5432 fratribus
684 5375 916 5448 ponatis
941 5376 986 5444 (Ι
1002 5376 1161 5428 Joan.
1197 5388 1282 5436 ιιι,
1309 5371 1397 5437 16)
1423 5387 1434 5436 ;
1471 5369 1773 5426 charitatis
1816 5373 2035 5444 stipen-
2145 5373 2460 5447 provinciis
2483 5373 2750 5442 oriunda,
2787 5372 2887 5445 qui
2913 5373 3043 5429 sitis
3063 5373 3366 5447 etprodigi
3394 5370 3707 5445 sanguinis
3731 5371 3806 5426 ad

385 5465 550 5520 dium
581 5464 691 5520 erit
727 5463 919 5535 gratia
969 5460 1108 5528 Dei;
1142 5459 1243 5514 Dei
1302 5456 1550 5530 gratiam
1601 5464 1880 5530 sequetur
1923 5461 2040 5516 vita
2149 5462 2354 5518 mortis
2384 5460 2810 5534 vulnerumque
2847 5467 3271 5534 contemptum,
3305 5467 3363 5518 et
3409 5478 3526 5517 non
3556 5458 3810 5516 careatis

386 5559 618 5609 aeterna.
655 5554 734 5607 Ite
767 5567 903 5621 ergo
937 5547 1199 5615 feliciter,
1239 5547 1315 5603 ite
1357 5547 1714 5604 conﬁdenter
1743 5550 1816 5606 ad
1843 5549 2039 5606 inimi«
2149 5551 2492 5624 prudentia;
2522 5567 2775 5622 namque
2797 5551 3141 5607 modestiam
3166 5551 3412 5608 servatis
3435 5551 3492 5605 in
3516 5548 3730 5605 castris
3752 5552 3813 5602 et

390 5659 488 5700 cos
521 5641 620 5696 Dei
644 5636 1096 5711 persequendos.
1131 5635 1215 5692 llli
1249 5636 1404 5694 enim
1437 5638 1566 5708 jam
1611 5638 1839 5710 pridem
1872 5639 2040 5712 (proh
2152 5642 2213 5696 in
2245 5639 2618 5698 dimicatione
2651 5640 2885 5698 utimini
2917 5640 3198 5697 consiliis.
3231 5645 3432 5712 Itaque
3474 5637 3724 5696 scientia
3753 5640 3814 5692 et
