3958 6390
252 400 382 463 ΕΠ

319 624 502 698 (Gesta
516 625 629 708 .Dei
652 639 753 709 per
779 627 1202 754 Francos,.0pg.
1235 624 1542 695 GUIBBRTI,
1572 628 1629 685 S.
1660 629 1853 687 Mariae

386 697 679 754 Nomaentt
706 698 939 754 abbatis.
973 698 1111 754 edit.
1195 716 1437 754 acuum.
1470 716 1604 754 nag.
1633 700 1795 754 377.l

386 697 680 769 Novigenti
706 698 939 767 abbatis,
973 697 1123 755 edit..—
1144 697 1437 766 Dacuanx,
1470 716 1604 773 pag.
1633 700 1795 773 377.)

331 801 394 860 Si
423 803 579 860 inter
606 803 887 861 ecclesias
908 809 1029 861 toto
1059 806 1197 862 orbe
1218 806 1464 863 diffusas
1482 806 1611 864 aliis
1638 824 1754 880 pres
1785 807 1917 864 aliis

254 891 646 948 reverentiam
680 910 786 966 pro
828 894 1096 966 personis
1143 893 1404 967 locisque
1433 900 1733 952 merentur
1765 912 1778 953 :
1811 913 1917 970 pro

254 980 556 1055 personis,
587 981 855 1054 inquam,
882 983 1022 1038 dum
1056 982 1391 1056 apostolicis
1422 984 1669 1041 sedibus
1695 983 1921 1058 privile-

253 1069 359 1146 gia
380 1070 610 1142 majora
629 1071 977 1139 traduntur;
997 1088 1101 1144 pro
1124 1070 1273 1128 locis
1287 1089 1444 1141 vero,
1462 1072 1615 1129 dum
1631 1074 1811 1146 regiis
1827 1091 1925 1139 ure

256 1158 438 1216 bibus
467 1158 673 1216 eadem
705 1175 834 1231 quas
869 1161 1137 1231 personis
1167 1161 1447 1233 dignitas,
1480 1161 1565 1217 uti
1594 1165 1687 1218 est
1713 1162 1919 1219 civitas

258 1246 931 1320 Conetantiuopolitana,
954 1249 1246 1322 praebetur
1271 1267 1284 1305 :
1310 1248 1396 1305 illi
1417 1250 1793 1322 potissimum
1825 1252 1922 1308 Ec-

259 1334 451 1392 clesiae
482 1335 939 1401 deberemus,ex
980 1353 1099 1408 qua
1139 1338 1390 1410 gratiam
1421 1340 1839 1411 redemptionis
1864 1343 1922 1395 et

260 1423 767 1497 totius-originem
794 1423 1253 1482 Christianitatis
1295 1426 1649 1499 accepimus.
1673 1428 1734 1483 Si
1763 1428 1919 1483 enim

258 1527 468 1569 verum
490 1515 720 1570 constat
741 1513 895 1586 quod
921 1529 956 1568 α
986 1513 1228 1571 Domino
1249 1514 1926 1588 dicitur,quia-videlioet

263 1602 431 1658 Salus
479 1618 551 1657 ex
590 1602 899 1659 Judaeisest
930 1602 1106 1674 (Joan.
1130 1621 1208 1673 ιν,
1229 1606 1320 1677 22)
1360 1610 1419 1661 et
1460 1605 1769 1661 Dominum
1819 1606 1924 1661 Sa-

262 1691 449 1747 baoth
474 1707 677 1749 semen
706 1692 877 1749 nobis
908 1691 1219 1764 reliquisse
1255 1698 1504 1760 constat,
1539 1711 1610 1750 ne
1641 1695 1792 1750 sicut
1820 1695 1925 1751 So-

260 1781 455 1838 doma.
473 1779 661 1837 simus
691 1782 750 1836 et
771 1780 1105 1837 Gomorrhas
1140 1780 1365 1838 similes
1398 1783 1611 1838 ﬁamus
1639 1784 1814 1855 (Rom.-
1846 1800 1929 1851 1x,

261 1868 383 1940 29),
417 1872 476 1924 et
527 1884 729 1925 semen
779 1873 1046 1925 nostrum
1079 1869 1348 1925 Christus
1377 1876 1488 1941 est,
1512 1870 1572 1926 in
1602 1888 1717 1944 quo
1766 1871 1927 1928 salus
1956 1910 2006 1978 B

263 1961 328 2014 et
362 1956 631 2013 omnium
678 1957 945 2030 gentium
995 1958 1322 2014 benedictio
1369 1963 1476 2028 est,
1509 1958 1641 2032 ipsa
1686 1965 1841 2017 terra
1870 1966 1929 2017 et

264 2045 480 2103 civitas
500 2044 562 2101 in
584 2062 702 2119 qua
730 2046 1013 2103 habitavit
1033 2051 1087 2103 et
1118 2063 1328 2120 passus
1360 2051 1468 2117 est,
1490 2048 1925 2122 Scripturarum

266 2130 615 2196 testimonio
635 2138 1125 2195 sancta'vocatur.
1159 2136 1214 2191 Si
1248 2136 1406 2193 enim
1450 2134 1572 2193 haec
1619 2142 1793 2205 terra,
1826 2139 1927 2194 Dei

265 2223 583 2280 haereditas
611 2226 669 2281 et
712 2224 1000 2297 templum
1043 2229 1334 2294 sanctum,
1367 2229 1678 2298 antequam
1712 2226 1794 2281 ibi
1825 2229 1927 2283 ob-

271 2311 613 2370 ambularet
637 2328 702 2371 ac
734 2317 1033 2386 pateretur
1066 2313 1370 2371 Dominus.
1405 2314 1465 2371 in
1497 2316 1681 2371 sacris
1711 2320 1767 2371 et
1794 2332 1929 2388 pro-

270 2399 531 2475 pheticis
554 2401 787 2474 paginis
814 2400 1205 2474 legitur,quid
1237 2402 1589 2470 sanctitatis,
1606 2402 1744 2475 quid
1769 2419 1927 2459 reve-

270 2489 481 2547 rentiae
496 2489 821 2547 obtinuisse
837 2496 976 2547 tunc
993 2491 1268 2559 creditur,
1282 2509 1417 2548 cum
1434 2492 1589 2548 Deus
1606 2493 1931 2564 majestatis

270 2579 494 2635 ibidem
513 2578 939 2652 incorporatur,
959 2579 1236 2646 nutritur,
1251 2579 1552 2649 adolescit,
1568 2584 1625 2635 et
1644 2580 1932 2652 corporali

274 2667 643 2742 vegetatione
672 2667 780 2725 hac
810 2667 1060 2740 illacque
1103 2668 1472 2741 perambulat
1500 2675 1601 2724 aut
1629 2669 1933 2742 gestetur?

278 2760 363 2825 et,
388 2760 455 2812 ut
501 2759 714 2813 cuncta
753 2773 883 2828 quae
936 2756 1112 2829 longo
1141 2758 1451 2814 verborum
1510 2775 1648 2832 gyro
1706 2758 1930 2814 narrari

278 2849 554 2919 possunt,
584 2845 763 2918 digna
792 2846 1070 2902 brevitate
1117 2847 1536 2920 constringam,
1561 2847 1659 2905 ubi
1693 2847 1798 2903 Fili
1832 2847 1932 2904 Dei

282 2934 556 3007 sanguis,
583 2933 724 2991 ccslo
775 2938 1046 3006 terraque
1101 2935 1376 3001 sanctior,
1412 2937 1632 2993 effusus
1677 2939 1799 3005 est;
1831 2937 1934 2992 ubi

282 3038 517 3095 corpus,
542 3023 886 3095 paventibus
911 3022 1215 3079 elementis
1238 3029 1556 3094 mortuum,
1581 3026 1643 3081 in
1668 3024 1935 3098 sepulcro

281 3111 531 3184 quievit,
574 3111 717 3184 quid
776 3116 1054 3184 putamus
1111 3113 1500 3169 venerationis
1556 3115 1846 3170 emeruit?
1876 3115 1936 3170 Si

280 3200 412 3274 ipso
445 3200 693 3257 Domino
725 3206 924 3257 nostro
964 3217 1165 3257 recens
1203 3201 1524 3270 interfecto,
1558 3207 1617 3259 et
1646 3220 1681 3259 α
1715 3204 1936 3261 ,Ιυάωὶει

1747 400 2192 485 SERMONES.

1949 542 2004 607 Α
2035 540 2256 596 ruistis.
2278 541 2442 596 Nunc
2462 541 2624 597 vobis
2654 539 2805 598 bella
2833 539 3217 613 proponimus
3237 556 3365 612 qua
3384 540 3445 596 in
3476 557 3541 597 se
3567 540 3676 597 ha-

3551 405 3671 468 578

2024 630 2165 685 bent
2189 628 2512 702 gloriosum
2539 628 2805 703 martyrii
2830 627 3299 701 munus,quibus
3326 632 3507 685 restat
3532 645 3678 702 prm-

2027 718 2213 774 sentis
2241 724 2300 774 et
2327 723 2553 774 aeternae
2594 718 2788 775 laudis
2817 717 3048 774 titulus.
3070 719 3375 774 Ponamus.
3415 719 3591 775 modo
3621 719 3683 775 in

2023 806 2350 864 Jerusalem
2364 807 2665 865 Christum
2687 822 2878 880 neque
2897 810 3220 875 mortuum,
3238 822 3344 862 nec
3364 805 3683 879 sepultum,

2028 912 2135 952 nec
2155 894 2373 952 ibidem
2392 895 2606 953 vixisse
2634 895 2968 968 aliquando.
2989 895 3175 962 Certe,
3199 894 3249 951 si
3273 895 3395 951 haec
3417 895 3689 952 deessent

2027 985 2250 1051 omnia,
2272 984 2466 1041 solum
2495 984 2662 1054 illud,
2678 985 2750 1040 ad
2775 984 3239 1041 subveniendum
3263 988 3428 1039 terrae
3459 987 3523 1039 et
3546 984 3683 1040 civi+

2028 1073 2134 1129 tati
2163 1091 2266 1130 vos
2293 1074 2541 1131 excitare
2571 1075 2875 1138 debuerat,
2894 1073 3039 1145 quia
3078 1073 3148 1128 de
3176 1073 3313 1129 Sion
3334 1072 3541 1129 exierit
3566 1071 3678 1142 lex,

2027 1166 2086 1218 et
2114 1163 2355 1219 verbum
2387 1163 2619 1220 Domini
2649 1164 2720 1218 de
2739 1162 3063 1218 Jerusalem
3087 1164 3215 1233 (lea.
3239 1178 3300 1227 ιι,
3331 1162 3420 1233 3);
3441 1161 3495 1216 si
3522 1162 3682 1219 enim

2029 1265 2098 1306 ex
2136 1251 2647 1325 Jerosolymitano,
2681 1251 2968 1324 quidquid
3020 1250 3362 1306 Christianae
3404 1249 3689 1322 przedica-

2028 1340 2209 1395 tionis
2267 1345 2357 1396 est
2412 1341 2568 1396 fonte
2624 1340 2902 1405 manavit,
2963 1339 3159 1401 rivuli,
3213 1354 3686 1411 quaquaversmn

2029 1431 2150 1484 toto
2180 1435 2471 1485 terrarum
2496 1429 2639 1485 orbe
2661 1429 2938 1500 dispersi,
2962 1427 3259 1483 catholicae
3283 1427 3689 1483 multitudinis

2031 1519 2208 1573 corda
2238 1523 2633 1589 retorqueant,
2658 1521 2725 1573 ut
2763 1517 3006 1573 solerter
3035 1516 3342 1571 attendant
3365 1516 3509 1588 quid
3537 1515 3687 1572 fonti

2032 1609 2153 1661 tam
2186 1605 2408 1679 irriguo
2445 1606 2714 1662 debeant.
2743 1605 2803 1659 Si
2836 1605 2907 1659 ad
2936 1606 3117 1660 locum
3156 1604 3302 1659 unde
3328 1608 3550 1674 exeunt,
3580 1607 3689 1675 ﬂu‘

2031 1696 2187 1749 mina
2216 1698 2585 1760 revertuntur,
2610 1698 2672 1749 ut
2702 1696 2901 1750 iterum
2926 1695 3125 1763 ﬂuant,
3144 1695 3313 1762 juxta
3344 1693 3565 1748 dictum
3589 1694 3691 1749 Sa-

2035 1781 2288 1838 lomonis
2320 1784 2511 1853 (Eccle.
2536 1784 2675 1849 1,7).
2699 1781 3020 1855 gloriosum
3054 1782 3219 1837 vobis
3266 1781 3447 1838 videri
3494 1781 3689 1852 debet,

2035 1870 2086 1926 si
2108 1872 2159 1926 ei
2182 1870 2306 1927 loco
2328 1872 2671 1943 repurgium
2695 1870 2937 1942 possitis
2960 1870 3316 1941 impendere,
3332 1869 3690 1943 undebapti-

2035 1960 2246 2017 amatis
2303 1965 2780 2033 purgamentum,
2813 1964 2872 2015 et
2929 1958 3063 2013 ﬁdei
3121 1958 3538 2014 documentum
3585 1974 3690 2015 vos

2036 2047 2303 2104 constitit
2331 2048 2642 2120 accepisse.
3538 2094 3549 2101 .

2108 2137 2178 2191 Et
2189 2138 2279 2192 est
2287 2136 2452 2192 vobis
2470 2140 2742 2208 praeterea
2764 2152 2997 2191 summa
3012 2134 3431 2192 deliberatione
3446 2151 3694 2209 pensan-

2038 2224 2202 2291 dum,
2216 2224 2265 2280 si
2288 2224 2478 2296 ipsam
2496 2229 2746 2280 matrem
2763 2224 3155 2280 Ecclesiarum
3176 2224 3514 2293 Ecclesiam,
3527 2225 3695 2282 vobis

2037 2312 2500 2380 elaborantibus,
2535 2313 2605 2369 ad
2633 2313 3088 2368 Christianitatis
3134 2313 3358 2368 cultum
3396 2313 3694 2383 reﬂorere,

2039 2402 2155 2458 Deo
2173 2418 2387 2474 pervos
2407 2406 2636 2474 agente,
2650 2402 2977 2473 contigerit,
2994 2418 3065 2457 ne
3085 2401 3228 2456 forte
3247 2406 3451 2457 contra
3465 2401 3697 2474 propin-

2039 2508 2159 2563 qua
2178 2490 2525 2545 Antichristi
2541 2495 2656 2545 tem
2666 2506 2809 2561 pora
2822 2490 2896 2546 ad
2914 2490 3088 2544 ﬁdem
3112 2495 3308 2561 partes
3323 2488 3575 2545 Orientis
3593 2489 3698 2546 ali-

2041 2596 2189 2651 quas
2204 2579 2433 2635 restitui
2452 2578 2610 2634 velit.
2628 2578 3008 2651 Perspicuum
3028 2594 3282 2650 namque
3298 2578 3694 2635 est'Antichri-

2042 2672 2200 2724 stum
2232 2684 2347 2723 non
2381 2673 2580 2723 contra
2608 2667 2863 2734 Judaeos,
2888 2683 3002 2722 non
3035 2670 3236 2721 contra
3264 2665 3519 2739 gentiles
3543 2666 3698 2725 bella

2042 2757 2332 2812 facturum
2344 2801 2357 2821 ,
2372 2756 2494 2823 sed,
2503 2756 2528 2827 j
2540 2762 2678 2811 uxta
2696 2754 3109 2827 etymologiam
3132 2753 3220 2810 sui
3240 2753 3517 2823 nominis,
3532 2755 3695 2812 Chri-

2042 2844 2268 2902 stianos
2285 2860 2689 2917 pervasurum.
2708 2844 2796 2910 Et,
2813 2842 2862 2897 si
2886 2843 3278 2898 Antichristus
3296 2841 3516 2898 ibidem
3532 2843 3695 2899 Chri-

2043 2933 2301 2990 stianum
2333 2934 2629 2989 neminem
2661 2932 2837 2988 sicuti
2882 2930 3054 2987 hodie
3082 2931 3178 2985 vix
3206 2929 3418 3003 aliquis
3450 2931 3698 2989 habetur

2026 3023 2319 3089 inveniat,
2341 3039 2455 3078 non
2476 3022 2588 3077 erit
2606 3022 2706 3093 qui
2729 3021 2841 3077 sibi
2862 3020 3205 3091 refragetur,
3228 3024 3332 3075 aut
3364 3036 3540 3092 quem
3570 3021 3699 3091 jure

2044 3111 2340 3184 pervadat.
2390 3110 2568 3165 Juxta.
2606 3108 2765 3165 enim
2818 3107 3139 3177 Danielem,
3171 3114 3229 3164 et
3278 3108 3698 3182 Hieronymum

2045 3199 2302 3256 Danielis
2342 3198 2742 3269 interpretem,
2774 3198 2998 3253 ﬁxurus
3030 3201 3120 3253 est
3167 3197 3227 3251 in
3259 3196 3465 3253 Oliveti
3490 3202 3694 3255 monte

281 3288 476 3346 adhuc
505 3289 739 3346 civitate
789 3306 1083 3362 possessa,
1103 3295 1306 3346 sancta
1349 3290 1554 3348 civitas
1585 3293 1659 3348 ab
1687 3309 1934 3367 evange-
1966 3277 2009 3345 (ἶ
2048 3288 2319 3355 tentoria,
2351 3293 2409 3343 et
2434 3285 2839 3359 Jerosolymis,
2869 3288 2932 3342 in
2957 3288 3058 3342 Dei
3084 3287 3301 3357 templo,
3333 3290 3598 3357 tanquam
3623 3288 3698 3343 sit

285 3374 425 3433 lists
453 3381 716 3445 vocatur,
739 3393 874 3433 cum
897 3376 1114 3432 dicitur
1139 3395 1152 3433 :
1175 3378 1349 3433 Multa
1373 3393 1598 3449 corpora
1625 3382 1940 3435 sanctorum

188 3512 196 3517 .
283 3466 382 3537 qui
426 3465 786 3531 dormierunt,
815 3468 1194 3533 surrexerunt,
1227 3473 1280 3521 et
1316 3471 1577 3522 venerunt
1603 3469 1665 3522 in
1693 3473 1940 3524 sanctam

282 3555 585 3622 οίυίιαιθπι,
628 3557 683 3610 σί
727 3560 1103 3626 apparuemnt
1148 3556 1339 3610 multis
1369 3555 1575 3626 (Μαιιιι.
1606 3574 1780 3618 XXVII.
1800 3559 1938 3625 53);

281 3642 722 3716 etapropheta
780 3642 930 3699 lsaia
986 3644 1199 3699 dicitur
1240 3660 1254 3698 :
1295 3646 1413 3700 Erit
1468 3645 1778 3715 sepulcrum
1822 3648 1939 3718 ejus

280 3732 585 3804 gloriosum
612 3731 743 3804 (lea.
762 3749 845 3798 x1,
878 3734 988 3805 10),
1030 3749 1162 3788 cum
1210 3733 1338 3805 ipsa
1386 3734 1689 3802 sanctitas,
1721 3733 1939 3792 civitati

280 3820 463 3877 semel
496 3821 612 3877 Deo
650 3821 783 3893 ipso
813 3821 1241 3878 sanctificatore
1284 3839 1387 3895 per
1432 3824 1695 3895 seipsum
1725 3823 1935 3889 indita,

281 3908 446 3966 nullo
467 3908 623 3966 malo
643 3912 1087 3981 superveniente
1117 3911 1403 3967 exinaniri
1430 3913 1639 3981 valeat,
1659 3917 1715 3968 et
1735 3913 1939 3970 eodem

282 4000 457 4054 modo
484 3997 922 4055 indivisihiliter
942 4000 1193 4072 sepulcri
1217 4000 1402 4073 gloria
1423 4006 1669 4068 constet,
1688 4003 1943 4059 sum-mis

281 4086 525 4154 studiis,
555 4087 766 4143 fratres
793 4087 1147 4153 charissimi,
1166 4090 1329 4145 vobis
1359 4089 1781 4147 elaborandum
1829 4094 1941 4157 est,

278 4180 350 4233 ut
370 4175 656 4232 sanctitas
685 4174 956 4243 civitatis,
982 4193 1049 4232 ac
1080 4178 1331 4250 sepulcri
1363 4178 1567 4251 gloria,
1593 4197 1721 4251 qua;
1751 4181 1937 4252 genti-

281 4263 433 4321 lium
486 4265 953 4337 frequentatione
999 4271 1289 4338 quantum
1319 4266 1377 4322 in
1410 4267 1555 4339 ipsis
1601 4273 1691 4324 est
1736 4269 1942 4325 crebro

281 4352 586 4426 polluitur,
608 4353 658 4410 si
685 4354 759 4409 ad
785 4356 1095 4411 Auctorem
1122 4355 1281 4411 illius
1314 4356 1638 4412 sanctitatis
1663 4363 1720 4412 et
1743 4356 1943 4429 gloria

284 4441 584 4515 sepiratis,
617 4442 668 4497 si
698 4459 767 4499 ea
797 4460 925 4515 qua:
958 4444 1016 4498 in
1046 4448 1201 4501 terra
1230 4451 1371 4501 sunt
1398 4445 1780 4517 vestigiorum
1813 4448 1943 4519 ejus

284 4531 462 4604 signa
489 4529 756 4604 diligitis,
783 4532 831 4586 si
860 4532 1149 4604 expetitis,
1178 4532 1289 4590 Deo
1333 4551 1435 4590 vos
1482 4539 1795 4606 prmeunte,
1830 4541 1943 4590 Deo

284 4634 391 4691 pro
410 4618 581 4675 vobis
611 4618 932 4691 preliante,
965 4622 1301 4677 mundetur.

331 4707 416 4763 Si
449 4706 799 4764 Machabseis
826 4707 966 4764 olim
1000 4711 1073 4765 ad
1106 4711 1423 4766 maximam
1464 4713 1683 4784 profuit
1711 4713 1945 4785 pietatis

283 4794 700 4868 laudem,quia
728 4814 832 4869 pro
863 4799 1228 4855 caeremoniis
1249 4805 1306 4854 et
1336 4800 1551 4872 templo
1583 4806 1945 4875 pugnarunt,

283 4889 342 4941 et
369 4884 563 4951 vobis,
585 4900 619 4940 o
645 4884 1220 4955 militesChristiani,
1244 4887 1500 4961 legitime
1521 4890 1859 4946 conceditur
1879 4894 1946 4946 ut

286 4989 591 5030 armorum
635 4975 831 5032 studio
880 4975 1212 5032 libertatem
1260 4977 1459 5049 patriae
1512 4979 1860 5045 defendatis,
1894 4979 1946 5034 si

287 5062 499 5119 limina
524 5062 704 5121 etiam
733 5064 1159 5136 apostolorum,
1184 5065 1273 5120 vel
1298 5073 1637 5122 sanctorum
1669 5086 1947 5141 quorum-

289 5151 459 5220 libet,
487 5154 649 5209 tanto
702 5154 914 5210 sudore
946 5154 1196 5225 petenda
1226 5155 1470 5226 putatis,
1498 5156 1641 5227 quid
1689 5173 1945 5225 crucem,

292 5240 439 5313 quid
475 5240 849 5314 sanguinem,
880 5243 1022 5315 quid
1068 5249 1517 5300 monumentum
1548 5260 1769 5314 eruere,
1803 5247 1947 5318 quid

291 5329 553 5399 visitare,
579 5330 720 5402 quid
745 5348 849 5403 pro
869 5331 965 5389 his
984 5332 1258 5389 eruendis
1280 5333 1613 5389 animarum
1637 5334 1823 5406 pretia
1842 5336 1948 5390 im-

295 5419 569 5492 pendere,
592 5419 962 5478 detrectatis?
983 5421 1244 5479 Indebila
1270 5421 1556 5479 hactenus
1583 5422 1735 5479 bella
1762 5424 1949 5497 gessi-

294 5507 425 5575 stis,
450 5507 513 5564 in
544 5511 782 5564 mutuas
814 5509 1021 5580 caedes,
1037 5527 1257 5566 vesana.
1282 5510 1593 5583 aliquoties
1622 5510 1737 5568 tela
1766 5512 1951 5569 solius

297 5594 636 5669 cupiditatis
679 5601 781 5654 aut
822 5599 1108 5671 superbiae
1156 5615 1338 5656 causa
1383 5600 1669 5669 torsistis;
1716 5617 1786 5657 ex
1832 5619 1949 5676 quo

297 5689 610 5764 perpetuos
635 5684 929 5760 interitus,
945 5691 1003 5745 et
1031 5692 1188 5750 certa
1210 5688 1605 5750 damnationis
1629 5689 1805 5750 exitia
1833 5707 1952 5752 me-

1973 4645 2020 4710 D

2044 3379 2208 3441 Deus,
2237 3381 2460 3432 certum
2519 3380 2626 3442 est,
2675 3374 2950 3446 Apostolo
3007 3374 3254 3441 dicente,
3308 3375 3462 3447 quod
3519 3374 3700 3432 sedeat

2046 3465 2117 3537 (Il
2145 3466 2317 3521 Thess.
2350 3480 2414 3532 ιι,
2449 3465 2521 3534 4),
2552 3469 2607 3518 et
2638 3463 2811 3534 juxta
2832 3463 3130 3518 .eumdem
3178 3462 3548 3535 prophetam,
3578 3467 3699 3520 tres

2046 3570 2214 3627 reges
2261 3555 2420 3624 (Dan.
2465 3568 2565 3618 v11,
2610 3553 2724 3620 24),
2760 3551 2991 3623 Egypti
3038 3551 3326 3621 videlicet,
3376 3552 3582 3607 Africa
3629 3569 3699 3608 ac

2047 3641 2372 3714 IEthiopias,
2412 3640 2568 3696 haud
2601 3640 2850 3696 dubium
2893 3638 3037 3712 quin
3085 3656 3189 3712 pro
3219 3639 3554 3696 Christiana
3582 3640 3703 3697 fide

2048 3732 2270 3804 primos
2289 3729 2623 3785 interficiat.
2642 3728 2802 3793 Quod
2827 3727 3064 3800 quidem
3086 3726 3425 3783 nullatenus
3446 3728 3571 3784 ﬁeri
3594 3745 3696 3801 po-

2046 3820 2202 3888 terit,
2234 3818 2371 3887 nisi,
2400 3819 2500 3874 ubi
2531 3834 2689 3873 nunc
2732 3817 3118 3890 paganismus
3147 3820 3254 3883 est,
3287 3816 3701 3874 Christianitas

2047 3911 2170 3966 ﬁat.
2194 3909 2251 3964 Si
2285 3925 2421 3981 ergo
2448 3907 2682 3979 piorum
2725 3905 3056 3978 praeliorum
3090 3904 3360 3961 exercitio
3387 3905 3699 3974 studentis,

2046 4002 2115 4054 ut
2142 3998 2293 4055 sicut
2323 3997 2394 4052 ab
2423 3995 2802 4068 Jerosolymis
2822 3995 2923 4050 Dei
2944 3994 3161 4050 notitiae
3193 3993 3579 4051 seminarium
3602 4010 3700 4050 ae-

2047 4086 2306 4159 eepistis,
2320 4085 2403 4140 ita
2421 4084 2541 4139 illic
2563 4088 2827 4139 mutuate
2848 4083 3296 4139 redhibitionem
3317 4082 3520 4155 gratia
3535 4082 3701 4138 resti-

2047 4177 2249 4243 tuatis,
2274 4180 2338 4230 ut
2369 4191 2471 4246 per
2505 4190 2608 4228 vos
2656 4189 2869 4229 nomen
2919 4171 3271 4228 catholicum
3322 4175 3701 4244 propagetur,

2049 4265 2203 4336 quod
2224 4262 2565 4319 Antichristi
2591 4260 3304 4333 Antichristianorumquc
3330 4260 3584 4332 perﬁdia
3608 4276 3698 4318 re-

2048 4355 2325 4426 fragetur.
2354 4351 2495 4417 Quis
2520 4368 2641 4406 non
2673 4350 2967 4421 conjicere
2986 4354 3176 4421 potest
3202 4349 3357 4420 quod
3390 4349 3569 4417 Deus,
3597 4349 3699 4422 qui

2050 4442 2458 4498 universorum
2489 4456 2651 4510 spem
2686 4438 3064 4494 exuberantia
3101 4439 3336 4494 virtutis
3363 4446 3701 4510 exsuperat,

2050 4547 2153 4603 per
2173 4527 2489 4584 scintillam
2511 4530 2762 4582 vestram
2783 4529 2957 4582 tantae
2978 4526 3333 4599 paganitatis
3354 4526 3705 4585 arundineta

2050 4620 2377 4683 consumat,
2414 4621 2479 4671 ut
2514 4616 2848 4688 rEgyptum,
2899 4615 3154 4670 Africam
3204 4614 3703 4686 ZEthiopiamque,

2053 4725 2181 4780 qua:
2212 4724 2245 4762 a
2270 4710 2479 4761 nostris
2511 4702 2873 4760 credulitatis
2903 4704 3318 4759 communione
3346 4701 3701 4769 desciscunt,

2053 4799 2211 4853 intra
2238 4796 2418 4867 hujus
2445 4794 2782 4849 rudimenta
2810 4791 2957 4863 legis
2988 4791 3266 4858 includat,
3289 4794 3349 4847 et
3372 4791 3547 4847 homo
3572 4808 3703 4864 pee-

2053 4891 2232 4953 cator,
2257 4884 2415 4939 filius
2444 4880 2786 4955 perditionis
2817 4879 3048 4953 aliquos
3079 4878 3323 4936 rebelles
3355 4878 3649 4936 inveniat?

2122 4977 2193 5031 Et
2211 4991 2343 5031 ecce
2368 4970 2740 5043 Evangelium
2761 4968 2974 5025 clamat
2998 4969 3325 5026 Jerusalem
3358 4967 3702 5026 ealcandam

2055 5083 2088 5121 a
2131 5064 2422 5136 gentibus,
2459 5062 2641 5117 donec
2683 5059 3040 5132 impleantur
3092 5060 3397 5115 nationum
3442 5063 3709 5131 tempora

2056 5156 2206 5226 (huc.
2228 5169 2345 5217 xxx,
2362 5153 2474 5224 24).
2494 5149 2768 5206 Bit‘ariam
2790 5148 3034 5220 intelligi
3052 5152 3300 5220 possunt
3315 5152 3581 5220 tempora
3600 5165 3704 5207 na-

2054 5244 2304 5309 tionum,
2318 5240 2575 5312 autquia
2591 5237 2940 5295 Christianis
2960 5238 3271 5294 dominata:
3290 5242 3430 5294 sunt
3444 5237 3515 5293 ad
3534 5235 3706 5310 placi-

2055 5338 2204 5402 tum,
2223 5336 2281 5387 et
2309 5347 2412 5403 pro
2443 5328 2571 5385 suis
2601 5327 2943 5385 libidinibus
2972 5326 3409 5400 turpitudinum
3439 5326 3706 5383 omnium

2055 5420 2362 5493 volutabra
2384 5421 2611 5475 sectatae
2634 5422 2793 5483 sunt,
2808 5421 2866 5472 et
2886 5416 2944 5472 in
2964 5417 3193 5473 cunctis
3212 5416 3309 5472 his
3330 5414 3557 5471 nullum
3580 5413 3708 5470 obi-

2057 5527 2183 5568 cem
2205 5510 2560 5573 habuerunt,
2577 5510 2816 5578 tempus
2828 5507 2984 5563 enim
3008 5524 3182 5563 suum
3198 5506 3413 5562 habere
3431 5503 3704 5561 dicuntur

2059 5600 2275 5675 quibus
2305 5599 2376 5654 ad
2406 5601 2607 5652 votum
2648 5600 2859 5652 cuncta
2887 5600 3225 5669 suppetunt,
3260 5598 3327 5650 ut
3374 5596 3465 5649 est
3508 5591 3650 5648 illud
3689 5608 3703 5647 :

2060 5692 2281 5766 Tempus
2303 5702 2483 5748 meum
2510 5687 2754 5746 nondum
2770 5684 3018 5755 advenit;
3045 5688 3254 5760 tempus
3275 5690 3454 5741 autem
3472 5688 3711 5746 vestrum
