3958 6362
285 401 403 474 579

1578 411 1647 508 β.
1693 411 1992 473 URBANI
2036 413 2088 474 ιι
2133 395 2382 478 ΡΑΡΑΞ.

3572 387 3694 468 sse

277 562 488 618 semper
509 551 764 617 paratum
793 553 870 600 est
893 546 1069 617 (Joan.
1093 561 1193 612 vn,
1215 545 1294 614 6),
1320 543 1471 599 unde
1492 549 1547 600 et
1569 543 1930 616 voluptuosis
1958 550 2012 616 Α
2044 563 2146 620 pro
2178 548 2396 604 sanctis
2449 546 2592 604 locis
2631 547 2800 620 agite,
2827 545 2982 602 unde
3029 543 3192 600 vobis
3241 541 3474 614 pietatis
3521 540 3691 595 rudi-

278 633 429 691 solet
463 633 576 690 dici
604 651 616 688 :
649 636 743 690 Vos
772 635 982 689 habetis
1012 637 1220 706 tempus
1261 637 1500 688 vestrum
1527 650 1548 687 :
1578 636 1678 687 aut
1705 649 1930 701 rursus,

277 727 546 797 tempora
575 722 884 778 nationum
916 727 1055 778 sunt
1079 721 1471 795 plenitudines
1493 721 1780 794 gentium,
1803 738 1931 794 qua

2041 641 2238 691 menta
2266 639 2574 704 venerunt;
2608 639 2742 691 ante
2771 651 2893 700 vos,
2925 633 2984 688 in
3016 649 3125 690 sua
3164 629 3318 686 bella
3347 629 3689 696 mittendos,

2040 723 2336 781 Christum
2365 726 2487 782 fore
2535 723 2880 798 signiferum
2913 720 3314 778 indubitanter
3363 716 3601 786 credite,
3633 721 3694 774 et

277 816 593 884 antequam
619 810 796 867 Israel
819 809 1016 866 salvus
1042 811 1160 878 fiat,
1181 809 1598 866 subintraturm
1620 816 1788 878 sunt;
1814 809 1933 866 haec
2041 831 2459 886 prmeursorem
2491 813 2881 869 individuum.

275 905 562 974 tempora,
588 899 798 956 fratres
827 899 1184 966 charissimi,
1215 899 1388 956 modo
1432 898 1676 955 forsitan
1722 899 1930 972 imple-

275 990 516 1056 buntur,
541 989 682 1044 dum
725 1005 830 1060 per
856 1005 979 1056 vos,
1001 987 1117 1045 Deo
1159 991 1522 1062 cooperante,
1562 1003 1928 1060 paganorum

276 1079 547 1152 potentiae
570 1076 945 1149 repellentur,
969 1081 1027 1133 et
1057 1078 1170 1134 fine
1196 1076 1389 1134 saeculi
1417 1078 1543 1148 jam
1576 1076 1924 1150 propinquo,

275 1171 331 1224 et
358 1166 404 1223 si
437 1171 638 1240 gentes
667 1165 935 1222 desinent
964 1167 1217 1222 converti
1271 1166 1342 1222 ad
1393 1165 1728 1232 Dominum,
1764 1166 1924 1238 quia,

266 1257 438 1328 juxta
475 1255 839 1328 Apostolum,
871 1259 1081 1328 oportet
1127 1255 1252 1326 ﬁeri
1305 1272 1339 1310 a
1385 1255 1492 1326 ﬁde
1545 1254 1926 1312 discessionem

273 1344 347 1417 (11
364 1345 536 1400 Thess.
557 1361 618 1412 ιτ,
636 1344 712 1415 3).
734 1343 992 1399 Primum
1014 1349 1211 1400 tamen
1231 1359 1466 1399 necesse
1487 1348 1594 1410 est,
1608 1343 1778 1414 juxta
1798 1361 1928 1416 pro-

270 1434 498 1507 phetas,
517 1439 650 1490 ante
683 1434 998 1488 adventum
1018 1432 1378 1500 Antichristi,
1403 1433 1462 1489 in
1485 1431 1603 1488 illis
1634 1433 1923 1506 partibus,

270 1527 372 1578 aut
401 1537 504 1595 per
529 1539 652 1590 vos,
694 1525 796 1577 aut
842 1537 943 1594 per
973 1538 1120 1594 quos
1170 1523 1283 1578 Deo
1322 1521 1628 1594 placuerit,
1657 1522 1920 1578 renovari

269 1611 723 1668 Christianitatis
755 1611 1089 1683 imperium,
1115 1615 1181 1666 ut
1209 1611 1473 1666 omnium
1506 1609 1793 1668 malorum
1827 1627 1920 1667 ca-

269 1704 392 1774 put,
416 1702 514 1773 qui
547 1701 764 1756 ibidem
797 1701 958 1772 regni
989 1699 1270 1756 thronum
1311 1699 1621 1754 habiturus
1650 1703 1758 1767 est,
1785 1699 1919 1755 ﬁdei

267 1789 487 1862 aliquid
521 1792 724 1844 contra
753 1790 910 1860 quod
938 1793 1156 1862 pugnet
1185 1789 1436 1862 reperiat
1465 1789 1916 1845 nutrimentum.

338 1878 596 1952 Cogitate
620 1877 819 1950 itaque
840 1879 993 1950 apud
1016 1894 1117 1933 vos
1141 1877 1294 1950 quod
1318 1895 1421 1934 vos
1442 1877 1824 1950 Omnipotens
1845 1879 1916 1935 ad

267 1967 378 2024 hoc
409 1968 654 2022 fortasse
685 1967 1002 2039 provideat,
1027 1971 1317 2039 quatenus
1335 1965 1662 2023 Jerusalem
1695 1983 1799 2038 per
1815 1984 1920 2024 vos

268 2075 304 2113 a
347 2061 511 2112 tanta
549 2055 986 2112 conculcatione
1027 2054 1316 2112 restituat.
1352 2055 1532 2128 Rogo,
1580 2055 1918 2128 perpendite

268 2145 484 2218 quibus
513 2145 788 2202 cordibus
831 2145 1046 2217 gaudia
1074 2143 1174 2200 illa
1204 2148 1478 2216 poterunt
1515 2143 1762 2217 concipi,
1785 2159 1918 2200 cum

267 2238 534 2290 sanctam
591 2231 881 2289 civitatem
934 2237 1126 2288 vestro
1193 2232 1550 2290 adminiculo
1597 2232 1918 2289 viderimus

267 2323 561 2391 suscitari,
576 2326 632 2378 et
653 2321 991 2394 prophetica
1010 2321 1228 2378 nostris
1250 2321 1632 2394 temporibus,
1651 2321 1768 2376 imo
1789 2338 1916 2376 ora-

265 2411 399 2468 cula
441 2411 658 2478 divina,
691 2409 991 2482 compleri.
1026 2409 1250 2466 Moveat
1291 2409 1634 2466 memoriam
1663 2413 1916 2466 vestram

265 2501 421 2574 quod
450 2515 587 2556 voce
619 2499 808 2573 ipsius
839 2498 1068 2556 Domini
1109 2499 1180 2554 ad
1213 2497 1532 2555 Ecclesiam
1565 2499 1780 2554 dicitur
1803 2517 1815 2554 :
1839 2499 1916 2555 Ab

266 2590 481 2646 Oriente
503 2589 767 2645 adducam
796 2605 979 2644 semen
1007 2592 1249 2650 tuum,et
1268 2588 1337 2643 ab
1372 2587 1660 2644 Occidente
1687 2604 1916 2656 congre-

262 2679 399 2748 gabo
430 2683 482 2736 te
501 2679 631 2751 (lsa.
655 2694 813 2744 xum,
835 2679 912 2748 5).
939 2678 1145 2732 Semen
1174 2681 1444 2732 nostrum
1478 2677 1634 2733 Deus
1672 2677 1918 2733 adduxit

265 2768 338 2824 ab
361 2767 614 2832 Oriente,
631 2766 770 2838 quia
794 2764 1013 2836 duplici
1036 2765 1208 2820 modo
1231 2763 1530 2820 orientalis
1559 2763 1661 2820 illa
1681 2763 1914 2836 provin-

263 2856 354 2911 cia
372 2855 557 2911 edidit
587 2853 878 2924 primitiva
909 2854 1268 2909 incrementa
1291 2853 1461 2909 nobis
1491 2852 1780 2909 Ecclesiae.
1803 2854 1914 2908 Sed

261 2944 334 3001 ab
367 2942 675 2999 Occidente
703 2957 831 2996 eam
865 2947 1200 3014 congregat,
1222 2941 1364 2996 dum
1395 2958 1498 3014 per
1525 2957 1624 2998 eos
1646 2941 1746 3013 qui
1779 2942 1914 2997 ulti-

262 3033 368 3100 mi,
387 3031 521 3087 fidei
549 3031 902 3086 documenta
930 3035 1246 3101 cmperunt,
1267 3029 1664 3086 Occidentales
1695 3031 1916 3086 scilicet

263 3120 441 3193 (quod
475 3135 578 3192 per
600 3135 722 3183 vos,
747 3121 1060 3190 praestante
1085 3119 1216 3187 Deo,
1242 3118 1364 3174 fieri
1391 3135 1558 3192 posse
1589 3121 1910 3192 putamus),

261 3206 751 3281 Jerosolymitana
781 3207 998 3262 damna
1027 3211 1332 3264 restaurat.

332 3297 393 3354 Si
413 3295 849 3369 Scripturarum
865 3313 968 3352 vos
984 3313 1100 3352 non
1119 3295 1370 3352 excitant
1385 3297 1417 3351 ἀ
1429 3296 1559 3363 icta,
1575 3313 1678 3352 nec
1705 3301 1907 3354 nostra
1935 3283 1979 3350 C

258 3390 485 3443 vestros
507 3384 736 3442 animos
756 3388 1058 3458 penetrant
1079 3386 1318 3453 monita,
1333 3386 1540 3442 excitet
1560 3386 1766 3442 saltem
1787 3404 1910 3457 vos,

261 3491 463 3531 eorum
513 3473 616 3546 qui
663 3477 865 3530 sancta
913 3472 1040 3530 loca
1091 3474 1252 3532 adire
1308 3474 1645 3531 desiderant
1700 3491 1916 3548 magna

261 3563 518 3620 miseria.
552 3562 896 3635 Perpendite
935 3580 1034 3620 eos
1083 3564 1181 3636 qui
1213 3562 1677 3637 peregrinantur,
1711 3569 1768 3620 et
1813 3581 1916 3638 per

259 3652 679 3710 Mediterranea
722 3651 863 3710 illuc
900 3653 1142 3720 vadunt,
1179 3652 1470 3726 siquidem
1521 3652 1914 3726 opulentiores

259 3745 418 3812 sunt,
470 3740 706 3816 quantis
761 3740 1279 3810 redhibitionibus,
1341 3741 1580 3814 quantis
1621 3741 1913 3798 violentiis

259 3830 584 3902 subjacent,
599 3830 738 3885 dum
763 3846 909 3903 pene
931 3846 1034 3902 per
1050 3829 1284 3904 singula
1307 3829 1584 3886 milliaria
1603 3831 1914 3904 pensiones

263 3921 570 3992 coguntur,
594 3921 652 3974 et
675 3917 897 3973 tributa
921 3919 1264 3991 dependere,
1289 3935 1392 3991 per
1421 3935 1684 3991 quasque
1713 3919 1912 3976 civita-

258 4007 336 4064 tis
365 4011 585 4080 portas,
610 4022 714 4078 per
742 4005 1118 4062 ecclesiarum
1141 4011 1198 4063 et
1225 4007 1580 4079 templorum
1610 4008 1914 4082 ingressus

260 4095 693 4169 redemptiones
741 4093 1068 4163 exsolvere;
1101 4096 1174 4152 ad
1224 4113 1490 4169 quasque
1536 4097 1606 4153 de
1652 4097 1793 4154 locis
1840 4099 1911 4154 ad

257 4184 386 4242 loca
405 4183 884 4258 demigrationes,
908 4183 1127 4240 inﬂicta
1149 4185 1410 4258 qualibet
1435 4186 1820 4255 accusatione,
1841 4188 1912 4244 ad

259 4273 718 4346 redemptionem
743 4271 1128 4345 compellere?
1149 4273 1286 4330 dare
1303 4291 1436 4330 vero
1458 4290 1704 4331 munera
1722 4276 1912 4332 detra-

258 4365 507 4422 ctantes.
535 4362 828 4434 quomodo
857 4361 1165 4434 gentilium
1200 4363 1452 4435 praefecti
1483 4365 1909 4435 consueverint,

255 4450 596 4508 verberibus
628 4451 988 4507 truculenter
1017 4451 1262 4524 urgere?
1295 4452 1442 4517 Quid
1473 4454 1544 4509 de
1573 4453 1667 4510 his
1699 4454 1910 4511 dicturi

258 4556 487 4606 sumus,
521 4540 617 4613 qui
653 4539 798 4596 nihil
851 4557 1093 4612 prorsus
1140 4540 1420 4599 habentes
1468 4543 1638 4599 nudae
1694 4544 1911 4601 fiducia

2038 1008 2214 1082 (Petri
2250 1011 2570 1078 TUDEBODI,
2601 1007 2911 1082 sacerdotis,
2951 1006 3319 1082 Suriacensis,
3343 1004 3582 1082 liistoria
3623 1001 3692 1060 de

2109 1075 2607 1154 Hierosolymitano
2622 1083 2841 1154 itinere,
2874 1079 2912 1134 l.
2945 1096 2984 1142 ι,
3009 1095 3058 1134 c.
3094 1079 3144 1147 1,
3168 1076 3324 1150 apud
3355 1075 3687 1142 Ducnssua,

2107 1153 2304 1226 Script.
2334 1152 2528 1209 Franc.
2564 1153 2658 1218 IV,
2687 1152 2842 1222 777.)

2106 1260 2356 1326 Fratres,
2385 1263 2611 1333 oportet
2639 1275 2748 1314 nos
2773 1255 2960 1313 multa
2987 1253 3105 1330 pati
3134 1271 3238 1328 pro
3263 1253 3500 1310 nomine
3521 1249 3685 1310 Chri-

2033 1349 2128 1415 sti,
2151 1348 2419 1405 videlicet
2440 1347 2708 1405 miserias
2729 1349 3160 1420 paupertatum,
3184 1341 3681 1416 persecutionum,

2031 1442 2380 1511 egestatum,
2403 1435 2836 1502 inﬁrmitatum,
2860 1433 3166 1502 nuditatis,
3185 1432 3360 1488 famis
3379 1435 3438 1487 et
3457 1431 3607 1499 sitis,
3629 1432 3689 1486 et

2030 1526 2176 1583 alias
2218 1526 2581 1598 hujusmodi,
2603 1525 2755 1581 sicut
2797 1525 2952 1581 idem
2984 1521 3270 1578 Dominus
3300 1520 3426 1578 suis
3457 1519 3556 1588 ait,
3590 1518 3687 1575 di-

2031 1633 2169 1672 cens
2199 1633 2214 1671 :
2250 1617 2466 1688 Oportet
2507 1631 2592 1671 vos
2631 1615 2754 1687 pati
2793 1629 2898 1686 pro
2945 1613 3164 1669 nomine
3191 1625 3342 1672 meo;
3372 1612 3474 1665 et‘:
3506 1608 3688 1666 Nolite

2029 1704 2338 1761 erubescere
2370 1705 2520 1777 loqui
2547 1707 2672 1760 ante
2712 1703 2880 1776 facies
2923 1701 3238 1766 hominum;
3269 1715 3365 1769 ego
3393 1713 3518 1754 vero
3546 1696 3686 1753 dabo

2026 1795 2177 1849 vobis
2205 1809 2262 1848 os
2291 1802 2343 1850 et
2370 1794 2718 1864 sapientiam,
2751 1807 2819 1848 ac
2849 1790 3124 1862 deinceps
3155 1789 3549 1861 subsequetur
3574 1801 3679 1842 vos

2026 1881 2189 1956 larga
2219 1882 2544 1938 retributio.

2781 1968 2930 2024 VIII.
3451 2029 3456 2034 ,

2054 2060 2404 2129 (Ducnesus,
2441 2060 2672 2114 Histoire
2697 2057 2763 2112 de
2793 2061 2910 2113 tuus
2939 2057 3015 2129 tes
3040 2055 3355 2111 cardinum:
3386 2054 3652 2126 francais,

2241 2137 2282 2186 t.
2317 2131 2385 2198 ΙΙ,
2407 2147 2466 2203 p.
2500 2131 2588 2196 43,
2615 2134 2672 2184 et
2701 2129 2894 2196 FRIIO,
2929 2128 3110 2184 Gallia
3132 2129 3468 2199 purpurata.

2099 2235 2494 2292 Existimastis
2524 2236 2692 2300 forte,
2723 2234 2825 2307 qui
2854 2233 2950 2290 hic
2980 2231 3087 2290 loci
3120 2231 3191 2288 ad
3223 2247 3331 2288 nos
3361 2229 3526 2288 acciti
3548 2245 3686 2286 cons

2024 2324 2288 2391 venistis,
2310 2324 2428 2380 veri
2457 2322 2792 2392 Christiani,
2813 2321 2997 2378 solam
3024 2321 3204 2377 fuisse
3226 2319 3305 2376 rei
3330 2317 3682 2376 ecclesiasti-

2027 2431 2104 2469 cae
2126 2414 2196 2470 ad
2221 2429 2484 2470 normam
2509 2408 2640 2468 fidei
2667 2411 2964 2484 religionis
2979 2409 3397 2483 componendae
3416 2423 3652 2464 causam
3663 2443 3681 2474 ,ι

2026 2519 2150 2573 quas
2177 2519 2270 2559 me
2296 2503 2366 2558 ab
2387 2501 2536 2558 Urbe
2555 2501 2752 2557 venire
2771 2498 3152 2574 compulerit;
3178 2499 3288 2554 fuit
3316 2497 3587 2570 equidem
3619 2495 3683 2552 in

2024 2608 2091 2648 eo
2121 2591 2340 2665 aliquid
2372 2607 2580 2658 causae,
2613 2590 2714 2646 sed
2758 2589 2873 2645 alia
2907 2587 3237 2661 urgentior,
3267 2591 3324 2643 et
3353 2601 3473 2658 qua
3501 2586 3694 2657 major

2025 2679 2145 2736 ulla
2203 2680 2318 2736 dici
2373 2697 2489 2736 non
2547 2679 2755 2752 possit,
2787 2693 2891 2734 nec
2951 2674 3286 2748 excogitari,
3319 2691 3427 2731 nos
3481 2673 3682 2730 traxit.

2026 2769 2244 2824 Paucos
2275 2773 2406 2825 ante
2450 2785 2656 2836 annos,
2691 2783 2835 2841 gens
2865 2783 2898 2821 a
2926 2765 3161 2822 Perside
3190 2765 3478 2838 Agarena,
3506 2777 3688 2836 quam

2025 2861 2296 2930 corrupte
2351 2862 2724 2912 Sarracenam
2783 2855 3000 2921 dicitis,
3061 2856 3328 2910 sanctam
3388 2851 3684 2908 civitatem

2023 2945 2408 3011 Hierusalem,
2455 2948 2838 3016 sanctamque
2884 2948 3095 2998 terram
3147 2941 3452 3010 invadens,
3504 2939 3681 3013 cepit,

2023 3034 2286 3107 diripuit,
2311 3034 2594 3098 incendit,
2619 3037 3060 3089 sacrosanctum
3086 3029 3318 3086 Domini
3343 3027 3682 3102 sepulcrum

2021 3124 2200 3196 (quod
2227 3123 2353 3179 sine
2393 3121 2667 3192 lacrymis
2699 3121 2891 3177 dicere
2921 3119 3261 3193 nequimus)
3283 3118 3680 3192 profanatum,

2023 3212 2236 3268 foedata
2251 3211 2424 3266 etiam
2447 3210 2700 3267 ecclesia:
2719 3209 2952 3278 sacella,
2969 3207 3306 3282 templaque
3321 3207 3470 3262 ritus
3491 3209 3680 3266 nostri

2019 3305 2122 3356 aut
2151 3299 2274 3356 solo
2297 3303 2525 3372 aequata
2544 3303 2702 3366 sunt,
2729 3302 2830 3354 aut
2864 3298 2917 3352 in
2945 3297 3218 3370 profanos
3244 3312 3392 3352 usus
3413 3309 3683 3352 commu-

2021 3393 2161 3445 tata.
2185 3388 2389 3444 Abacti
2415 3387 2552 3444 inde
2581 3385 2915 3453 Christiani,
2941 3403 3076 3460 pars
3106 3383 3353 3459 fragilis,
3377 3388 3436 3440 et
3454 3383 3680 3440 crucia-

2020 3481 2191 3534 tuum
2237 3477 2551 3550 impatiens
2609 3475 2783 3533 saluti
2831 3474 3286 3543 abrenuntiavit,
3327 3473 3678 3530 circumciso
3723 3510 3734 3522 -

2021 3567 2306 3642 praeputio
2330 3567 2480 3622 facta
2501 3570 2590 3622 est
2611 3566 2950 3632 Sarracena,
2967 3581 3126 3637 pars,
3143 3563 3206 3620 in
3237 3563 3350 3618 fide
3376 3565 3678 3628 constans,

2023 3673 2126 3730 per
2146 3657 2337 3712 varios
2362 3654 2566 3712 mortis
2587 3654 2794 3710 modos
2822 3653 3060 3710 lacerati
3088 3651 3432 3724 laniatique,
3455 3655 3522 3708 ut
3542 3649 3680 3708 felix

2022 3745 2218 3814 fuerit,
2242 3761 2417 3817 quem
2463 3743 2722 3799 carnifex
2765 3741 3014 3815 petitum
3055 3740 3249 3814 gladio
3287 3739 3676 3796 obtruncavit.

2022 3833 2296 3891 Mulieres
2315 3831 2676 3899 Christianae,
2698 3831 2754 3886 in
2779 3830 3024 3887 urbibus
3047 3829 3394 3902 oppidisque
3412 3829 3680 3902 frequen-

2021 3923 2284 3992 tissimae,
2310 3938 2458 3994 quas
2501 3938 2570 3977 ex
2611 3919 2822 3976 vestris
2860 3919 3274 3992 quorumdam,
3299 3917 3399 3990 qui
3449 3916 3674 3985 astatis,

2021 4011 2270 4067 urbibus
2300 4014 2357 4067 et
2384 4009 2616 4083 Oppidis
2647 4009 2876 4066 devotio
2897 4009 2970 4066 ad
3001 4012 3203 4064 sancta
3221 4006 3591 4080 inspicienda
3617 4010 3677 4062 et

2021 4099 2320 4156 adoranda
2347 4097 2474 4155 loca
2501 4115 2606 4172 per
2633 4102 2718 4154 tot
2745 4101 2932 4154 terras
2961 4099 3238 4163 traxerat,
3262 4094 3462 4152 omnia
3489 4110 3674 4168 passa;

2021 4193 2310 4261 suntquae
2333 4187 2493 4244 dictu
2520 4188 2792 4244 obscaena
2813 4185 3068 4242 crudelis
3087 4183 3304 4242 Christi
3324 4183 3531 4251 hostis,
3555 4199 3676 4239 non

2019 4277 2092 4333 ad
2119 4294 2288 4334 suam
2309 4276 2500 4351 magis
2520 4275 2866 4349 explendam
2895 4274 3217 4341 libidinem,
3235 4273 3391 4346 quod
3411 4271 3485 4330 ad
3507 4271 3676 4327 Chri-

2019 4366 2347 4422 stianorum
2395 4366 2650 4422 dedecus
2699 4363 3024 4437 excogitare
3056 4363 3262 4436 potuit.
3287 4361 3376 4431 Et,
3409 4361 3460 4417 si
3506 4359 3674 4417 Chri-

2019 4455 2216 4523 stiani,
2251 4455 2371 4511 imo
2401 4455 2448 4511 si
2481 4454 2589 4508 viri
2621 4453 2784 4521 estis,
2809 4469 2914 4508 nec
2935 4469 3100 4524 aequo
3121 4451 3324 4508 audire
3355 4450 3552 4506 animo
3577 4467 3675 4522 po-

2017 4545 2206 4612 testis,
2231 4561 2336 4600 nec
2367 4542 2658 4615 patienter
2683 4542 2948 4598 tolerare.
2972 4541 3034 4597 In
3057 4557 3184 4613 quae
3217 4538 3434 4608 omnia,
3457 4543 3524 4594 ut
3554 4537 3672 4595 illis

256 4630 787 4722 paupertat_is,du_m
820 4629 910 4722 nil
934 4635 1140 4722 praeter
1163 4631 1910 4722 corporevidenturhabere
1939 4656 1987 4722 Β
2019 4649 2123 4705 pro
2156 4631 2438 4706 dignitate
2482 4629 2736 4686 nominis
2772 4629 3085 4686 Christiani
3125 4629 3428 4702 providere
3453 4626 3670 4694 velitis,

257 4719 411 4791 quod
433 4719 698 4792 perdant,
722 4719 831 4774 iter
851 4717 995 4774 illud
1018 4718 1344 4792 arripiunt?
1365 4721 1508 4776 Dum
1533 4721 1605 4776 ab
1627 4722 1712 4777 eis
1731 4739 1908 4794 pecu-

257 4807 372 4874 nia,
398 4823 526 4879 quze
557 4825 672 4864 non
720 4812 827 4878 est,
861 4807 1166 4881 suppliciis
1211 4809 1594 4866 intolerandis
1632 4811 1903 4884 exigitur,

256 4897 398 4952 dum
419 4895 596 4952 callos
621 4897 871 4953 talorum
897 4914 967 4953 ne
989 4898 1132 4954 forte
1151 4899 1452 4971 quidpiam
1481 4898 1560 4954 ibi
1592 4900 1902 4968 insucrint,

255 4985 598 5040 dissecando
629 5003 693 5040 ac
737 4987 1061 5043 revellendo
1091 4987 1400 5054 rimantur,
1434 4988 1768 5057 credulitas,
1805 5007 1903 5045 ne-

256 5072 566 5130 fandorum
599 5074 670 5130 ad
703 5074 810 5132 hoc
851 5092 1036 5149 usque
1087 5076 1425 5149 perducitur
1454 5081 1518 5131 ut
1567 5093 1764 5132 aurem
1814 5077 1904 5134 vel

255 5166 563 5236 argentum
585 5163 830 5220 miseros
851 5164 1226 5221 absorbuisse
1248 5167 1542 5236 putantes,
1567 5168 1668 5220 aut
1687 5165 1822 5222 data
1842 5166 1902 5222 in

253 5255 457 5325 potum
483 5253 802 5323 scamonia,
826 5269 1015 5326 usque
1036 5253 1110 5308 ad
1130 5251 1434 5318 vomitum,
1459 5251 1546 5308 vel
1573 5253 1748 5309 etiam
1771 5271 1902 5311 eru-

253 5341 508 5414 ptionem
539 5357 638 5397 eos
668 5341 936 5398 vitalium
976 5344 1209 5412 urgent,
1238 5339 1327 5395 vel
1375 5341 1546 5408 ferro,
1583 5343 1738 5414 quod
1787 5344 1900 5400 dici

252 5429 416 5486 nefas
434 5433 544 5500 est,
559 5429 822 5486 discissis
840 5429 1162 5494 ventribus,
1186 5428 1594 5486 intestinorum
1620 5449 1900 5504 quorum-

251 5535 486 5592 cunque
515 5517 814 5575 involucra
835 5517 1256 5586 distendentes,
1282 5518 1569 5592 quidquid
1595 5520 1770 5579 habet
1796 5542 1901 5581 na-

250 5601 386 5664 tura
415 5607 640 5676 secreti,
661 5605 924 5664 horribili
949 5606 1277 5663 concisione
1309 5607 1598 5680 aperiunt.
1625 5611 1897 5685 Rccolite,

251 5710 476 5776 precor,
497 5711 698 5756 eorum
726 5694 911 5755 millia
929 5693 1031 5776 qui
1052 5695 1470 5758 detestabiliter
1498 5700 1814 5780 perierunt,
1844 5708 1900 5765 et

2018 4721 2311 4792 majorum
2333 4718 2618 4792 exempla,
2641 4719 2984 4788 maximum,
3007 4719 3163 4791 quod
3185 4717 3456 4773 imminet
3486 4715 3671 4790 negli-

2016 4809 2314 4883 gentibus,
2350 4807 2696 4880 periculum,
2729 4812 2786 4865 et
2827 4807 3201 4881 praemiorum
3231 4823 3390 4880 spes,
3419 4822 3522 4862 vos
3552 4822 3670 4862 non

2015 4899 2226 4954 ducere
2256 4897 2444 4970 magis
2477 4913 2655 4970 quam
2683 4896 2913 4952 trahere
2938 4897 3254 4952 debebunt.
3279 4893 3506 4951 Etenim
3528 4894 3670 4950 sub-

2007 4981 2198 5058 jectus
2229 4986 2524 5058 quondam
2555 4986 2952 5042 Romanorum
3000 4985 3246 5058 imperio
3299 4983 3579 5048 civitates,
3613 4987 3674 5039 et

2013 5081 2230 5130 terram
2263 5080 2524 5131 sanctam
2557 5092 2590 5130 a
2609 5074 2817 5130 Turcis
2838 5073 3291 5146 Sarracenisque
3323 5073 3541 5130 nostris
3563 5071 3669 5127 ho-

2013 5164 2204 5221 stibus
2228 5163 2532 5237 possideri,
2559 5163 2854 5220 neminem
2876 5178 3004 5219 esse
3023 5166 3284 5219 vestrum
3307 5161 3406 5234 qui
3437 5161 3668 5234 ignoret
3691 5199 3699 5204 -

2011 5258 2236 5309 certum
2293 5253 2598 5308 habemus.
2642 5253 2796 5316 Quas
2843 5267 2976 5308 vero
3024 5251 3266 5324 Europa;
3313 5249 3663 5323 provincias,

2013 5359 2160 5415 quas
2188 5343 2364 5398 urbes
2411 5341 2590 5398 iidem
2637 5345 2926 5414 premant,
2955 5345 3258 5412 occupent,
3292 5338 3665 5410 lacerentque

2011 5431 2306 5499 infideles;
2341 5430 2390 5486 si
2434 5447 2638 5486 omnes
2687 5429 2866 5486 simul
2915 5429 3220 5502 ignoratis,
3253 5428 3664 5500 unusquisque

2009 5519 2068 5576 in
2102 5537 2209 5578 sua
2240 5519 2537 5594 provincia
2566 5519 2746 5584 novit,
2778 5518 2838 5574 ni
2880 5519 3025 5574 forte
3053 5534 3177 5584 vos,
3200 5516 3350 5575 Galli
3385 5515 3663 5573 remotio-

2009 5629 2126 5681 res,
2160 5611 2280 5666 haec
2311 5625 2427 5665 non
2479 5609 2728 5679 sentitis,
2751 5607 2854 5680 qui
2899 5607 3292 5680 Hispanorum
3337 5606 3673 5688 Aquitano-_

2009 5715 2279 5778 rumque,
2304 5697 2378 5757 ab
2405 5713 2472 5755 ea
2501 5701 2672 5772 gente
2699 5711 3136 5772 oppressorum,
3161 5695 3302 5755 dum
3333 5693 3394 5754 in
3417 5693 3672 5755 servitu-
