3958 6376
171 413 277 481 581

951 417 1447 484 EPITAPHIUM
1492 410 1811 482 SIMONIS
1857 416 2168 481 COMl'I‘lS
2213 413 2792 483 CRESPEIENSIS.

3458 419 3576 488 3589

174 558 289 608 tem
323 553 652 626 rapiuntur,
685 553 746 610 in
784 554 1036 611 Africam
1091 556 1486 622 abducuntur,
1535 553 1818 609 clamores
1847 555 1902 621 Α
1939 570 2078 607 num
2111 554 2265 625 quod
2289 553 2506 609 nostris
2527 553 2889 626 temporibus
2917 555 2985 610 ad
3020 573 3259 627 parvum
3294 558 3449 615 orbis
3471 577 3576 616 an—

173 642 551 714 ejulatusque
582 642 846 715 singulos
892 661 994 716 per
1022 644 1147 699 dies
1177 644 1378 699 audire
1431 643 1675 699 debetis.
1708 642 1818 697 Sed

176 732 444 803 nunquid
473 749 597 799 vos,
630 732 925 800 Germani,
955 733 1233 799 Saxones,
1283 732 1506 799 Poloni,
1557 730 1818 798 Bohemi,

174 820 460 893 Hungari,
493 820 603 876 etsi
635 822 856 876 Turcas
905 825 962 878 et
1003 822 1354 877 Sarracenos
1403 821 1558 876 intra
1603 821 1826 876 viscera

174 910 376 966 saevire
396 915 590 966 vestra
603 911 865 966 nondum
879 911 1130 978 sentitis,
1146 927 1325 982 quam
1347 927 1380 966 a
1403 910 1567 965 vobis
1585 911 1820 975 distent,

174 999 264 1054 vel
293 999 480 1066 fretis,
512 999 599 1054 vel
631 997 977 1054 ﬂuminibus
1015 998 1340 1071 ignoratis?
1390 999 1614 1054 Italiam
1669 1014 1824 1053 nunc

175 1087 462 1160 alloquor,
497 1104 676 1160 quam
709 1087 926 1143 multos
956 1092 1089 1142 ante
1119 1103 1306 1143 annos
1337 1087 1636 1142 Sarraceni
1657 1085 1826 1140 dimi-

176 1178 333 1232 diam
365 1193 515 1249 pene
545 1181 924 1247 occuparunt,
942 1176 1002 1230 in
1021 1193 1266 1248 eamque
1283 1177 1426 1231 adeo
1447 1178 1827 1247 penetrarunt

177 1271 242 1321 ut
269 1265 738 1320 Christianorum
761 1269 954 1336 caput.
990 1265 1138 1320 Petri
1171 1265 1368 1320 sedem
1388 1265 1654 1332 Romam,
1678 1279 1829 1318 mar-

177 1359 372 1428 tyrum
403 1354 691 1426 sanguine
714 1353 905 1408 adhuc
923 1354 1553 1422 madentem,invasam
1585 1353 1826 1407 obsede-

179 1446 316 1510 rint,
351 1447 674 1516 eaptasque
690 1441 1092 1515 apostolorum
1114 1441 1262 1497 Petri
1280 1444 1336 1496 et
1361 1441 1524 1496 Pauli
1556 1439 1828 1496 basiliCas

177 1531 633 1605 iuquinaverint.
667 1531 916 1587 Venetos
930 1530 1022 1586 hic
1051 1531 1236 1598 video,
1263 1529 1579 1597 Dalmatas,
1607 1535 1662 1584 et
1682 1528 1828 1584 alios

178 1623 349 1677 sinus
380 1621 661 1675 Adriatici
693 1619 941 1686 accolas,
993 1619 1114 1691 qui,
1168 1621 1307 1673 dum
1365 1625 1642 1690 perpetua
1693 1635 1826 1671 cum

180 1708 519 1767 Sarracenis
551 1708 766 1781 praelia,
799 1712 856 1763 et
887 1725 948 1763 se
990 1711 1284 1769 tueantur,
1335 1710 1621 1772 exercent,
1673 1706 1824 1778 quod

181 1804 274 1857 est
302 1798 476 1854 Italia
507 1798 798 1870 reliquum
847 1798 1173 1852 defensant.
1224 1796 1372 1861 Quid
1419 1795 1669 1850 multis?
1721 1794 1830 1850 fuit

180 1888 468 1944 hactenus
509 1886 568 1942 in
618 1886 892 1943 extremis
939 1887 1011 1941 ad
1063 1883 1515 1957 septentrionem
1561 1884 1829 1956 partibus

181 1978 422 2049 Europa
472 1974 1181 2047 ConstantinOpolitanum
1230 1973 1543 2045 imperium
1595 1972 1738 2028 obex
1776 1976 1833 2026 et

177 2069 464 2138 tanquam
494 2082 721 2132 murus,
755 2063 854 2137 qui
885 2065 1105 2137 Turcas
1135 2066 1310 2134 atque
1323 2062 1670 2117 Sarracenos
1693 2077 1831 2116 con-

179 2154 358 2210 tinuit
388 2153 860 2227 etprohibuil,ne
889 2149 1496 2225 Hungaros,Polonos,
1521 2149 1826 2213 Bohemos,

179 2243 459 2316 ipsosque
488 2243 842 2298 Alemannos
874 2241 1086 2314 primo,
1122 2239 1330 2294 deinde
1361 2243 1601 2294 caeteros
1623 2238 1828 2292 obrue-

176 2335 310 2388 rent
340 2331 724 2388 Cbristianos.
773 2329 984 2386 Pulsus
1038 2345 1173 2384 vero
1217 2331 1348 2383 ante
1397 2343 1613 2398 paucos
1645 2341 1829 2380 annos

171 2422 314 2477 Asia
341 2421 681 2494 imperator,
715 2420 785 2475 de
813 2419 1133 2475 retinendis
1165 2414 1830 2487 Constantinopolitanis

171 2511 416 2583 Europae
449 2510 787 2582 regionibus
839 2509 1084 2563 laborat.
1121 2507 1181 2561 Si
1233 2521 1390 2560 nunc
1437 2520 1504 2560 ea
1535 2502 1828 2574 respicitis

173 2599 675 2670 consideratisque
706 2597 832 2653 sola
870 2614 998 2669 quae
1051 2601 1184 2651 ante
1214 2593 1413 2650 oculos
1465 2597 1622 2659 sunt,
1676 2592 1723 2647 si
1751 2592 1827 2646 ir-

173 2689 402 2743 ruituro
461 2688 614 2743 brevi
677 2689 876 2742 Turcae
908 2690 964 2739 et
1019 2686 1337 2740 Sarraceno
1392 2681 1676 2737 obsistere
1709 2697 1824 2735 non

172 2775 437 2849 pergitis,
488 2776 586 2848 qui
635 2792 869 2832 sacrum
940 2771 1166 2827 Domini
1217 2769 1571 2842 sepulcrum,
1619 2785 1824 2824 sanam

171 2865 312 2921 Jesu
343 2864 556 2920 Christi
584 2869 799 2919 terram
827 2861 1071 2934 pedibus
1095 2859 1490 2915 conculcatam
1516 2875 1549 2912 a
1566 2858 1826 2929 spurcis-

173 2955 330 3010 sima
359 2955 527 3026 gente
547 2958 632 3008 tot
657 2949 1150 3022 annosinquinari
1168 2946 1525 3019 neglexistis,
1557 2948 1822 3002 eamdem

171 3042 234 3098 in
265 3047 526 3098 vestrum
559 3045 732 3112 caput
761 3040 978 3093 irruere
1009 3037 1163 3092 brevi
1197 3035 1480 3104 sentietis,
1525 3040 1824 3090 matronas

171 3147 206 3186 a
235 3129 540 3201 complexu
569 3135 783 3193 vestro,
802 3131 1023 3181 vestras
1054 3125 1331 3196 virgines,
1352 3124 1425 3177 ab
1441 3139 1642 3178 earum
1665 3124 1819 3190 sinu,

168 3235 384 3290 pueros
415 3222 472 3273 et
523 3216 920 3272 adolescentes
970 3219 1188 3270 vestros
1229 3214 1285 3267 in
1337 3212 1678 3268 servitutem
1725 3228 1818 3266 vo-

1943 641 2147 713 gulum
2182 643 2578 715 coangustari,
2607 646 2664 698 et
2707 645 2965 715 quotidie
3003 646 3074 700 de
3103 645 3322 702 excidio
3352 649 3578 718 pericli-

1928 730 2039 784 tari
2067 730 2358 798 videmus,
2383 731 2492 786 Sed
2510 731 2928 803 propinquiora
2948 734 3226 805 attingam
3237 736 3578 805 us,Carolus

1932 818 2066 885 iste,
2119 823 2506 892 cognomento
2538 836 2789 892 magnus
2831 827 3037 888 vester,
3089 826 3381 891 Germani,
3434 843 3578 899 pene

1932 906 2085 961 avita
2113 907 2371 978 origine:
2404 908 2626 974 Vester,
2656 909 2880 978 Franci,
2915 927 3030 978 rex,
3062 917 3319 969 vestrum
3370 915 3578 988 ingens

1933 995 2130 1061 decus,
2167 996 2477 1068 Hispaniae,
2501 997 2823 1069 Aquitaniae
2855 1005 2910 1054 et
2927 1000 3069 1071 ipsis
3089 1003 3340 1058 Francia:
3363 1005 3578 1062 finibus

1933 1083 2340 1140 incumbentes
2354 1087 2703 1142 Sarracenos
2722 1087 2776 1142 in
2787 1089 2950 1143 ﬁnita
2964 1090 3297 1147 mortalium
3313 1094 3580 1149 examina

1934 1173 2280 1228 deturbavit.
2314 1175 2553 1230 Carolus
2583 1180 2930 1232 Sarracenos
2954 1179 3118 1236 Italia
3156 1181 3172 1251 (
3183 1185 3246 1237 ut
3294 1183 3451 1238 fama
3478 1200 3579 1240 vos

1933 1261 2205 1334 vulgatis)
2237 1266 2393 1317 terra
2423 1267 2625 1318 sancta
2675 1264 3194 1340 Hierosolimisque
3240 1271 3477 1342 expulit.
3515 1273 3578 1327 Et

1935 1365 2050 1420 quo
2077 1349 2366 1404 audebitis
2395 1355 2562 1420 pacto
2586 1351 2858 1421 posthaec
2878 1353 3088 1419 dicere,
3121 1355 3305 1411 solam
3337 1375 3464 1414 esse
3492 1359 3580 1415 vel

1936 1436 2276 1509 primariam
2306 1443 2540 1510 gentem
2574 1439 2898 1503 Franciam,
2931 1459 3105 1512 quam
3137 1460 3267 1500 vere
3299 1446 3582 1503 Christia-

1936 1543 2070 1580 nam
2105 1525 2392 1598 appellare
2412 1525 2601 1594 liceat,
2636 1527 2682 1582 si
2714 1528 2770 1582 in
2786 1545 2852 1583 ea
2879 1545 3004 1600 quae
3025 1532 3189 1587 vobis
3219 1534 3401 1602 adest,
3434 1553 3579 1609 opuo

1935 1614 2132 1680 lentia,
2167 1617 2515 1670 Sarracenos
2537 1621 2592 1670 et
2621 1618 2860 1683 Turcas,
2897 1624 3273 1692 postcaptum
3309 1623 3579 1696 inquina-

1937 1707 2182 1774 tumque
2217 1703 2440 1757 Domini
2474 1720 2703 1759 sacrum
2755 1707 3112 1776 sepulcrum,
3163 1711 3358 1784 populi
3402 1714 3578 1770 etiam

1935 1791 2266 1847 Christiana
2296 1792 2573 1862 reliquias
2604 1795 2730 1864 capi
2762 1795 3128 1868 opprimique
3159 1815 3261 1870 per
3287 1801 3579 1872 ignaviam

1941 1880 2362 1961 permiseritis?
2411 1882 2913 1952 Expergiscimini,
2956 1886 3338 1959 obtestamur,
3385 1895 3443 1946 et
3481 1907 3584 1963 per

1939 1968 2162 2024 viscera
2192 1969 2603 2025 misericordias
2631 1971 2727 2026 Dei
2763 1975 2945 2028 nostri
2977 1991 3236 2047 oramus,
3268 1978 3372 2034 viri
3406 1981 3582 2036 fortes

1939 2057 2063 2113 orbi
2095 2058 2425 2114 Christiano
2445 2060 2774 2131 exemplum
2792 2062 3358 2140 incitamentumque
3378 2069 3580 2138 futuri,

1938 2163 2103 2202 arma
2160 2147 2367 2216 capite,
2400 2151 2644 2214 turmas,
2681 2150 2973 2220 cohortes,
3022 2152 3280 2226 legiones
3330 2157 3580 2228 educite,

1939 2239 2057 2291 tam
2104 2236 2322 2291 multos
2371 2236 2625 2291 habituri
2685 2255 2986 2309 sequaces,
3043 2258 3218 2314 quam
3249 2243 3306 2299 id
3356 2246 3582 2302 ardenti

1939 2324 2134 2378 animo
2169 2326 2354 2380 facere
2380 2326 2719 2380 ostendetis.
2753 2329 2952 2382 Aderit
2998 2331 3164 2386 vobis
3213 2334 3582 2405 omnipotens

1938 2413 2112 2475 Deus,
2138 2412 2377 2485 angelos
2407 2430 2546 2468 suos
2577 2418 2710 2468 ante
2743 2413 2946 2470 faciem
2984 2422 3260 2487 vestram,
3294 2422 3392 2492 qui
3447 2422 3583 2476 diri-

1935 2507 2076 2572 gant
2105 2517 2343 2573 gressus
2373 2507 2614 2568 vestros,
2651 2502 2792 2557 cmlo
2836 2505 3108 2561 dimittet.
3159 2508 3358 2580 Capite
3406 2510 3584 2582 igitur

1935 2595 1992 2645 et
2022 2590 2259 2660 arripite
2273 2606 2454 2657 arma,
2488 2590 2821 2662 Christiani,
2843 2593 3213 2650 Dominieum
3245 2596 3579 2668 sepulcrum

1908 2678 2260 2744 .liberaturi,
2297 2679 2354 2732 in
2387 2695 2501 2750 quo
2533 2696 2737 2736 omnes
2766 2686 3038 2738 aeternam
3072 2684 3236 2740 vobis
3276 2702 3581 2758 compara-

1933 2769 2072 2823 bitis
2102 2767 2508 2839 gloriam,tum
2541 2768 2713 2824 etiam
2731 2786 2924 2824 rerum
2953 2772 3181 2829 saeculis
3211 2773 3581 2848 incompara-

1933 2856 2081 2912 biles
2093 2857 2326 2911 divitias
2351 2857 2655 2928 parabitis.
2679 2859 2794 2914 Nos
2811 2858 3058 2932 denique
3079 2863 3150 2918 de
3180 2863 3583 2921 misericordia

1934 2946 2054 3012 Dei,
2091 2946 2392 3000 beatorum
2430 2946 2574 3002 Petri
2634 2952 2692 3002 et
2722 2946 2886 3002 Pauli
2949 2951 3296 3008 auctoritate
3353 2954 3579 3020 confisi,

1935 3034 2207 3090 fidelibus
2232 3034 2600 3101 Christianis,
2647 3037 2748 3107 qui
2797 3043 2998 3092 contra
3045 3057 3304 3112 paganos
3355 3058 3583 3097 venera-

1934 3123 2075 3178 bilia
2104 3123 2230 3178 loca
2260 3123 2601 3194 hujusmodi
2641 3126 2970 3183 detinentes
2998 3145 3161 3184 arma
3193 3131 3581 3202 susceperint,

1929 3216 2170 3267 cunctas
2202 3212 2313 3267 sibi
2349 3229 2451 3283 pro
2491 3212 2717 3269 delictis
2763 3215 2886 3270 suis
2936 3217 3310 3287 poenitentias
3359 3219 3579 3276 relaxa-

165 3287 398 3363 biscum
427 3306 555 3379 rapi
585 3305 848 3361 dolentes
875 3303 1186 3374 mmstique
1206 3302 1497 3357 videbitis.
1525 3300 1732 3356 Melius
1765 3306 1820 3356 et
1851 3287 1893 3353 C
1935 3317 2089 3356 mus.
2123 3301 2358 3356 Interim
2395 3318 2547 3365 vero,
2597 3317 2696 3356 eos
2727 3304 2825 3374 qui
2879 3305 3085 3360 ardore
3135 3306 3268 3361 ﬁdei
3319 3306 3578 3364 laborem

165 3395 376 3467 majori
408 3412 542 3450 cum
574 3393 760 3467 gloria
803 3393 985 3448 nostri
1031 3391 1432 3463 progenitores
1481 3390 1814 3444 inchoatam

165 3486 362 3542 Romae
390 3491 447 3541 et
476 3485 535 3540 in
570 3483 733 3539 Italia
763 3488 820 3538 et
850 3499 951 3554 per
996 3482 1284 3552 Europam
1343 3478 1708 3551 dignitatem,
1741 3479 1813 3534 ad

157 3575 344 3633 totius
382 3573 542 3630 orbis
573 3572 972 3628 monarchiam
996 3569 1346 3627 extulerunt.
1370 3585 1470 3640 per
1499 3569 1669 3638 cujus
1691 3584 1814 3623 om-

164 3682 270 3721 nes
300 3663 628 3738 provincias
654 3667 711 3719 et
741 3662 1004 3734 regiones
1037 3677 1246 3716 nomen
1297 3659 1492 3715 ﬂoruit
1536 3657 1816 3714 Christia-

1925 3390 2102 3445 istum
2138 3389 2545 3460 assumpserit,
2593 3392 2704 3446 sub
2755 3391 3019 3448 Ecclesiae
3072 3395 3342 3450 Romanae
3393 3403 3580 3469 prote-

1926 3479 2134 3545 ctione,
2162 3484 2441 3549 tanquam
2477 3493 2618 3533 verse
2649 3479 2991 3535 obedientize
3015 3482 3164 3538 filios
3193 3484 3572 3556 suscipimus,

1926 3573 1983 3624 et
2034 3569 2108 3623 ab
2157 3568 2444 3623 universis
2493 3568 3017 3639 inquietationibus
3065 3577 3184 3628 tam
3217 3573 3276 3629 in
3328 3591 3579 3647 persona

1927 3673 2103 3729 quam
2126 3657 2186 3712 in
2218 3658 2393 3713 rebus
2424 3657 2740 3714 statuimus
2773 3675 3005 3715 manere
3037 3677 3297 3717 securos.

1269 4033 1953 4121 EPITAPHIUM
2015 4031 2469 4166 SIMQNIS

1455 4229 1742 4285 COMITIS
1782 4228 2048 4285 CRESPE
2057 4227 2285 4284 IENSIS

645 4401 922 4474 Scriptum
953 4403 1014 4457 in
1034 4400 1326 4476 pyra-mide
1355 4399 1619 4473 ejusdem,
1649 4416 1683 4454 α
1713 4397 1906 4454 domno
1932 4415 2078 4470 papa
2111 4398 2344 4466 Urbano,
2376 4407 2724 4470 cognomento
2758 4399 2936 4456 Odone
2966 4400 3097 4472 (66).

158 4751 363 4806 Simon
395 4748 621 4805 habens
654 4765 888 4816 nomen,
928 4751 1215 4822 majorum
1245 4749 1535 4822 sanguine
1566 4747 1743 4814 claro,

230 4843 589 4894 Francorum
622 4855 948 4910 procerum,
981 4855 1115 4910 pars
1137 4853 1242 4910 ego
1277 4853 1489 4910 magna
1523 4838 1624 4892 fui.

160 4926 528 4998 Paupertatis
559 4943 786 4992 amans,
818 4927 1065 4998 patriam
1101 4927 1505 4997 mundumque
1537 4926 1764 4999 reliqui,

229 5015 530 5071 Christum
561 5015 779 5071 divitiis
812 5016 1086 5071 omnibus
1118 5016 1465 5070 anteferens.

161 5104 300 5160 Post
330 5105 402 5160 ad
435 5105 812 5177 apostolicam
846 5103 1097 5160 ccelestis
1130 5102 1409 5176 principis
1440 5103 1635 5159 aulam

235 5193 501 5250 Eximius
529 5194 677 5250 tanti
710 5209 800 5249 me
837 5192 1020 5267 patris
1051 5194 1172 5266 egit
1202 5209 1386 5248 amor.

161 5283 288 5348 Quo
318 5283 466 5338 duce
495 5299 832 5355 promerear
858 5283 1098 5338 tandem
1131 5299 1306 5354 super
1338 5286 1496 5338 astra
1524 5281 1738 5337 levari:

303 5371 580 5443 Hospitor
608 5371 704 5427 hic
734 5387 930 5428 sacras
961 5371 1234 5427 conditus
1264 5375 1398 5427 ante
1428 5371 1597 5427 fores.

227 5550 342 5622 (66)
374 5549 525 5623 Illud
548 5549 921 5623 epitaphium
951 5550 1200 5623 habetur
1223 5551 1416 5623 etiam
1449 5550 1505 5605 in
1538 5551 1664 5606 cod.
1697 5567 1812 5606 ms.

151 5621 500 5678 menasterii
534 5621 1068 5678 Clarimariscensis
1099 5622 1158 5679 in
1190 5621 1462 5679 Flandria
1491 5638 1626 5678 cum
1656 5623 1811 5693 ejus-

149 5693 293 5756 dem
325 5693 586 5755 Simonis
613 5693 768 5753 Vita.
803 5693 1022 5755 Verum
1062 5709 1164 5753 sex
1209 5711 1412 5755 versus
1462 5693 1813 5772 posteriores

1848 4749 1894 4813 D
1926 4745 2076 4802 Olim
2111 4747 2264 4802 facta
2295 4746 2475 4818 patris
2509 4764 2792 4802 renovans
2823 4746 3136 4802 dictamine
3168 4746 3363 4803 fratris

1927 4835 2244 4907 Discipulis
2277 4851 2542 4891 normam
2579 4836 2783 4908 scripsi
2818 4840 2926 4890 sub
2960 4853 3213 4910 paupere
3246 4837 3464 4905 forma;

1926 4925 2033 4979 Sed
2068 4925 2205 4996 quia
2235 4943 2338 4980 nec
2369 4925 2591 4997 spernit
2622 4925 2776 4981 Deus
2806 4925 2948 4992 haec,
2981 4943 3083 4981 nec
3118 4927 3485 4999 pauperiora,

1924 5014 2189 5068 Ostendit
2213 5015 2458 5087 Moyses,
2487 5015 2645 5086 operi
2680 5015 2961 5087 capiendo
2995 5015 3238 5072 minora.

1928 5105 2115 5167 Quare
2145 5102 2418 5158 lectorem
2450 5104 2692 5176 cupiens
2723 5102 3151 5172 auxiliatorem,

1923 5191 2011 5249 Me
2042 5191 2196 5264 legat
2217 5192 2516 5247 absentem
2553 5209 2726 5264 posco
2757 5191 2971 5248 virtute
3003 5197 3316 5250 carentem.

1922 5549 2196 5625 videntur
2217 5549 2640 5625 esse‘auctoris
2692 5548 2852 5625 Vitae,
2891 5550 2990 5625 qui
3039 5566 3139 5607 eos
3183 5549 3474 5625 prioribus
3505 5550 3576 5606 ab

1926 5621 2156 5680 Urbano
2187 5620 2460 5694 pontifice
2491 5620 2663 5680 editis
2695 5620 2980 5694 adjunxit.
