3958 6358
423 313 538 376 587

1155 312 1343 375 sese.
1388 311 1465 375 XI
1510 313 1739 378 AUCT.
1786 315 2104 379 INCERTI
2150 315 2340 381 ANNI
2384 318 2488 382 ET
2530 318 2831 384 SCRIPT.
2882 329 3104 380 ama.
3155 281 3164 290 ’

3708 321 3831 385 588

422 446 652 528 publica
682 449 716 501 ὸ.
743 447 991 528 Treves;
1013 445 1057 501 ll
1087 445 1394 528 les.in_s<_§ra
1422 448 1629 528 depuis
1653 449 1808 528 dans
1835 452 2394 528 son_ouvrage_des_
2414 453 2598 528 Saints
2620 462 2701 528 __et
2744 457 3041 528 antiquitas
3091 455 3182 511 de:
3231 442 3437 526 Vosges,
3469 414 3746 528 imprime
3768 414 3775 417 ι
3797 460 3834 514 a

418 518 623 588 Epinal
653 534 725 573 en
757 517 915 573 I631.
951 517 1223 586 Francois
1253 517 1670 590 Riguetﬁrend
1744 522 1902 577 τόνοι
1930 521 2001 577 de
2030 517 2348 589 Sain't-Dié,
2380 523 2466 580 les
2495 524 2697 596 publia
2726 529 2760 582 ὲ
2788 517 2894 582 son
2926 531 3077 595 tour,
3109 544 3180 583 en
3229 517 3383 594 1679,
3417 517 3523 584 sur
3556 517 3833 586 l’edition

421 589 493 643 de
524 589 742 645 Nancv.
774 589 942 643 Enﬁn
971 588 1056 644 les
1088 605 1460 645 suceesseurs
1487 536 1559 645 ΞΘ
1589 537 1903 645 Bollgndus
1934 592 2017 645 les
2047 598 2150 645 oni.
2178 594 2401 645 donnés
2426 612 2530 645 sur
2559 595 2853 645 nlusiaurs
2886 598 3261 645 manuum-its-
3295 597 3677 645 nnllatinnnén
3717 617 3832 645 an:

421 589 742 661 deNancy.
774 589 942 661 Enfln
971 588 1056 644 les
1088 588 1460 645 successeurs

1528 592 1903 667 e_B_o_llandus
1934 592 2017 648 les
2047 598 2150 648 ont
2178 594 2401 650 donnés
2426 592 2530 651 sur
2559 595 2853 667 plusieurs
2885 592 3261 666 manuscrits,
3295 592 3677 656 collationnés
3717 617 3836 657 aux

418 659 674 715 editions
693 659 1099 732 'précédentes,
1132 664 1189 716 et
1218 660 1301 717 les
1325 665 1427 717 ont
1455 661 1710 719 enrichis
1729 663 1800 718 de
1831 668 2098 721 savantes
2129 671 2295 720 notes
2325 671 2382 721 et
2411 659 2811 724 observations
2850 659 3299 740 préliminaires.

419 812 3291 850 m

3293 820 3829 851 Im:

1426 958 1688 1045 VITA
1751 959 2078 1047 SANC'I
2110 962 2148 1045 Ι
2205 962 2841 1050 HILDULPHI

986 1160 1304 1218 EPISCOPI
1341 1160 1806 1219 TREVIRENSIS
1844 1162 1937 1218 ET
1977 1161 2437 1221 FUNDATORIS
2480 1165 3259 1224 MEDIANI-MONASTERII

1696 1340 1977 1414 (MARTEN.
2010 1342 2205 1399 Anecd.
2239 1342 2335 1413 ΙΙΙ,
2364 1342 2549 1414 4093.)

1915 1527 2312 1539 -———_-—

949 1648 1181 1705 CAPUT
1220 1648 1527 1704 PRIMUM.

490 1794 551 1847 S.
587 1790 814 1861 Hildulﬁ
855 1791 1176 1863 primordia.
1227 1822 1292 1831 -—
1344 1792 1672 1863 [Quoniam]
1730 1792 2068 1864 quicunque

423 1880 700 1954 baptizati
760 1879 1059 1936 Christum
1113 1879 1303 1936 induti
1361 1884 1497 1935 sunt
1548 1880 1688 1951 (Gal.
1740 1897 1814 1946 ιν,
1870 1882 1982 1952 27),
2011 1886 2067 1936 et

423 1969 822 2025 haereditatem
854 1968 1049 2024 animo
1081 1968 1453 2041 suspirarunt
1482 1973 1704 2024 aeternae
1742 1967 1969 2037 salutis,
2003 1974 2068 2025 ut

424 2057 742 2130 aliquando
773 2056 934 2113 illam
964 2056 1219 2114 valerent
1246 2058 1646 2130 consequi,usi
1678 2062 1817 2113 sunt
1845 2056 2067 2114 lumine

421 2146 722 2203 charitatis
751 2163 852 2218 per
876 2163 1052 2218 quam
1086 2146 1293 2202 unicus
1325 2147 1426 2202 Dei
1472 2145 1673 2215 Filius,
1721 2163 1854 2202 cum
1904 2146 2066 2202 solus

420 2241 578 2292 esset
609 2236 665 2291 in
700 2252 875 2309 regno
908 2234 1092 2291 Patris
1123 2236 1344 2301 aeterni,
1376 2239 1442 2290 ut
1473 2234 1800 2291 coheredes
1827 2235 2067 2292 haberet

421 2325 711 2393 homines,
764 2326 972 2397 fratres
1020 2324 1131 2380 sibi
1182 2324 1498 2397 adoptavit,
1548 2324 1764 2395 quibus
1794 2324 1853 2379 in
1891 2324 2065 2380 domo

420 2413 608 2468 Patris
638 2413 729 2469 sui
755 2414 1090 2470 mansiones
1121 2412 1537 2469 collocaret.Ad
1563 2412 1711 2467 hanc
1741 2428 1876 2485 ergo
1908 2412 2064 2468 festi-

424 2507 652 2569 nantes,
684 2503 839 2560 viros
867 2502 966 2558 Dei
998 2502 1153 2558 solos
1192 2500 1386 2557 venire
1424 2500 1651 2573 puduit,
1685 2517 1817 2556 cum
1851 2501 2068 2558 scirent

421 2606 521 2647 eos
551 2591 650 2664 qui
682 2607 885 2648 secum
915 2590 1063 2647 alios
1094 2588 1391 2645 traherent
1417 2593 1635 2645 certam
1658 2605 1894 2645 manere
1914 2606 2066 2645 mer-

419 2681 791 2749 cedem,adeo
820 2684 886 2735 ut
914 2696 1029 2752 quo
1059 2677 1258 2751 plures
1276 2678 1642 2745 veherent,eo
1683 2677 1887 2750 majori
1922 2695 2065 2750 pra;-

419 2771 536 2825 mio
567 2765 1127 2836 cumularenturﬁsi
1156 2765 1258 2822 illa
1286 2766 1673 2834 attestatione,
1717 2783 1835 2838 qua
1865 2782 2067 2824 servus

416 2858 515 2927 ille
543 2857 938 2932 evangelicus,
969 2854 1254 2912 talentum
1281 2854 1392 2910 sibi
1423 2855 1710 2911 creditum
1741 2871 1876 2911 cum
1903 2855 2066 2912 lucro

417 2948 696 3015 referens,
733 2946 947 3018 gaudio
974 2944 1191 2999 domini
1225 2944 1318 3000 sui
1348 2944 1600 2999 donatus
1630 2947 1738 3000 est.
1769 2945 1852 3000 Ad
1885 2944 2064 3016 hujus

2092 1654 2147 1719 Α
2175 1650 2442 1707 videlicet
2469 1652 2518 1708 si
2551 1653 2622 1707 de
2655 1652 2858 1708 mundi
2891 1652 3134 1710 scientia
3163 1654 3468 1727 quidpiam
3507 1655 3829 1730 attigerint,

2174 1738 2309 1794 inde
2339 1740 2448 1795 iste
2478 1741 2668 1796 adhuc
2702 1741 2863 1797 bonae
2894 1740 3109 1797 indolis
3138 1758 3304 1815 puer,
3335 1743 3612 1800 omnibus
3642 1745 3831 1811 excel:

2174 1827 2384 1884 lentior
2416 1829 2685 1894 factus,in
2711 1829 2834 1886 dies
2855 1830 3194 1902 proﬁciebat
3215 1832 3438 1904 integer
3458 1833 3530 1888 ab
3552 1833 3647 1890 his
3671 1835 3836 1891 vitiis

2176 1918 2392 1990 quibus
2413 1919 2693 1987 juvenilis
2724 1924 2861 1976 aetas
2895 1919 3258 1993 implicatur;
3293 1922 3434 1977 dum
3467 1923 3627 1979 enim
3660 1924 3836 1980 multi

2175 2006 2382 2062 talium
2417 2008 2829 2064 controversiis
2862 2008 3213 2074 forensibus,
3237 2008 3335 2065 alii
3366 2009 3525 2067 ludis
3545 2010 3837 2084 multipli-

2174 2093 2359 2161 cibus,
2394 2095 2517 2160 alii,
2550 2094 2685 2150 licet
2730 2096 3049 2152 admodum
3104 2097 3241 2164 rari,
3295 2098 3353 2153 in
3406 2098 3836 2172 investigandis

2175 2183 2543 2238 siecularium
2577 2184 2747 2239 nobis
2778 2182 3246 2257 disciplinarum,
3292 2185 3499 2242 intenti
3550 2187 3833 2260 obstupe-

2174 2274 2360 2333 scant.
2380 2270 2476 2326 hic
2506 2272 2747 2344 pervigil
2778 2273 2835 2326 in
2868 2272 3251 2340 orationibus,
3292 2274 3569 2332 assiduus
3590 2275 3832 2332 lectioni

2172 2364 2315 2427 erat,
2349 2364 2524 2431 atque
2556 2360 2708 2415 ultra
2733 2360 2887 2417 vires
2912 2362 3190 2434 operibus
3222 2362 3602 2420 misericodiae
3636 2364 3832 2420 inten-

2174 2451 2272 2503 tus
2304 2464 2643 2504 succurrere
2702 2448 3125 2517 laborantibus,
3159 2466 3328 2523 opem
3395 2452 3542 2507 ferre
3604 2454 3830 2524 egenis,

2175 2535 2408 2591 miseris
2441 2537 2714 2593 assistere
2744 2537 3042 2610 diligebat.
3075 2537 3306 2594 Talium
3354 2555 3491 2612 ergo
3538 2540 3831 2597 virtutum

2172 2623 2553 2680 incrementis
2583 2625 2723 2698 quid
2769 2626 3003 2682 futurus
3052 2630 3252 2698 pastor
3300 2626 3564 2684 Ecclesia
3614 2628 3835 2686 faceret

2174 2713 2665 2784 permonstra'oat.

2828 2826 3061 2884 CAPUT
3102 2828 3170 2884 II.

2245 2942 2338 2995 Fit
2369 2941 2599 2997 clericus
2627 2958 2726 2999 nec
2773 2944 2941 2999 multo
2983 2948 3108 3015 post
3147 2944 3459 3003 monachus.
3496 2974 3567 2987 -
3598 2946 3833 3005 Interea

417 3039 615 3109 itaque
663 3034 861 3108 gaudii
912 3032 1262 3089 ineffabilem
1313 3030 1679 3087 dulcedinem
1732 3030 1829 3088 ille
1876 3033 2065 3089 bonus
2097 3019 2143 3085 Β
2174 3029 2858 3087 moribusecclesiasticis
2880 3032 3246 3089 assuefactus
3260 3034 3414 3107 apud
3430 3036 3633 3091 urbem
3650 3035 3833 3110 vulgo

418 3126 588 3181 Pater
611 3122 864 3180 familias
895 3138 1098 3178 omnes
1124 3120 1321 3179 volens
1352 3120 1737 3189 introducere,
1766 3121 1966 3178 missis
2005 3121 2065 3177 in

423 3211 713 3268 mundum
747 3210 929 3267 servis
962 3211 1109 3277 suis,
1140 3215 1380 3266 cunctos
1411 3208 1684 3281 praecepit
1704 3209 1955 3278 invitari,
1984 3214 2065 3277 et,

423 3319 497 3359 ne
527 3301 587 3356 in
619 3300 711 3357 via
760 3301 1072 3356 deﬁcerent
1117 3304 1217 3354 aut
1259 3302 1538 3365 errarent,
1589 3297 1781 3355 tritico
1828 3298 1960 3354 vita:
2008 3303 2066 3355 et

421 3392 692 3465 lampade
722 3390 1024 3448 charitatis
1054 3388 1298 3463 geminze
1325 3387 1664 3455 sustentari;
1682 3402 1934 3461 cumque
1954 3388 2065 3445 hoc

420 3482 589 3538 Omni
599 3480 853 3554 potentis
881 3477 1169 3536 divinitati
1199 3476 1299 3532 diu
1322 3493 1492 3549 agere
1512 3474 1915 3548 placuisset,ut
1935 3493 2065 3532 con-

416 3571 601 3628 servis
631 3572 757 3628 suis
786 3587 892 3627 suo
923 3568 981 3623 in
1014 3572 1274 3640 tempore
1323 3565 1449 3621 trici
1491 3581 1829 3621 mensuram
1860 3580 2061 3639 eroga-

415 3665 521 3728 ret,
555 3660 625 3717 ad
655 3659 913 3717 laborem
948 3656 1248 3731 praesentis
1293 3654 1421 3710 vitae
1472 3653 1735 3708 futurum
1768 3658 2059 3726 pastorem

412 3768 514 3824 po;
534 3749 667 3818 ulis,
718 3746 1101 3819 Hildulphum
1150 3743 1407 3810 nomine,
1431 3741 1616 3813 jussit
1663 3742 1915 3814 prodire,
1960 3743 2060 3815 qui

410 3840 565 3896 claro
595 3838 937 3894 Nerviorum
968 3851 1176 3908 genere
1206 3838 1393 3894 ortus,
1425 3830 1578 3887 inter
1609 3829 1905 3887 scholares
1934 3830 2058 3888 alas

408 3946 587 3985 sacrae
620 3926 840 3982 militia:
870 3924 1047 3981 alitus
1079 3908 1186 3979 est.
1215 3922 1402 3993 [Circa
1431 3919 1590 3975 illius
1622 3918 1898 3991 temporis
1927 3925 2058 3976 asta-

405 4022 525 4073 tem
560 4013 913 4073 Garibaldus
958 4011 1195 4084 regebat
1240 4008 1505 4064 eamdem
1545 4007 1909 4073 Noricorum,
1945 4008 2054 4065 hoc

404 4110 494 4162 est
551 4102 951 4168 Bavariorum,
1009 4102 1262 4172 gentem,
1324 4096 1495 4167 cujus
1555 4094 1759 4165 ﬁliam,
1817 4097 2054 4154 nomine

402 4187 1163 4262 Trudelindatn,Agilulfus,
1181 4202 1278 4241 rex
1306 4183 1844 4256 Longobardorum,
1878 4186 2048 4241 sorti-

398 4287 496 4339 tus
529 4282 717 4338 fuerat
746 4275 1201 4346 uxorem.llujus
1230 4273 1406 4329 etiam
1435 4270 1646 4345 Agiluﬁ
1678 4272 1750 4328 ad
1793 4274 2047 4331 obsidio-

2174 3116 2556 3192 Regensburg
2583 3120 2660 3191 (2)
2690 3119 2906 3175 dictam
2947 3119 3254 3178 clericatus
3303 3122 3521 3179 honore
3571 3124 3831 3183 donatus

2173 3210 2281 3261 est.
2315 3206 2463 3272 Quia
2487 3223 2620 3263 vero
2652 3224 2851 3264 semen
2888 3212 3054 3265 recta;
3088 3209 3430 3266 intentionis
3462 3211 3643 3268 semel
3663 3213 3829 3284 jece-

2172 3298 2263 3350 rat
2292 3294 2661 3368 omnipotens
2679 3296 2948 3369 Agricola
2968 3298 3025 3352 in
3043 3297 3196 3353 bono
3214 3315 3349 3355 arvo
3366 3300 3617 3372 pectoris
3638 3300 3825 3373 illius,

2170 3381 2457 3455 paulatim
2488 3385 2835 3457 assurgebat
2864 3385 2924 3440 in
2949 3402 3015 3442 eo
3047 3386 3297 3442 robustae
3320 3389 3674 3460 operationis
3705 3390 3831 3447 cul-

2172 3487 2326 3540 mus,
2347 3472 2630 3529 attonitus
2655 3489 2864 3546 nempe
2893 3477 2950 3529 et
2978 3473 3182 3531 avidus
3214 3491 3319 3531 nec
3344 3476 3560 3532 surdus
3582 3478 3828 3535 auditor

2170 3559 2426 3616 existens
2455 3560 2769 3634 Evangelii,
2787 3579 2903 3617 non
2934 3562 3218 3620 remissus
3246 3564 3557 3621 obauditor
3577 3567 3831 3625 ardebat

2170 3647 2316 3715 ﬁeri,
2349 3648 2495 3705 illud
2529 3649 2899 3706 Dominicum
2931 3651 3058 3708 sine
3078 3652 3513 3710 intermissione
3544 3654 3826 3729 ingerens

2170 3736 2280 3792 sibi
2319 3754 2332 3793 :
2368 3739 2475 3806 Qui
2500 3739 2787 3811 reliquerit
2809 3740 3047 3807 domum,
3081 3750 3178 3798 aut
3201 3746 3542 3814 patrem,aut
3564 3746 3824 3814 matrem,

2168 3829 2263 3881 aut
2317 3828 2538 3898 fratres,
2570 3830 2666 3882 aut
2716 3843 2941 3897 sorores,
2987 3833 3081 3884 aut
3137 3846 3299 3901 agros
3348 3834 3574 3903 propter
3620 3848 3829 3891 nomen

2164 3931 2367 3982 meum,
2400 3916 2712 3988 centuplum
2743 3919 2971 3989 accipiet
3000 3925 3052 3973 et
3078 3920 3255 3975 vilam
3281 3926 3538 3976 aeternam
3573 3922 3824 3993 posside-

2165 4004 2241 4059 bit
2271 4005 2479 4076 (Matth.
2512 4022 2629 4073 χιχ,
2672 4005 2782 4075 29).
2833 4005 2995 4062 Talia
3041 4007 3197 4063 enim
3248 4025 3374 4081 qua:
3421 4009 3655 4065 videbat
3701 4011 3825 4068 sibi

2162 4093 2386 4165 adesse,
2420 4093 2740 4167 plurimum
2775 4111 2893 4150 suae
2925 4095 3324 4153 arbitrabatur
3351 4097 3691 4171 perfectioni
3714 4100 3821 4156 ob-

2160 4199 2309 4251 esse;
2342 4182 2539 4239 uxoris
2562 4198 2698 4239 vero
2732 4182 3104 4257 ﬁliorumque
3134 4202 3314 4243 causa
3342 4203 3457 4243 non
3503 4188 3635 4258 ejus
3685 4188 3820 4244 ani-

2159 4288 2321 4328 mum
2371 4272 2733 4342 stimulabat,
2783 4274 3000 4345 quibus
3050 4274 3333 4332 hactenus
3381 4276 3634 4332 carebat.
3684 4277 3851 4335 Non.

399 4389 531 4427 nem
583 4370 745 4426 urbis
795 4363 1126 4422 festinantis
1173 4360 1747 4436 prmcellentissimus
1785 4362 2040 4421 domnus
2071 4386 2114 4455 ο
2155 4360 2676 4455 deniqueperillud
2699 4364 2932 4455 tempus
2952 4363 3818 4455 tamindiﬂ'erenterdistribue-

395 4477 548 4534 papa
576 4456 889 4531 Gregorius
942 4453 1293 4510 mentionem
1341 4451 1477 4506 facit
1521 4451 1603 4523 (In
1652 4461 1935 4509 comment.
1978 4455 2039 4509 in
2080 4449 2113 4455 “
2151 4449 2366 4505 bantur
2403 4449 2639 4505 ordines
2693 4449 3073 4507 ecclesiastici
3129 4451 3285 4508 sicut
3341 4452 3639 4511 cernimus
3695 4453 3813 4511 hac

391 4548 773 4620 Ezechielem).
806 4547 887 4602 Ea
917 4558 1148 4617 quoque
1178 4545 1520 4614 tempestate
1569 4541 1888 4598 Austrasiis
1926 4540 2036 4597 im-

388 4638 630 4713 perabat
661 4635 1121 4700 Theudebertus,
1152 4647 1221 4686 ex
1248 4629 1614 4686 Chidelberto
1644 4629 2037 4686 Brunichildis

386 4729 508 4785 filio
538 4730 897 4801 procreatus,
930 4722 1102 4793 cujus
1146 4721 1206 4775 in
1253 4718 1390 4775 aula
1436 4718 1798 4774 educabatur
1826 4719 2033 4775 beatus

382 4817 688 4884 A‘rnull‘us,
737 4810 1008 4869 Arnoaldi
1060 4808 1146 4865 vel
1190 4806 1429 4864 Arnoldi
1481 4807 1591 4862 sub
1641 4805 1892 4861 Clotario
1946 4805 2032 4862 vel

382 4906 707 4977 Dagoberto
738 4899 988 4956 illustris
1016 4898 1125 4953 viri
1156 4897 1409 4963 ﬁlius,cx
1441 4895 1879 4965 majoredomus
1902 4900 2032 4965 post

383 4995 625 5051 modum
684 4988 1130 5046 Mediomatricm
1188 4985 1318 5042 urbi
1383 4984 1642 5056 pontifex
1680 4983 2026 5053 destinatus;

380 5084 597 5156 quique
629 5080 697 5136 ad
731 5083 1054 5135 extremum
1089 5074 1429 5132 renuntians
1456 5071 1604 5143 apici
1629 5070 1773 5126 tanti
1793 5072 2026 5143 pontiﬁ-

379 5175 564 5237 catus,
598 5166 1014 5223 anachoreticae
1043 5163 1172 5218 vita:
1203 5164 1458 5217 sectator
1504 5158 1743 5214 effectus
1790 5164 1880 5215 est
1927 5160 2025 5215 de-

375 5264 565 5316 votus.
593 5258 808 5313 Verum
836 5272 981 5328 puer
1003 5252 1100 5308 Dei
1126 5251 1200 5306 ab
1225 5250 1353 5321 ipso
1374 5247 1680 5303 Conditore
1702 5248 2025 5320 perelectus

374 5347 829 5406 misericorditer
862 5338 1237 5412 Hildulphus]
1259 5343 1315 5393 et
1336 5354 1467 5392 mox
1498 5337 1731 5392 futurus
1752 5336 2025 5393 Christia-

372 5458 460 5495 na:
490 5437 762 5493 defensor
790 5429 1089 5504 religionis
1120 5444 1186 5483 ac
1219 5427 1421 5483 doctor
1449 5425 1663 5482 studiis
1694 5424 2019 5482 litterarum

366 5527 642 5591 traditus,
676 5523 874 5578 divina
904 5518 1092 5592 gratia
1140 5519 1506 5589 cooperante,
1539 5514 1598 5570 in
1629 5514 1786 5571 brevi
1825 5514 2018 5572 efﬁca-

2146 4543 2348 4593 nostra
2377 4542 2542 4593 aetate
2571 4537 2974 4610 distribui,sed
2998 4544 3343 4613 perpetuum
3364 4541 3803 4614 professoribus

2144 4627 2502 4682 castimoniae
2554 4631 2656 4682 aut
2700 4627 3071 4701 virginitatis.
3118 4630 3228 4686 Sed
3273 4630 3360 4685 vir
3408 4631 3517 4688 iste
3563 4631 3801 4699 beatus,

2140 4715 2393 4786 Spiritus
2422 4716 2612 4771 sancti
2642 4717 2830 4789 gratia
2852 4722 3242 4789 praeventus,a
3264 4719 3575 4776 cunabulis
3598 4719 3799 4777 illiba-

2139 4806 2267 4859 tum
2298 4820 2334 4859 a
2361 4804 2732 4876 corruptione
2763 4806 2955 4861 carnis
2986 4808 3236 4863 servavit
3263 4812 3488 4881 pectus,
3521 4809 3579 4865 in
3619 4810 3797 4881 cujus

2140 4890 2381 4947 latebris
2414 4898 2664 4948 mentem
2706 4909 2872 4949 suam
2926 4894 3278 4952 informabat
3306 4902 3364 4952 et
3394 4896 3604 4954 alebat.
3638 4900 3795 4953 Prae-

2139 4981 2338 5037 missis
2368 4986 2426 5037 et
2452 4982 2583 5037 aliis
2612 4982 2956 5056 evangelicae
2988 4983 3378 5041 institutionis
3406 4986 3621 5054 verbis,
3649 5003 3791 5059 pru-

2135 5068 2339 5125 denter
2369 5070 2674 5127 advertens
2705 5087 2821 5126 non
2854 5074 3047 5127 solum
3075 5074 3295 5129 sanctis
3333 5073 3454 5131 haec
3504 5074 3661 5130 dicta
3685 5078 3792 5131 aut

2134 5157 2350 5215 donata
2378 5158 2677 5230 apostolis,
2707 5176 2909 5215 verum
2950 5160 3128 5216 etiam
3176 5162 3404 5218 cunctis
3453 5162 3513 5217 in
3563 5162 3793 5221 unitate

2133 5246 2266 5303 fidei
2294 5246 2614 5320 apostolica
2630 5249 3005 5321 suggestione
3024 5250 3573 5320 fundatus,tandem
3594 5268 3791 5309 exem-

2131 5335 2226 5408 plo
2256 5336 2445 5393 ﬁdelis
2474 5337 2716 5394 Abrahae
2748 5342 2923 5404 terra,
2954 5339 3300 5412 cognatione
3348 5340 3640 5413 domoque
3681 5358 3785 5415 pa-

2130 5430 2362 5482 rentum
2393 5441 2686 5499 egressus,
2717 5427 2830 5483 iter
2858 5426 3106 5500 arripuit
3135 5428 3520 5486 Sicambriam
3552 5445 3782 5500 versus,

2127 5516 2424 5588 subiitque
2454 5515 2742 5572 civitatem
2775 5516 3077 5587 Trevirim,
3111 5534 3289 5590 quam
3320 5521 3462 5575 tunc
3504 5518 3781 5592 copiosus

368 5616 604 5671 cissime
634 5611 1058 5679 claruiLAtque
1091 5608 1242 5661 unde
1267 5604 1436 5660 multi
1465 5621 1569 5676 per
1589 5602 1839 5677 abrupta
1857 5603 2019 5661 vitio-
2124 5604 2414 5661 incolebat
2438 5604 2725 5676 populus;
2758 5605 3181 5662 monachorum
3211 5606 3389 5662 etiam
3439 5608 3603 5663 bonae
3653 5608 3778 5682 opi-

368 5720 500 5759 rum
532 5702 819 5766 defluunt,
867 5701 923 5752 et
961 5695 1022 5752 in
1066 5711 1228 5752 coeno
1282 5694 1571 5767 superbiae
1609 5693 2014 5765 devolvuntur,
2124 5694 2320 5753 nionis
2352 5693 2591 5753 odorem
2623 5693 3004 5757 circumcirca
3031 5694 3435 5778 spargentium
3466 5696 3779 5764 decorabat

441 5879 554 5961 (12)
583 5877 649 5937 In
676 5878 790 5936 vet.
823 5891 936 5937 ms.
968 5874 1079 5954 leg.
1110 5824 1569 5953 Regenesbuorch.
