  <div class='ocr_page' id='page_1' title='image "/cluster/home/n/w/nwhite01/storage/ocr_20150623/151/umn.31951002477444s/370.png"; bbox 0 0 3958 6438; ppageno 0'>
   <div class='ocr_carea' id='block_1_1' title="bbox 56 421 286 531">
    <p class='ocr_par' dir='ltr' id='par_1_1' title="bbox 56 421 286 531">
     <span class='ocr_line' id='line_1_1' title="bbox 56 421 286 531; baseline 0.035 -8"><span class='ocrx_word' id='word_1_1' title='bbox 56 511 72 523; x_wconf 87' lang='grc'>.</span> <span class='ocrx_word' id='word_1_2' title='bbox 149 421 286 531; x_wconf 62' lang='grc' dir='ltr'>’δερ</span> 
     </span>
    </p>
   </div>
   <div class='ocr_carea' id='block_1_2' title="bbox 1269 464 2492 530">
    <p class='ocr_par' dir='ltr' id='par_1_2' title="bbox 1269 464 2492 530">
     <span class='ocr_line' id='line_1_2' title="bbox 1269 464 2492 530; baseline -0.001 -2"><span class='ocrx_word' id='word_1_3' title='bbox 1269 466 1661 530; x_wconf 83' lang='lat' dir='ltr'>VALGANDI</span> <span class='ocrx_word' id='word_1_4' title='bbox 1705 464 1888 526; x_wconf 84' lang='lat' dir='ltr'>VITA</span> <span class='ocrx_word' id='word_1_5' title='bbox 1933 466 1997 525; x_wconf 94' lang='lat' dir='ltr'>S.</span> <span class='ocrx_word' id='word_1_6' title='bbox 2045 465 2492 528; x_wconf 88' lang='lat' dir='ltr'>HILDULPHI.</span> 
     </span>
    </p>
   </div>
   <div class='ocr_carea' id='block_1_3' title="bbox 3452 467 3573 526">
    <p class='ocr_par' dir='ltr' id='par_1_3' title="bbox 3452 467 3573 526">
     <span class='ocr_line' id='line_1_3' title="bbox 3452 467 3573 526; baseline -0.017 0"><span class='ocrx_word' id='word_1_7' title='bbox 3452 467 3573 526; x_wconf 79' lang='lat'>590</span> 
     </span>
    </p>
   </div>
   <div class='ocr_carea' id='block_1_4' title="bbox 165 582 3575 672">
    <p class='ocr_par' dir='ltr' id='par_1_4' title="bbox 165 582 3575 672">
     <span class='ocr_line' id='line_1_4' title="bbox 165 582 3575 672; baseline -0.002 -13"><span class='ocrx_word' id='word_1_8' title='bbox 165 606 502 660; x_wconf 84' lang='lat' dir='ltr'>conventus.</span> <span class='ocrx_word' id='word_1_9' title='bbox 553 601 796 668; x_wconf 88' lang='lat' dir='ltr'>Quibus,</span> <span class='ocrx_word' id='word_1_10' title='bbox 848 617 1011 672; x_wconf 84' lang='lat' dir='ltr'>spem</span> <span class='ocrx_word' id='word_1_11' title='bbox 1057 600 1250 655; x_wconf 73' lang='lat' dir='ltr'>saeculi</span> <span class='ocrx_word' id='word_1_12' title='bbox 1298 600 1546 656; x_wconf 77' lang='lat' dir='ltr'>irridens</span> <span class='ocrx_word' id='word_1_13' title='bbox 1595 600 1809 671; x_wconf 89' lang='lat' dir='ltr'>imper-</span> <span class='ocrx_word' id='word_1_14' title='bbox 1843 600 1896 666; x_wconf 82' lang='grc' dir='ltr'><strong>Α</strong></span> <span class='ocrx_word' id='word_1_15' title='bbox 1925 598 2190 654; x_wconf 87' lang='lat' dir='ltr'>omnium</span> <span class='ocrx_word' id='word_1_16' title='bbox 2239 582 2455 668; x_wconf 87' lang='lat' dir='ltr'>senuit,</span> <span class='ocrx_word' id='word_1_17' title='bbox 2507 600 2661 670; x_wconf 86' lang='lat' dir='ltr'>quod</span> <span class='ocrx_word' id='word_1_18' title='bbox 2699 599 2784 654; x_wconf 88' lang='lat' dir='ltr'>vir</span> <span class='ocrx_word' id='word_1_19' title='bbox 2827 603 2980 656; x_wconf 85' lang='lat' dir='ltr'><strong>esset</strong></span> <span class='ocrx_word' id='word_1_20' title='bbox 3030 597 3264 668; x_wconf 86' lang='lat' dir='ltr'>nobilis,</span> <span class='ocrx_word' id='word_1_21' title='bbox 3326 597 3575 654; x_wconf 89' lang='lat' dir='ltr'>scientia</span> 
     </span>
    </p>
   </div>
   <div class='ocr_carea' id='block_1_5' title="bbox 164 688 1812 763">
    <p class='ocr_par' dir='ltr' id='par_1_5' title="bbox 164 688 1812 763">
     <span class='ocr_line' id='line_1_5' title="bbox 164 688 1812 763; baseline -0.002 -16"><span class='ocrx_word' id='word_1_22' title='bbox 164 691 403 748; x_wconf 78' lang='lat' dir='ltr'>territus</span> <span class='ocrx_word' id='word_1_23' title='bbox 434 689 785 763; x_wconf 88' lang='lat' dir='ltr'>agonotheta</span> <span class='ocrx_word' id='word_1_24' title='bbox 812 688 1049 757; x_wconf 82' lang='lat' dir='ltr'>Christi,</span> <span class='ocrx_word' id='word_1_25' title='bbox 1095 689 1376 757; x_wconf 78' lang='lat' dir='ltr'>sociatus,</span> <span class='ocrx_word' id='word_1_26' title='bbox 1401 688 1812 756; x_wconf 77' lang='lat' dir='ltr'>monasticam,</span> 
     </span>
    </p>
   </div>
   <div class='ocr_carea' id='block_1_6' title="bbox 166 776 1814 853">
    <p class='ocr_par' dir='ltr' id='par_1_6' title="bbox 166 776 1814 853">
     <span class='ocr_line' id='line_1_6' title="bbox 166 776 1814 853; baseline -0.002 -17"><span class='ocrx_word' id='word_1_27' title='bbox 166 797 433 837; x_wconf 83' lang='lat' dir='ltr'>normam</span> <span class='ocrx_word' id='word_1_28' title='bbox 461 779 818 853; x_wconf 84' lang='lat' dir='ltr'>professione</span> <span class='ocrx_word' id='word_1_29' title='bbox 847 777 1096 851; x_wconf 84' lang='lat' dir='ltr'>explevit</span> <span class='ocrx_word' id='word_1_30' title='bbox 1139 782 1197 833; x_wconf 90' lang='lat' dir='ltr'>et</span> <span class='ocrx_word' id='word_1_31' title='bbox 1243 776 1500 846; x_wconf 87' lang='lat' dir='ltr'>actibus;</span> <span class='ocrx_word' id='word_1_32' title='bbox 1552 779 1814 848; x_wconf 83' lang='lat' dir='ltr'>adeoque</span> 
     </span>
    </p>
   </div>
   <div class='ocr_carea' id='block_1_7' title="bbox 167 865 1813 939">
    <p class='ocr_par' dir='ltr' id='par_1_7' title="bbox 167 865 1813 939">
     <span class='ocr_line' id='line_1_7' title="bbox 167 865 1813 939; baseline -0.004 -13"><span class='ocrx_word' id='word_1_33' title='bbox 167 869 389 926; x_wconf 83' lang='lat' dir='ltr'>frixura</span> <span class='ocrx_word' id='word_1_34' title='bbox 417 868 600 926; x_wconf 88' lang='lat' dir='ltr'>sancti</span> <span class='ocrx_word' id='word_1_35' title='bbox 630 867 758 936; x_wconf 90' lang='lat' dir='ltr'>zeli,</span> <span class='ocrx_word' id='word_1_36' title='bbox 792 868 947 923; x_wconf 87' lang='lat' dir='ltr'>circa</span> <span class='ocrx_word' id='word_1_37' title='bbox 972 865 1356 923; x_wconf 83' lang='lat' dir='ltr'>monasticam</span> <span class='ocrx_word' id='word_1_38' title='bbox 1402 866 1813 939; x_wconf 78' lang='lat' dir='ltr'>perfectionem</span> 
     </span>
    </p>
   </div>
   <div class='ocr_carea' id='block_1_8' title="bbox 168 955 1812 1030">
    <p class='ocr_par' dir='ltr' id='par_1_8' title="bbox 168 955 1812 1030">
     <span class='ocr_line' id='line_1_8' title="bbox 168 955 1812 1030; baseline -0.003 -14"><span class='ocrx_word' id='word_1_39' title='bbox 168 959 391 1016; x_wconf 80' lang='lat' dir='ltr'>exussit</span> <span class='ocrx_word' id='word_1_40' title='bbox 421 975 521 1016; x_wconf 91' lang='lat' dir='ltr'>cor</span> <span class='ocrx_word' id='word_1_41' title='bbox 549 958 677 1030; x_wconf 88' lang='lat' dir='ltr'>ejus</span> <span class='ocrx_word' id='word_1_42' title='bbox 703 961 768 1012; x_wconf 91' lang='lat' dir='ltr'>ut</span> <span class='ocrx_word' id='word_1_43' title='bbox 820 956 1028 1012; x_wconf 90' lang='lat' dir='ltr'>terrori</span> <span class='ocrx_word' id='word_1_44' title='bbox 1078 961 1135 1012; x_wconf 92' lang='lat' dir='ltr'>et</span> <span class='ocrx_word' id='word_1_45' title='bbox 1183 955 1444 1027; x_wconf 87' lang='lat' dir='ltr'>exemplo</span> <span class='ocrx_word' id='word_1_46' title='bbox 1463 956 1812 1022; x_wconf 87' lang='lat' dir='ltr'>minoribus,</span> 
     </span>
    </p>
   </div>
   <div class='ocr_carea' id='block_1_9' title="bbox 163 1044 1816 1114">
    <p class='ocr_par' dir='ltr' id='par_1_9' title="bbox 163 1044 1816 1114">
     <span class='ocr_line' id='line_1_9' title="bbox 163 1044 1816 1114; baseline -0.002 -12"><span class='ocrx_word' id='word_1_47' title='bbox 163 1047 520 1106; x_wconf 81' lang='lat' dir='ltr'>venerationi</span> <span class='ocrx_word' id='word_1_48' title='bbox 542 1062 676 1102; x_wconf 89' lang='lat' dir='ltr'>vero</span> <span class='ocrx_word' id='word_1_49' title='bbox 705 1049 762 1101; x_wconf 91' lang='lat' dir='ltr'>et</span> <span class='ocrx_word' id='word_1_50' title='bbox 790 1045 976 1100; x_wconf 89' lang='lat' dir='ltr'>amori</span> <span class='ocrx_word' id='word_1_51' title='bbox 1007 1045 1183 1101; x_wconf 89' lang='lat' dir='ltr'>fuerit</span> <span class='ocrx_word' id='word_1_52' title='bbox 1213 1044 1556 1114; x_wconf 80' lang='lat' dir='ltr'>majoribus.</span> <span class='ocrx_word' id='word_1_53' title='bbox 1613 1045 1816 1114; x_wconf 84' lang='lat' dir='ltr'>Itaque</span> 
     </span>
    </p>
   </div>
   <div class='ocr_carea' id='block_1_10' title="bbox 167 1132 1818 1207">
    <p class='ocr_par' dir='ltr' id='par_1_10' title="bbox 167 1132 1818 1207">
     <span class='ocr_line' id='line_1_10' title="bbox 167 1132 1818 1207; baseline -0.004 -13"><span class='ocrx_word' id='word_1_54' title='bbox 167 1136 304 1195; x_wconf 88' lang='lat' dir='ltr'>Milo</span> <span class='ocrx_word' id='word_1_55' title='bbox 336 1135 413 1207; x_wconf 93' lang='lat'>(3)</span> <span class='ocrx_word' id='word_1_56' title='bbox 447 1134 742 1191; x_wconf 89' lang='lat' dir='ltr'>reverendi</span> <span class='ocrx_word' id='word_1_57' title='bbox 775 1134 1038 1190; x_wconf 89' lang='lat' dir='ltr'>Lutroini</span> <span class='ocrx_word' id='word_1_58' title='bbox 1070 1134 1227 1190; x_wconf 88' lang='lat' dir='ltr'>ﬁlius</span> <span class='ocrx_word' id='word_1_59' title='bbox 1252 1138 1391 1188; x_wconf 89' lang='lat' dir='ltr'>tunc</span> <span class='ocrx_word' id='word_1_60' title='bbox 1431 1132 1818 1204; x_wconf 87' lang='lat' dir='ltr'>archiepisco-</span> 
     </span>
    </p>
   </div>
   <div class='ocr_carea' id='block_1_11' title="bbox 164 1220 1816 1299">
    <p class='ocr_par' dir='ltr' id='par_1_11' title="bbox 164 1220 1816 1299">
     <span class='ocr_line' id='line_1_11' title="bbox 164 1220 1816 1299; baseline -0.005 -17"><span class='ocrx_word' id='word_1_61' title='bbox 164 1243 294 1299; x_wconf 92' lang='lat' dir='ltr'>pus,</span> <span class='ocrx_word' id='word_1_62' title='bbox 328 1225 693 1298; x_wconf 88' lang='lat' dir='ltr'>perpendens</span> <span class='ocrx_word' id='word_1_63' title='bbox 725 1223 884 1278; x_wconf 89' lang='lat' dir='ltr'>hunc</span> <span class='ocrx_word' id='word_1_64' title='bbox 917 1226 1186 1279; x_wconf 87' lang='lat' dir='ltr'>sanctum</span> <span class='ocrx_word' id='word_1_65' title='bbox 1218 1222 1412 1278; x_wconf 91' lang='lat' dir='ltr'>virum</span> <span class='ocrx_word' id='word_1_66' title='bbox 1430 1220 1681 1278; x_wconf 88' lang='lat' dir='ltr'>scientia</span> <span class='ocrx_word' id='word_1_67' title='bbox 1703 1221 1728 1275; x_wconf 84' lang='lat' dir='ltr'>f</span> <span class='ocrx_word' id='word_1_68' title='bbox 1733 1220 1816 1275; x_wconf 87' lang='lat' dir='ltr'>ul-</span> 
     </span>
    </p>
   </div>
   <div class='ocr_carea' id='block_1_12' title="bbox 167 1308 1816 1383">
    <p class='ocr_par' dir='ltr' id='par_1_12' title="bbox 167 1308 1816 1383">
     <span class='ocr_line' id='line_1_12' title="bbox 167 1308 1816 1383; baseline -0.004 -12"><span class='ocrx_word' id='word_1_69' title='bbox 167 1312 670 1381; x_wconf 88' lang='lat' dir='ltr'>tum,discretione</span> <span class='ocrx_word' id='word_1_70' title='bbox 690 1311 1452 1379; x_wconf 88' lang='lat' dir='ltr'>maturum,conversatione</span> <span class='ocrx_word' id='word_1_71' title='bbox 1465 1308 1816 1383; x_wconf 89' lang='lat' dir='ltr'>angelicum,</span> 
     </span>
    </p>
   </div>
   <div class='ocr_carea' id='block_1_13' title="bbox 166 1399 1819 1474">
    <p class='ocr_par' dir='ltr' id='par_1_13' title="bbox 166 1399 1819 1474">
     <span class='ocr_line' id='line_1_13' title="bbox 166 1399 1819 1474; baseline -0.004 -15"><span class='ocrx_word' id='word_1_72' title='bbox 166 1404 645 1474; x_wconf 80' lang='lat' dir='ltr'>diversarumque</span> <span class='ocrx_word' id='word_1_73' title='bbox 675 1400 956 1456; x_wconf 87' lang='lat' dir='ltr'>virtutum</span> <span class='ocrx_word' id='word_1_74' title='bbox 988 1401 1226 1456; x_wconf 86' lang='lat' dir='ltr'>tendere</span> <span class='ocrx_word' id='word_1_75' title='bbox 1255 1400 1536 1473; x_wconf 86' lang='lat' dir='ltr'>gradibus</span> <span class='ocrx_word' id='word_1_76' title='bbox 1567 1399 1638 1453; x_wconf 92' lang='lat' dir='ltr'>ad</span> <span class='ocrx_word' id='word_1_77' title='bbox 1689 1415 1819 1470; x_wconf 90' lang='lat' dir='ltr'>per-</span> 
     </span>
    </p>
   </div>
   <div class='ocr_carea' id='block_1_14' title="bbox 170 1488 1819 1548">
    <p class='ocr_par' dir='ltr' id='par_1_14' title="bbox 170 1488 1819 1548">
     <span class='ocr_line' id='line_1_14' title="bbox 170 1488 1819 1548; baseline -0.004 0"><span class='ocrx_word' id='word_1_78' title='bbox 170 1490 438 1548; x_wconf 87' lang='lat' dir='ltr'>fectionis</span> <span class='ocrx_word' id='word_1_79' title='bbox 469 1488 776 1546; x_wconf 87' lang='lat' dir='ltr'>cumulum</span> <span class='ocrx_word' id='word_1_80' title='bbox 809 1489 1070 1545; x_wconf 79' lang='lat' dir='ltr'>ccenobio</span> <span class='ocrx_word' id='word_1_81' title='bbox 1098 1489 1454 1545; x_wconf 89' lang='lat' dir='ltr'>abstractum</span> <span class='ocrx_word' id='word_1_82' title='bbox 1487 1504 1686 1544; x_wconf 87' lang='lat' dir='ltr'>secum</span> <span class='ocrx_word' id='word_1_83' title='bbox 1732 1504 1819 1543; x_wconf 88' lang='lat' dir='ltr'>re-</span> 
     </span>
    </p>
   </div>
   <div class='ocr_carea' id='block_1_15' title="bbox 168 1576 1820 1650">
    <p class='ocr_par' dir='ltr' id='par_1_15' title="bbox 168 1576 1820 1650">
     <span class='ocr_line' id='line_1_15' title="bbox 168 1576 1820 1650; baseline -0.004 -13"><span class='ocrx_word' id='word_1_84' title='bbox 168 1581 354 1637; x_wconf 87' lang='lat' dir='ltr'>tinere</span> <span class='ocrx_word' id='word_1_85' title='bbox 376 1578 574 1645; x_wconf 89' lang='lat' dir='ltr'>voluit,</span> <span class='ocrx_word' id='word_1_86' title='bbox 599 1582 773 1650; x_wconf 88' lang='lat' dir='ltr'>atque</span> <span class='ocrx_word' id='word_1_87' title='bbox 795 1579 1111 1633; x_wconf 91' lang='lat' dir='ltr'>secundam</span> <span class='ocrx_word' id='word_1_88' title='bbox 1138 1595 1172 1633; x_wconf 91' lang='lat' dir='ltr'>a</span> <span class='ocrx_word' id='word_1_89' title='bbox 1192 1594 1254 1633; x_wconf 90' lang='lat' dir='ltr'>se</span> <span class='ocrx_word' id='word_1_90' title='bbox 1267 1578 1465 1633; x_wconf 88' lang='lat' dir='ltr'>sedem</span> <span class='ocrx_word' id='word_1_91' title='bbox 1483 1578 1534 1632; x_wconf 90' lang='lat' dir='ltr'>ei</span> <span class='ocrx_word' id='word_1_92' title='bbox 1555 1576 1820 1644; x_wconf 89' lang='lat' dir='ltr'>indulsit,</span> 
     </span>
    </p>
   </div>
   <div class='ocr_carea' id='block_1_16' title="bbox 165 1665 1822 1740">
    <p class='ocr_par' dir='ltr' id='par_1_16' title="bbox 165 1665 1822 1740">
     <span class='ocr_line' id='line_1_16' title="bbox 165 1665 1822 1740; baseline -0.002 -17"><span class='ocrx_word' id='word_1_93' title='bbox 165 1672 454 1740; x_wconf 84' lang='lat' dir='ltr'>quatenus</span> <span class='ocrx_word' id='word_1_94' title='bbox 486 1667 608 1722; x_wconf 90' lang='lat' dir='ltr'>vice</span> <span class='ocrx_word' id='word_1_95' title='bbox 635 1666 822 1738; x_wconf 90' lang='lat' dir='ltr'>ipsius</span> <span class='ocrx_word' id='word_1_96' title='bbox 853 1666 1144 1738; x_wconf 88' lang='lat' dir='ltr'>postorale</span> <span class='ocrx_word' id='word_1_97' title='bbox 1194 1666 1668 1721; x_wconf 77' lang='lat' dir='ltr'>subministraret</span> <span class='ocrx_word' id='word_1_98' title='bbox 1697 1665 1822 1719; x_wconf 87' lang='lat' dir='ltr'>ofﬁ-</span> 
     </span>
    </p>
   </div>
   <div class='ocr_carea' id='block_1_17' title="bbox 174 1754 1820 1827">
    <p class='ocr_par' dir='ltr' id='par_1_17' title="bbox 174 1754 1820 1827">
     <span class='ocr_line' id='line_1_17' title="bbox 174 1754 1820 1827; baseline -0.002 -16"><span class='ocrx_word' id='word_1_99' title='bbox 174 1758 354 1826; x_wconf 88' lang='lat' dir='ltr'>cium,</span> <span class='ocrx_word' id='word_1_100' title='bbox 389 1757 681 1812; x_wconf 85' lang='lat' dir='ltr'>sarcinam</span> <span class='ocrx_word' id='word_1_101' title='bbox 714 1755 1056 1827; x_wconf 87' lang='lat' dir='ltr'>perferendo</span> <span class='ocrx_word' id='word_1_102' title='bbox 1089 1755 1201 1810; x_wconf 86' lang='lat' dir='ltr'>sibi</span> <span class='ocrx_word' id='word_1_103' title='bbox 1235 1755 1586 1810; x_wconf 89' lang='lat' dir='ltr'>creditarum</span> <span class='ocrx_word' id='word_1_104' title='bbox 1605 1754 1820 1820; x_wconf 90' lang='lat' dir='ltr'>ovium,</span> 
     </span>
    </p>
   </div>
   <div class='ocr_carea' id='block_1_18' title="bbox 171 1843 1811 1914">
    <p class='ocr_par' dir='ltr' id='par_1_18' title="bbox 171 1843 1811 1914">
     <span class='ocr_line' id='line_1_18' title="bbox 171 1843 1811 1914; baseline -0.004 -13"><span class='ocrx_word' id='word_1_105' title='bbox 171 1845 334 1901; x_wconf 88' lang='lat' dir='ltr'>sanis</span> <span class='ocrx_word' id='word_1_106' title='bbox 360 1850 417 1900; x_wconf 90' lang='lat' dir='ltr'>et</span> <span class='ocrx_word' id='word_1_107' title='bbox 448 1844 694 1900; x_wconf 89' lang='lat' dir='ltr'>debibus</span> <span class='ocrx_word' id='word_1_108' title='bbox 726 1843 1082 1899; x_wconf 89' lang='lat' dir='ltr'>consulendo</span> <span class='ocrx_word' id='word_1_109' title='bbox 1113 1843 1440 1899; x_wconf 88' lang='lat' dir='ltr'>secundum</span> <span class='ocrx_word' id='word_1_110' title='bbox 1480 1843 1634 1914; x_wconf 87' lang='lat' dir='ltr'>quod</span> <span class='ocrx_word' id='word_1_111' title='bbox 1679 1859 1811 1897; x_wconf 88' lang='lat' dir='ltr'>sen-</span> 
     </span>
    </p>
   </div>
   <div class='ocr_carea' id='block_1_19' title="bbox 1921 686 3570 761">
    <p class='ocr_par' dir='ltr' id='par_1_19' title="bbox 1921 686 3570 761">
     <span class='ocr_line' id='line_1_19' title="bbox 1921 686 3570 761; baseline 0 -19"><span class='ocrx_word' id='word_1_112' title='bbox 1921 688 2206 756; x_wconf 91' lang='lat' dir='ltr'>eruditus,</span> <span class='ocrx_word' id='word_1_113' title='bbox 2247 687 2450 761; x_wconf 86' lang='lat' dir='ltr'>lingua</span> <span class='ocrx_word' id='word_1_114' title='bbox 2498 689 2783 756; x_wconf 88' lang='lat' dir='ltr'>urbanus,</span> <span class='ocrx_word' id='word_1_115' title='bbox 2826 689 2945 744; x_wconf 88' lang='lat' dir='ltr'>vita</span> <span class='ocrx_word' id='word_1_116' title='bbox 3001 687 3380 759; x_wconf 89' lang='lat' dir='ltr'>moribusque</span> <span class='ocrx_word' id='word_1_117' title='bbox 3432 686 3570 758; x_wconf 90' lang='lat' dir='ltr'>[Deo</span> 
     </span>
    </p>
   </div>
   <div class='ocr_carea' id='block_1_20' title="bbox 1923 774 3582 851">
    <p class='ocr_par' dir='ltr' id='par_1_20' title="bbox 1923 774 3582 851">
     <span class='ocr_line' id='line_1_20' title="bbox 1923 774 3582 851; baseline -0.001 -20"><span class='ocrx_word' id='word_1_118' title='bbox 1923 777 2156 850; x_wconf 89' lang='lat' dir='ltr'>placita,</span> <span class='ocrx_word' id='word_1_119' title='bbox 2192 777 2531 834; x_wconf 88' lang='lat' dir='ltr'>hominibus</span> <span class='ocrx_word' id='word_1_120' title='bbox 2563 779 2885 851; x_wconf 89' lang='lat' dir='ltr'>approbata</span> <span class='ocrx_word' id='word_1_121' title='bbox 2915 795 2979 833; x_wconf 90' lang='lat' dir='ltr'>ac</span> <span class='ocrx_word' id='word_1_122' title='bbox 3013 777 3279 834; x_wconf 90' lang='lat' dir='ltr'>moribus</span> <span class='ocrx_word' id='word_1_123' title='bbox 3319 774 3473 832; x_wconf 88' lang='lat' dir='ltr'>clero</span> <span class='ocrx_word' id='word_1_124' title='bbox 3523 777 3582 831; x_wconf 86' lang='lat' dir='ltr'>et</span> 
     </span>
    </p>
   </div>
   <div class='ocr_carea' id='block_1_21' title="bbox 1923 865 3578 940">
    <p class='ocr_par' dir='ltr' id='par_1_21' title="bbox 1923 865 3578 940">
     <span class='ocr_line' id='line_1_21' title="bbox 1923 865 3578 940; baseline 0 -21"><span class='ocrx_word' id='word_1_125' title='bbox 1923 866 2076 939; x_wconf 88' lang='lat' dir='ltr'>plebi</span> <span class='ocrx_word' id='word_1_126' title='bbox 2107 867 2380 939; x_wconf 89' lang='lat' dir='ltr'>proﬁcuis</span> <span class='ocrx_word' id='word_1_127' title='bbox 2411 867 2800 940; x_wconf 86' lang='lat' dir='ltr'>congruisque</span> <span class='ocrx_word' id='word_1_128' title='bbox 2817 865 3359 940; x_wconf 86' lang='lat' dir='ltr'>compositus].Mox</span> <span class='ocrx_word' id='word_1_129' title='bbox 3379 879 3578 920; x_wconf 87' lang='lat' dir='ltr'>sermo</span> 
     </span>
    </p>
   </div>
   <div class='ocr_carea' id='block_1_22' title="bbox 1923 951 3610 1030">
    <p class='ocr_par' dir='ltr' id='par_1_22' title="bbox 1923 951 3610 1030">
     <span class='ocr_line' id='line_1_22' title="bbox 1923 951 3610 1030; baseline -0.002 -19"><span class='ocrx_word' id='word_1_130' title='bbox 1923 956 1984 1012; x_wconf 91' lang='lat' dir='ltr'>in</span> <span class='ocrx_word' id='word_1_131' title='bbox 2015 956 2151 1012; x_wconf 88' lang='lat' dir='ltr'>aula</span> <span class='ocrx_word' id='word_1_132' title='bbox 2179 956 2335 1030; x_wconf 91' lang='lat' dir='ltr'>regis</span> <span class='ocrx_word' id='word_1_133' title='bbox 2366 957 2716 1029; x_wconf 89' lang='lat' dir='ltr'>percrebuit,</span> <span class='ocrx_word' id='word_1_134' title='bbox 2750 961 2925 1028; x_wconf 91' lang='lat' dir='ltr'>atque</span> <span class='ocrx_word' id='word_1_135' title='bbox 2954 955 3093 1012; x_wconf 80' lang='lat' dir='ltr'>exiit</span> <span class='ocrx_word' id='word_1_136' title='bbox 3123 955 3380 1012; x_wconf 88' lang='lat' dir='ltr'>edictum</span> <span class='ocrx_word' id='word_1_137' title='bbox 3403 957 3469 1010; x_wconf 91' lang='lat' dir='ltr'>ut</span> <span class='ocrx_word' id='word_1_138' title='bbox 3486 951 3610 1021; x_wconf 56' lang='lat' dir='ltr'>vir,</span> 
     </span>
    </p>
   </div>
   <div class='ocr_carea' id='block_1_23' title="bbox 1925 1043 3574 1120">
    <p class='ocr_par' dir='ltr' id='par_1_23' title="bbox 1925 1043 3574 1120">
     <span class='ocr_line' id='line_1_23' title="bbox 1925 1043 3574 1120; baseline -0.002 -20"><span class='ocrx_word' id='word_1_139' title='bbox 1925 1044 2060 1101; x_wconf 89' lang='lat' dir='ltr'>talis</span> <span class='ocrx_word' id='word_1_140' title='bbox 2091 1063 2157 1101; x_wconf 91' lang='lat' dir='ltr'>ac</span> <span class='ocrx_word' id='word_1_141' title='bbox 2187 1049 2387 1102; x_wconf 90' lang='lat' dir='ltr'>tantus</span> <span class='ocrx_word' id='word_1_142' title='bbox 2420 1046 2710 1120; x_wconf 88' lang='lat' dir='ltr'>pastorale</span> <span class='ocrx_word' id='word_1_143' title='bbox 2741 1047 2964 1102; x_wconf 86' lang='lat' dir='ltr'>subiret</span> <span class='ocrx_word' id='word_1_144' title='bbox 2995 1043 3406 1101; x_wconf 88' lang='lat' dir='ltr'>ministerium.</span> <span class='ocrx_word' id='word_1_145' title='bbox 3449 1043 3574 1107; x_wconf 91' lang='lat' dir='ltr'>Quo</span> 
     </span>
    </p>
   </div>
   <div class='ocr_carea' id='block_1_24' title="bbox 1925 1129 3577 1207">
    <p class='ocr_par' dir='ltr' id='par_1_24' title="bbox 1925 1129 3577 1207">
     <span class='ocr_line' id='line_1_24' title="bbox 1925 1129 3577 1207; baseline -0.002 -18"><span class='ocrx_word' id='word_1_146' title='bbox 1925 1134 2232 1207; x_wconf 90' lang='lat' dir='ltr'>completo,</span> <span class='ocrx_word' id='word_1_147' title='bbox 2266 1135 2352 1190; x_wconf 91' lang='lat' dir='ltr'>vir</span> <span class='ocrx_word' id='word_1_148' title='bbox 2380 1136 2481 1191; x_wconf 90' lang='lat' dir='ltr'>Dei</span> <span class='ocrx_word' id='word_1_149' title='bbox 2513 1135 2571 1191; x_wconf 93' lang='lat' dir='ltr'>in</span> <span class='ocrx_word' id='word_1_150' title='bbox 2603 1135 2832 1192; x_wconf 84' lang='lat' dir='ltr'>diversa</span> <span class='ocrx_word' id='word_1_151' title='bbox 2862 1135 3057 1191; x_wconf 89' lang='lat' dir='ltr'>nitens</span> <span class='ocrx_word' id='word_1_152' title='bbox 3089 1132 3315 1207; x_wconf 87' lang='lat' dir='ltr'>[versus</span> <span class='ocrx_word' id='word_1_153' title='bbox 3366 1129 3577 1188; x_wconf 90' lang='lat' dir='ltr'>nativi-</span> 
     </span>
    </p>
   </div>
   <div class='ocr_carea' id='block_1_25' title="bbox 1925 1219 3581 1296">
    <p class='ocr_par' dir='ltr' id='par_1_25' title="bbox 1925 1219 3581 1296">
     <span class='ocr_line' id='line_1_25' title="bbox 1925 1219 3581 1296; baseline -0.001 -18"><span class='ocrx_word' id='word_1_154' title='bbox 1925 1223 2063 1279; x_wconf 82' lang='lat' dir='ltr'>tatis</span> <span class='ocrx_word' id='word_1_155' title='bbox 2095 1241 2212 1280; x_wconf 76' lang='lat' dir='ltr'>suae</span> <span class='ocrx_word' id='word_1_156' title='bbox 2245 1225 2434 1280; x_wconf 91' lang='lat' dir='ltr'>solum</span> <span class='ocrx_word' id='word_1_157' title='bbox 2459 1225 2657 1296; x_wconf 83' lang='lat' dir='ltr'>fugam</span> <span class='ocrx_word' id='word_1_158' title='bbox 2707 1223 2990 1296; x_wconf 90' lang='lat' dir='ltr'>arripuit;</span> <span class='ocrx_word' id='word_1_159' title='bbox 3034 1222 3332 1295; x_wconf 89' lang='lat' dir='ltr'>siquidem</span> <span class='ocrx_word' id='word_1_160' title='bbox 3381 1219 3581 1277; x_wconf 82' lang='lat' dir='ltr'>anxia-</span> 
     </span>
    </p>
   </div>
   <div class='ocr_carea' id='block_1_26' title="bbox 1927 1306 3580 1385">
    <p class='ocr_par' dir='ltr' id='par_1_26' title="bbox 1927 1306 3580 1385">
     <span class='ocr_line' id='line_1_26' title="bbox 1927 1306 3580 1385; baseline -0.004 -17"><span class='ocrx_word' id='word_1_161' title='bbox 1927 1313 2163 1369; x_wconf 90' lang='lat' dir='ltr'>bundus</span> <span class='ocrx_word' id='word_1_162' title='bbox 2189 1317 2460 1385; x_wconf 90' lang='lat' dir='ltr'>suspecto</span> <span class='ocrx_word' id='word_1_163' title='bbox 2485 1313 2704 1369; x_wconf 87' lang='lat' dir='ltr'>honore</span> <span class='ocrx_word' id='word_1_164' title='bbox 2733 1312 3148 1368; x_wconf 90' lang='lat' dir='ltr'>sublimandus</span> <span class='ocrx_word' id='word_1_165' title='bbox 3179 1307 3476 1384; x_wconf 85' lang='lat' dir='ltr'>refugiens</span> <span class='ocrx_word' id='word_1_166' title='bbox 3518 1306 3580 1363; x_wconf 91' lang='lat' dir='ltr'>in</span> 
     </span>
    </p>
   </div>
   <div class='ocr_carea' id='block_1_27' title="bbox 1928 1395 3583 1475">
    <p class='ocr_par' dir='ltr' id='par_1_27' title="bbox 1928 1395 3583 1475">
     <span class='ocr_line' id='line_1_27' title="bbox 1928 1395 3583 1475; baseline -0.004 -17"><span class='ocrx_word' id='word_1_167' title='bbox 1928 1401 2248 1475; x_wconf 88' lang='lat' dir='ltr'>peregrinis</span> <span class='ocrx_word' id='word_1_168' title='bbox 2263 1402 2429 1474; x_wconf 91' lang='lat' dir='ltr'>quasi</span> <span class='ocrx_word' id='word_1_169' title='bbox 2444 1402 2759 1475; x_wconf 89' lang='lat' dir='ltr'>ignobilem</span> <span class='ocrx_word' id='word_1_170' title='bbox 2776 1418 2836 1457; x_wconf 93' lang='lat' dir='ltr'>se</span> <span class='ocrx_word' id='word_1_171' title='bbox 2852 1418 3023 1474; x_wconf 88' lang='lat' dir='ltr'>posse</span> <span class='ocrx_word' id='word_1_172' title='bbox 3035 1399 3373 1456; x_wconf 87' lang='lat' dir='ltr'>delitescere</span> <span class='ocrx_word' id='word_1_173' title='bbox 3385 1395 3583 1470; x_wconf 90' lang='lat' dir='ltr'>suspi-</span> 
     </span>
    </p>
   </div>
   <div class='ocr_carea' id='block_1_28' title="bbox 1931 1483 3584 1565">
    <p class='ocr_par' dir='ltr' id='par_1_28' title="bbox 1931 1483 3584 1565">
     <span class='ocr_line' id='line_1_28' title="bbox 1931 1483 3584 1565; baseline -0.004 -19"><span class='ocrx_word' id='word_1_174' title='bbox 1931 1491 2174 1546; x_wconf 86' lang='lat' dir='ltr'>cabatur</span> <span class='ocrx_word' id='word_1_175' title='bbox 2203 1491 2262 1546; x_wconf 90' lang='lat' dir='ltr'>in</span> <span class='ocrx_word' id='word_1_176' title='bbox 2287 1490 2561 1565; x_wconf 90' lang='lat' dir='ltr'>propriis]</span> <span class='ocrx_word' id='word_1_177' title='bbox 2595 1508 2731 1546; x_wconf 91' lang='lat' dir='ltr'>nam</span> <span class='ocrx_word' id='word_1_178' title='bbox 2755 1507 3017 1547; x_wconf 87' lang='lat' dir='ltr'>eremum</span> <span class='ocrx_word' id='word_1_179' title='bbox 3051 1487 3445 1560; x_wconf 89' lang='lat' dir='ltr'>concupierat.</span> <span class='ocrx_word' id='word_1_180' title='bbox 3466 1483 3584 1541; x_wconf 88' lang='lat' dir='ltr'>nisi</span> 
     </span>
    </p>
   </div>
   <div class='ocr_carea' id='block_1_29' title="bbox 1930 1572 3585 1654">
    <p class='ocr_par' dir='ltr' id='par_1_29' title="bbox 1930 1572 3585 1654">
     <span class='ocr_line' id='line_1_29' title="bbox 1930 1572 3585 1654; baseline -0.004 -18"><span class='ocrx_word' id='word_1_181' title='bbox 1930 1581 2127 1654; x_wconf 92' lang='lat' dir='ltr'>populi</span> <span class='ocrx_word' id='word_1_182' title='bbox 2180 1580 2403 1636; x_wconf 89' lang='lat' dir='ltr'>devotio</span> <span class='ocrx_word' id='word_1_183' title='bbox 2454 1595 2785 1652; x_wconf 73' lang='lat' dir='ltr'>praecavens</span> <span class='ocrx_word' id='word_1_184' title='bbox 2832 1578 3173 1636; x_wconf 89' lang='lat' dir='ltr'>obstitisset.</span> <span class='ocrx_word' id='word_1_185' title='bbox 3227 1577 3314 1632; x_wconf 88' lang='lat' dir='ltr'>Ab</span> <span class='ocrx_word' id='word_1_186' title='bbox 3362 1572 3585 1631; x_wconf 86' lang='lat' dir='ltr'>Histria</span> 
     </span>
    </p>
   </div>
   <div class='ocr_carea' id='block_1_30' title="bbox 1931 1666 3578 1742">
    <p class='ocr_par' dir='ltr' id='par_1_30' title="bbox 1931 1666 3578 1742">
     <span class='ocr_line' id='line_1_30' title="bbox 1931 1666 3578 1742; baseline -0.004 -17"><span class='ocrx_word' id='word_1_187' title='bbox 1931 1671 2110 1742; x_wconf 76' lang='lat' dir='ltr'>igitur</span> <span class='ocrx_word' id='word_1_188' title='bbox 2140 1674 2340 1741; x_wconf 89' lang='lat' dir='ltr'>raptus</span> <span class='ocrx_word' id='word_1_189' title='bbox 2356 1668 2602 1724; x_wconf 89' lang='lat' dir='ltr'>Galliam</span> <span class='ocrx_word' id='word_1_190' title='bbox 2626 1667 2917 1742; x_wconf 90' lang='lat' dir='ltr'>Belgicam</span> <span class='ocrx_word' id='word_1_191' title='bbox 2939 1683 3126 1740; x_wconf 90' lang='lat' dir='ltr'>usque</span> <span class='ocrx_word' id='word_1_192' title='bbox 3147 1666 3435 1723; x_wconf 90' lang='lat' dir='ltr'>deductus</span> <span class='ocrx_word' id='word_1_193' title='bbox 3469 1666 3578 1719; x_wconf 88' lang='lat' dir='ltr'>est.</span> 
     </span>
    </p>
   </div>
   <div class='ocr_carea' id='block_1_31' title="bbox 1933 1751 3583 1830">
    <p class='ocr_par' dir='ltr' id='par_1_31' title="bbox 1933 1751 3583 1830">
     <span class='ocr_line' id='line_1_31' title="bbox 1933 1751 3583 1830; baseline -0.005 -16"><span class='ocrx_word' id='word_1_194' title='bbox 1933 1760 2134 1830; x_wconf 82' lang='lat' dir='ltr'>[Cujus</span> <span class='ocrx_word' id='word_1_195' title='bbox 2156 1758 2481 1812; x_wconf 89' lang='lat' dir='ltr'>secundum</span> <span class='ocrx_word' id='word_1_196' title='bbox 2515 1757 2902 1824; x_wconf 87' lang='lat' dir='ltr'>desiderium,</span> <span class='ocrx_word' id='word_1_197' title='bbox 2937 1754 3074 1812; x_wconf 91' lang='lat' dir='ltr'>licet</span> <span class='ocrx_word' id='word_1_198' title='bbox 3103 1754 3280 1810; x_wconf 88' lang='lat' dir='ltr'>fuerit</span> <span class='ocrx_word' id='word_1_199' title='bbox 3332 1751 3583 1808; x_wconf 89' lang='lat' dir='ltr'>dilatum</span> 
     </span>
    </p>
   </div>
   <div class='ocr_carea' id='block_1_32' title="bbox 1936 1839 3585 1917">
    <p class='ocr_par' dir='ltr' id='par_1_32' title="bbox 1936 1839 3585 1917">
     <span class='ocr_line' id='line_1_32' title="bbox 1936 1839 3585 1917; baseline -0.005 -14"><span class='ocrx_word' id='word_1_200' title='bbox 1936 1865 2049 1903; x_wconf 91' lang='lat' dir='ltr'>non</span> <span class='ocrx_word' id='word_1_201' title='bbox 2073 1851 2267 1902; x_wconf 89' lang='lat' dir='ltr'>tamen</span> <span class='ocrx_word' id='word_1_202' title='bbox 2291 1851 2378 1902; x_wconf 90' lang='lat' dir='ltr'>est</span> <span class='ocrx_word' id='word_1_203' title='bbox 2398 1845 2706 1917; x_wconf 70' lang='lat' dir='ltr'>ablatum]</span> <span class='ocrx_word' id='word_1_204' title='bbox 2732 1846 2819 1900; x_wconf 89' lang='lat' dir='ltr'>Fit</span> <span class='ocrx_word' id='word_1_205' title='bbox 2840 1850 3158 1901; x_wconf 89' lang='lat' dir='ltr'>conventus</span> <span class='ocrx_word' id='word_1_206' title='bbox 3177 1841 3360 1898; x_wconf 84' lang='lat' dir='ltr'>totius</span> <span class='ocrx_word' id='word_1_207' title='bbox 3394 1839 3585 1914; x_wconf 90' lang='lat' dir='ltr'>regni,</span> 
     </span>
    </p>
   </div>
   <div class='ocr_carea' id='block_1_33' title="bbox 165 1929 3584 2034">
    <p class='ocr_par' dir='ltr' id='par_1_33' title="bbox 165 1929 3584 2034">
     <span class='ocr_line' id='line_1_33' title="bbox 165 1929 3584 2034; baseline -0.004 -34"><span class='ocrx_word' id='word_1_208' title='bbox 165 1938 321 1990; x_wconf 67' lang='lat' dir='ltr'>serat</span> <span class='ocrx_word' id='word_1_209' title='bbox 350 1948 694 2005; x_wconf 78' lang='lat' dir='ltr'>congruum.</span> <span class='ocrx_word' id='word_1_210' title='bbox 731 1933 891 1997; x_wconf 81' lang='lat' dir='ltr'>QUOd</span> <span class='ocrx_word' id='word_1_211' title='bbox 924 1949 1099 2004; x_wconf 85' lang='lat' dir='ltr'>quam</span> <span class='ocrx_word' id='word_1_212' title='bbox 1134 1933 1223 2004; x_wconf 81' lang='lat' dir='ltr'>pie</span> <span class='ocrx_word' id='word_1_213' title='bbox 1248 1947 1426 2003; x_wconf 83' lang='lat' dir='ltr'>quam</span> <span class='ocrx_word' id='word_1_214' title='bbox 1459 1937 1695 1987; x_wconf 78' lang='lat' dir='ltr'>strenue</span> <span class='ocrx_word' id='word_1_215' title='bbox 1717 1947 1812 1986; x_wconf 80' lang='lat' dir='ltr'>ex-</span> <span class='ocrx_word' id='word_1_216' title='bbox 1851 1969 1900 2034; x_wconf 84' lang='lat' dir='ltr'><strong>B</strong></span> <span class='ocrx_word' id='word_1_217' title='bbox 1937 1940 2252 1992; x_wconf 89' lang='lat' dir='ltr'>accurrunt</span> <span class='ocrx_word' id='word_1_218' title='bbox 2281 1935 2573 2008; x_wconf 90' lang='lat' dir='ltr'>principes</span> <span class='ocrx_word' id='word_1_219' title='bbox 2603 1951 2737 1990; x_wconf 89' lang='lat' dir='ltr'>cum</span> <span class='ocrx_word' id='word_1_220' title='bbox 2769 1933 3080 2007; x_wconf 85' lang='lat' dir='ltr'>episcOpis,</span> <span class='ocrx_word' id='word_1_221' title='bbox 3115 1936 3300 1988; x_wconf 64' lang='lat' dir='ltr'>castus</span> <span class='ocrx_word' id='word_1_222' title='bbox 3346 1929 3584 1986; x_wconf 86' lang='lat' dir='ltr'>clerico-</span> 
     </span>
    </p>
   </div>
   <div class='ocr_carea' id='block_1_34' title="bbox 171 2021 1744 2094">
    <p class='ocr_par' dir='ltr' id='par_1_34' title="bbox 171 2021 1744 2094">
     <span class='ocr_line' id='line_1_34' title="bbox 171 2021 1744 2094; baseline -0.004 -15"><span class='ocrx_word' id='word_1_223' title='bbox 171 2028 408 2080; x_wconf 82' lang='lat' dir='ltr'>secutus</span> <span class='ocrx_word' id='word_1_224' title='bbox 439 2027 547 2091; x_wconf 88' lang='lat' dir='ltr'>est,</span> <span class='ocrx_word' id='word_1_225' title='bbox 579 2021 878 2094; x_wconf 86' lang='lat' dir='ltr'>sequentis</span> <span class='ocrx_word' id='word_1_226' title='bbox 908 2021 1087 2077; x_wconf 89' lang='lat' dir='ltr'>series</span> <span class='ocrx_word' id='word_1_227' title='bbox 1117 2021 1385 2077; x_wconf 82' lang='lat' dir='ltr'>lectionis</span> <span class='ocrx_word' id='word_1_228' title='bbox 1407 2021 1744 2076; x_wconf 89' lang='lat' dir='ltr'>declarabit.</span> 
     </span>
    </p>
   </div>
   <div class='ocr_carea' id='block_1_35' title="bbox 814 2110 1180 2166">
    <p class='ocr_par' dir='ltr' id='par_1_35' title="bbox 814 2110 1180 2166">
     <span class='ocr_line' id='line_1_35' title="bbox 814 2110 1180 2166; baseline -0.003 -1"><span class='ocrx_word' id='word_1_229' title='bbox 814 2110 1046 2166; x_wconf 85' lang='lat' dir='ltr'>CAPUT</span> <span class='ocrx_word' id='word_1_230' title='bbox 1089 2110 1180 2165; x_wconf 90' lang='lat' dir='ltr'>III.</span> 
     </span>
    </p>
   </div>
   <div class='ocr_carea' id='block_1_36' title="bbox 248 2199 1819 2273">
    <p class='ocr_par' dir='ltr' id='par_1_36' title="bbox 248 2199 1819 2273">
     <span class='ocr_line' id='line_1_36' title="bbox 248 2199 1819 2273; baseline -0.001 -18"><span class='ocrx_word' id='word_1_231' title='bbox 248 2202 555 2258; x_wconf 74' lang='lat' dir='ltr'>Trevirensi</span> <span class='ocrx_word' id='word_1_232' title='bbox 598 2201 717 2256; x_wconf 72' lang='lat' dir='ltr'>sedi</span> <span class='ocrx_word' id='word_1_233' title='bbox 759 2201 1084 2273; x_wconf 68' lang='lat' dir='ltr'>praeﬁcitur.</span> <span class='ocrx_word' id='word_1_234' title='bbox 1112 2231 1180 2239; x_wconf 91' lang='lat'><strong>—</strong></span> <span class='ocrx_word' id='word_1_235' title='bbox 1211 2200 1331 2255; x_wconf 90' lang='lat' dir='ltr'>Sub</span> <span class='ocrx_word' id='word_1_236' title='bbox 1381 2199 1490 2254; x_wconf 92' lang='lat' dir='ltr'>hoc</span> <span class='ocrx_word' id='word_1_237' title='bbox 1537 2202 1819 2269; x_wconf 87' lang='lat' dir='ltr'>tempore,</span> 
     </span>
    </p>
   </div>
   <div class='ocr_carea' id='block_1_37' title="bbox 179 2287 1824 2363">
    <p class='ocr_par' dir='ltr' id='par_1_37' title="bbox 179 2287 1824 2363">
     <span class='ocr_line' id='line_1_37' title="bbox 179 2287 1824 2363; baseline -0.003 -18"><span class='ocrx_word' id='word_1_238' title='bbox 179 2288 334 2363; x_wconf 87' lang='lat' dir='ltr'>apud</span> <span class='ocrx_word' id='word_1_239' title='bbox 356 2288 575 2346; x_wconf 89' lang='lat' dir='ltr'>Gallias</span> <span class='ocrx_word' id='word_1_240' title='bbox 599 2290 950 2344; x_wconf 89' lang='lat' dir='ltr'>Francorum</span> <span class='ocrx_word' id='word_1_241' title='bbox 979 2289 1213 2360; x_wconf 90' lang='lat' dir='ltr'>regibus</span> <span class='ocrx_word' id='word_1_242' title='bbox 1239 2306 1272 2344; x_wconf 91' lang='lat' dir='ltr'>a</span> <span class='ocrx_word' id='word_1_243' title='bbox 1289 2287 1460 2344; x_wconf 89' lang='lat' dir='ltr'>solita</span> <span class='ocrx_word' id='word_1_244' title='bbox 1483 2287 1824 2342; x_wconf 81' lang='lat' dir='ltr'>fortitudine</span> 
     </span>
    </p>
   </div>
   <div class='ocr_carea' id='block_1_38' title="bbox 167 2375 1824 2450">
    <p class='ocr_par' dir='ltr' id='par_1_38' title="bbox 167 2375 1824 2450">
     <span class='ocr_line' id='line_1_38' title="bbox 167 2375 1824 2450; baseline -0.002 -16"><span class='ocrx_word' id='word_1_245' title='bbox 167 2383 227 2434; x_wconf 91' lang='lat' dir='ltr'>et</span> <span class='ocrx_word' id='word_1_246' title='bbox 257 2378 503 2434; x_wconf 90' lang='lat' dir='ltr'>scientia</span> <span class='ocrx_word' id='word_1_247' title='bbox 531 2377 1040 2450; x_wconf 88' lang='lat' dir='ltr'>degenerantibus,</span> <span class='ocrx_word' id='word_1_248' title='bbox 1076 2377 1134 2431; x_wconf 90' lang='lat' dir='ltr'>hi</span> <span class='ocrx_word' id='word_1_249' title='bbox 1180 2376 1280 2448; x_wconf 92' lang='lat' dir='ltr'>qui</span> <span class='ocrx_word' id='word_1_250' title='bbox 1330 2377 1581 2448; x_wconf 90' lang='lat' dir='ltr'>majores</span> <span class='ocrx_word' id='word_1_251' title='bbox 1613 2375 1824 2431; x_wconf 92' lang='lat' dir='ltr'>domus</span> 
     </span>
    </p>
   </div>
   <div class='ocr_carea' id='block_1_39' title="bbox 169 2465 1827 2540">
    <p class='ocr_par' dir='ltr' id='par_1_39' title="bbox 169 2465 1827 2540">
     <span class='ocr_line' id='line_1_39' title="bbox 169 2465 1827 2540; baseline -0.002 -18"><span class='ocrx_word' id='word_1_252' title='bbox 169 2466 385 2540; x_wconf 85' lang='lat' dir='ltr'>regalis</span> <span class='ocrx_word' id='word_1_253' title='bbox 416 2483 544 2523; x_wconf 90' lang='lat' dir='ltr'>esse</span> <span class='ocrx_word' id='word_1_254' title='bbox 573 2467 941 2532; x_wconf 88' lang='lat' dir='ltr'>videbantur,</span> <span class='ocrx_word' id='word_1_255' title='bbox 978 2465 1487 2522; x_wconf 85' lang='lat' dir='ltr'>administratione</span> <span class='ocrx_word' id='word_1_256' title='bbox 1518 2465 1678 2537; x_wconf 88' lang='lat' dir='ltr'>regni</span> <span class='ocrx_word' id='word_1_257' title='bbox 1729 2481 1827 2536; x_wconf 94' lang='lat' dir='ltr'>po-</span> 
     </span>
    </p>
   </div>
   <div class='ocr_carea' id='block_1_40' title="bbox 169 2554 1829 2628">
    <p class='ocr_par' dir='ltr' id='par_1_40' title="bbox 169 2554 1829 2628">
     <span class='ocr_line' id='line_1_40' title="bbox 169 2554 1829 2628; baseline -0.002 -16"><span class='ocrx_word' id='word_1_258' title='bbox 169 2555 438 2622; x_wconf 84' lang='lat' dir='ltr'>tentiam,</span> <span class='ocrx_word' id='word_1_259' title='bbox 472 2559 528 2611; x_wconf 90' lang='lat' dir='ltr'>et</span> <span class='ocrx_word' id='word_1_260' title='bbox 558 2554 845 2628; x_wconf 90' lang='lat' dir='ltr'>quidquid</span> <span class='ocrx_word' id='word_1_261' title='bbox 873 2555 1104 2626; x_wconf 82' lang='lat' dir='ltr'>regibus</span> <span class='ocrx_word' id='word_1_262' title='bbox 1136 2571 1304 2627; x_wconf 88' lang='lat' dir='ltr'>agere</span> <span class='ocrx_word' id='word_1_263' title='bbox 1354 2572 1480 2610; x_wconf 91' lang='lat' dir='ltr'>mos</span> <span class='ocrx_word' id='word_1_264' title='bbox 1528 2557 1616 2609; x_wconf 89' lang='lat' dir='ltr'>est</span> <span class='ocrx_word' id='word_1_265' title='bbox 1661 2569 1829 2625; x_wconf 90' lang='lat' dir='ltr'>cepe-</span> 
     </span>
    </p>
   </div>
   <div class='ocr_carea' id='block_1_41' title="bbox 183 2642 1830 2716">
    <p class='ocr_par' dir='ltr' id='par_1_41' title="bbox 183 2642 1830 2716">
     <span class='ocr_line' id='line_1_41' title="bbox 183 2642 1830 2716; baseline -0.002 -18"><span class='ocrx_word' id='word_1_266' title='bbox 183 2647 353 2709; x_wconf 86' lang='lat' dir='ltr'>runt;</span> <span class='ocrx_word' id='word_1_267' title='bbox 382 2643 598 2716; x_wconf 89' lang='lat' dir='ltr'>quippe</span> <span class='ocrx_word' id='word_1_268' title='bbox 611 2661 744 2699; x_wconf 90' lang='lat' dir='ltr'>cum</span> <span class='ocrx_word' id='word_1_269' title='bbox 759 2643 986 2698; x_wconf 63' lang='lat' dir='ltr'>coalitus</span> <span class='ocrx_word' id='word_1_270' title='bbox 1000 2647 1156 2698; x_wconf 89' lang='lat' dir='ltr'>esset</span> <span class='ocrx_word' id='word_1_271' title='bbox 1169 2643 1518 2714; x_wconf 84' lang='lat' dir='ltr'>dispositum</span> <span class='ocrx_word' id='word_1_272' title='bbox 1536 2643 1605 2698; x_wconf 88' lang='lat' dir='ltr'>ad</span> <span class='ocrx_word' id='word_1_273' title='bbox 1620 2642 1830 2696; x_wconf 89' lang='lat' dir='ltr'>horum</span> 
     </span>
    </p>
   </div>
   <div class='ocr_carea' id='block_1_42' title="bbox 173 2731 1832 2807">
    <p class='ocr_par' dir='ltr' id='par_1_42' title="bbox 173 2731 1832 2807">
     <span class='ocr_line' id='line_1_42' title="bbox 173 2731 1832 2807; baseline -0.002 -18"><span class='ocrx_word' id='word_1_274' title='bbox 173 2732 511 2807; x_wconf 84' lang='lat' dir='ltr'>progeniem</span> <span class='ocrx_word' id='word_1_275' title='bbox 544 2734 896 2788; x_wconf 87' lang='lat' dir='ltr'>Francorum</span> <span class='ocrx_word' id='word_1_276' title='bbox 918 2731 1211 2787; x_wconf 89' lang='lat' dir='ltr'>transvehi</span> <span class='ocrx_word' id='word_1_277' title='bbox 1254 2748 1518 2804; x_wconf 88' lang='lat' dir='ltr'>regnum.</span> <span class='ocrx_word' id='word_1_278' title='bbox 1581 2731 1832 2802; x_wconf 89' lang='lat' dir='ltr'>Eratque</span> 
     </span>
    </p>
   </div>
   <div class='ocr_carea' id='block_1_43' title="bbox 181 2817 1830 2892">
    <p class='ocr_par' dir='ltr' id='par_1_43' title="bbox 181 2817 1830 2892">
     <span class='ocr_line' id='line_1_43' title="bbox 181 2817 1830 2892; baseline -0.004 -11"><span class='ocrx_word' id='word_1_279' title='bbox 181 2822 668 2883; x_wconf 87' lang='lat' dir='ltr'>illisindiebusin</span> <span class='ocrx_word' id='word_1_280' title='bbox 691 2820 1361 2892; x_wconf 87' lang='lat' dir='ltr'>regiopalatioAngisus,</span> <span class='ocrx_word' id='word_1_281' title='bbox 1396 2817 1619 2874; x_wconf 87' lang='lat' dir='ltr'>Arnulﬁ</span> <span class='ocrx_word' id='word_1_282' title='bbox 1653 2819 1830 2886; x_wconf 90' lang='lat' dir='ltr'>ﬁlius,</span> 
     </span>
    </p>
   </div>
   <div class='ocr_carea' id='block_1_44' title="bbox 171 2909 1836 2981">
    <p class='ocr_par' dir='ltr' id='par_1_44' title="bbox 171 2909 1836 2981">
     <span class='ocr_line' id='line_1_44' title="bbox 171 2909 1836 2981; baseline -0.007 -8"><span class='ocrx_word' id='word_1_283' title='bbox 171 2917 246 2973; x_wconf 90' lang='lat' dir='ltr'>de</span> <span class='ocrx_word' id='word_1_284' title='bbox 273 2916 509 2972; x_wconf 89' lang='lat' dir='ltr'>nomine</span> <span class='ocrx_word' id='word_1_285' title='bbox 538 2910 803 2968; x_wconf 59' lang='lat' dir='ltr'>Anchisa</span> <span class='ocrx_word' id='word_1_286' title='bbox 835 2911 1133 2981; x_wconf 87' lang='lat' dir='ltr'>quondam</span> <span class='ocrx_word' id='word_1_287' title='bbox 1157 2909 1415 2980; x_wconf 90' lang='lat' dir='ltr'>Trojani,</span> <span class='ocrx_word' id='word_1_288' title='bbox 1467 2913 1530 2963; x_wconf 93' lang='lat' dir='ltr'>ut</span> <span class='ocrx_word' id='word_1_289' title='bbox 1596 2912 1836 2979; x_wconf 85' lang='lat' dir='ltr'>putatur</span> 
     </span>
    </p>
   </div>
   <div class='ocr_carea' id='block_1_45' title="bbox 177 2997 1830 3079">
    <p class='ocr_par' dir='ltr' id='par_1_45' title="bbox 177 2997 1830 3079">
     <span class='ocr_line' id='line_1_45' title="bbox 177 2997 1830 3079; baseline -0.006 -16"><span class='ocrx_word' id='word_1_290' title='bbox 177 3006 530 3079; x_wconf 84' lang='lat' dir='ltr'>appellatus,</span> <span class='ocrx_word' id='word_1_291' title='bbox 563 3000 982 3058; x_wconf 87' lang='lat' dir='ltr'>administrans</span> <span class='ocrx_word' id='word_1_292' title='bbox 1015 2997 1406 3070; x_wconf 90' lang='lat' dir='ltr'>principatum</span> <span class='ocrx_word' id='word_1_293' title='bbox 1439 2999 1549 3052; x_wconf 90' lang='lat' dir='ltr'>sub</span> <span class='ocrx_word' id='word_1_294' title='bbox 1594 2997 1830 3053; x_wconf 89' lang='lat' dir='ltr'>nomine</span> 
     </span>
    </p>
   </div>
   <div class='ocr_carea' id='block_1_46' title="bbox 188 3087 1836 3166">
    <p class='ocr_par' dir='ltr' id='par_1_46' title="bbox 188 3087 1836 3166">
     <span class='ocr_line' id='line_1_46' title="bbox 188 3087 1836 3166; baseline -0.005 -15"><span class='ocrx_word' id='word_1_295' title='bbox 188 3093 672 3166; x_wconf 88' lang='lat' dir='ltr'>majorisdomus,</span> <span class='ocrx_word' id='word_1_296' title='bbox 705 3089 873 3158; x_wconf 85' lang='lat' dir='ltr'>cujus</span> <span class='ocrx_word' id='word_1_297' title='bbox 899 3103 1130 3159; x_wconf 87' lang='lat' dir='ltr'>quoque</span> <span class='ocrx_word' id='word_1_298' title='bbox 1159 3090 1386 3142; x_wconf 70' lang='lat' dir='ltr'>aetatem</span> <span class='ocrx_word' id='word_1_299' title='bbox 1446 3087 1641 3158; x_wconf 87' lang='lat' dir='ltr'>attigit</span> <span class='ocrx_word' id='word_1_300' title='bbox 1660 3087 1836 3142; x_wconf 84' lang='lat' dir='ltr'>Hera-</span> 
     </span>
    </p>
   </div>
   <div class='ocr_carea' id='block_1_47' title="bbox 178 3175 1830 3248">
    <p class='ocr_par' dir='ltr' id='par_1_47' title="bbox 178 3175 1830 3248">
     <span class='ocr_line' id='line_1_47' title="bbox 178 3175 1830 3248; baseline -0.005 -9"><span class='ocrx_word' id='word_1_301' title='bbox 178 3183 355 3248; x_wconf 88' lang='lat' dir='ltr'>clius,</span> <span class='ocrx_word' id='word_1_302' title='bbox 385 3182 660 3237; x_wconf 64' lang='lat' dir='ltr'>Romane</span> <span class='ocrx_word' id='word_1_303' title='bbox 711 3175 1042 3247; x_wconf 60' lang='lat' dir='ltr'>reipublicae</span> <span class='ocrx_word' id='word_1_304' title='bbox 1091 3177 1411 3247; x_wconf 88' lang='lat' dir='ltr'>Augustus,</span> <span class='ocrx_word' id='word_1_305' title='bbox 1462 3176 1559 3244; x_wconf 92' lang='lat' dir='ltr'>qui</span> <span class='ocrx_word' id='word_1_306' title='bbox 1611 3177 1830 3230; x_wconf 84' lang='lat' dir='ltr'>revexit</span> 
     </span>
    </p>
   </div>
   <div class='ocr_carea' id='block_1_48' title="bbox 179 3264 1831 3337">
    <p class='ocr_par' dir='ltr' id='par_1_48' title="bbox 179 3264 1831 3337">
     <span class='ocr_line' id='line_1_48' title="bbox 179 3264 1831 3337; baseline -0.006 -9"><span class='ocrx_word' id='word_1_307' title='bbox 179 3270 570 3328; x_wconf 65' lang='lat' dir='ltr'>sanctissima</span> <span class='ocrx_word' id='word_1_308' title='bbox 590 3265 781 3322; x_wconf 83' lang='lat' dir='ltr'>crucis</span> <span class='ocrx_word' id='word_1_309' title='bbox 811 3265 1038 3337; x_wconf 90' lang='lat' dir='ltr'>lignum</span> <span class='ocrx_word' id='word_1_310' title='bbox 1067 3281 1102 3320; x_wconf 92' lang='lat' dir='ltr'>a</span> <span class='ocrx_word' id='word_1_311' title='bbox 1122 3264 1416 3320; x_wconf 68' lang='lat' dir='ltr'>Chrosroaa</span> <span class='ocrx_word' id='word_1_312' title='bbox 1442 3264 1674 3336; x_wconf 82' lang='lat' dir='ltr'>tyranni</span> <span class='ocrx_word' id='word_1_313' title='bbox 1700 3281 1831 3336; x_wconf 88' lang='lat' dir='ltr'>par-</span> 
     </span>
    </p>
   </div>
   <div class='ocr_carea' id='block_1_49' title="bbox 168 3337 1904 3431">
    <p class='ocr_par' dir='ltr' id='par_1_49' title="bbox 168 3337 1904 3431">
     <span class='ocr_line' id='line_1_49' title="bbox 168 3337 1904 3431; baseline -0.006 -15"><span class='ocrx_word' id='word_1_314' title='bbox 168 3361 356 3430; x_wconf 83' lang='lat' dir='ltr'>tibus.</span> <span class='ocrx_word' id='word_1_315' title='bbox 385 3357 668 3431; x_wconf 90' lang='lat' dir='ltr'>Pippinus</span> <span class='ocrx_word' id='word_1_316' title='bbox 692 3359 825 3426; x_wconf 88' lang='lat' dir='ltr'>post</span> <span class='ocrx_word' id='word_1_317' title='bbox 850 3351 1100 3408; x_wconf 87' lang='lat' dir='ltr'>multum</span> <span class='ocrx_word' id='word_1_318' title='bbox 1134 3353 1413 3423; x_wconf 86' lang='lat' dir='ltr'>temporis</span> <span class='ocrx_word' id='word_1_319' title='bbox 1436 3351 1586 3424; x_wconf 89' lang='lat' dir='ltr'>patri</span> <span class='ocrx_word' id='word_1_320' title='bbox 1612 3352 1828 3424; x_wconf 86' lang='lat' dir='ltr'>Angiso</span> <span class='ocrx_word' id='word_1_321' title='bbox 1861 3337 1904 3405; x_wconf 85' lang='lat' dir='ltr'>C</span> 
     </span>
    </p>
   </div>
   <div class='ocr_carea' id='block_1_50' title="bbox 168 3437 1831 3519">
    <p class='ocr_par' dir='ltr' id='par_1_50' title="bbox 168 3437 1831 3519">
     <span class='ocr_line' id='line_1_50' title="bbox 168 3437 1831 3519; baseline -0.007 -13"><span class='ocrx_word' id='word_1_322' title='bbox 168 3447 476 3506; x_wconf 87' lang='lat' dir='ltr'>decedenti</span> <span class='ocrx_word' id='word_1_323' title='bbox 491 3437 1266 3519; x_wconf 80' lang='lat' dir='ltr'>succedens,rempublicam</span> <span class='ocrx_word' id='word_1_324' title='bbox 1279 3441 1600 3496; x_wconf 88' lang='lat' dir='ltr'>Galliarum</span> <span class='ocrx_word' id='word_1_325' title='bbox 1620 3441 1831 3511; x_wconf 82' lang='lat' dir='ltr'>guber-</span> 
     </span>
    </p>
   </div>
   <div class='ocr_carea' id='block_1_51' title="bbox 170 3528 1832 3602">
    <p class='ocr_par' dir='ltr' id='par_1_51' title="bbox 170 3528 1832 3602">
     <span class='ocr_line' id='line_1_51' title="bbox 170 3528 1832 3602; baseline -0.006 -7"><span class='ocrx_word' id='word_1_326' title='bbox 170 3538 341 3595; x_wconf 89' lang='lat' dir='ltr'>navit</span> <span class='ocrx_word' id='word_1_327' title='bbox 365 3534 798 3599; x_wconf 80' lang='lat' dir='ltr'>florentissime,</span> <span class='ocrx_word' id='word_1_328' title='bbox 829 3531 918 3586; x_wconf 91' lang='lat' dir='ltr'>vir</span> <span class='ocrx_word' id='word_1_329' title='bbox 945 3547 1171 3602; x_wconf 65' lang='lat' dir='ltr'>magna:</span> <span class='ocrx_word' id='word_1_330' title='bbox 1213 3530 1502 3601; x_wconf 83' lang='lat' dir='ltr'>potentiae,</span> <span class='ocrx_word' id='word_1_331' title='bbox 1554 3528 1832 3601; x_wconf 75' lang='lat' dir='ltr'>mirasque</span> 
     </span>
    </p>
   </div>
   <div class='ocr_carea' id='block_1_52' title="bbox 160 3618 1830 3700">
    <p class='ocr_par' dir='ltr' id='par_1_52' title="bbox 160 3618 1830 3700">
     <span class='ocr_line' id='line_1_52' title="bbox 160 3618 1830 3700; baseline -0.005 -18"><span class='ocrx_word' id='word_1_332' title='bbox 160 3626 404 3700; x_wconf 88' lang='lat' dir='ltr'>pietatis</span> <span class='ocrx_word' id='word_1_333' title='bbox 432 3629 489 3680; x_wconf 90' lang='lat' dir='ltr'>et</span> <span class='ocrx_word' id='word_1_334' title='bbox 518 3621 793 3687; x_wconf 80' lang='lat' dir='ltr'>audaciae,</span> <span class='ocrx_word' id='word_1_335' title='bbox 828 3619 931 3692; x_wconf 91' lang='lat' dir='ltr'>qui</span> <span class='ocrx_word' id='word_1_336' title='bbox 963 3619 1161 3675; x_wconf 89' lang='lat' dir='ltr'>hostes</span> <span class='ocrx_word' id='word_1_337' title='bbox 1193 3635 1331 3673; x_wconf 90' lang='lat' dir='ltr'>suos</span> <span class='ocrx_word' id='word_1_338' title='bbox 1363 3618 1565 3673; x_wconf 86' lang='lat' dir='ltr'>statim</span> <span class='ocrx_word' id='word_1_339' title='bbox 1617 3633 1830 3691; x_wconf 88' lang='lat' dir='ltr'>aggre-</span> 
     </span>
    </p>
   </div>
   <div class='ocr_carea' id='block_1_53' title="bbox 163 3707 1832 3782">
    <p class='ocr_par' dir='ltr' id='par_1_53' title="bbox 163 3707 1832 3782">
     <span class='ocr_line' id='line_1_53' title="bbox 163 3707 1832 3782; baseline -0.007 -10"><span class='ocrx_word' id='word_1_340' title='bbox 163 3715 386 3772; x_wconf 89' lang='lat' dir='ltr'>diendo</span> <span class='ocrx_word' id='word_1_341' title='bbox 417 3711 689 3770; x_wconf 88' lang='lat' dir='ltr'>contrivit</span> <span class='ocrx_word' id='word_1_342' title='bbox 717 3708 1071 3782; x_wconf 74' lang='lat' dir='ltr'>saepissime;</span> <span class='ocrx_word' id='word_1_343' title='bbox 1106 3725 1243 3764; x_wconf 90' lang='lat' dir='ltr'>nam</span> <span class='ocrx_word' id='word_1_344' title='bbox 1292 3723 1469 3778; x_wconf 88' lang='lat' dir='ltr'>super</span> <span class='ocrx_word' id='word_1_345' title='bbox 1516 3707 1832 3778; x_wconf 91' lang='lat' dir='ltr'>quemdam</span> 
     </span>
    </p>
   </div>
   <div class='ocr_carea' id='block_1_54' title="bbox 165 3798 1832 3869">
    <p class='ocr_par' dir='ltr' id='par_1_54' title="bbox 165 3798 1832 3869">
     <span class='ocr_line' id='line_1_54' title="bbox 165 3798 1832 3869; baseline -0.006 -8"><span class='ocrx_word' id='word_1_346' title='bbox 165 3821 352 3862; x_wconf 85' lang='lat' dir='ltr'>suum</span> <span class='ocrx_word' id='word_1_347' title='bbox 384 3800 786 3860; x_wconf 89' lang='lat' dir='ltr'>adversarium</span> <span class='ocrx_word' id='word_1_348' title='bbox 819 3798 1087 3854; x_wconf 83' lang='lat' dir='ltr'>Rhenum</span> <span class='ocrx_word' id='word_1_349' title='bbox 1119 3802 1525 3869; x_wconf 88' lang='lat' dir='ltr'>transgressus</span> <span class='ocrx_word' id='word_1_350' title='bbox 1546 3813 1679 3851; x_wconf 91' lang='lat' dir='ltr'>cum</span> <span class='ocrx_word' id='word_1_351' title='bbox 1714 3811 1832 3851; x_wconf 91' lang='lat' dir='ltr'>uno</span> 
     </span>
    </p>
   </div>
   <div class='ocr_carea' id='block_1_55' title="bbox 168 3884 1831 3954">
    <p class='ocr_par' dir='ltr' id='par_1_55' title="bbox 168 3884 1831 3954">
     <span class='ocr_line' id='line_1_55' title="bbox 168 3884 1831 3954; baseline -0.007 -4"><span class='ocrx_word' id='word_1_352' title='bbox 168 3899 408 3950; x_wconf 82' lang='lat' dir='ltr'>tantum</span> <span class='ocrx_word' id='word_1_353' title='bbox 441 3889 688 3946; x_wconf 86' lang='lat' dir='ltr'>satellite</span> <span class='ocrx_word' id='word_1_354' title='bbox 722 3904 831 3942; x_wconf 89' lang='lat' dir='ltr'>suo</span> <span class='ocrx_word' id='word_1_355' title='bbox 877 3887 1066 3954; x_wconf 88' lang='lat' dir='ltr'>irruit,</span> <span class='ocrx_word' id='word_1_356' title='bbox 1119 3901 1254 3940; x_wconf 90' lang='lat' dir='ltr'>eum</span> <span class='ocrx_word' id='word_1_357' title='bbox 1307 3885 1366 3939; x_wconf 90' lang='lat' dir='ltr'>in</span> <span class='ocrx_word' id='word_1_358' title='bbox 1413 3901 1519 3940; x_wconf 90' lang='lat' dir='ltr'>suo</span> <span class='ocrx_word' id='word_1_359' title='bbox 1565 3884 1831 3939; x_wconf 91' lang='lat' dir='ltr'>cubiculo</span> 
     </span>
    </p>
   </div>
   <div class='ocr_carea' id='block_1_56' title="bbox 170 3972 1834 4045">
    <p class='ocr_par' dir='ltr' id='par_1_56' title="bbox 170 3972 1834 4045">
     <span class='ocr_line' id='line_1_56' title="bbox 170 3972 1834 4045; baseline -0.006 -7"><span class='ocrx_word' id='word_1_360' title='bbox 170 3982 530 4038; x_wconf 86' lang='lat' dir='ltr'>residentem</span> <span class='ocrx_word' id='word_1_361' title='bbox 555 3993 686 4034; x_wconf 90' lang='lat' dir='ltr'>cum</span> <span class='ocrx_word' id='word_1_362' title='bbox 710 3976 835 4032; x_wconf 90' lang='lat' dir='ltr'>suis</span> <span class='ocrx_word' id='word_1_363' title='bbox 858 3974 1201 4042; x_wconf 85' lang='lat' dir='ltr'>trucidavit;</span> <span class='ocrx_word' id='word_1_364' title='bbox 1226 3972 1380 4029; x_wconf 88' lang='lat' dir='ltr'>bella</span> <span class='ocrx_word' id='word_1_365' title='bbox 1403 3989 1632 4045; x_wconf 91' lang='lat' dir='ltr'>quoque</span> <span class='ocrx_word' id='word_1_366' title='bbox 1649 3972 1834 4028; x_wconf 86' lang='lat' dir='ltr'>multa</span> 
     </span>
    </p>
   </div>
   <div class='ocr_carea' id='block_1_57' title="bbox 167 4061 1831 4127">
    <p class='ocr_par' dir='ltr' id='par_1_57' title="bbox 167 4061 1831 4127">
     <span class='ocr_line' id='line_1_57' title="bbox 167 4061 1831 4127; baseline -0.007 0"><span class='ocrx_word' id='word_1_367' title='bbox 167 4087 313 4127; x_wconf 86' lang='lat' dir='ltr'>cum</span> <span class='ocrx_word' id='word_1_368' title='bbox 334 4067 663 4126; x_wconf 82' lang='lat' dir='ltr'>Saxonibus</span> <span class='ocrx_word' id='word_1_369' title='bbox 687 4069 743 4122; x_wconf 91' lang='lat' dir='ltr'>et</span> <span class='ocrx_word' id='word_1_370' title='bbox 764 4065 1016 4120; x_wconf 89' lang='lat' dir='ltr'>maxime</span> <span class='ocrx_word' id='word_1_371' title='bbox 1038 4080 1173 4118; x_wconf 86' lang='lat' dir='ltr'>curn</span> <span class='ocrx_word' id='word_1_372' title='bbox 1193 4061 1497 4118; x_wconf 83' lang='lat' dir='ltr'>Rathbedo</span> <span class='ocrx_word' id='word_1_373' title='bbox 1511 4064 1831 4117; x_wconf 88' lang='lat' dir='ltr'>Fresonum</span> 
     </span>
    </p>
   </div>
   <div class='ocr_carea' id='block_1_58' title="bbox 171 4151 1834 4232">
    <p class='ocr_par' dir='ltr' id='par_1_58' title="bbox 171 4151 1834 4232">
     <span class='ocr_line' id='line_1_58' title="bbox 171 4151 1834 4232; baseline -0.007 -16"><span class='ocrx_word' id='word_1_374' title='bbox 171 4176 315 4232; x_wconf 85' lang='lat' dir='ltr'>rege</span> <span class='ocrx_word' id='word_1_375' title='bbox 347 4158 572 4214; x_wconf 85' lang='lat' dir='ltr'>fortiter</span> <span class='ocrx_word' id='word_1_376' title='bbox 601 4153 800 4227; x_wconf 88' lang='lat' dir='ltr'>gessit.</span> <span class='ocrx_word' id='word_1_377' title='bbox 836 4153 939 4208; x_wconf 89' lang='lat' dir='ltr'>Hic</span> <span class='ocrx_word' id='word_1_378' title='bbox 970 4155 1027 4207; x_wconf 91' lang='lat' dir='ltr'>et</span> <span class='ocrx_word' id='word_1_379' title='bbox 1052 4151 1197 4206; x_wconf 88' lang='lat' dir='ltr'>alios</span> <span class='ocrx_word' id='word_1_380' title='bbox 1217 4151 1369 4206; x_wconf 85' lang='lat' dir='ltr'>ﬁlios</span> <span class='ocrx_word' id='word_1_381' title='bbox 1390 4151 1616 4217; x_wconf 83' lang='lat' dir='ltr'>habuit,</span> <span class='ocrx_word' id='word_1_382' title='bbox 1642 4151 1743 4206; x_wconf 88' lang='lat' dir='ltr'>sed</span> <span class='ocrx_word' id='word_1_383' title='bbox 1765 4167 1834 4205; x_wconf 91' lang='lat' dir='ltr'>ex</span> 
     </span>
    </p>
   </div>
   <div class='ocr_carea' id='block_1_59' title="bbox 168 4239 1835 4320">
    <p class='ocr_par' dir='ltr' id='par_1_59' title="bbox 168 4239 1835 4320">
     <span class='ocr_line' id='line_1_59' title="bbox 168 4239 1835 4320; baseline -0.007 -16"><span class='ocrx_word' id='word_1_384' title='bbox 168 4250 271 4305; x_wconf 89' lang='lat' dir='ltr'>his</span> <span class='ocrx_word' id='word_1_385' title='bbox 305 4247 636 4320; x_wconf 65' lang='lat' dir='ltr'>prmeipuus</span> <span class='ocrx_word' id='word_1_386' title='bbox 668 4243 908 4299; x_wconf 86' lang='lat' dir='ltr'>Carolus</span> <span class='ocrx_word' id='word_1_387' title='bbox 939 4241 1186 4306; x_wconf 83' lang='lat' dir='ltr'>exstitit,</span> <span class='ocrx_word' id='word_1_388' title='bbox 1221 4240 1322 4311; x_wconf 90' lang='lat' dir='ltr'>qui</span> <span class='ocrx_word' id='word_1_389' title='bbox 1353 4240 1404 4295; x_wconf 92' lang='lat' dir='ltr'>ei</span> <span class='ocrx_word' id='word_1_390' title='bbox 1438 4244 1570 4311; x_wconf 89' lang='lat' dir='ltr'>post</span> <span class='ocrx_word' id='word_1_391' title='bbox 1600 4239 1660 4294; x_wconf 92' lang='lat' dir='ltr'>in</span> <span class='ocrx_word' id='word_1_392' title='bbox 1678 4239 1835 4310; x_wconf 83' lang='lat' dir='ltr'>prin-</span> 
     </span>
    </p>
   </div>
   <div class='ocr_carea' id='block_1_60' title="bbox 168 4327 1831 4410">
    <p class='ocr_par' dir='ltr' id='par_1_60' title="bbox 168 4327 1831 4410">
     <span class='ocr_line' id='line_1_60' title="bbox 168 4327 1831 4410; baseline -0.007 -17"><span class='ocrx_word' id='word_1_393' title='bbox 168 4339 373 4410; x_wconf 90' lang='lat' dir='ltr'>cipatu</span> <span class='ocrx_word' id='word_1_394' title='bbox 407 4334 711 4391; x_wconf 87' lang='lat' dir='ltr'>successit.</span> <span class='ocrx_word' id='word_1_395' title='bbox 747 4332 910 4398; x_wconf 88' lang='lat' dir='ltr'>Quod</span> <span class='ocrx_word' id='word_1_396' title='bbox 943 4331 1158 4385; x_wconf 89' lang='lat' dir='ltr'>idcirco</span> <span class='ocrx_word' id='word_1_397' title='bbox 1190 4329 1458 4385; x_wconf 85' lang='lat' dir='ltr'>fortassis</span> <span class='ocrx_word' id='word_1_398' title='bbox 1490 4327 1624 4401; x_wconf 88' lang='lat' dir='ltr'>plus</span> <span class='ocrx_word' id='word_1_399' title='bbox 1665 4329 1831 4400; x_wconf 87' lang='lat' dir='ltr'>justo</span> 
     </span>
    </p>
   </div>
   <div class='ocr_carea' id='block_1_61' title="bbox 168 4416 1832 4495">
    <p class='ocr_par' dir='ltr' id='par_1_61' title="bbox 168 4416 1832 4495">
     <span class='ocr_line' id='line_1_61' title="bbox 168 4416 1832 4495; baseline -0.006 -14"><span class='ocrx_word' id='word_1_400' title='bbox 168 4426 371 4483; x_wconf 86' lang='lat' dir='ltr'>visum</span> <span class='ocrx_word' id='word_1_401' title='bbox 403 4427 492 4479; x_wconf 90' lang='lat' dir='ltr'>est</span> <span class='ocrx_word' id='word_1_402' title='bbox 521 4420 814 4495; x_wconf 86' lang='lat' dir='ltr'>prosequi,</span> <span class='ocrx_word' id='word_1_403' title='bbox 849 4435 920 4473; x_wconf 91' lang='lat' dir='ltr'>ne</span> <span class='ocrx_word' id='word_1_404' title='bbox 952 4417 1274 4474; x_wconf 88' lang='lat' dir='ltr'>similitudo</span> <span class='ocrx_word' id='word_1_405' title='bbox 1293 4416 1599 4472; x_wconf 88' lang='lat' dir='ltr'>nominum</span> <span class='ocrx_word' id='word_1_406' title='bbox 1622 4417 1832 4472; x_wconf 91' lang='lat' dir='ltr'>decur-</span> 
     </span>
    </p>
   </div>
   <div class='ocr_carea' id='block_1_62' title="bbox 171 4504 1830 4586">
    <p class='ocr_par' dir='ltr' id='par_1_62' title="bbox 171 4504 1830 4586">
     <span class='ocr_line' id='line_1_62' title="bbox 171 4504 1830 4586; baseline -0.008 -14"><span class='ocrx_word' id='word_1_407' title='bbox 171 4515 384 4586; x_wconf 84' lang='lat' dir='ltr'>sioque</span> <span class='ocrx_word' id='word_1_408' title='bbox 400 4518 729 4584; x_wconf 84' lang='lat' dir='ltr'>temporum</span> <span class='ocrx_word' id='word_1_409' title='bbox 743 4509 802 4564; x_wconf 88' lang='lat' dir='ltr'>in</span> <span class='ocrx_word' id='word_1_410' title='bbox 817 4506 1198 4580; x_wconf 89' lang='lat' dir='ltr'>sequentibus</span> <span class='ocrx_word' id='word_1_411' title='bbox 1211 4505 1436 4577; x_wconf 89' lang='lat' dir='ltr'>injiciat</span> <span class='ocrx_word' id='word_1_412' title='bbox 1453 4504 1830 4576; x_wconf 89' lang='lat' dir='ltr'>secrupulum</span> 
     </span>
    </p>
   </div>
   <div class='ocr_carea' id='block_1_63' title="bbox 171 4593 1830 4672">
    <p class='ocr_par' dir='ltr' id='par_1_63' title="bbox 171 4593 1830 4672">
     <span class='ocr_line' id='line_1_63' title="bbox 171 4593 1830 4672; baseline -0.007 -12"><span class='ocrx_word' id='word_1_413' title='bbox 171 4603 403 4672; x_wconf 88' lang='lat' dir='ltr'>lectori,</span> <span class='ocrx_word' id='word_1_414' title='bbox 437 4616 647 4672; x_wconf 87' lang='lat' dir='ltr'>nempe</span> <span class='ocrx_word' id='word_1_415' title='bbox 679 4599 955 4670; x_wconf 71' lang='lat' dir='ltr'>praefatus</span> <span class='ocrx_word' id='word_1_416' title='bbox 973 4597 1090 4651; x_wconf 91' lang='lat' dir='ltr'>dux</span> <span class='ocrx_word' id='word_1_417' title='bbox 1107 4593 1347 4650; x_wconf 89' lang='lat' dir='ltr'>Carolus</span> <span class='ocrx_word' id='word_1_418' title='bbox 1369 4594 1538 4666; x_wconf 91' lang='lat' dir='ltr'>primi</span> <span class='ocrx_word' id='word_1_419' title='bbox 1565 4610 1632 4649; x_wconf 87' lang='lat' dir='ltr'>ex</span> <span class='ocrx_word' id='word_1_420' title='bbox 1659 4596 1830 4650; x_wconf 90' lang='lat' dir='ltr'>Fran-</span> 
     </span>
    </p>
   </div>
   <div class='ocr_carea' id='block_1_64' title="bbox 174 4682 1833 4764">
    <p class='ocr_par' dir='ltr' id='par_1_64' title="bbox 174 4682 1833 4764">
     <span class='ocr_line' id='line_1_64' title="bbox 174 4682 1833 4764; baseline -0.006 -14"><span class='ocrx_word' id='word_1_421' title='bbox 174 4693 262 4750; x_wconf 90' lang='lat' dir='ltr'>cis</span> <span class='ocrx_word' id='word_1_422' title='bbox 295 4690 498 4764; x_wconf 90' lang='lat' dir='ltr'>magni</span> <span class='ocrx_word' id='word_1_423' title='bbox 533 4686 904 4760; x_wconf 88' lang='lat' dir='ltr'>imperatoris</span> <span class='ocrx_word' id='word_1_424' title='bbox 937 4683 1367 4740; x_wconf 85' lang='lat' dir='ltr'>Caroliexstitit</span> <span class='ocrx_word' id='word_1_425' title='bbox 1387 4701 1547 4740; x_wconf 83' lang='lat' dir='ltr'>avus.</span> <span class='ocrx_word' id='word_1_426' title='bbox 1576 4682 1833 4740; x_wconf 87' lang='lat' dir='ltr'>Publicis</span> 
     </span>
    </p>
   </div>
   <div class='ocr_carea' id='block_1_65' title="bbox 175 4773 1833 4856">
    <p class='ocr_par' dir='ltr' id='par_1_65' title="bbox 175 4773 1833 4856">
     <span class='ocr_line' id='line_1_65' title="bbox 175 4773 1833 4856; baseline -0.007 -18"><span class='ocrx_word' id='word_1_427' title='bbox 175 4783 360 4856; x_wconf 88' lang='lat' dir='ltr'>igitur</span> <span class='ocrx_word' id='word_1_428' title='bbox 386 4777 743 4835; x_wconf 88' lang='lat' dir='ltr'>utilitatibus</span> <span class='ocrx_word' id='word_1_429' title='bbox 777 4773 1113 4847; x_wconf 89' lang='lat' dir='ltr'>invigilante</span> <span class='ocrx_word' id='word_1_430' title='bbox 1141 4773 1358 4844; x_wconf 86' lang='lat' dir='ltr'>Angiso</span> <span class='ocrx_word' id='word_1_431' title='bbox 1384 4773 1511 4844; x_wconf 88' lang='lat' dir='ltr'>jam</span> <span class='ocrx_word' id='word_1_432' title='bbox 1562 4773 1716 4828; x_wconf 91' lang='lat' dir='ltr'>dicto</span> <span class='ocrx_word' id='word_1_433' title='bbox 1757 4774 1833 4845; x_wconf 78' lang='grc'>(4)</span> 
     </span>
    </p>
   </div>
   <div class='ocr_carea' id='block_1_66' title="bbox 173 4861 1835 4938">
    <p class='ocr_par' dir='ltr' id='par_1_66' title="bbox 173 4861 1835 4938">
     <span class='ocr_line' id='line_1_66' title="bbox 173 4861 1835 4938; baseline -0.007 -11"><span class='ocrx_word' id='word_1_434' title='bbox 173 4877 236 4927; x_wconf 90' lang='lat' dir='ltr'>et</span> <span class='ocrx_word' id='word_1_435' title='bbox 263 4871 480 4927; x_wconf 87' lang='lat' dir='ltr'>Milone</span> <span class='ocrx_word' id='word_1_436' title='bbox 513 4865 948 4938; x_wconf 87' lang='lat' dir='ltr'>archiepiscopo</span> <span class='ocrx_word' id='word_1_437' title='bbox 977 4861 1409 4918; x_wconf 88' lang='lat' dir='ltr'>Trevirensium</span> <span class='ocrx_word' id='word_1_438' title='bbox 1435 4863 1610 4917; x_wconf 89' lang='lat' dir='ltr'>rebus</span> <span class='ocrx_word' id='word_1_439' title='bbox 1631 4862 1835 4917; x_wconf 91' lang='lat' dir='ltr'>huma-</span> 
     </span>
    </p>
   </div>
   <div class='ocr_carea' id='block_1_67' title="bbox 174 4949 1835 5023">
    <p class='ocr_par' dir='ltr' id='par_1_67' title="bbox 174 4949 1835 5023">
     <span class='ocr_line' id='line_1_67' title="bbox 174 4949 1835 5023; baseline -0.006 -7"><span class='ocrx_word' id='word_1_440' title='bbox 174 4961 272 5017; x_wconf 88' lang='lat' dir='ltr'>nis</span> <span class='ocrx_word' id='word_1_441' title='bbox 303 4961 501 5023; x_wconf 85' lang='lat' dir='ltr'>exuto,</span> <span class='ocrx_word' id='word_1_442' title='bbox 553 4954 924 5010; x_wconf 89' lang='lat' dir='ltr'>Trevirenses</span> <span class='ocrx_word' id='word_1_443' title='bbox 974 4950 1218 5023; x_wconf 66' lang='lat' dir='ltr'>prwsule</span> <span class='ocrx_word' id='word_1_444' title='bbox 1269 4949 1630 5022; x_wconf 89' lang='lat' dir='ltr'>indigebant.</span> <span class='ocrx_word' id='word_1_445' title='bbox 1686 4951 1835 5006; x_wconf 86' lang='lat' dir='ltr'>Grex</span> 
     </span>
    </p>
   </div>
   <div class='ocr_carea' id='block_1_68' title="bbox 173 5039 1834 5120">
    <p class='ocr_par' dir='ltr' id='par_1_68' title="bbox 173 5039 1834 5120">
     <span class='ocr_line' id='line_1_68' title="bbox 173 5039 1834 5120; baseline -0.005 -16"><span class='ocrx_word' id='word_1_446' title='bbox 173 5050 379 5120; x_wconf 87' lang='lat' dir='ltr'>itaque</span> <span class='ocrx_word' id='word_1_447' title='bbox 429 5043 678 5112; x_wconf 84' lang='lat' dir='ltr'>Domini,</span> <span class='ocrx_word' id='word_1_448' title='bbox 731 5045 961 5114; x_wconf 90' lang='lat' dir='ltr'>pastore</span> <span class='ocrx_word' id='word_1_449' title='bbox 1009 5039 1353 5106; x_wconf 88' lang='lat' dir='ltr'>destitutus,</span> <span class='ocrx_word' id='word_1_450' title='bbox 1399 5055 1712 5094; x_wconf 83' lang='lat' dir='ltr'>conversus</span> <span class='ocrx_word' id='word_1_451' title='bbox 1764 5040 1834 5096; x_wconf 88' lang='lat' dir='ltr'>ad</span> 
     </span>
    </p>
   </div>
   <div class='ocr_carea' id='block_1_69' title="bbox 174 5127 1838 5203">
    <p class='ocr_par' dir='ltr' id='par_1_69' title="bbox 174 5127 1838 5203">
     <span class='ocr_line' id='line_1_69' title="bbox 174 5127 1838 5203; baseline -0.007 -10"><span class='ocrx_word' id='word_1_452' title='bbox 174 5137 504 5194; x_wconf 89' lang='lat' dir='ltr'>Dominum</span> <span class='ocrx_word' id='word_1_453' title='bbox 537 5133 678 5188; x_wconf 90' lang='lat' dir='ltr'>totis</span> <span class='ocrx_word' id='word_1_454' title='bbox 711 5131 982 5203; x_wconf 91' lang='lat' dir='ltr'>precibus</span> <span class='ocrx_word' id='word_1_455' title='bbox 1013 5127 1324 5194; x_wconf 87' lang='lat' dir='ltr'>iucumbit,</span> <span class='ocrx_word' id='word_1_456' title='bbox 1359 5132 1415 5182; x_wconf 90' lang='lat' dir='ltr'>et</span> <span class='ocrx_word' id='word_1_457' title='bbox 1457 5132 1520 5182; x_wconf 92' lang='lat' dir='ltr'>ut</span> <span class='ocrx_word' id='word_1_458' title='bbox 1572 5127 1838 5184; x_wconf 64' lang='lat' dir='ltr'>Ecclesia:</span> 
     </span>
    </p>
   </div>
   <div class='ocr_carea' id='block_1_70' title="bbox 175 5215 1842 5291">
    <p class='ocr_par' dir='ltr' id='par_1_70' title="bbox 175 5215 1842 5291">
     <span class='ocr_line' id='line_1_70' title="bbox 175 5215 1842 5291; baseline -0.005 -10"><span class='ocrx_word' id='word_1_459' title='bbox 175 5243 324 5291; x_wconf 66' lang='lat' dir='ltr'>suae,</span> <span class='ocrx_word' id='word_1_460' title='bbox 377 5222 616 5278; x_wconf 88' lang='lat' dir='ltr'>turbine</span> <span class='ocrx_word' id='word_1_461' title='bbox 667 5219 861 5275; x_wconf 73' lang='lat' dir='ltr'>saeculi</span> <span class='ocrx_word' id='word_1_462' title='bbox 912 5216 1241 5282; x_wconf 87' lang='lat' dir='ltr'>ﬂuctuanti,</span> <span class='ocrx_word' id='word_1_463' title='bbox 1294 5220 1576 5272; x_wconf 90' lang='lat' dir='ltr'>rectorem</span> <span class='ocrx_word' id='word_1_464' title='bbox 1620 5215 1842 5273; x_wconf 90' lang='lat' dir='ltr'>tribuat</span> 
     </span>
    </p>
   </div>
   <div class='ocr_carea' id='block_1_71' title="bbox 176 5304 1842 5387">
    <p class='ocr_par' dir='ltr' id='par_1_71' title="bbox 176 5304 1842 5387">
     <span class='ocr_line' id='line_1_71' title="bbox 176 5304 1842 5387; baseline -0.005 -16"><span class='ocrx_word' id='word_1_465' title='bbox 176 5310 468 5387; x_wconf 86' lang='lat' dir='ltr'>exposcit.</span> <span class='ocrx_word' id='word_1_466' title='bbox 518 5309 682 5366; x_wconf 91' lang='lat' dir='ltr'>Tunc</span> <span class='ocrx_word' id='word_1_467' title='bbox 729 5308 924 5366; x_wconf 89' lang='lat' dir='ltr'>subito</span> <span class='ocrx_word' id='word_1_468' title='bbox 973 5304 1275 5379; x_wconf 90' lang='lat' dir='ltr'>Hildulphi</span> <span class='ocrx_word' id='word_1_469' title='bbox 1327 5321 1541 5361; x_wconf 89' lang='lat' dir='ltr'>nomen</span> <span class='ocrx_word' id='word_1_470' title='bbox 1591 5322 1694 5378; x_wconf 90' lang='lat' dir='ltr'>per</span> <span class='ocrx_word' id='word_1_471' title='bbox 1740 5324 1842 5364; x_wconf 91' lang='lat' dir='ltr'>ora</span> 
     </span>
    </p>
   </div>
   <div class='ocr_carea' id='block_1_72' title="bbox 260 5466 1842 5545">
    <p class='ocr_par' dir='ltr' id='par_1_72' title="bbox 260 5466 1842 5545">
     <span class='ocr_line' id='line_1_72' title="bbox 260 5466 1842 5545; baseline -0.004 -17"><span class='ocrx_word' id='word_1_472' title='bbox 260 5473 336 5545; x_wconf 85' lang='lat'>(3)</span> <span class='ocrx_word' id='word_1_473' title='bbox 387 5470 668 5545; x_wconf 13' lang='lat' dir='ltr'>Milooiste</span> <span class='ocrx_word' id='word_1_474' title='bbox 717 5466 1426 5545; x_wconf 71' lang='lat' dir='ltr'>pseudoarchiepiscopus</span> <span class='ocrx_word' id='word_1_475' title='bbox 1476 5466 1696 5545; x_wconf 74' lang='lat' dir='ltr'>exstitit</span> <span class='ocrx_word' id='word_1_476' title='bbox 1725 5472 1842 5545; x_wconf 79' lang='lat' dir='ltr'>tar-</span> 
     </span>
    </p>
   </div>
   <div class='ocr_carea' id='block_1_73' title="bbox 178 5538 1842 5668">
    <p class='ocr_par' dir='ltr' id='par_1_73' title="bbox 178 5538 1842 5668">
     <span class='ocr_line' id='line_1_73' title="bbox 178 5538 1842 5615; baseline -0.003 -15"><span class='ocrx_word' id='word_1_477' title='bbox 178 5538 444 5615; x_wconf 42' lang='lat' dir='ltr'>dius&#39;que</span> <span class='ocrx_word' id='word_1_478' title='bbox 465 5542 607 5597; x_wconf 88' lang='lat' dir='ltr'>vixit</span> <span class='ocrx_word' id='word_1_479' title='bbox 678 5538 812 5597; x_wconf 75' lang='lat' dir='ltr'>nam</span> <span class='ocrx_word' id='word_1_480' title='bbox 846 5545 910 5596; x_wconf 90' lang='lat' dir='ltr'>ut</span> <span class='ocrx_word' id='word_1_481' title='bbox 938 5540 1095 5596; x_wconf 87' lang='lat' dir='ltr'>vices</span> <span class='ocrx_word' id='word_1_482' title='bbox 1127 5538 1266 5595; x_wconf 78' lang='lat' dir='ltr'>suas</span> <span class='ocrx_word' id='word_1_483' title='bbox 1300 5538 1554 5594; x_wconf 88' lang='lat' dir='ltr'>Hildullo</span> <span class='ocrx_word' id='word_1_484' title='bbox 1572 5542 1842 5595; x_wconf 91' lang='lat' dir='ltr'>commit-</span> 
     </span>
     <span class='ocr_line' id='line_1_74' title="bbox 179 5560 1842 5668; baseline 0 0"><span class='ocrx_word' id='word_1_485' title='bbox 179 5622 309 5668; x_wconf 72' lang='lat' dir='ltr'>tere</span> <span class='ocrx_word' id='word_1_486' title='bbox 340 5560 852 5668; x_wconf 45' lang='lat' dir='ltr'>notueritﬂtaoue</span> <span class='ocrx_word' id='word_1_487' title='bbox 884 5611 1084 5668; x_wconf 81' lang='lat' dir='ltr'>lapsus</span> <span class='ocrx_word' id='word_1_488' title='bbox 1118 5615 1206 5667; x_wconf 89' lang='lat' dir='ltr'>est</span> <span class='ocrx_word' id='word_1_489' title='bbox 1255 5614 1460 5666; x_wconf 88' lang='lat' dir='ltr'>auctor</span> <span class='ocrx_word' id='word_1_490' title='bbox 1501 5610 1561 5664; x_wconf 92' lang='lat' dir='ltr'>in</span> <span class='ocrx_word' id='word_1_491' title='bbox 1609 5611 1842 5668; x_wconf 89' lang='lat' dir='ltr'>nomine</span> 
     </span>
    </p>
   </div>
   <div class='ocr_carea' id='block_1_74' title="bbox 179 5611 1846 5696">
    <p class='ocr_par' dir='ltr' id='par_1_74' title="bbox 179 5611 1846 5696">
     <span class='ocr_line' id='line_1_75' title="bbox 179 5611 1846 5696; baseline -0.002 -25"><span class='ocrx_word' id='word_1_492' title='bbox 179 5622 309 5696; x_wconf 75' lang='lat' dir='ltr'>tere</span> <span class='ocrx_word' id='word_1_493' title='bbox 339 5611 617 5696; x_wconf 75' lang='lat' dir='ltr'>potuerit.</span> <span class='ocrx_word' id='word_1_494' title='bbox 651 5611 852 5684; x_wconf 89' lang='lat' dir='ltr'>Itaque</span> <span class='ocrx_word' id='word_1_495' title='bbox 884 5611 1084 5684; x_wconf 89' lang='lat' dir='ltr'>lapsus</span> <span class='ocrx_word' id='word_1_496' title='bbox 1118 5615 1206 5667; x_wconf 89' lang='lat' dir='ltr'>est</span> <span class='ocrx_word' id='word_1_497' title='bbox 1255 5614 1460 5666; x_wconf 88' lang='lat' dir='ltr'>auctor</span> <span class='ocrx_word' id='word_1_498' title='bbox 1501 5611 1561 5664; x_wconf 91' lang='lat' dir='ltr'>in</span> <span class='ocrx_word' id='word_1_499' title='bbox 1609 5611 1846 5668; x_wconf 88' lang='lat' dir='ltr'>nomine</span> 
     </span>
    </p>
   </div>
   <div class='ocr_carea' id='block_1_75' title="bbox 184 5691 1843 5838">
    <p class='ocr_par' dir='ltr' id='par_1_75' title="bbox 184 5691 1843 5838">
     <span class='ocr_line' id='line_1_76' title="bbox 184 5691 1843 5838; baseline -0.007 -15"><span class='ocrx_word' id='word_1_500' title='bbox 184 5691 602 5838; x_wconf 47' lang='grc' dir='ltr'>εηᾶῗῐίξέἓᾞίε</span> <span class='ocrx_word' id='word_1_501' title='bbox 633 5773 762 5834; x_wconf 66' lang='lat' dir='ltr'>quas</span> <span class='ocrx_word' id='word_1_502' title='bbox 793 5753 1034 5816; x_wconf 82' lang='lat' dir='ltr'>ansulis.</span> <span class='ocrx_word' id='word_1_503' title='bbox 1054 5753 1429 5826; x_wconf 85' lang='lat' dir='ltr'>clauduntur,</span> <span class='ocrx_word' id='word_1_504' title='bbox 1465 5752 1588 5816; x_wconf 65' lang='lat' dir='ltr'>hac</span> <span class='ocrx_word' id='word_1_505' title='bbox 1612 5757 1843 5818; x_wconf 81' lang='lat' dir='ltr'>tantum</span> 
     </span>
    </p>
   </div>
   <div class='ocr_carea' id='block_1_76' title="bbox 1935 2019 3588 2096">
    <p class='ocr_par' dir='ltr' id='par_1_76' title="bbox 1935 2019 3588 2096">
     <span class='ocr_line' id='line_1_77' title="bbox 1935 2019 3588 2096; baseline -0.004 -17"><span class='ocrx_word' id='word_1_506' title='bbox 1935 2043 2064 2081; x_wconf 89' lang='lat' dir='ltr'>rum</span> <span class='ocrx_word' id='word_1_507' title='bbox 2097 2025 2636 2096; x_wconf 89' lang='lat' dir='ltr'>monachorumque</span> <span class='ocrx_word' id='word_1_508' title='bbox 2667 2040 2800 2079; x_wconf 91' lang='lat' dir='ltr'>cum</span> <span class='ocrx_word' id='word_1_509' title='bbox 2831 2021 3182 2096; x_wconf 88' lang='lat' dir='ltr'>populorum</span> <span class='ocrx_word' id='word_1_510' title='bbox 3210 2019 3424 2090; x_wconf 86' lang='lat' dir='ltr'>turbis,</span> <span class='ocrx_word' id='word_1_511' title='bbox 3467 2033 3588 2074; x_wconf 88' lang='lat' dir='ltr'>una</span> 
     </span>
    </p>
   </div>
   <div class='ocr_carea' id='block_1_77' title="bbox 1929 2106 3588 2184">
    <p class='ocr_par' dir='ltr' id='par_1_77' title="bbox 1929 2106 3588 2184">
     <span class='ocr_line' id='line_1_78' title="bbox 1929 2106 3588 2184; baseline -0.004 -15"><span class='ocrx_word' id='word_1_512' title='bbox 1929 2114 2194 2170; x_wconf 90' lang='lat' dir='ltr'>omnium</span> <span class='ocrx_word' id='word_1_513' title='bbox 2219 2113 2557 2169; x_wconf 90' lang='lat' dir='ltr'>acclamatio</span> <span class='ocrx_word' id='word_1_514' title='bbox 2574 2112 2702 2168; x_wconf 91' lang='lat' dir='ltr'>Hild</span> <span class='ocrx_word' id='word_1_515' title='bbox 2713 2111 2958 2184; x_wconf 89' lang='lat' dir='ltr'>ulpbum</span> <span class='ocrx_word' id='word_1_516' title='bbox 2974 2127 3102 2167; x_wconf 89' lang='lat' dir='ltr'>esse</span> <span class='ocrx_word' id='word_1_517' title='bbox 3120 2110 3339 2166; x_wconf 88' lang='lat' dir='ltr'>honore</span> <span class='ocrx_word' id='word_1_518' title='bbox 3368 2106 3588 2181; x_wconf 81' lang='lat' dir='ltr'>episco-</span> 
     </span>
    </p>
   </div>
   <div class='ocr_carea' id='block_1_78' title="bbox 1933 2195 3590 2278">
    <p class='ocr_par' dir='ltr' id='par_1_78' title="bbox 1933 2195 3590 2278">
     <span class='ocr_line' id='line_1_79' title="bbox 1933 2195 3590 2278; baseline -0.005 -18"><span class='ocrx_word' id='word_1_519' title='bbox 1933 2204 2046 2278; x_wconf 91' lang='lat' dir='ltr'>pali</span> <span class='ocrx_word' id='word_1_520' title='bbox 2081 2203 2518 2276; x_wconf 89' lang='lat' dir='ltr'>dignissimum,</span> <span class='ocrx_word' id='word_1_521' title='bbox 2541 2218 2676 2258; x_wconf 89' lang='lat' dir='ltr'>cum</span> <span class='ocrx_word' id='word_1_522' title='bbox 2704 2201 2795 2257; x_wconf 90' lang='lat' dir='ltr'>vir</span> <span class='ocrx_word' id='word_1_523' title='bbox 2823 2200 2924 2256; x_wconf 91' lang='lat' dir='ltr'>Dei</span> <span class='ocrx_word' id='word_1_524' title='bbox 2954 2218 2985 2257; x_wconf 91' lang='lat' dir='ltr'>e</span> <span class='ocrx_word' id='word_1_525' title='bbox 3015 2199 3242 2256; x_wconf 86' lang='lat' dir='ltr'>diverso</span> <span class='ocrx_word' id='word_1_526' title='bbox 3273 2216 3338 2255; x_wconf 86' lang='lat' dir='ltr'>so</span> <span class='ocrx_word' id='word_1_527' title='bbox 3351 2195 3590 2255; x_wconf 89' lang='lat' dir='ltr'>omnino</span> 
     </span>
    </p>
   </div>
   <div class='ocr_carea' id='block_1_79' title="bbox 1933 2284 3588 2364">
    <p class='ocr_par' dir='ltr' id='par_1_79' title="bbox 1933 2284 3588 2364">
     <span class='ocr_line' id='line_1_80' title="bbox 1933 2284 3588 2364; baseline -0.004 -16"><span class='ocrx_word' id='word_1_528' title='bbox 1933 2293 2275 2348; x_wconf 86' lang='lat' dir='ltr'>reclamaret</span> <span class='ocrx_word' id='word_1_529' title='bbox 2296 2293 2604 2364; x_wconf 88' lang='lat' dir='ltr'>indignum</span> <span class='ocrx_word' id='word_1_530' title='bbox 2626 2309 2638 2359; x_wconf 91' lang='lat'><strong>;</strong></span> <span class='ocrx_word' id='word_1_531' title='bbox 2666 2307 2800 2345; x_wconf 89' lang='lat' dir='ltr'>nam</span> <span class='ocrx_word' id='word_1_532' title='bbox 2821 2289 3103 2363; x_wconf 58' lang='lat' dir='ltr'>jpersaape</span> <span class='ocrx_word' id='word_1_533' title='bbox 3117 2289 3197 2358; x_wconf 85' lang='lat'>(5)</span> <span class='ocrx_word' id='word_1_534' title='bbox 3217 2289 3235 2359; x_wconf 92' lang='lat'>]</span> <span class='ocrx_word' id='word_1_535' title='bbox 3253 2284 3588 2360; x_wconf 83' lang='lat' dir='ltr'>fragilitatis</span> 
     </span>
    </p>
   </div>
   <div class='ocr_carea' id='block_1_80' title="bbox 1935 2371 3588 2453">
    <p class='ocr_par' dir='ltr' id='par_1_80' title="bbox 1935 2371 3588 2453">
     <span class='ocr_line' id='line_1_81' title="bbox 1935 2371 3588 2453; baseline -0.005 -16"><span class='ocrx_word' id='word_1_536' title='bbox 1935 2383 2212 2438; x_wconf 89' lang='lat' dir='ltr'>robustus</span> <span class='ocrx_word' id='word_1_537' title='bbox 2235 2385 2572 2453; x_wconf 89' lang='lat' dir='ltr'>prospector</span> <span class='ocrx_word' id='word_1_538' title='bbox 2589 2379 2971 2451; x_wconf 91' lang='lat' dir='ltr'>semetipsum</span> <span class='ocrx_word' id='word_1_539' title='bbox 2999 2378 3058 2432; x_wconf 90' lang='lat' dir='ltr'>in</span> <span class='ocrx_word' id='word_1_540' title='bbox 3081 2394 3143 2433; x_wconf 89' lang='lat' dir='ltr'>se</span> <span class='ocrx_word' id='word_1_541' title='bbox 3165 2375 3457 2432; x_wconf 90' lang='lat' dir='ltr'>metiendo</span> <span class='ocrx_word' id='word_1_542' title='bbox 3477 2371 3588 2429; x_wconf 90' lang='lat' dir='ltr'>sibi</span> 
     </span>
    </p>
   </div>
   <div class='ocr_carea' id='block_1_81' title="bbox 1935 2461 3589 2541">
    <p class='ocr_par' dir='ltr' id='par_1_81' title="bbox 1935 2461 3589 2541">
     <span class='ocr_line' id='line_1_82' title="bbox 1935 2461 3589 2541; baseline -0.005 -15"><span class='ocrx_word' id='word_1_543' title='bbox 1935 2472 2200 2538; x_wconf 90' lang='lat' dir='ltr'>timebat,</span> <span class='ocrx_word' id='word_1_544' title='bbox 2235 2468 2373 2541; x_wconf 90' lang='lat' dir='ltr'>quia</span> <span class='ocrx_word' id='word_1_545' title='bbox 2404 2486 2530 2541; x_wconf 64' lang='lat' dir='ltr'>qum</span> <span class='ocrx_word' id='word_1_546' title='bbox 2548 2467 2810 2539; x_wconf 88' lang='lat' dir='ltr'>etqualis</span> <span class='ocrx_word' id='word_1_547' title='bbox 2832 2467 2909 2523; x_wconf 92' lang='lat' dir='ltr'>sit</span> <span class='ocrx_word' id='word_1_548' title='bbox 2932 2467 3076 2522; x_wconf 89' lang='lat' dir='ltr'>ratio</span> <span class='ocrx_word' id='word_1_549' title='bbox 3098 2465 3428 2521; x_wconf 91' lang='lat' dir='ltr'>animarum</span> <span class='ocrx_word' id='word_1_550' title='bbox 3462 2461 3589 2517; x_wconf 84' lang='lat' dir='ltr'>red-</span> 
     </span>
    </p>
   </div>
   <div class='ocr_carea' id='block_1_82' title="bbox 1937 2551 3588 2631">
    <p class='ocr_par' dir='ltr' id='par_1_82' title="bbox 1937 2551 3588 2631">
     <span class='ocr_line' id='line_1_83' title="bbox 1937 2551 3588 2631; baseline -0.005 -17"><span class='ocrx_word' id='word_1_551' title='bbox 1937 2560 2126 2615; x_wconf 81' lang='lat' dir='ltr'>dende</span> <span class='ocrx_word' id='word_1_552' title='bbox 2157 2558 2464 2631; x_wconf 81' lang='lat' dir='ltr'>cogitabat.</span> <span class='ocrx_word' id='word_1_553' title='bbox 2499 2558 2653 2628; x_wconf 93' lang='lat' dir='ltr'>quod</span> <span class='ocrx_word' id='word_1_554' title='bbox 2686 2556 2734 2611; x_wconf 92' lang='lat' dir='ltr'>si</span> <span class='ocrx_word' id='word_1_555' title='bbox 2757 2572 2911 2611; x_wconf 90' lang='lat' dir='ltr'>nunc</span> <span class='ocrx_word' id='word_1_556' title='bbox 2932 2554 3200 2610; x_wconf 90' lang='lat' dir='ltr'>homines</span> <span class='ocrx_word' id='word_1_557' title='bbox 3229 2551 3588 2625; x_wconf 87' lang='lat' dir='ltr'>perpendere</span> 
     </span>
    </p>
   </div>
   <div class='ocr_carea' id='block_1_83' title="bbox 1938 2637 3588 2717">
    <p class='ocr_par' dir='ltr' id='par_1_83' title="bbox 1938 2637 3588 2717">
     <span class='ocr_line' id='line_1_84' title="bbox 1938 2637 3588 2717; baseline -0.006 -15"><span class='ocrx_word' id='word_1_558' title='bbox 1938 2647 2168 2717; x_wconf 90' lang='lat' dir='ltr'>vellent,</span> <span class='ocrx_word' id='word_1_559' title='bbox 2193 2648 2333 2701; x_wconf 89' lang='lat' dir='ltr'>dum</span> <span class='ocrx_word' id='word_1_560' title='bbox 2357 2645 2521 2700; x_wconf 89' lang='lat' dir='ltr'>liberi</span> <span class='ocrx_word' id='word_1_561' title='bbox 2538 2650 2594 2700; x_wconf 88' lang='lat' dir='ltr'>et</span> <span class='ocrx_word' id='word_1_562' title='bbox 2615 2645 2808 2716; x_wconf 90' lang='lat' dir='ltr'>quiete</span> <span class='ocrx_word' id='word_1_563' title='bbox 2826 2643 3014 2698; x_wconf 89' lang='lat' dir='ltr'>vivere</span> <span class='ocrx_word' id='word_1_564' title='bbox 3037 2643 3304 2714; x_wconf 88' lang='lat' dir='ltr'>possunt,</span> <span class='ocrx_word' id='word_1_565' title='bbox 3325 2637 3588 2711; x_wconf 87' lang='lat' dir='ltr'>regimen</span> 
     </span>
    </p>
   </div>
   <div class='ocr_carea' id='block_1_84' title="bbox 1940 2728 3589 2806">
    <p class='ocr_par' dir='ltr' id='par_1_84' title="bbox 1940 2728 3589 2806">
     <span class='ocr_line' id='line_1_85' title="bbox 1940 2728 3589 2806; baseline -0.007 -14"><span class='ocrx_word' id='word_1_566' title='bbox 1940 2736 2424 2802; x_wconf 89' lang='lat' dir='ltr'>ecclesiasticum,</span> <span class='ocrx_word' id='word_1_567' title='bbox 2458 2733 2529 2789; x_wconf 89' lang='lat' dir='ltr'>ad</span> <span class='ocrx_word' id='word_1_568' title='bbox 2563 2734 2716 2806; x_wconf 93' lang='lat' dir='ltr'>quod</span> <span class='ocrx_word' id='word_1_569' title='bbox 2745 2732 2851 2787; x_wconf 91' lang='lat' dir='ltr'>viri</span> <span class='ocrx_word' id='word_1_570' title='bbox 2886 2732 3070 2787; x_wconf 88' lang='lat' dir='ltr'>sancti</span> <span class='ocrx_word' id='word_1_571' title='bbox 3090 2730 3185 2787; x_wconf 89' lang='lat' dir='ltr'>vix</span> <span class='ocrx_word' id='word_1_572' title='bbox 3205 2728 3589 2801; x_wconf 86' lang='lat' dir='ltr'>cogebantur,</span> 
     </span>
    </p>
   </div>
   <div class='ocr_carea' id='block_1_85' title="bbox 1941 2815 3586 2898">
    <p class='ocr_par' dir='ltr' id='par_1_85' title="bbox 1941 2815 3586 2898">
     <span class='ocr_line' id='line_1_86' title="bbox 1941 2815 3586 2898; baseline -0.008 -17"><span class='ocrx_word' id='word_1_573' title='bbox 1941 2841 2311 2898; x_wconf 82' lang='lat' dir='ltr'>nequaquam</span> <span class='ocrx_word' id='word_1_574' title='bbox 2345 2827 2462 2879; x_wconf 88' lang='lat' dir='ltr'>tam</span> <span class='ocrx_word' id='word_1_575' title='bbox 2499 2826 2761 2895; x_wconf 90' lang='lat' dir='ltr'>prompte</span> <span class='ocrx_word' id='word_1_576' title='bbox 2783 2819 3047 2894; x_wconf 90' lang='lat' dir='ltr'>pecuniis</span> <span class='ocrx_word' id='word_1_577' title='bbox 3070 2821 3391 2875; x_wconf 88' lang='lat' dir='ltr'>mercatum</span> <span class='ocrx_word' id='word_1_578' title='bbox 3413 2815 3586 2871; x_wconf 81' lang='lat' dir='ltr'>irent.</span> 
     </span>
    </p>
   </div>
   <div class='ocr_carea' id='block_1_86' title="bbox 1943 2902 3588 2982">
    <p class='ocr_par' dir='ltr' id='par_1_86' title="bbox 1943 2902 3588 2982">
     <span class='ocr_line' id='line_1_87' title="bbox 1943 2902 3588 2982; baseline -0.007 -11"><span class='ocrx_word' id='word_1_579' title='bbox 1943 2917 2054 2971; x_wconf 89' lang='lat' dir='ltr'>Sed</span> <span class='ocrx_word' id='word_1_580' title='bbox 2089 2914 2322 2970; x_wconf 88' lang='lat' dir='ltr'>tandem</span> <span class='ocrx_word' id='word_1_581' title='bbox 2353 2912 2490 2967; x_wconf 90' lang='lat' dir='ltr'>vicit</span> <span class='ocrx_word' id='word_1_582' title='bbox 2511 2913 2713 2968; x_wconf 89' lang='lat' dir='ltr'>devota</span> <span class='ocrx_word' id='word_1_583' title='bbox 2761 2909 2960 2982; x_wconf 89' lang='lat' dir='ltr'>populi</span> <span class='ocrx_word' id='word_1_584' title='bbox 3008 2905 3348 2965; x_wconf 89' lang='lat' dir='ltr'>acclamatio</span> <span class='ocrx_word' id='word_1_585' title='bbox 3397 2902 3588 2960; x_wconf 83' lang='lat' dir='ltr'>ﬁdelis</span> 
     </span>
    </p>
   </div>
   <div class='ocr_carea' id='block_1_87' title="bbox 1943 2993 3590 3076">
    <p class='ocr_par' dir='ltr' id='par_1_87' title="bbox 1943 2993 3590 3076">
     <span class='ocr_line' id='line_1_88' title="bbox 1943 2993 3590 3076; baseline -0.007 -17"><span class='ocrx_word' id='word_1_586' title='bbox 1943 3009 2118 3075; x_wconf 87' lang='lat' dir='ltr'>atque</span> <span class='ocrx_word' id='word_1_587' title='bbox 2148 3001 2477 3076; x_wconf 60' lang='lat' dir='ltr'>apostolicae</span> <span class='ocrx_word' id='word_1_588' title='bbox 2510 3019 2611 3073; x_wconf 92' lang='lat' dir='ltr'>per</span> <span class='ocrx_word' id='word_1_589' title='bbox 2641 3000 2836 3057; x_wconf 84' lang='lat' dir='ltr'>omnia</span> <span class='ocrx_word' id='word_1_590' title='bbox 2858 2998 3258 3054; x_wconf 84' lang='lat' dir='ltr'>conformatus</span> <span class='ocrx_word' id='word_1_591' title='bbox 3282 2993 3416 3050; x_wconf 88' lang='lat' dir='ltr'>ﬁdei</span> <span class='ocrx_word' id='word_1_592' title='bbox 3455 2995 3590 3064; x_wconf 86' lang='lat' dir='ltr'>post</span> 
     </span>
    </p>
   </div>
   <div class='ocr_carea' id='block_1_88' title="bbox 1945 3082 3591 3160">
    <p class='ocr_par' dir='ltr' id='par_1_88' title="bbox 1945 3082 3591 3160">
     <span class='ocr_line' id='line_1_89' title="bbox 1945 3082 3591 3160; baseline -0.005 -13"><span class='ocrx_word' id='word_1_593' title='bbox 1945 3093 2182 3148; x_wconf 86' lang='lat' dir='ltr'>beatum</span> <span class='ocrx_word' id='word_1_594' title='bbox 2216 3090 2567 3145; x_wconf 90' lang='lat' dir='ltr'>Eucharium</span> <span class='ocrx_word' id='word_1_595' title='bbox 2593 3089 2747 3145; x_wconf 89' lang='lat' dir='ltr'>Petri</span> <span class='ocrx_word' id='word_1_596' title='bbox 2766 3086 3014 3160; x_wconf 88' lang='lat' dir='ltr'>apostoli</span> <span class='ocrx_word' id='word_1_597' title='bbox 3034 3083 3392 3156; x_wconf 89' lang='lat' dir='ltr'>discipulum</span> <span class='ocrx_word' id='word_1_598' title='bbox 3422 3082 3591 3138; x_wconf 85' lang='lat' dir='ltr'>trice-</span> 
     </span>
    </p>
   </div>
   <div class='ocr_carea' id='block_1_89' title="bbox 1946 3171 3594 3236">
    <p class='ocr_par' dir='ltr' id='par_1_89' title="bbox 1946 3171 3594 3236">
     <span class='ocr_line' id='line_1_90' title="bbox 1946 3171 3594 3236; baseline -0.006 0"><span class='ocrx_word' id='word_1_599' title='bbox 1946 3180 2357 3236; x_wconf 89' lang='lat' dir='ltr'>simustertius</span> <span class='ocrx_word' id='word_1_600' title='bbox 2378 3178 2677 3234; x_wconf 90' lang='lat' dir='ltr'>communi</span> <span class='ocrx_word' id='word_1_601' title='bbox 2698 3177 2961 3233; x_wconf 90' lang='lat' dir='ltr'>omnium</span> <span class='ocrx_word' id='word_1_602' title='bbox 2996 3173 3294 3232; x_wconf 86' lang='lat' dir='ltr'>voluntate</span> <span class='ocrx_word' id='word_1_603' title='bbox 3330 3171 3594 3228; x_wconf 88' lang='lat' dir='ltr'>Treviro-</span> 
     </span>
    </p>
   </div>
   <div class='ocr_carea' id='block_1_90' title="bbox 1948 3260 3599 3334">
    <p class='ocr_par' dir='ltr' id='par_1_90' title="bbox 1948 3260 3599 3334">
     <span class='ocr_line' id='line_1_91' title="bbox 1948 3260 3599 3334; baseline -0.007 -9"><span class='ocrx_word' id='word_1_604' title='bbox 1948 3287 2079 3325; x_wconf 87' lang='lat' dir='ltr'>rum</span> <span class='ocrx_word' id='word_1_605' title='bbox 2112 3270 2494 3324; x_wconf 90' lang='lat' dir='ltr'>conﬁrmatus</span> <span class='ocrx_word' id='word_1_606' title='bbox 2517 3266 2780 3322; x_wconf 91' lang='lat' dir='ltr'>antistes.</span> <span class='ocrx_word' id='word_1_607' title='bbox 2805 3264 3006 3332; x_wconf 88' lang='lat' dir='ltr'>Qualis</span> <span class='ocrx_word' id='word_1_608' title='bbox 3028 3279 3160 3320; x_wconf 89' lang='lat' dir='ltr'>vero</span> <span class='ocrx_word' id='word_1_609' title='bbox 3175 3263 3302 3334; x_wconf 92' lang='lat' dir='ltr'>jam</span> <span class='ocrx_word' id='word_1_610' title='bbox 3321 3260 3517 3330; x_wconf 88' lang='lat' dir='ltr'>fuerit,</span> <span class='ocrx_word' id='word_1_611' title='bbox 3540 3260 3599 3315; x_wconf 84' lang='lat' dir='ltr'>et</span> 
     </span>
    </p>
   </div>
   <div class='ocr_carea' id='block_1_91' title="bbox 1943 3347 3596 3430">
    <p class='ocr_par' dir='ltr' id='par_1_91' title="bbox 1943 3347 3596 3430">
     <span class='ocr_line' id='line_1_92' title="bbox 1943 3347 3596 3430; baseline -0.006 -17"><span class='ocrx_word' id='word_1_612' title='bbox 1943 3357 2177 3430; x_wconf 91' lang='lat' dir='ltr'>qualem</span> <span class='ocrx_word' id='word_1_613' title='bbox 2209 3375 2271 3414; x_wconf 91' lang='lat' dir='ltr'>se</span> <span class='ocrx_word' id='word_1_614' title='bbox 2301 3357 2528 3412; x_wconf 88' lang='lat' dir='ltr'>cunctis</span> <span class='ocrx_word' id='word_1_615' title='bbox 2559 3354 2888 3428; x_wconf 68' lang='lat' dir='ltr'>praebuerit,</span> <span class='ocrx_word' id='word_1_616' title='bbox 2923 3352 3062 3426; x_wconf 92' lang='lat' dir='ltr'>quia</span> <span class='ocrx_word' id='word_1_617' title='bbox 3083 3349 3322 3408; x_wconf 88' lang='lat' dir='ltr'>difﬁcile</span> <span class='ocrx_word' id='word_1_618' title='bbox 3341 3347 3596 3422; x_wconf 78' lang='lat' dir='ltr'>explica-</span> 
     </span>
    </p>
   </div>
   <div class='ocr_carea' id='block_1_92' title="bbox 1942 3448 2756 3513">
    <p class='ocr_par' dir='ltr' id='par_1_92' title="bbox 1942 3448 2756 3513">
     <span class='ocr_line' id='line_1_93' title="bbox 1942 3448 2756 3513; baseline -0.005 -11"><span class='ocrx_word' id='word_1_619' title='bbox 1942 3448 2122 3513; x_wconf 89' lang='lat' dir='ltr'>bitur,</span> <span class='ocrx_word' id='word_1_620' title='bbox 2156 3449 2442 3502; x_wconf 89' lang='lat' dir='ltr'>attentare</span> <span class='ocrx_word' id='word_1_621' title='bbox 2469 3461 2756 3500; x_wconf 89' lang='lat' dir='ltr'>veremur.</span> 
     </span>
    </p>
   </div>
   <div class='ocr_carea' id='block_1_93' title="bbox 2583 3531 2934 3588">
    <p class='ocr_par' dir='ltr' id='par_1_93' title="bbox 2583 3531 2934 3588">
     <span class='ocr_line' id='line_1_94' title="bbox 2583 3531 2934 3588; baseline -0.003 -1"><span class='ocrx_word' id='word_1_622' title='bbox 2583 3532 2812 3588; x_wconf 85' lang='lat' dir='ltr'>CAPUT</span> <span class='ocrx_word' id='word_1_623' title='bbox 2844 3531 2934 3587; x_wconf 91' lang='lat' dir='ltr'>IV.</span> 
     </span>
    </p>
   </div>
   <div class='ocr_carea' id='block_1_94' title="bbox 2013 3615 3590 3696">
    <p class='ocr_par' dir='ltr' id='par_1_94' title="bbox 2013 3615 3590 3696">
     <span class='ocr_line' id='line_1_95' title="bbox 2013 3615 3590 3696; baseline -0.005 -17"><span class='ocrx_word' id='word_1_624' title='bbox 2013 3625 2142 3694; x_wconf 77' lang='lat' dir='ltr'>Eius</span> <span class='ocrx_word' id='word_1_625' title='bbox 2192 3627 2251 3680; x_wconf 79' lang='lat' dir='ltr'>in</span> <span class='ocrx_word' id='word_1_626' title='bbox 2289 3626 2601 3696; x_wconf 72' lang='lat' dir='ltr'>epiSwpatu</span> <span class='ocrx_word' id='word_1_627' title='bbox 2653 3623 2898 3677; x_wconf 78' lang='lat' dir='ltr'>virtutes.</span> <span class='ocrx_word' id='word_1_628' title='bbox 2998 3618 3182 3692; x_wconf 85' lang='lat' dir='ltr'>Igitur</span> <span class='ocrx_word' id='word_1_629' title='bbox 3227 3618 3434 3673; x_wconf 88' lang='lat' dir='ltr'>beatus</span> <span class='ocrx_word' id='word_1_630' title='bbox 3479 3615 3590 3671; x_wconf 87' lang='lat' dir='ltr'>vir.</span> 
     </span>
    </p>
   </div>
   <div class='ocr_carea' id='block_1_95' title="bbox 1941 3702 3587 3784">
    <p class='ocr_par' dir='ltr' id='par_1_95' title="bbox 1941 3702 3587 3784">
     <span class='ocr_line' id='line_1_96' title="bbox 1941 3702 3587 3784; baseline -0.005 -16"><span class='ocrx_word' id='word_1_631' title='bbox 1941 3731 2056 3769; x_wconf 90' lang='lat' dir='ltr'>non</span> <span class='ocrx_word' id='word_1_632' title='bbox 2092 3714 2263 3768; x_wconf 89' lang='lat' dir='ltr'>modo</span> <span class='ocrx_word' id='word_1_633' title='bbox 2303 3714 2374 3768; x_wconf 89' lang='lat' dir='ltr'>de</span> <span class='ocrx_word' id='word_1_634' title='bbox 2412 3711 2550 3767; x_wconf 92' lang='lat' dir='ltr'>boni</span> <span class='ocrx_word' id='word_1_635' title='bbox 2594 3711 2786 3784; x_wconf 89' lang='lat' dir='ltr'>eperis</span> <span class='ocrx_word' id='word_1_636' title='bbox 2818 3712 2943 3781; x_wconf 88' lang='lat' dir='ltr'>[seu</span> <span class='ocrx_word' id='word_1_637' title='bbox 2995 3706 3300 3763; x_wconf 89' lang='lat' dir='ltr'>monastici</span> <span class='ocrx_word' id='word_1_638' title='bbox 3353 3702 3587 3777; x_wconf 90' lang='lat' dir='ltr'>rigoris]</span> 
     </span>
    </p>
   </div>
   <div class='ocr_carea' id='block_1_96' title="bbox 1941 3791 3590 3876">
    <p class='ocr_par' dir='ltr' id='par_1_96' title="bbox 1941 3791 3590 3876">
     <span class='ocr_line' id='line_1_97' title="bbox 1941 3791 3590 3876; baseline -0.007 -17"><span class='ocrx_word' id='word_1_639' title='bbox 1941 3803 2237 3876; x_wconf 89' lang='lat' dir='ltr'>proposito</span> <span class='ocrx_word' id='word_1_640' title='bbox 2270 3801 2448 3858; x_wconf 90' lang='lat' dir='ltr'>semel</span> <span class='ocrx_word' id='word_1_641' title='bbox 2489 3805 2716 3873; x_wconf 90' lang='lat' dir='ltr'>arrepto</span> <span class='ocrx_word' id='word_1_642' title='bbox 2766 3798 2987 3871; x_wconf 90' lang='lat' dir='ltr'>aliquid</span> <span class='ocrx_word' id='word_1_643' title='bbox 3034 3813 3150 3852; x_wconf 90' lang='lat' dir='ltr'>non</span> <span class='ocrx_word' id='word_1_644' title='bbox 3200 3793 3436 3861; x_wconf 90' lang='lat' dir='ltr'>minuit,</span> <span class='ocrx_word' id='word_1_645' title='bbox 3485 3791 3590 3848; x_wconf 90' lang='lat' dir='ltr'>sed</span> 
     </span>
    </p>
   </div>
   <div class='ocr_carea' id='block_1_97' title="bbox 1940 3879 3590 3963">
    <p class='ocr_par' dir='ltr' id='par_1_97' title="bbox 1940 3879 3590 3963">
     <span class='ocr_line' id='line_1_98' title="bbox 1940 3879 3590 3963; baseline -0.007 -16"><span class='ocrx_word' id='word_1_646' title='bbox 1940 3891 2096 3947; x_wconf 88' lang='lat' dir='ltr'>velut</span> <span class='ocrx_word' id='word_1_647' title='bbox 2123 3890 2582 3963; x_wconf 88' lang='lat' dir='ltr'>centuplicatum</span> <span class='ocrx_word' id='word_1_648' title='bbox 2615 3887 3033 3961; x_wconf 90' lang='lat' dir='ltr'>augmentavit.</span> <span class='ocrx_word' id='word_1_649' title='bbox 3061 3885 3364 3941; x_wconf 91' lang='lat' dir='ltr'>Enimvero</span> <span class='ocrx_word' id='word_1_650' title='bbox 3416 3879 3590 3955; x_wconf 91' lang='lat' dir='ltr'>quasi</span> 
     </span>
    </p>
   </div>
   <div class='ocr_carea' id='block_1_98' title="bbox 1943 3971 3598 4053">
    <p class='ocr_par' dir='ltr' id='par_1_98' title="bbox 1943 3971 3598 4053">
     <span class='ocr_line' id='line_1_99' title="bbox 1943 3971 3598 4053; baseline -0.005 -19"><span class='ocrx_word' id='word_1_651' title='bbox 1943 3998 2088 4053; x_wconf 89' lang='lat' dir='ltr'>puer</span> <span class='ocrx_word' id='word_1_652' title='bbox 2112 3984 2212 4036; x_wconf 89' lang='lat' dir='ltr'>aut</span> <span class='ocrx_word' id='word_1_653' title='bbox 2231 3979 2570 4035; x_wconf 90' lang='lat' dir='ltr'>adolescens</span> <span class='ocrx_word' id='word_1_654' title='bbox 2585 3977 2872 4050; x_wconf 90' lang='lat' dir='ltr'>quidquid</span> <span class='ocrx_word' id='word_1_655' title='bbox 2895 3975 3114 4049; x_wconf 90' lang='lat' dir='ltr'>ubique</span> <span class='ocrx_word' id='word_1_656' title='bbox 3127 3975 3285 4046; x_wconf 91' lang='lat' dir='ltr'>jacet</span> <span class='ocrx_word' id='word_1_657' title='bbox 3310 3971 3598 4029; x_wconf 86' lang='lat' dir='ltr'>scelerum</span> 
     </span>
    </p>
   </div>
   <div class='ocr_carea' id='block_1_99' title="bbox 1942 4066 3595 4142">
    <p class='ocr_par' dir='ltr' id='par_1_99' title="bbox 1942 4066 3595 4142">
     <span class='ocr_line' id='line_1_100' title="bbox 1942 4066 3595 4142; baseline -0.005 -18"><span class='ocrx_word' id='word_1_658' title='bbox 1942 4073 2356 4142; x_wconf 89' lang='lat' dir='ltr'>perpetrasset,</span> <span class='ocrx_word' id='word_1_659' title='bbox 2407 4068 2489 4123; x_wconf 91' lang='lat' dir='ltr'>sic</span> <span class='ocrx_word' id='word_1_660' title='bbox 2537 4067 2596 4123; x_wconf 90' lang='lat' dir='ltr'>in</span> <span class='ocrx_word' id='word_1_661' title='bbox 2658 4066 3083 4140; x_wconf 63' lang='lat' dir='ltr'>paenitudinem</span> <span class='ocrx_word' id='word_1_662' title='bbox 3149 4078 3464 4119; x_wconf 89' lang='lat' dir='ltr'>conversus</span> <span class='ocrx_word' id='word_1_663' title='bbox 3532 4075 3595 4116; x_wconf 89' lang='lat' dir='ltr'>se</span> 
     </span>
    </p>
   </div>
   <div class='ocr_carea' id='block_1_100' title="bbox 1943 4149 3592 4223">
    <p class='ocr_par' dir='ltr' id='par_1_100' title="bbox 1943 4149 3592 4223">
     <span class='ocr_line' id='line_1_101' title="bbox 1943 4149 3592 4223; baseline -0.007 -9"><span class='ocrx_word' id='word_1_664' title='bbox 1943 4164 2148 4214; x_wconf 87' lang='lat' dir='ltr'>contra</span> <span class='ocrx_word' id='word_1_665' title='bbox 2177 4175 2238 4213; x_wconf 90' lang='lat' dir='ltr'>se</span> <span class='ocrx_word' id='word_1_666' title='bbox 2267 4156 2469 4212; x_wconf 83' lang='lat' dir='ltr'>erexit.</span> <span class='ocrx_word' id='word_1_667' title='bbox 2493 4155 2734 4212; x_wconf 89' lang='lat' dir='ltr'>Videres</span> <span class='ocrx_word' id='word_1_668' title='bbox 2755 4155 3055 4210; x_wconf 91' lang='lat' dir='ltr'>hominem</span> <span class='ocrx_word' id='word_1_669' title='bbox 3073 4169 3311 4209; x_wconf 86' lang='lat' dir='ltr'>exesum</span> <span class='ocrx_word' id='word_1_670' title='bbox 3325 4149 3592 4223; x_wconf 90' lang='lat' dir='ltr'>jejuniis,</span> 
     </span>
    </p>
   </div>
   <div class='ocr_carea' id='block_1_101' title="bbox 1942 4239 3597 4312">
    <p class='ocr_par' dir='ltr' id='par_1_101' title="bbox 1942 4239 3597 4312">
     <span class='ocr_line' id='line_1_102' title="bbox 1942 4239 3597 4312; baseline -0.005 -10"><span class='ocrx_word' id='word_1_671' title='bbox 1942 4247 2034 4302; x_wconf 86' lang='lat' dir='ltr'>vix</span> <span class='ocrx_word' id='word_1_672' title='bbox 2063 4247 2296 4303; x_wconf 90' lang='lat' dir='ltr'>ossibus</span> <span class='ocrx_word' id='word_1_673' title='bbox 2328 4246 2565 4312; x_wconf 81' lang='lat' dir='ltr'>haerere,</span> <span class='ocrx_word' id='word_1_674' title='bbox 2601 4245 2672 4301; x_wconf 87' lang='lat' dir='ltr'>ad</span> <span class='ocrx_word' id='word_1_675' title='bbox 2708 4249 3046 4301; x_wconf 90' lang='lat' dir='ltr'>sanctorum</span> <span class='ocrx_word' id='word_1_676' title='bbox 3078 4240 3394 4298; x_wconf 88' lang='lat' dir='ltr'>memorias</span> <span class='ocrx_word' id='word_1_677' title='bbox 3431 4239 3597 4294; x_wconf 86' lang='lat' dir='ltr'>inde-</span> 
     </span>
    </p>
   </div>
   <div class='ocr_carea' id='block_1_102' title="bbox 1943 4327 3597 4406">
    <p class='ocr_par' dir='ltr' id='par_1_102' title="bbox 1943 4327 3597 4406">
     <span class='ocr_line' id='line_1_103' title="bbox 1943 4327 3597 4406; baseline -0.004 -17"><span class='ocrx_word' id='word_1_678' title='bbox 1943 4335 2162 4390; x_wconf 85' lang='lat' dir='ltr'>fessum</span> <span class='ocrx_word' id='word_1_679' title='bbox 2189 4336 2404 4406; x_wconf 89' lang='lat' dir='ltr'>jacere,</span> <span class='ocrx_word' id='word_1_680' title='bbox 2440 4334 2792 4389; x_wconf 90' lang='lat' dir='ltr'>inundantia</span> <span class='ocrx_word' id='word_1_681' title='bbox 2815 4333 3210 4406; x_wconf 80' lang='lat' dir='ltr'>lacrymarum</span> <span class='ocrx_word' id='word_1_682' title='bbox 3240 4327 3443 4386; x_wconf 90' lang='lat' dir='ltr'>sedulo</span> <span class='ocrx_word' id='word_1_683' title='bbox 3464 4344 3597 4383; x_wconf 91' lang='lat' dir='ltr'>ma-</span> 
     </span>
    </p>
   </div>
   <div class='ocr_carea' id='block_1_103' title="bbox 1943 4417 3595 4490">
    <p class='ocr_par' dir='ltr' id='par_1_103' title="bbox 1943 4417 3595 4490">
     <span class='ocr_line' id='line_1_104' title="bbox 1943 4417 3595 4490; baseline -0.005 -11"><span class='ocrx_word' id='word_1_684' title='bbox 1943 4425 2097 4490; x_wconf 90' lang='lat' dir='ltr'>dere,</span> <span class='ocrx_word' id='word_1_685' title='bbox 2132 4429 2331 4480; x_wconf 89' lang='lat' dir='ltr'>noctes</span> <span class='ocrx_word' id='word_1_686' title='bbox 2359 4425 2659 4480; x_wconf 89' lang='lat' dir='ltr'>insomnes</span> <span class='ocrx_word' id='word_1_687' title='bbox 2687 4423 2917 4478; x_wconf 88' lang='lat' dir='ltr'>ducere.</span> <span class='ocrx_word' id='word_1_688' title='bbox 2952 4420 3100 4486; x_wconf 89' lang='lat' dir='ltr'>Quid</span> <span class='ocrx_word' id='word_1_689' title='bbox 3133 4419 3291 4476; x_wconf 90' lang='lat' dir='ltr'>enim</span> <span class='ocrx_word' id='word_1_690' title='bbox 3329 4417 3595 4474; x_wconf 89' lang='lat' dir='ltr'>dicemus</span> 
     </span>
    </p>
   </div>
   <div class='ocr_carea' id='block_1_104' title="bbox 1939 4505 3602 4585">
    <p class='ocr_par' dir='ltr' id='par_1_104' title="bbox 1939 4505 3602 4585">
     <span class='ocr_line' id='line_1_105' title="bbox 1939 4505 3602 4585; baseline -0.005 -16"><span class='ocrx_word' id='word_1_691' title='bbox 1939 4531 2074 4569; x_wconf 90' lang='lat' dir='ltr'>eum</span> <span class='ocrx_word' id='word_1_692' title='bbox 2106 4529 2410 4585; x_wconf 89' lang='lat' dir='ltr'>pauperes,</span> <span class='ocrx_word' id='word_1_693' title='bbox 2443 4513 2764 4568; x_wconf 90' lang='lat' dir='ltr'>mediocres</span> <span class='ocrx_word' id='word_1_694' title='bbox 2786 4515 2842 4567; x_wconf 92' lang='lat' dir='ltr'>et</span> <span class='ocrx_word' id='word_1_695' title='bbox 2889 4511 3096 4566; x_wconf 89' lang='lat' dir='ltr'>divites</span> <span class='ocrx_word' id='word_1_696' title='bbox 3126 4524 3361 4565; x_wconf 91' lang='lat' dir='ltr'>summo</span> <span class='ocrx_word' id='word_1_697' title='bbox 3405 4505 3602 4563; x_wconf 85' lang='lat' dir='ltr'>studio</span> 
     </span>
    </p>
   </div>
   <div class='ocr_carea' id='block_1_105' title="bbox 1941 4596 3604 4674">
    <p class='ocr_par' dir='ltr' id='par_1_105' title="bbox 1941 4596 3604 4674">
     <span class='ocr_line' id='line_1_106' title="bbox 1941 4596 3604 4674; baseline -0.004 -17"><span class='ocrx_word' id='word_1_698' title='bbox 1941 4603 2216 4674; x_wconf 89' lang='lat' dir='ltr'>omnique</span> <span class='ocrx_word' id='word_1_699' title='bbox 2248 4601 2552 4673; x_wconf 86' lang='lat' dir='ltr'>diligentia</span> <span class='ocrx_word' id='word_1_700' title='bbox 2581 4616 2785 4656; x_wconf 91' lang='lat' dir='ltr'>curare</span> <span class='ocrx_word' id='word_1_701' title='bbox 2805 4600 2832 4655; x_wconf 87' lang='lat'><strong>?</strong></span> <span class='ocrx_word' id='word_1_702' title='bbox 2858 4597 3153 4670; x_wconf 89' lang='lat' dir='ltr'>Quidquid</span> <span class='ocrx_word' id='word_1_703' title='bbox 3185 4596 3298 4653; x_wconf 87' lang='lat' dir='ltr'>sibi</span> <span class='ocrx_word' id='word_1_704' title='bbox 3318 4600 3444 4652; x_wconf 87' lang='lat' dir='ltr'>erat</span> <span class='ocrx_word' id='word_1_705' title='bbox 3481 4609 3604 4650; x_wconf 91' lang='lat' dir='ltr'>om-</span> 
     </span>
    </p>
   </div>
   <div class='ocr_carea' id='block_1_106' title="bbox 1863 4683 3602 4772">
    <p class='ocr_par' dir='ltr' id='par_1_106' title="bbox 1863 4683 3602 4772">
     <span class='ocr_line' id='line_1_107' title="bbox 1863 4683 3602 4772; baseline -0.005 -26"><span class='ocrx_word' id='word_1_706' title='bbox 1863 4705 1910 4772; x_wconf 83' lang='lat' dir='ltr'><strong>D</strong></span> <span class='ocrx_word' id='word_1_707' title='bbox 1942 4693 2114 4748; x_wconf 91' lang='lat' dir='ltr'>nibus</span> <span class='ocrx_word' id='word_1_708' title='bbox 2142 4707 2451 4747; x_wconf 86' lang='lat' dir='ltr'>commune</span> <span class='ocrx_word' id='word_1_709' title='bbox 2482 4689 2746 4756; x_wconf 87' lang='lat' dir='ltr'>faciebat,</span> <span class='ocrx_word' id='word_1_710' title='bbox 2781 4687 3061 4744; x_wconf 89' lang='lat' dir='ltr'>divitibus</span> <span class='ocrx_word' id='word_1_711' title='bbox 3083 4689 3141 4742; x_wconf 89' lang='lat' dir='ltr'>et</span> <span class='ocrx_word' id='word_1_712' title='bbox 3199 4683 3397 4757; x_wconf 89' lang='lat' dir='ltr'>egenis</span> <span class='ocrx_word' id='word_1_713' title='bbox 3444 4683 3602 4739; x_wconf 88' lang='lat' dir='ltr'>idem</span> 
     </span>
    </p>
   </div>
   <div class='ocr_carea' id='block_1_107' title="bbox 1944 4773 3608 4856">
    <p class='ocr_par' dir='ltr' id='par_1_107' title="bbox 1944 4773 3608 4856">
     <span class='ocr_line' id='line_1_108' title="bbox 1944 4773 3608 4856; baseline -0.005 -19"><span class='ocrx_word' id='word_1_714' title='bbox 1944 4797 2175 4854; x_wconf 88' lang='lat' dir='ltr'>semper</span> <span class='ocrx_word' id='word_1_715' title='bbox 2205 4783 2346 4836; x_wconf 90' lang='lat' dir='ltr'>erat.</span> <span class='ocrx_word' id='word_1_716' title='bbox 2380 4779 2484 4833; x_wconf 89' lang='lat' dir='ltr'>His</span> <span class='ocrx_word' id='word_1_717' title='bbox 2511 4777 2880 4850; x_wconf 62' lang='lat' dir='ltr'>pracipiebat</span> <span class='ocrx_word' id='word_1_718' title='bbox 2909 4793 3024 4832; x_wconf 91' lang='lat' dir='ltr'>non</span> <span class='ocrx_word' id='word_1_719' title='bbox 3072 4773 3321 4846; x_wconf 87' lang='lat' dir='ltr'>superbe</span> <span class='ocrx_word' id='word_1_720' title='bbox 3377 4786 3608 4856; x_wconf 60' lang='lat' dir='ltr'>sapere.</span> 
     </span>
    </p>
   </div>
   <div class='ocr_carea' id='block_1_108' title="bbox 1943 4860 3611 4944">
    <p class='ocr_par' dir='ltr' id='par_1_108' title="bbox 1943 4860 3611 4944">
     <span class='ocr_line' id='line_1_109' title="bbox 1943 4860 3611 4944; baseline -0.007 -16"><span class='ocrx_word' id='word_1_721' title='bbox 1943 4887 2133 4944; x_wconf 89' lang='lat' dir='ltr'>neque</span> <span class='ocrx_word' id='word_1_722' title='bbox 2163 4885 2396 4942; x_wconf 89' lang='lat' dir='ltr'>sperare</span> <span class='ocrx_word' id='word_1_723' title='bbox 2429 4868 2486 4923; x_wconf 91' lang='lat' dir='ltr'>in</span> <span class='ocrx_word' id='word_1_724' title='bbox 2505 4869 2722 4923; x_wconf 88' lang='lat' dir='ltr'>incerto</span> <span class='ocrx_word' id='word_1_725' title='bbox 2750 4865 3107 4927; x_wconf 87' lang='lat' dir='ltr'>divitiarum,</span> <span class='ocrx_word' id='word_1_726' title='bbox 3131 4863 3234 4919; x_wconf 89' lang='lat' dir='ltr'>sed</span> <span class='ocrx_word' id='word_1_727' title='bbox 3253 4862 3315 4917; x_wconf 90' lang='lat' dir='ltr'>in</span> <span class='ocrx_word' id='word_1_728' title='bbox 3338 4860 3611 4944; x_wconf 61' lang='lat' dir='ltr'>Domino,</span> 
     </span>
    </p>
   </div>
   <div class='ocr_carea' id='block_1_109' title="bbox 1946 4952 3606 5034">
    <p class='ocr_par' dir='ltr' id='par_1_109' title="bbox 1946 4952 3606 5034">
     <span class='ocr_line' id='line_1_110' title="bbox 1946 4952 3606 5034; baseline -0.007 -17"><span class='ocrx_word' id='word_1_729' title='bbox 1946 4963 2045 5034; x_wconf 91' lang='lat' dir='ltr'>qui</span> <span class='ocrx_word' id='word_1_730' title='bbox 2075 4961 2176 5015; x_wconf 91' lang='lat' dir='ltr'>dat</span> <span class='ocrx_word' id='word_1_731' title='bbox 2205 4958 2478 5014; x_wconf 89' lang='lat' dir='ltr'>omnibus</span> <span class='ocrx_word' id='word_1_732' title='bbox 2510 4955 2707 5013; x_wconf 90' lang='lat' dir='ltr'>omnia</span> <span class='ocrx_word' id='word_1_733' title='bbox 2738 4955 3044 5012; x_wconf 86' lang='lat' dir='ltr'>affluenter</span> <span class='ocrx_word' id='word_1_734' title='bbox 3083 4954 3130 5023; x_wconf 93' lang='grc' dir='ltr'>(Ι</span> <span class='ocrx_word' id='word_1_735' title='bbox 3176 4953 3309 5007; x_wconf 79' lang='lat' dir='ltr'>Tim.</span> <span class='ocrx_word' id='word_1_736' title='bbox 3358 4967 3436 5019; x_wconf 76' lang='lat' dir='ltr'>vr,</span> <span class='ocrx_word' id='word_1_737' title='bbox 3491 4952 3606 5024; x_wconf 85' lang='grc'>17),</span> 
     </span>
    </p>
   </div>
   <div class='ocr_carea' id='block_1_110' title="bbox 1946 5040 3610 5119">
    <p class='ocr_par' dir='ltr' id='par_1_110' title="bbox 1946 5040 3610 5119">
     <span class='ocr_line' id='line_1_111' title="bbox 1946 5040 3610 5119; baseline -0.007 -13"><span class='ocrx_word' id='word_1_738' title='bbox 1946 5057 2002 5107; x_wconf 90' lang='lat' dir='ltr'>et</span> <span class='ocrx_word' id='word_1_739' title='bbox 2033 5055 2097 5106; x_wconf 89' lang='lat' dir='ltr'>ut</span> <span class='ocrx_word' id='word_1_740' title='bbox 2128 5067 2322 5105; x_wconf 89' lang='lat' dir='ltr'>rerum</span> <span class='ocrx_word' id='word_1_741' title='bbox 2343 5048 2701 5104; x_wconf 89' lang='lat' dir='ltr'>abundantia</span> <span class='ocrx_word' id='word_1_742' title='bbox 2722 5061 3048 5119; x_wconf 88' lang='lat' dir='ltr'>pauperum</span> <span class='ocrx_word' id='word_1_743' title='bbox 3076 5042 3335 5115; x_wconf 90' lang='lat' dir='ltr'>inopiam</span> <span class='ocrx_word' id='word_1_744' title='bbox 3367 5040 3610 5115; x_wconf 87' lang='lat' dir='ltr'>supple-</span> 
     </span>
    </p>
   </div>
   <div class='ocr_carea' id='block_1_111' title="bbox 1948 5129 3611 5210">
    <p class='ocr_par' dir='ltr' id='par_1_111' title="bbox 1948 5129 3611 5210">
     <span class='ocr_line' id='line_1_112' title="bbox 1948 5129 3611 5210; baseline -0.007 -14"><span class='ocrx_word' id='word_1_745' title='bbox 1948 5145 2055 5206; x_wconf 87' lang='lat' dir='ltr'>ret,</span> <span class='ocrx_word' id='word_1_746' title='bbox 2089 5142 2378 5210; x_wconf 85' lang='lat' dir='ltr'>quatenus</span> <span class='ocrx_word' id='word_1_747' title='bbox 2412 5138 2468 5191; x_wconf 91' lang='lat' dir='ltr'>in</span> <span class='ocrx_word' id='word_1_748' title='bbox 2496 5137 2692 5191; x_wconf 87' lang='lat' dir='ltr'>futuro</span> <span class='ocrx_word' id='word_1_749' title='bbox 2714 5150 3036 5208; x_wconf 89' lang='lat' dir='ltr'>pauperum</span> <span class='ocrx_word' id='word_1_750' title='bbox 3059 5131 3423 5188; x_wconf 89' lang='lat' dir='ltr'>abundantia</span> <span class='ocrx_word' id='word_1_751' title='bbox 3463 5129 3611 5186; x_wconf 87' lang='lat' dir='ltr'>divi-</span> 
     </span>
    </p>
   </div>
   <div class='ocr_carea' id='block_1_112' title="bbox 1950 5221 3605 5300">
    <p class='ocr_par' dir='ltr' id='par_1_112' title="bbox 1950 5221 3605 5300">
     <span class='ocr_line' id='line_1_113' title="bbox 1950 5221 3605 5300; baseline -0.005 -15"><span class='ocrx_word' id='word_1_752' title='bbox 1950 5234 2076 5285; x_wconf 91' lang='lat' dir='ltr'>tum</span> <span class='ocrx_word' id='word_1_753' title='bbox 2101 5227 2306 5300; x_wconf 75' lang='lat' dir='ltr'>inopizs</span> <span class='ocrx_word' id='word_1_754' title='bbox 2342 5227 2505 5282; x_wconf 88' lang='lat' dir='ltr'>ﬁeret</span> <span class='ocrx_word' id='word_1_755' title='bbox 2538 5223 3044 5299; x_wconf 90' lang='lat' dir='ltr'>supplementum)</span> <span class='ocrx_word' id='word_1_756' title='bbox 3077 5223 3126 5279; x_wconf 89' lang='lat' dir='ltr'>II</span> <span class='ocrx_word' id='word_1_757' title='bbox 3174 5221 3294 5278; x_wconf 83' lang='lat' dir='ltr'>Cor.</span> <span class='ocrx_word' id='word_1_758' title='bbox 3345 5237 3465 5289; x_wconf 85' lang='lat' dir='ltr'>vm,</span> <span class='ocrx_word' id='word_1_759' title='bbox 3493 5221 3605 5290; x_wconf 69' lang='lat' dir='ltr'>it).</span> 
     </span>
    </p>
   </div>
   <div class='ocr_carea' id='block_1_113' title="bbox 1951 5311 3612 5388">
    <p class='ocr_par' dir='ltr' id='par_1_113' title="bbox 1951 5311 3612 5388">
     <span class='ocr_line' id='line_1_114' title="bbox 1951 5311 3612 5388; baseline -0.005 -13"><span class='ocrx_word' id='word_1_760' title='bbox 1951 5317 2204 5375; x_wconf 91' lang='lat' dir='ltr'>Omnino</span> <span class='ocrx_word' id='word_1_761' title='bbox 2253 5320 2448 5372; x_wconf 89' lang='lat' dir='ltr'>autem</span> <span class='ocrx_word' id='word_1_762' title='bbox 2515 5331 2803 5388; x_wconf 87' lang='lat' dir='ltr'>pauperes</span> <span class='ocrx_word' id='word_1_763' title='bbox 2876 5313 3052 5369; x_wconf 88' lang='lat' dir='ltr'>rebus</span> <span class='ocrx_word' id='word_1_764' title='bbox 3123 5311 3477 5368; x_wconf 90' lang='lat' dir='ltr'>admonebat</span> <span class='ocrx_word' id='word_1_765' title='bbox 3544 5312 3612 5366; x_wconf 85' lang='lat' dir='ltr'>ut</span> 
     </span>
    </p>
   </div>
   <div class='ocr_carea' id='block_1_114' title="bbox 1953 5453 3614 5531">
    <p class='ocr_par' dir='ltr' id='par_1_114' title="bbox 1953 5453 3614 5531">
     <span class='ocr_line' id='line_1_115' title="bbox 1953 5453 3614 5531; baseline -0.007 -11"><span class='ocrx_word' id='word_1_766' title='bbox 1953 5465 2012 5520; x_wconf 92' lang='lat' dir='ltr'>in</span> <span class='ocrx_word' id='word_1_767' title='bbox 2044 5463 2181 5519; x_wconf 90' lang='lat' dir='ltr'>Vita</span> <span class='ocrx_word' id='word_1_768' title='bbox 2209 5478 2321 5516; x_wconf 91' lang='lat' dir='ltr'>ms.</span> <span class='ocrx_word' id='word_1_769' title='bbox 2355 5459 2646 5531; x_wconf 90' lang='lat' dir='ltr'>leguntur.</span> <span class='ocrx_word' id='word_1_770' title='bbox 2676 5457 2948 5531; x_wconf 59' lang='lat' dir='ltr'>Pippinus</span> <span class='ocrx_word' id='word_1_771' title='bbox 2976 5457 3324 5531; x_wconf 21' lang='lat' dir='ltr'>itaque‘tunc</span> <span class='ocrx_word' id='word_1_772' title='bbox 3342 5453 3614 5531; x_wconf 52' lang='lat' dir='ltr'>tempori:</span> 
     </span>
    </p>
   </div>
   <div class='ocr_carea' id='block_1_115' title="bbox 1952 5525 3608 5605">
    <p class='ocr_par' dir='ltr' id='par_1_115' title="bbox 1952 5525 3608 5605">
     <span class='ocr_line' id='line_1_116' title="bbox 1952 5525 3608 5605; baseline -0.008 -14"><span class='ocrx_word' id='word_1_773' title='bbox 1952 5539 2040 5591; x_wconf 76' lang='lat' dir='ltr'>vir</span> <span class='ocrx_word' id='word_1_774' title='bbox 2067 5548 2287 5605; x_wconf 68' lang='lat' dir='ltr'>magna?</span> <span class='ocrx_word' id='word_1_775' title='bbox 2311 5525 2554 5605; x_wconf 40' lang='lat' dir='ltr'>pietatis,</span> <span class='ocrx_word' id='word_1_776' title='bbox 2598 5525 2816 5605; x_wconf 60' lang='lat' dir='ltr'>genitor</span> <span class='ocrx_word' id='word_1_777' title='bbox 2860 5525 3108 5605; x_wconf 68' lang='lat' dir='ltr'>videlicet</span> <span class='ocrx_word' id='word_1_778' title='bbox 3158 5527 3350 5605; x_wconf 58' lang='lat' dir='ltr'>Caroli</span> <span class='ocrx_word' id='word_1_779' title='bbox 3396 5525 3608 5605; x_wconf 54' lang='lat' dir='ltr'>Magni,</span> 
     </span>
    </p>
   </div>
   <div class='ocr_carea' id='block_1_116' title="bbox 1953 5595 3610 5680">
    <p class='ocr_par' dir='ltr' id='par_1_116' title="bbox 1953 5595 3610 5680">
     <span class='ocr_line' id='line_1_117' title="bbox 1953 5595 3610 5680; baseline -0.005 -16"><span class='ocrx_word' id='word_1_780' title='bbox 1953 5595 2349 5680; x_wconf 55' lang='lat' dir='ltr'>remputilicant</span> <span class='ocrx_word' id='word_1_781' title='bbox 2405 5595 2711 5680; x_wconf 53' lang='lat' dir='ltr'>Galliarum</span> <span class='ocrx_word' id='word_1_782' title='bbox 2755 5601 3190 5680; x_wconf 63' lang='lat' dir='ltr'>ﬂorentissiman</span> <span class='ocrx_word' id='word_1_783' title='bbox 3246 5595 3610 5670; x_wconf 80' lang='lat' dir='ltr'>gubernabat.</span> 
     </span>
    </p>
   </div>
   <div class='ocr_carea' id='block_1_117' title="bbox 2025 5672 2932 5750">
    <p class='ocr_par' dir='ltr' id='par_1_117' title="bbox 2025 5672 2932 5750">
     <span class='ocr_line' id='line_1_118' title="bbox 2025 5672 2932 5750; baseline -0.007 -15"><span class='ocrx_word' id='word_1_784' title='bbox 2025 5672 2111 5750; x_wconf 79' lang='lat'>(5)</span> <span class='ocrx_word' id='word_1_785' title='bbox 2144 5678 2209 5736; x_wconf 92' lang='lat' dir='ltr'>In</span> <span class='ocrx_word' id='word_1_786' title='bbox 2240 5679 2353 5739; x_wconf 85' lang='lat' dir='ltr'>vet.</span> <span class='ocrx_word' id='word_1_787' title='bbox 2389 5689 2501 5732; x_wconf 89' lang='lat' dir='ltr'>ms.</span> <span class='ocrx_word' id='word_1_788' title='bbox 2535 5672 2646 5750; x_wconf 88' lang='lat' dir='ltr'>leg.</span> <span class='ocrx_word' id='word_1_789' title='bbox 2664 5674 2932 5749; x_wconf 69' lang='lat' dir='ltr'>propriae.</span> 
     </span>
    </p>
   </div>
  </div>
