3958 6372
437 400 548 459 59!

1171 402 1360 464 S/EC.
1406 403 1484 464 XI
1527 403 1756 465 AUC’I‘.
1803 401 2080 464 INCER'I

2275 401 2354 463 Nl
2399 399 2506 464 ET
2545 399 2846 464 SCRIPT.
2893 405 3116 467 ’AAEEII.

3721 394 3846 466 ὕθῖ

439 530 882 603 scirentspiritu
905 519 2074 607 pauperesessc,etinbumilitategratias
2106 540 2159 603 Α
2192 536 2508 590 lationihus
2539 552 2599 589 se
2623 520 2952 601 admoneri,
2977 538 3265 607 quatenus
3296 532 3579 594 aediﬁcata
3605 531 3848 590 basilica

437 634 608 690 agere
647 619 786 689 Deo,
834 622 1060 678 dicente
1109 623 1236 696 ipso
1285 625 1566 681 Domino:
1617 627 1776 680 Beati
1811 641 2081 697 pauperes

425 709 628 778 spiritu
653 709 857 780 (Matth,
890 728 943 780 ν,
975 712 1051 782 3).
1086 711 1466 786 Perquirebat
1508 730 1682 786 quem
1740 717 2079 769 sanctorum

429 793 490 851 in
519 796 716 870 aliquo
747 799 898 854 bono
929 799 1148 856 imitari
1176 801 1414 867 valeret,
1447 819 1584 858 cum
1615 803 1771 858 diem
1805 820 1866 859 se
1888 803 2078 874 perdi-

431 883 590 942 disse
612 889 986 960 querebatur,
1009 906 1124 962 quo
1147 907 1357 963 parum
1372 890 1592 962 aliquid
1617 909 1730 948 non
1744 891 2081 965 profecisset

427 973 490 1028 in
521 976 770 1044 actibus,
804 995 906 1034 seu
939 977 998 1034 in
1051 979 1342 1036 mandatis
1393 980 1512 1036 Dei.
1563 980 1926 1037 Sacrificium
1975 997 2079 1052 pro

402 1061 620 1138 salute
649 1065 857 1121 mundi
890 1066 1068 1123 totius
1099 1071 1157 1124 et
1185 1068 1387 1140 requie
1435 1068 1868 1132 defunctorum,
1917 1067 2080 1123 nullo

401 1151 636 1225 .oti‘erre
667 1153 782 1210 Deo
813 1155 1295 1227 praetermittebat
1325 1157 1437 1223 die,
1480 1155 1671 1212 sciens
1722 1173 1785 1212 se
1836 1157 2080 1212 Domino

433 1240 626 1319 dicere
650 1261 662 1298 :
688 1243 1012 1300 Benedicam
1034 1247 1322 1301 Dominum
1344 1247 1403 1300 in
1421 1247 1575 1302 omni
1595 1249 1853 1318 tempore,
1871 1262 2084 1318 semper

435 1330 561 1384 laus
588 1332 703 1402 ejus
733 1334 789 1386 in
819 1349 911 1387 ore
937 1349 1052 1389 meo
1085 1335 1475 1402 (Psat.xxx1ll,
1507 1335 1594 1402 2);
1631 1338 1712 1390 et:
1769 1335 2084 1396 Voluntaria

433 1420 748 1490 sacriﬁcabo
777 1422 990 1476 nomini
1019 1426 1130 1490 tuo,
1174 1423 1398 1478 Domine
1445 1425 1707 1496 quoniam
1757 1423 1958 1479 bonum
2003 1431 2083 1480 est

439 1508 605 1579 (Psal.
659 1525 774 1577 Lm,
825 1511 901 1582 8).
954 1509 1248 1582 Quidquid
1294 1511 1383 1567 vir
1435 1511 1530 1567 Dei
1578 1511 1757 1584 igitur
1801 1511 1926 1567 ﬁeri
1969 1511 2078 1568 sibi

435 1596 685 1663 volebat,
712 1599 882 1668 juxta
913 1599 1310 1672 evangelicum
1343 1607 1717 1673 praeceptum,
1739 1600 1884 1656 nulli
1911 1617 2084 1673 nega-

436 1685 536 1741 bat
567 1687 665 1742 sed
715 1681 876 1742 omni
923 1689 1182 1760 poscenti
1233 1705 1296 1745 se
1340 1689 1728 1745 libentissime
1765 1689 2078 1759 tribuebat,

436 1781 671 1846 portum
693 1775 913 1832 scilicet
933 1777 1359 1846 laborantibus,
1383 1777 1806 1834 consolatorem
1832 1778 2080 1848 mmstis,

437 1865 616 1920 nudis
659 1870 1053 1937 coopertorem
1093 1871 1493 1940 susceptorem
1541 1867 1882 1922 viatoribus.
1943 1867 2081 1930 Quis

433 1954 591 2010 enim
626 1970 886 2024 unquam
919 1955 1152 2027 expetiit
1182 1959 1238 2011 et
1269 1957 1398 2026 ejus
1442 1955 1760 2010 bonitatem
1811 1960 2082 2028 expertus

435 2059 551 2098 non
583 2042 713 2098 est?
762 2042 1114 2106 Quotidiana
1158 2043 1326 2099 illum
1377 2044 1708 2100 sollicitudo
1751 2045 2082 2100 animarum

438 2131 634 2204 aliquo
668 2137 944 2204 pereunte
989 2132 1380 2206 compellebat
1421 2149 1694 2205 gemere;
1744 2141 2084 2206 quanquam

369 2247 375 2256 -
439 2224 614 2276 tanta:
645 2225 799 2276 esset
847 2219 1082 2292 pietatis
1127 2229 1208 2289 ul,
1267 2223 1472 2293 quovis
1519 2221 1955 2278 scandalizante
2001 2240 2084 2290 se,

440 2309 700 2366 crederet
723 2310 1064 2377 offendisse;
1096 2313 1152 2366 et
1183 2310 1460 2382 quoniam
1497 2309 1745 2366 incolam
1768 2327 1831 2366 se
1845 2318 1899 2366 et
1923 2327 2085 2383 pere-

439 2399 677 2472 grinum
724 2399 819 2454 hic
867 2403 1106 2456 noverat
1152 2399 1324 2468 (Psat.
1378 2415 1568 2464 cxvui,
1625 2400 1734 2470 19),
1805 2399 1904 2455 ubi
1969 2417 2084 2456 non

439 2487 652 2543 habere
683 2505 746 2544 se
775 2491 1109 2544 manentem
1141 2487 1432 2542 civitatem
1465 2487 1684 2544 sciebat
1732 2489 1910 2558 (Hebr.
1961 2505 2082 2555 xm,

440 2579 551 2648 14),
580 2579 798 2632 ostium
828 2593 1004 2632 suum
1037 2575 1237 2630 viatori
1270 2593 1573 2648 nunquam
1612 2575 1844 2645 clausit,
1897 2593 2087 2648 neque

439 2665 728 2722 bucellam
762 2682 932 2722 suam
961 2663 1122 2720 solus
1153 2665 1514 2720 comedebat.
1566 2665 1662 2736 [Ut
1707 2665 2088 2722 dulcissimus

439 2761 606 2826 pater
635 2755 790 2810 ﬁlios
820 2752 1156 2826 spiritualcs
1187 2752 1434 2810 dulciter
1462 2755 1852 2824 admonendo,
1885 2759 2087 2826 quate-

440 2859 556 2898 nus
584 2843 805 2899 eeelesis
833 2842 1034 2916 patriae
1065 2841 1388 2898 haereditati
1435 2842 1728 2898 inhiarent
1775 2860 1887 2898 non
1930 2843 2085 2900 desi-

441 2931 667 3000 stebat;
701 2930 909 2986 divinae
941 2929 1089 3003 legis
1117 2931 1367 3003 gratiam
1415 2929 1474 2985 in
1529 2935 1760 3002 pectore
1797 2932 2084 3004 gestabat,

441 3036 510 3075 ex
539 3021 708 3092 cujus
737 3019 856 3075 sale
887 3035 1216 3076 sermonem
1247 3019 1338 3075 sui
1371 3019 1488 3075 oris
1529 3020 1857 3076 condiebat.
1911 3021 2087 3076 Vani—

438 3113 619 3164 tatem
651 3107 855 3164 mundi
886 3109 967 3164 sic
997 3108 1372 3164 horrescebat
1403 3113 1466 3163 ut
1505 3109 1765 3166 crederet
1814 3126 1880 3165 ac
1919 3111 2089 3182 profi-

2188 641 2401 696 corpus
2430 627 2697 680 sanetum
2731 623 2866 680 inde
2913 623 3275 691 transferret,
3329 621 3490 678 omni
3541 620 3848 695 diligentia

2191 712 2613 784 perﬁciendum
2635 713 2692 768 id
2743 717 2963 769 censet.
3009 713 3160 785 Ergo
3215 711 3488 768 maximis
3535 710 3852 783 impendiis

2189 806 2522 857 constructo
2553 801 2826 868 oratorio,
2859 801 3246 874 vigilantique
3269 801 3466 858 studio
3495 800 3568 856 ad
3591 817 3850 874 unguem

2190 892 2492 963 producto,
2527 890 2694 946 adest
2725 889 2919 946 clerus
2960 895 3210 946 cunctus
3269 905 3404 946 cum
3447 889 3686 962 populo,
3740 889 3854 950 Nec

2190 996 2357 1035 mora
2386 977 2734 1036 venerabilis
2763 978 3010 1035 antistes
3041 996 3178 1034 cum
3220 979 3456 1034 duobus
3489 977 3854 1050 coepiscopis

2196 1067 2320 1124 suis
2350 1067 2645 1124 Clemente
2673 1071 2730 1124 et
2757 1069 3066 1124 Chotberto
3115 1067 3372 1125 enormis
3425 1065 3854 1139 magnitudinis

2189 1155 2530 1228 cooperculo
2562 1173 2773 1212 manus
2797 1157 3086 1225 admovet,
3135 1157 3292 1228 quod
3341 1159 3506 1213 tanta
3539 1154 3852 1212 celeritate

2190 1244 2490 1301 sublatum
2517 1249 2606 1301 est
2635 1261 2741 1302 ceu
2789 1246 3044 1318 pondere
3097 1249 3353 1312 careret;
3404 1244 3604 1316 ipsum
3651 1249 3851 1301 tamen

2188 1335 2617 1407 cooperculum,
2651 1339 2842 1407 posta
2871 1333 3147 1392 trecentis
3177 1333 3322 1390 viris
3364 1339 3422 1390 et
3453 1332 3854 1406 quadraginta

2191 1423 2366 1480 boum
2398 1423 2636 1496 paribus
2654 1427 2964 1492 tentatum,
2981 1423 3201 1479 mansit
3219 1423 3556 1479 immotum.
3581 1421 3850 1478 Tandem

2189 1513 2536 1568 venerandis
2566 1513 2813 1568 artubus
2843 1511 3180 1580 honorifice,
3205 1515 3272 1566 ut
3301 1511 3564 1580 decebat,
3609 1509 3670 1566 in
3714 1525 3856 1573 arca

2190 1601 2506 1657 reconditis
2531 1601 2888 1674 cypressina,
2922 1605 2979 1656 et
3007 1600 3094 1656 sic
3122 1599 3184 1656 in
3231 1615 3583 1668 marmorea,
3635 1602 3854 1671 quarto

2191 1690 2482 1745 Kalendas
2510 1689 2670 1744 Junii
2702 1689 2952 1745 oratorio
2983 1688 3203 1758 intulit,
3235 1689 3392 1761 quod
3423 1705 3458 1744 a
3501 1687 3856 1744 fundamen-

2189 1779 2265 1833 tis
2297 1785 2633 1850 susceperat
2659 1783 2716 1834 et
2748 1779 2820 1833 ad
2853 1778 3172 1850 perfectum
3203 1777 3576 1850 produxerat.
3610 1775 3673 1832 In
3730 1793 3851 1849 quo

2192 1867 3572 1940 pariterimpnsitasunttreeentorummartyrum
3599 1865 3853 1922 Thebes:

2191 1955 2436 2027 legionis
2468 1974 2708 2026 corpora
2747 1971 2919 2027 quem
2952 1954 3146 2010 locum
3198 1971 3281 2010 src
3351 1953 3704 2010 nobilitavit.
3739 1970 3852 2009 su-

2193 2044 2460 2117 pellectili
2495 2061 2559 2098 ac
2594 2045 2810 2106 fundis,
2843 2043 3078 2115 replevit
3103 2043 3427 2111 emnobitis,
3481 2047 3545 2098 ut
3597 2057 3666 2097 ex
3711 2045 3859 2097 tunc

2194 2133 2527 2188 nullatenus
2559 2133 2794 2189 inferior
2821 2133 3088 2189 videatur
3111 2131 3409 2205 episcopio
3436 2131 3624 2204 ipsius
3661 2131 3852 2186 urbis.

2194 2222 2357 2277 Circa
2381 2238 2554 2294 quem
2585 2221 2776 2276 locum
2809 2221 2950 2276 dum
2981 2221 3071 2275 vir
3095 2221 3300 2277 beatus
3347 2220 3418 2276 de
3448 2220 3542 2276 dic
3585 2219 3646 2274 in
3691 2218 3856 2275 diem

2194 2310 2376 2366 nimio
2407 2311 2742 2366 insudassct
2774 2309 3004 2383 pietatis
3037 2309 3269 2375 alI'ectu,
3297 2307 3618 2382 praevidens
3652 2307 3860 2364 futura

2195 2401 2387 2470 sagaci
2435 2399 2669 2472 spiritu,
2711 2399 2930 2454 veritus
2980 2397 3309 2470 superfluas
3360 2396 3705 2470 tyrannid‘es
3729 2412 3862 2454 suc-

2195 2505 2516 2555 cessorum,
2551 2489 2893 2561 praedictum
2935 2491 3124 2543 totum
3170 2487 3331 2560 regio
3373 2487 3514 2558 jure
3561 2483 3862 2542 nobilitati

2197 2575 2462 2643 tradidit,
2496 2582 2560 2632 ut
2587 2576 2836 2632 habetur
2865 2575 2922 2631 in
2943 2575 3236 2648 praesenti.

2855 2717 3086 2774 CAPUT
3115 2717 3187 2772 VI

2265 2845 2648 2916 Episwpatum
2673 2842 2920 2898 dimittit.
2957 2873 3022 2883 —
3054 2841 3122 2897 Et
3153 2845 3287 2913 post
3323 2845 3446 2898 tam
3491 2839 3862 2912 multiplices

2197 2950 2300 3006 pro
2321 2948 2494 3005 grege
2514 2929 2726 2988 Christi
2748 2931 2996 2998 labores,
3020 2929 3229 2986 licetin
3255 2946 3328 3002 po
3338 2929 3609 2987 ntiticatu
3624 2929 3863 3002 positus

2197 3021 2344 3078 nihil
2376 3023 2452 3093 (6)
2475 3020 2771 3092 possidere
2795 3019 2994 3089 voluit,
3022 3019 3312 3092 quidquid
3333 3025 3530 3076 tamen
3554 3017 3703 3076 illud
3728 3022 3861 3075 erat

2197 3113 2354 3182 quod
2405 3110 2730 3182 [occasione
2777 3125 2878 3165 seu
2925 3113 3206 3180 prietextu
3257 3107 3582 3180 regiminis]
3633 3107 3860 3165 habere

444 3189 666 3254 teretur
693 3197 938 3254 miseros
978 3213 1106 3252 esse
1154 3203 1446 3253 amatores
1493 3198 1641 3268 ejus.
1690 3197 2087 3273 Eleemosynis
2135 3270 2148 3273 Α
2197 3199 2287 3258 vel
2337 3197 2782 3272 prasumpsisse
2823 3195 2960 3270 sibi]
3015 3196 3323 3253 videbatur
3371 3194 3736 3268 relinquens,
3795 3200 3862 3252 ut

445 3287 696 3344 maxime
727 3287 1060 3352 insudabat,
1093 3285 1490 3358 hospitalitate
1535 3285 1886 3359 largissime,
1923 3270 1990 3344 ac
2039 3287 2088 3343 si
2119 3270 2163 3337 C
2201 3270 2564 3346 olim—animo
2595 3291 2958 3358 conceperat,
2991 3302 3254 3342 eremum
3285 3291 3478 3358 petere
3507 3285 3859 3343 destinavit.

443 3377 596 3432 hanc
618 3377 729 3449 ipsi
761 3375 992 3431 Christo
1022 3375 1338 3444 exhiberet,
1369 3373 1696 3431 insistebat.
1719 3377 1902 3442 Quem
1932 3376 2088 3433 vide-

445 3466 548 3521 bat
591 3465 816 3521 tristem
865 3469 922 3520 et
965 3463 1278 3532 dolentem,
1335 3462 1752 3520 consolationis
1802 3465 1977 3520 verbo
2032 3469 2092 3522 et

445 3553 710 3612 subsidio
761 3552 1088 3610 necessario
1134 3551 1515 3621 exhilarabat,
1567 3552 1968 3610 discordantes
2015 3555 2086 3610 ad

443 3645 816 3702 concordiam
847 3642 1178 3700 reducebat.
1212 3641 1230 3715 ]
1261 3641 1540 3697 Caeterum
1574 3643 1850 3698 omnibus
1893 3643 2090 3699 omnia

441 3751 506 3792 se
537 3735 802 3802 faciebat,
835 3737 902 3788 ut
929 3747 1134 3789 omnes
1161 3731 1353 3786 salvos
1385 3731 1598 3786 faceret
1629 3732 1677 3794 (Ι
1701 3734 1826 3788 Cor.
1857 3749 1936 3800 xi,
1971 3735 2085 3802 22),

443 3828 501 3880 et
521 3827 586 3878 ut
605 3823 797 3878 bonus
821 3825 1040 3894 pastor,
1055 3819 1340 3892 quidquid
1361 3819 1520 3892 gregi
1535 3819 1766 3874 dicebat
1795 3823 2088 3892 agendum

441 3927 684 3985 operum
714 3909 1070 3966 exhibitione
1099 3908 1482 3964 monstrabat.

1097 4049 1331 4106 CAPUT
1361 4050 1428 4105 ν.

513 4178 724 4250 Corpus
754 4177 809 4231 S.
843 4175 1139 4231 Mra-simini
1157 4176 1437 4245 transfert.
1489 4206 1554 4214 —
1579 4175 1723 4230 Cum
1743 4175 2084 4248 hujusmodi

435 4272 894 4336 czetcrarumque
913 4265 1193 4319 virtutum
1207 4262 1777 4320 eminentiaantistiti
1806 4281 2088 4338 congrue-

436 4360 588 4424 rent,
620 4353 884 4410 omnium
912 4353 1060 4408 mira
1089 4350 1390 4407 colebatur
1419 4353 1806 4410 veneratione.
1828 4353 1928 4409 Vir
1965 4359 2088 4411 erat

437 4445 594 4502 enim
649 4442 953 4498 nobilitate
999 4457 1342 4515 generosus,
1392 4441 1669 4514 religione
1731 4443 2086 4516 praecipuus,

438 4533 680 4591 consilio
711 4537 938 4601 cautus,
967 4529 1240 4602 operibus
1273 4529 1565 4600 famosus;
1598 4531 1752 4588 inter
1775 4533 2088 4606 magnifica

2199 3377 2549 3452 [Monasticij
2581 3376 2871 3449 siquidem
2885 3377 3026 3447 [non
3047 3375 3358 3432 immemor
3379 3374 3516 3446 voti]
3543 3375 3865 3447 reputabat

2197 3473 2364 3524 actus
2392 3483 2532 3523 suos
2563 3464 2675 3522 sibi
2705 3465 2902 3521 minus
2933 3481 3104 3536 posse
3134 3464 3402 3520 sufﬁcere
3441 3464 3514 3520 ad
3566 3462 3860 3531 salutem,

2195 3572 2329 3612 eum
2358 3555 2644 3611 Dominus
2673 3552 2912 3609 dixerit:
2943 3553 3070 3608 Nisi
3096 3554 3218 3624 quis
3249 3552 3649 3608 renuntiaverit
3669 3553 3860 3608 omni-

2197 3645 2293 3702 bus
2337 3659 2462 3716 quae
2501 3642 2756 3715 possidet,
2803 3657 2920 3698 non
2961 3645 3133 3714 potest
3178 3657 3333 3698 meus
3375 3657 3492 3698 esse
3535 3640 3862 3712 discipulus

2196 3735 2349 3806 (Luc.
2380 3749 2494 3800 xiv,
2526 3731 2636 3804 33).
2671 3729 2946 3803 [Oculati]
2978 3730 3194 3803 quippe
3223 3729 3474 3786 cosleatis
3505 3729 3676 3801 quasi
3735 3729 3868 3786 ani-

2196 3821 2369 3878 malis
2397 3818 2982 3892 circumspectionem
3038 3819 3314 3885 retinens,
3363 3833 3482 3874 non
3525 3819 3863 3875 revertebat

2195 3909 2492 3976 incedens,
2528 3925 2594 3964 ac
2622 3925 2823 3964 eorum
2855 3923 2983 3980 quis
3007 3911 3158 3964 retro
3180 3905 3574 3974 suntoblitus,
3603 3905 3663 3962 in
3689 3911 3866 3963 ante-

2195 4001 2353 4056 riora
2373 3999 2667 4054 ferebatur
2695 4001 2971 4054 extensus
3019 3995 3188 4068 (Phit.
3235 4012 3320 4063 III,
3407 3996 3514 4067 13).
3565 3995 3869 4067 Equidem

2195 4091 2432 4144 noverat
2451 4086 2736 4159 plurimos
2759 4089 2891 4142 ante
2908 4085 3170 4141 humana
3183 4083 3410 4156 judicia
3431 4083 3670 4139 interim
3692 4088 3869 4140 stan-

2193 4180 2282 4233 tes
2309 4175 2488 4232 videri
2512 4190 2615 4248 per
2643 4175 2928 4230 bonorum
2959 4189 3200 4246 operum
3247 4171 3701 4239 exsecutionem,
3753 4173 3868 4230 sed

2195 4269 2328 4322 ante
2358 4262 2778 4336 omnipotentis
2807 4262 2905 4318 Dei
2927 4263 3128 4318 oculos
3159 4261 3449 4318 corruisse
3481 4277 3584 4333 per
3639 4259 3831 4317 melio
3854 4293 3866 4300 -

2194 4347 2314 4410 rem
2350 4351 2852 4417 deliberationem,
2885 4351 3134 4428 ecquod
3169 4351 3390 4406 bonum
3437 4365 3586 4421 opus
3634 4348 3864 4405 talium

2195 4442 2391 4497 minus
2423 4441 2539 4496 Deo
2566 4441 2712 4496 foret
2742 4438 3046 4512 placitum,
3068 4455 3182 4512 quo
3199 4455 3302 4511 per
3321 4437 3532 4495 mentis
3556 4437 3865 4510 delibera-

2191 4531 2412 4587 tionem
2443 4527 2503 4583 in
2537 4527 2760 4585 meliori
2794 4529 2978 4602 gradu
3007 4528 3416 4584 incunctanter
3445 4531 3536 4583 est
3560 4527 3864 4598 positum.

446 4639 702 4696 namque
733 4638 928 4694 opera,
953 4637 1080 4692 quae
1111 4617 1464 4690 multiplicia
1493 4620 1694 4692 gessit,
1729 4637 1941 4694 corpus
1963 4621 2088 4677 bea—
2119 4641 2167 4705 ί)
2195 4619 2278 4674 Ne
2297 4634 2434 4690 ergo
2463 4617 2840 4689 postmodum
2872 4617 3090 4673 frustra
3118 4620 3477 4688 quaereretur
3497 4615 3864 4705 bujusmodi

437 4713 652 4769 tissimi
709 4713 910 4784 [atque
973 4707 1406 4782 gloriosissimi]
1459 4707 1720 4780 praesulis
1781 4707 2084 4764 Maximini

411 4800 504 4858 ὀυ
507 4803 610 4874 jus
633 4801 756 4874 ipse
777 4815 1081 4857 successor
1096 4797 1422 4854 habebatur
1434 4797 1560 4868 jam
1591 4801 1732 4852 tunc
1773 4795 2088 4854 vicesimus

439 4891 637 4962 magni
670 4890 859 4946 meriti
893 4905 962 4944 ex
990 4887 1306 4960 Aquitania
1335 4891 1625 4942 revectum
1671 4884 2084 4952 tumulaverat,

436 4979 495 5034 in
537 4980 778 5034 domum
832 4995 950 5050 qua
1001 4994 1158 5033 nunc
1209 4980 1520 5032 veneratur
1566 4973 1887 5030 transtulit.
1939 4975 2086 5041 Quia

435 5068 590 5124 enim
623 5069 822 5124 eadem
855 5072 1056 5142 crypta
1081 5065 1350 5122 insolitas
1380 5063 1682 5120 evomebat
1727 5080 1912 5134 aquas
1955 5081 2082 5136 qua:

439 5157 630 5213 tribus
660 5157 894 5213 altiores
927 5155 1142 5212 cubitis
1165 5153 1511 5226 superficem
1536 5150 1718 5205 totius
1771 5151 2084 5223 pavimenti

437 5248 565 5317 ejus
595 5251 1038 5320 occupaverant,
1071 5260 1174 5300 nec
1205 5248 1399 5298 tamen
1433 5240 1504 5294 ad
1539 5238 1906 5295 mausoleum
1928 5257 2074 5297 reve-

436 5336 750 5392 rendorum
795 5339 1031 5390 artuum
1062 5329 1358 5386 licentiam
1388 5328 1698 5395 habebant,
1753 5329 1855 5384 sed
1903 5329 2086 5386 solide

436 5425 590 5480 sicut
619 5441 825 5479 murus
851 5423 988 5476 hinc
1017 5420 1154 5474 inde
1193 5417 1336 5473 illud
1376 5417 1709 5488 tangebant,
1761 5420 2086 5489 perpendes

416 5513 526 5568 -vir
550 5513 754 5568 beatus
782 5515 904 5566 tam
938 5509 1105 5580 signo
1135 5507 1245 5562 hoc
1271 5521 1446 5578 quam
1479 5503 1751 5577 plurimis
1781 5504 1913 5562 aliis
1935 5523 2083 5566 reve.

510 5691 588 5780 (6)
619 5691 681 5746 In
710 5693 820 5746 vet.
853 5703 965 5744 ms.
987 5687 1114 5748 licet
1141 5688 1202 5748 in
1230 5687 1382 5747 omni
1408 5687 1524 5747 vita
1549 5684 1716 5745 nihil.

2195 4707 2614 4764 detrimentum
2645 4723 2766 4762 suae
2796 4706 2975 4763 menti
3007 4705 3398 4778 subrepsisse,
3440 4703 3674 4761 unicam
3702 4704 3867 4762 deli-

2197 4794 2555 4852 berationem
2592 4811 2772 4868 quam
2815 4794 2928 4850 sibi
2980 4793 3318 4868 suspirabat
3365 4793 3560 4850 adhuc
3617 4793 3865 4862 deesse,

2195 4883 2555 4940 accelerabat
2591 4884 2884 4956 perﬁcere.
2938 4884 3100 4948 Quod
3150 4899 3286 4939 cum
3338 4883 3596 4956 primum
3641 4899 3867 4940 rumor

2195 4973 2268 5028 ad
2289 4989 2461 5028 aures
2478 4972 2636 5046 vulgi
2659 4971 2885 5038 detulit,
2905 4971 3072 5044 quasi
3085 4971 3867 5044 barbarisinsequentibus,

2195 5062 2388 5116 omnis
2419 5067 2556 5116 aetas
2585 5061 2895 5132 omnisque
2923 5077 3098 5118 sexus
3123 5061 3182 5116 in
3211 5061 3416 5117 urbem
3439 5059 3578 5132 ruit,
3599 5060 3867 5133 visoque

2195 5151 2316 5207 viro
2345 5151 2466 5215 Dei,
2494 5149 2715 5206 clamor
2735 5149 2794 5204 in
2827 5149 3038 5206 caelum
3072 5147 3381 5218 attollitur,
3415 5155 3473 5205 et
3501 5147 3674 5222 quasi
3687 5150 3872 5206 omni

2194 5239 2506 5314 provinciae
2532 5237 2772 5295 exitium
2802 5238 3156 5307 immineret,
3189 5248 3352 5296 unus‘
3383 5237 3654 5296 omnium
3694 5236 3868 5295 fere-

2194 5329 2371 5386 batur
2398 5327 2612 5385 luctus.
2647 5330 2762 5384 Cur
2790 5328 2866 5400 (7)
2911 5326 3106 5401 gregis
3146 5327 3252 5384 tibi
3313 5327 3644 5385 custodiam
3689 5341 3874 5384 com-

2195 5419 2440 5476 missam
2453 5417 2814 5488 derelinquis
2825 5416 3058 5489 ?quare,
3073 5432 3254 5489 quare
3265 5420 3564 5474 tantarum
3580 5415 3870 5473 futurum

2195 5508 2514 5565 discrimen
2538 5522 2653 5586 non
2677 5505 2892 5562 metuis
2909 5505 2937 5560 ‘?
2957 5510 3130 5578 putas
3147 5507 3249 5580 qui
3270 5505 3634 5580 erunthujus
3655 5505 3874 5564 Eccle-

2267 5689 2344 5767 (7)
2375 5688 2440 5750 In
2463 5691 2578 5750 vet.
2611 5703 2724 5749 ms.
2747 5685 2858 5762 leg.
2879 5687 2993 5760 cui,
3013 5691 3201 5753 Pater.
