3958 6362
1266 342 1662 470 νΑιοΑΝδῡι
1706 399 1886 469 VITA
1936 402 2003 467 8.
2047 401 2500 471 HILDULPHI.

3463 406 3582 471 594

170 538 275 598 sim
300 536 611 598 saevissimi
638 541 963 598 vastatores
982 538 1011 597 ?
1039 555 1219 614 namq
1231 557 1304 598 ue
1322 538 1694 597 dilaniahunt
1709 555 1834 612 gre-
1861 537 1917 605 Α
1947 535 2134 598 simus
2146 538 2801 614 archiepiscopus,circa
2819 543 3055 616 tempus
3078 540 3222 599 illud
3234 541 3593 602 Senoniense

172 647 306 704 gem
340 634 512 687 tuum
546 629 671 703 lupi
696 647 954 703 rapaces.
987 630 1228 688 Talibus
1249 631 1446 703 itaque
1472 630 1562 685 vir
1590 633 1831 686 sanctus

174 718 722 786 lamentationibus,
754 720 1041 792 praecipue
1086 719 1317 793 piarum
1368 719 1687 792 supradicti
1719 717 1831 774 loci

174 807 375 864 ovium
405 812 756 875 commotus,
792 811 855 863 ut
882 812 1008 864 erat
1036 808 1250 881 pietate
1291 808 1520 881 plenus,
1557 808 1613 864 in
1648 808 1831 881 lacry-

172 912 303 952 mas
334 895 689 952 resolvitur.
713 894 1158 968 Conversusque
1197 897 1269 952 ad
1304 896 1533 970 plebem
1583 897 1670 952 sic
1699 901 1828 952 tan-

174 985 306 1041 dem
341 984 649 1057 profatur:
681 1008 710 1036 ‹‹
744 984 860 1041 Vos
886 985 1139 1057 populus
1187 985 1285 1042 Dei
1320 990 1376 1042 et
1421 1002 1555 1042 oves
1603 1002 1830 1058 pascuae

173 1073 304 1143 ejus
334 1072 479 1129 estis
504 1090 518 1140 ;
549 1072 675 1145 ipse
698 1090 803 1129 vos
832 1073 1140 1141 custodiet,
1176 1073 1274 1147 qui
1310 1075 1480 1130 nobis
1520 1074 1828 1147 promittit,

176 1162 553 1218 dicens.Ecce
574 1177 669 1232 ego
701 1161 974 1217 vobiscum
1017 1178 1142 1217 sum
1162 1163 1416 1218 omnibus
1447 1163 1635 1219 diebus
1666 1179 1834 1234 usque

179 1250 248 1306 ad
276 1251 1239 1320 consumma/ionemsaeculimfatth.
1272 1268 1472 1318 xxvuI,
1503 1253 1615 1320 20).
1643 1274 1669 1299 ››
1683 1252 1830 1306 Nam

176 1339 446 1395 custodia
475 1354 607 1395 mea
635 1338 918 1396 hactenus
951 1339 1094 1394 nulli
1126 1339 1363 1411 profuit,
1397 1339 1497 1411 qui
1524 1356 1616 1395 me
1635 1339 1831 1412 ipsum

179 1428 380 1484 minus
409 1427 884 1499 circumspexi,si
912 1428 1052 1499 quid
1067 1432 1265 1485 autem
1296 1428 1835 1501 deincepsinsuper

178 1521 270 1573 est
297 1517 600 1589 temporis,
617 1516 791 1572 sinite
810 1520 873 1571 ut
899 1516 1161 1588 expleam
1181 1534 1295 1589 quo
1327 1522 1386 1573 et
1416 1518 1561 1574 mihi
1593 1523 1650 1573 et
1667 1517 1833 1574 vobis

178 1606 423 1679 prosim.
454 1604 859 1679 [obﬁrmatus]
890 1604 1659 1679 igituradversuslugubres
1691 1622 1831 1679 que-

179 1693 332 1751 relas
361 1694 556 1768 gregis
588 1711 649 1750 se
670 1694 1282 1767 prosequentis,quasi
1298 1695 1691 1751 tenacioribus
1708 1695 1834 1750 vin-

178 1783 352 1854 culis,
383 1799 511 1855 quaa
539 1783 871 1839 libertatem
903 1783 1084 1838 animi
1116 1785 1245 1855 ejus
1275 1783 1387 1839 sibi
1419 1784 1689 1857 subigere
1712 1787 1836 1839 ten-

1941 629 2273 685 ccenobium
2301 629 2362 685 in
2390 630 2741 687 Grandiavio
2771 648 2805 687 a
2836 648 2898 688 se
2928 636 3333 688 constructum
3365 650 3435 688 ex
3467 632 3598 689 reli-

1940 721 2044 772 etin
2078 718 2966 776 urbisvocabulodenominavit.
2983 721 3214 777 Primus
3246 722 3402 778 Bodo
3417 723 3595 779 etiam

1932 807 2059 877 jam
2089 807 2229 862 dicti
2258 807 2437 863 Jacob
2463 809 2732 865 decessor
2752 809 2949 865 Leucae
2972 810 3162 865 bonus
3193 816 3396 882 pastor
3423 811 3592 884 virgi-

1940 895 2066 952 neis
2092 896 2358 964 catervis,
2394 897 2610 969 quibus
2640 897 2832 953 locum
2866 899 3060 954 studio
3085 916 3191 954 suo
3223 900 3295 955 ad
3327 916 3588 973 unguem

1940 985 2290 1057 productum
2305 986 2642 1058 repleverat.
2663 1004 2955 1059 quemque
2969 1004 3076 1044 suo
3108 989 3178 1043 de
3193 989 3431 1044 nomine
3444 1007 3596 1044 nun-

1940 1078 2222 1145 cupatum
2254 1073 2324 1130 iri
2355 1080 2681 1146 censuerat,
2734 1093 2984 1147 praeesse
3030 1075 3213 1131 voluit
3259 1077 3472 1132 Christi
3504 1077 3589 1133 fa-

1941 1162 2165 1218 mulam
2196 1163 2587 1237 Tietbergam,
2636 1181 2814 1236 quam
2847 1168 2980 1220 ante
3026 1164 3361 1237 pontificale
3410 1167 3592 1220 decus

1941 1254 2280 1321 susceperat
2298 1267 2368 1307 ex
2389 1252 2584 1308 debito
2602 1253 2859 1325 conjugii
2888 1253 3115 1324 ﬁliam]
3146 1254 3303 1309 Inter
3328 1254 3436 1311 hos
3454 1270 3594 1326 ergo

1941 1338 2160 1396 athleta
2188 1338 2399 1395 Christi
2422 1340 2779 1413 Hildulphus
2810 1341 3070 1413 praedicti
3100 1341 3207 1396 viri
3241 1343 3420 1399 Jacob
3453 1359 3593 1399 con-

1943 1426 2101 1485 sultu
2128 1426 2587 1484 adminiculante
2621 1429 2817 1484 locum
2848 1429 3229 1486 habitationis
3251 1430 3443 1503 elegit.

2556 1517 2789 1573 CAPUT
2828 1518 2972 1575 VIII.

2012 1606 2735 1662 Medianum-Monasterium
2793 1606 2995 1662 condit.
3029 1639 3095 1646 —
3147 1607 3453 1663 Enimvero
3502 1610 3595 1665 est

1941 1694 2105 1751 locus
2127 1694 2186 1749 in
2216 1695 2442 1767 Vosago
2502 1695 2803 1751 montibus
2851 1695 3110 1768 undique
3159 1701 3380 1767 septus,
3414 1714 3591 1769 quem

1944 1783 2155 1839 ﬂuvius
2169 1782 2409 1854 quidam
2422 1784 2496 1838 ob
2514 1782 2770 1839 validum
2784 1800 3046 1851 cursum,
3079 1784 3316 1841 Rabado
3334 1785 3593 1856 nomine,

174 1873 402 1939 tabent,
434 1871 739 1971 disruptis,
774 1872 1249 1944 Nicomadum(8)
1268 1871 1378 1928 sibi
1410 1889 1831 1939 successorem,
1865 1910 1915 1975 Β
1946 1872 2279 1945 ρι’ωῐθνῦιιίι
2314 1873 2446 1943 (11),
2489 1889 2667 1944 super
2696 1889 2872 1944 quem
2903 1873 3012 1945 [vir
3059 1878 3321 1941 sanctus]
3368 1875 3593 1946 Spiritu

176 1961 385 2017 ovibus
415 1976 552 2016 vero
582 1958 706 2016 suis
723 1959 1040 2032 designans
1057 1965 1376 2033 pastorem,
1411 1966 1543 2033 post
1560 1961 1833 2017 ultimum

174 2048 325 2116 vale,
357 2049 650 2114 animum,
677 2048 879 2105 oculos
909 2065 974 2105 ac
996 2050 1173 2121 pedes
1197 2053 1430 2122 accepto
1460 2049 1654 2105 itineri
1673 2050 1836 2106 resti-

181 2137 316 2205 tuit,
349 2139 582 2192 tantum
599 2136 859 2194 elevatus
877 2138 1142 2205 scientia,
1168 2143 1510 2211 assumptus
1542 2138 1837 2206 vita,indi-

179 2225 460 2299 gnatione
489 2225 732 2297 spiritus
763 2227 854 2282 sui
885 2244 1125 2283 amarus
1178 2227 1399 2295 abiens,
1457 2245 1681 2300 pennas
1725 2227 1836 2283 sibi

180 2314 307 2370 dari
335 2313 622 2369 columbae
652 2314 1058 2387 gemebundus
1109 2317 1431 2388 expetebat,
1479 2318 1696 2389 quibus
1739 2333 1836 2372 vo-

182 2403 360 2459 lando
389 2401 799 2475 requiesceret,
826 2407 884 2458 et
913 2404 1129 2476 quibus
1160 2404 1486 2477 elongando
1518 2404 1749 2478 fugiens
1779 2404 1838 2460 in

184 2490 564 2549 solitudinem
592 2496 856 2547 maneret
884 2493 1057 2563 (Psal.
1094 2510 1201 2562 LIV,
1234 2495 1288 2561 7,
1322 2494 1396 2566 8).
1450 2494 1838 2559 Quemadmo-

183 2581 330 2636 dum
361 2578 517 2636 enim
552 2584 662 2636 Deo
692 2581 909 2652 dignus
940 2598 1093 2654 papa
1145 2583 1459 2654 Gregorius
1510 2582 1626 2637 ait:
1662 2581 1840 2639 Dulce

183 2676 276 2726 est
301 2685 430 2725 esse
460 2668 518 2724 in
550 2669 726 2725 rebus
755 2669 1171 2737 humanis,sed
1204 2672 1253 2727 ei
1269 2671 1460 2727 adhuc
1491 2672 1587 2743 qui
1622 2672 1691 2726 de
1722 2688 1840 2727 cm-

185 2758 433 2814 lestibus
458 2757 846 2830 gaudianulla
861 2759 1116 2831 gustavit
1138 2777 1149 2826 ;
1172 2764 1229 2815 at
1262 2759 1311 2815 si
1342 2760 1475 2832 quis
1496 2761 1622 2832 jam
1650 2759 1842 2816 cordis

183 2864 284 2904 ore
313 2847 635 2921 gustaverit
662 2863 791 2918 quae
823 2847 899 2903 sit
930 2846 1029 2902 illa
1059 2847 1306 2903 dulcedo
1337 2848 1661 2904 caelestium
1695 2864 1840 2920 prae-

184 2936 463 3003 miorum,
495 2935 632 2991 huic
663 2941 882 3008 quanto
913 2936 1057 2992 illud
1080 2937 1249 2993 dulce
1281 2937 1359 2993 sit
1390 2938 1545 3009 quod
1576 2938 1737 2993 intus
1756 2937 1838 2992 vi-

192 3026 310 3089 det,
344 3028 508 3080 tanto
535 3024 591 3079 in
611 3024 1038 3080 amaritudines
1059 3028 1363 3080 vertuntur
1392 3030 1682 3098 quotquot
1703 3025 1842 3082 foris

190 3113 466 3170 sustinet.
501 3112 744 3169 Rixatur
773 3129 969 3169 secum
994 3114 1065 3170 de
1085 3114 1489 3170 rememoratis
1520 3114 1840 3187 iniquitati-

188 3204 322 3270 bus,
356 3202 808 3274 reprehenditse
838 3202 1396 3275 decogitationibus,
1429 3203 1844 3275 insequiturde

152 3300 157 3305 '
185 3290 405 3356 verbis,
438 3294 495 3346 et
524 3290 693 3362 punit
724 3291 915 3346 ﬂendo
974 3274 1046 3346 de
1079 3291 1267 3346 factis.
1331 3291 1532 3363 Itaque
1580 3274 1703 3347 nisi
1736 3292 1847 3348 hoc
1875 3274 1918 3342 C

188 3380 364 3435 modo
394 3377 649 3451 Spiritus
671 3384 906 3435 sanctus
931 3383 1186 3435 mentem
1205 3379 1311 3434 viri
1342 3380 1521 3450 hujus
1549 3379 1607 3434 in
1639 3380 1848 3436 amari-

186 3467 459 3523 tudinem
488 3467 900 3539 temporalium
933 3473 991 3523 et
1020 3468 1464 3524 delectationem
1496 3473 1846 3525 aeternorum

186 3555 854 3622 commovisset-,terram
869 3556 1158 3613 desertam
1174 3562 1232 3612 et
1262 3555 1480 3612 inviam
1511 3561 1674 3613 tanto
1700 3561 1845 3614 aestu

183 3640 382 3701 cordis
412 3660 529 3699 non
561 3644 890 3716 quasisset.

828 3733 1060 3789 CAPUT
1097 3733 1218 3789 VII.

264 3824 499 3878 Fu‘vcnte
529 3821 767 3877 Tullensi
816 3824 1060 3895 episcopo
1114 3824 1175 3877 in
1210 3825 1473 3894 Vosagum
1525 3823 1743 3880 secedit.
1780 3854 1844 3863 —

184 3911 296 3966 Per
325 3909 471 3965 illud
506 3914 741 3982 tempus
771 3910 952 3967 Jacob
983 3912 1059 3983 (9)
1088 3911 1177 3966 vir
1207 3912 1643 3968 conversatione
1675 3912 1846 3968 mori—

185 4001 420 4071 busque
450 3997 816 4054 admirabilis
848 3999 1097 4055 Leucam
1140 4000 1378 4073 regebat
1421 4000 1846 4073 [ecclesiarum]

192 4090 422 4155 urbem,
455 4086 556 4159 qui
588 4088 743 4159 [cum
777 4105 880 4160 pro
912 4089 1001 4145 sui
1035 4089 1344 4146 sanctitate
1366 4089 1423 4144 in
1457 4107 1557 4146 ora
1579 4089 1842 4146 omnium

184 4176 486 4249 penderet,
504 4175 737 4248 regibus
755 4177 1356 4250 quoquejjstupendus
1385 4183 1528 4234 erat.
1560 4180 1644 4234 Ad
1670 4196 1845 4252 quem

186 4281 325 4321 cum
357 4263 447 4318 vir
475 4264 577 4320 Dei
609 4264 965 4338 Hildulphus
994 4267 1264 4332 venisset,
1300 4273 1363 4323 ut
1393 4267 1678 4324 charitate
1726 4285 1845 4324 me-

185 4352 390 4409 diante
419 4358 709 4409 secretum
742 4354 826 4408 illi
861 4355 1187 4427 provideret
1215 4354 1409 4411 locum
1454 4355 1849 4413 libentissime

183 4440 585 4498 collaboravit.
618 4442 674 4497 Si
708 4443 947 4514 quidem
980 4461 1015 4500 a
1046 4445 1470 4516 praedecessore
1500 4446 1630 4516 ejus
1663 4463 1847 4517 quon-

186 4529 327 4585 dam
377 4528 674 4601 pontifice,
726 4530 1004 4588 Girhaldo
1050 4534 1164 4602 (10)
1207 4532 1465 4600 nomine,
1517 4533 1638 4590 viro
1684 4551 1848 4606 eaque

191 4617 593 4687 sanctissimo,
628 4620 919 4676 Deodatus
948 4620 1038 4676 vir
1066 4638 1312 4678 summae
1344 4623 1676 4679 sanctitatis
1707 4623 1845 4679 olim

182 4705 562 4763 Nivernensis
588 4707 901 4780 episcopus
951 4710 1298 4767 renuntiatis
1331 4711 1569 4783 saeculo,
1600 4711 1659 4766 in
1695 4711 1847 4767 saltu

187 4793 402 4867 Vosagi
435 4793 628 4852 locum
651 4796 1005 4865 obtinuerat,
1040 4797 1137 4854 ubi
1157 4798 1526 4856 sanctissime
1540 4817 1849 4856 conversa-

182 4887 285 4939 tus
316 4883 473 4955 [est],
491 4885 1079 4956 monasteriastatuit,
1099 4892 1273 4959 atque
1285 4893 1417 4960 post
1446 4889 1737 4945 diutinam
1756 4889 1840 4945 in-

185 4970 404 5027 Ghristi
434 4988 619 5045 agone
648 4973 923 5031 militiam
954 4974 1087 5031 vitae
1118 4981 1391 5031 senatum
1424 4975 1729 5034 laureatus
1751 4977 1839 5033 in-

187 5059 387 5116 travit.
422 5059 633 5133 Inquo
665 5062 841 5118 etiam
875 5062 1029 5120 saltu
1059 5063 1315 5120 virorum
1366 5070 1702 5122 sanctorum
1734 5066 1843 5123 cel-

190 5149 327 5205 lulae
358 5150 607 5205 inerant.
640 5151 922 5224 [Denique
936 5153 1369 5225 Sanctivagium
1393 5156 1519 5226 jam
1552 5158 1693 5211 tunc
1722 5161 1846 5212 erat

190 5236 485 5309 spirituali
516 5239 935 5295 monachorum
968 5241 1242 5297 exercitio
1273 5241 1634 5298 institutum.
1669 5244 1845 5301 Porro

189 5327 450 5383 domnus
482 5326 937 5385 Gundelbertusi
984 5329 1124 5386 olim
1175 5336 1469 5386 Senonum
1518 5332 1846 5403 praeclaris-

264 5466 344 5609 ξδζ
375 5467 437 5522 In
466 5468 773 5552 recentiori
805 5486 915 5527 ms.
949 5470 1061 5546 leg.
1104 5472 1467 5541 Weomadum,

286 5539 323 5592 9
372 5537 620 5595 Fallitur
647 5540 741 5596 hic
761 5545 964 5598 auctor
984 5542 1044 5599 in
1076 5545 1433 5609 assignando
1464 5571 1467 5591 ι

286 5537 344 5609 9)
372 5537 620 5621 Fallitur
647 5540 741 5596 hic
761 5537 1044 5621 auctor
1076 5545 1433 5621 assignando
1452 5537 1721 5618 episcopi
1753 5564 1853 5604 no-

194 5610 383 5685 mine,
411 5609 513 5685 qui
542 5609 716 5685 longe
747 5617 877 5685 post
906 5609 1231 5671 Hildulfum
1263 5616 1422 5672 vixit.

268 5681 382 5754 (10)
414 5681 478 5738 In
508 5686 623 5739 vet.
651 5681 769 5741 ius:
803 5683 914 5758 leg.
950 5685 1263 5745 Garibaldo.

1945 1965 2149 2017 sancto
2180 1960 2723 2017 dictanteecclesias
2741 1962 3023 2029 fundavit,
3041 1962 3290 2034 primam
3322 1962 3595 2019 videlicet

1944 2049 2180 2106 nomine
2234 2054 2415 2105 beatae
2464 2050 2564 2106 Dei
2623 2050 2922 2123 genitricis
2955 2056 3012 2105 et
3060 2067 3294 2123 semper
3345 2052 3594 2124 virginis

1947 2140 2162 2205 Mariae,
2196 2156 2373 2210 quam
2399 2144 2456 2194 et
2495 2145 2608 2206 [vni
2645 2139 2770 2194 Kal.
2804 2139 3018 2211 Martii]
3069 2140 3379 2209 dedicavit,
3433 2157 3595 2196 eam-

1946 2246 2061 2301 que
2081 2228 2862 2284 Medianum-Monasterium
2875 2228 3186 2300 appellavit
3211 2246 3224 2296 ;
3249 2228 3424 2285 aliam
3454 2246 3589 2285 vero

1945 2335 2015 2373 ex
2045 2316 2281 2372 nomine
2318 2316 2469 2371 beati
2501 2315 2656 2371 Petri
2697 2315 2980 2388 principis
3010 2317 3275 2379 omnium
3309 2315 3598 2388 apostolo-

1948 2422 2080 2460 rum
2111 2404 2334 2460 honore
2365 2405 2504 2474 [xvu
2532 2403 2657 2459 Kal.
2690 2404 3055 2475 Novembris]
3085 2406 3461 2461 consecravit.
3490 2406 3596 2461 His

1948 2494 2030 2549 ita
2059 2493 2317 2560 statutis,
2378 2497 2493 2547 Deo
2548 2491 2781 2564 sibique
2831 2493 3020 2548 vivere
3075 2493 3287 2564 cmpit;
3342 2509 3598 2564 cumque

1950 2581 2303 2654 praeconium
2357 2586 2569 2636 sanctae
2611 2580 2866 2636 nominis
2896 2581 3025 2651 ejus
3075 2580 3232 2636 fama
3274 2580 3597 2637 multorum

1949 2671 2119 2743 longe
2147 2670 2379 2741 lateque
2409 2670 2679 2737 deferret,
2706 2669 2814 2724 viri
2846 2673 3112 2742 potentes
3150 2673 3206 2725 et
3256 2668 3487 2726 nobiles
3515 2669 3601 2725 vi-

1951 2758 2244 2816 sitationis
2256 2758 2445 2830 gratia
2461 2758 2531 2813 ad
2548 2775 2681 2814 eum
2702 2757 2915 2830 sapius
2946 2758 3603 2830 conﬂuebant,cumque

1949 2865 1983 2904 e
2011 2847 2254 2903 diversis
2287 2847 2551 2919 partibus
2582 2848 2752 2902 multi
2785 2850 3176 2915 occurrerent,
3210 2845 3495 2918 aliquanti
3527 2848 3599 2903 ad

1950 2937 2076 2992 vitae
2108 2935 2216 2991 iter
2243 2935 2471 2991 accensi
2495 2951 2631 2990 cum
2660 2935 2781 2991 viro
2804 2934 2897 2990 Dei
2931 2951 3167 2990 manere
3196 2935 3598 2990 decreverunt:

1951 3027 2114 3091 Quod
2147 3042 2281 3079 cum
2314 3024 2402 3078 vir
2430 3024 2546 3079 Deo
2580 3023 2786 3095 plenus
2807 3024 3047 3089 videret,
3083 3041 3118 3078 a
3146 3023 3459 3079 Dominoid
3476 3022 3601 3078 fieri

1952 3113 2269 3169 arbritatus
2301 3119 2409 3177 est;
2436 3119 2512 3179 et,
2547 3112 2828 3184 quoniam
2859 3110 2982 3184 ipse
3000 3111 3139 3167 olim
3174 3112 3472 3184 professus
3489 3127 3611 3167 mo-

1958 3202 2212 3258 nachum
2245 3202 2453 3268 fuerat,
2486 3200 2883 3257 habitationes
2915 3200 3221 3256 monachis
3254 3200 3427 3257 utiles
3449 3200 3618 3272 eaepit

1957 3291 2265 3348 aediﬁcare.
2303 3291 2363 3345 Id
2396 3306 2527 3345 vero
2551 3290 2805 3361 populus
2837 3306 2972 3345 cum
3004 3289 3407 3361 comperisset,
3440 3290 3611 3344 devo-

1957 3381 2114 3437 tione
2162 3395 2449 3445 crescens,
2486 3377 2620 3450 plus
2677 3377 2850 3433 solito
2902 3378 3271 3447 conﬂuebat;
3339 3394 3477 3433 nam
3509 3394 3612 3449 per

1957 3469 2163 3524 merita
2191 3467 2293 3522 viri
2330 3465 2516 3522 sancti
2549 3465 2780 3538 sibique
2811 3466 3234 3537 subjectorum,
3267 3466 3400 3522 caeci
3433 3466 3512 3521 ibi
3536 3465 3607 3521 il-

1955 3556 2421 3620 luminabantur,
2493 3554 2683 3610 claudi
2744 3553 3244 3621 convalescebant,
3306 3555 3606 3610 daemones

1955 3645 2332 3718 fugabantur.
2393 3644 2554 3699 Unde
2588 3644 2793 3699 turbas
2852 3642 3272 3703 confluentium
3329 3643 3424 3697 vix
3454 3643 3605 3698 ferre

1953 3735 2173 3799 valens,
2188 3738 2348 3789 extra
2361 3733 2620 3788 claustra
2648 3731 2956 3788 ecclesiam
2972 3733 3031 3787 S.
3052 3732 3299 3787 Joannis
3329 3732 3604 3802 Baptistae

1955 3823 2252 3879 mdificans
2283 3821 2589 3888 dedicavit,
2625 3824 2800 3893 atque
2821 3821 3049 3888 domos,
3083 3820 3143 3875 in
3168 3819 3386 3892 quibus
3407 3835 3607 3891 super-

1953 3911 2253 3968 venientes
2287 3911 2703 3983 reciperentur,
2737 3908 3014 3967 instituit.

2596 3998 2831 4055 CAPUT
2872 3999 2958 4054 IX.

2029 4090 2377 4161 Congrcgatis
2434 4089 2726 4161 discipulis
2780 4088 3038 4144 abbatem
3076 4089 3322 4159 pravfecit
3379 4087 3609 4144 Lcubal-

1954 4179 2107 4235 dum.
2140 4209 2208 4218 -—
2238 4182 2493 4233 Cerncns
2522 4175 2744 4232 interea
2799 4176 2887 4231 vir
2932 4175 3122 4231 fidelis
3153 4175 3383 4231 Domini
3407 4192 3609 4231 servus

1956 4266 2369 4339 hujuscemodi
2406 4265 2743 4322 solitudinis
2777 4268 3003 4337 partem
3035 4282 3152 4321 non
3184 4264 3493 4321 minimam
3515 4264 3612 4320 ad-

1954 4362 2163 4411 ventus
2195 4355 2286 4411 sui
2319 4355 2624 4410 occasione
2654 4353 2939 4426 paulatim
2991 4352 3305 4425 excultam,
3338 4370 3405 4409 ac
3452 4352 3613 4408 velut

1957 4443 2202 4499 novellis
2233 4442 2519 4498 olivarum
2537 4442 2944 4514 spiritualihus
2966 4441 3107 4497 ﬁliis
3140 4441 3197 4499 in
3231 4441 3478 4497 circuitu
3502 4457 3610 4497 suo

1954 4533 2244 4600 vestitam,
2278 4531 2478 4587 anima
2508 4533 2637 4601 ejus
2682 4547 2860 4602 super
2906 4531 3139 4586 Domini
3186 4530 3469 4587 salutaris
3517 4529 3611 4586 sui

1882 4643 1928 4708 Ι)
1961 4621 2269 4694 praesentia
2282 4619 2723 4676 delectationem
2738 4618 3105 4691 concipiebat
3117 4619 3434 4674 maximam
3446 4618 3612 4673 .Cum

1960 4727 2096 4768 vero
2125 4711 2348 4766 dudum
2383 4708 2614 4763 deserta
2640 4712 2699 4763 et
2727 4706 2958 4780 impexa
2987 4722 3218 4763 eremus
3247 4706 3425 4762 aleret
3453 4705 3613 4761 Chri-

1960 4800 2035 4856 sti
2067 4815 2354 4873 pauperes
2386 4795 2755 4869 singulorum
2787 4812 3074 4852 annorum
3116 4794 3517 4868 proventibus,
3539 4810 3615 4851 ne

1961 4891 2276 4946 deficerent
2306 4886 2366 4942 in
2396 4885 2489 4941 via
2518 4884 2713 4941 seaculi
2744 4884 2939 4953 istius,
2966 4884 3326 4955 etiamjuxta
3356 4883 3613 4939 litteram

1956 4976 2243 5050 compleri
2270 4975 2560 5048 gaudebat
2586 4974 2740 5046 quod
2766 4972 2903 5029 olim
2959 4972 3246 5046 propheta
3293 4972 3365 5028 de
3397 4973 3614 5029 veteris

1952 5066 2097 5139 legis
2130 5064 2426 5137 mysteriis
2454 5068 2512 5119 et
2540 5062 2671 5118 novi
2727 5061 2929 5135 populi
2988 5062 3300 5118 refectione
3343 5062 3618 5135 praedixe-

1954 5161 2070 5211 rat.
2104 5155 2346 5210 Deserta
2379 5153 2440 5208 in
2472 5153 2801 5208 ubertatem
2833 5169 3000 5208 versa
3029 5152 3263 5208 advenae
3285 5152 3614 5217 comedent,

1957 5245 2229 5315 frequens
2264 5257 2496 5314 quoque
2517 5240 2730 5313 vulgus
2759 5240 3022 5296 ﬁdelium
3053 5239 3260 5297 sedulo
3289 5240 3482 5296 virum
3513 5238 3616 5296 Dei

1957 5333 2313 5388 invisentum
2340 5345 2656 5385 numerosa
2672 5333 3078 5387 construxerat
3099 5329 3439 5387 habitacula
3464 5328 3619 5385 circa

2030 5474 2142 5546 (11)
2193 5472 2382 5546 Hujus
2433 5469 2643 5546 capitis
2690 5472 2930 5546 initium
2962 5472 3046 5529 ita
3073 5472 3215 5545 legit
3247 5472 3426 5546 codex
3466 5469 3614 5524 anti-

1961 5542 2158 5618 quior:
2195 5545 2366 5618 Quem.
2393 5542 2645 5618 videlicet
2701 5545 2880 5618 locum
2909 5542 3210 5618 parientibus
3257 5542 3496 5611 undique
3526 5556 3618 5618 sq—

1955 5611 2111 5691 ﬁtum
2163 5611 2422 5691 ﬂuviolus
2453 5614 2704 5691 ﬂuidam
2733 5616 2798 5671 ob
2832 5616 3077 5671 validum
3119 5630 3359 5679 cm'sum,
3406 5611 3616 5683 [tepido

1961 5687 2201 5757 nomine,
2228 5687 2581 5760 praterﬂuit.
