3958 6364
343 385 459 454 395

1078 390 1266 455 SIEC.
1309 389 1388 454 XI
1432 391 1658 456 AUCT.
1705 391 2018 456 INCERTI
2060 391 2249 455 ANNI
2293 394 2396 456 ET
2440 392 2739 459 SCRIPT.
2790 401 3012 456 ’AAEEII.

3625 390 3750 458 596

345 525 522 583 cellas
580 527 916 582 sanctorum
976 533 1212 599 propter
1265 527 1620 583 vicinitatem
1669 545 1870 584 eorum
1900 528 1988 584 vel
2016 528 2073 595 Α
2102 530 2373 602 praeconii
2402 531 2531 602 ejus
2557 531 3007 604 circumpositas
3025 535 3210 587 terras
3242 525 3631 599 transvolans,
3664 545 3753 586 re-

342 614 708 671 babilitatem
738 615 1018 671 locorum.
1053 616 1164 672 Sed
1196 615 1283 670 vir
1312 617 1410 670 Dei
1441 615 1718 687 quoniam
1742 618 1867 687 jam
1887 633 1988 688 gu-

343 707 529 761 starat
558 708 614 760 et
643 705 867 760 viderat
889 721 1122 760 suavem
1145 722 1273 760 esse
1303 705 1733 770 Dominum,nil
1755 705 1988 760 dulcius

344 792 616 862 habebat,
651 809 830 865 quam
876 809 1077 850 vacare
1109 799 1166 849 et
1221 794 1417 850 videre
1463 793 1832 850 ineﬂ‘abiliter
1862 811 1990 850 esse

345 881 517 939 Dei...
549 881 844 955 praecellit.
877 883 1222 938 Nostrorum
1255 884 1453 954 itaque
1501 888 1863 939 accrescente
1911 882 1990 938 ibi

350 987 595 1027 numero
628 971 894 1040 fratrum,
929 976 1168 1028 sanctus
1216 971 1336 1037 ille,
1367 976 1431 1026 ut
1460 989 1690 1044 semper
1737 973 1988 1028 circum-

351 1063 606 1132 spectas;
639 1065 837 1116 custos
869 1059 960 1116 sui
995 1065 1261 1117 metuens
1290 1065 1433 1127 erat,
1473 1079 1615 1117 cura
1662 1078 1859 1117 eorum
1892 1065 1993 1116 aut

352 1149 681 1221 frequentia
739 1148 1104 1206 saecularium
1136 1167 1171 1205 a
1200 1150 1411 1206 dilecta
1459 1150 1656 1222 quiete
1705 1167 1822 1206 suae
1854 1165 1990 1204 con-

350 1236 748 1309 templationis
782 1255 1015 1310 quoquo
1056 1239 1227 1294 modo
1257 1229 1468 1304 divelli,
1503 1242 1856 1311 quapropter
1885 1238 1992 1293 do-

354 1343 559 1382 mnum
591 1327 947 1384 Leubaldum
967 1327 1356 1382 venerabilem
1386 1328 1576 1382 virum
1596 1328 1865 1383 abbatem
1893 1329 1991 1383 de-

353 1415 623 1488 signavit,
657 1431 832 1487 quem
892 1416 1224 1471 divinarum
1265 1419 1321 1471 et
1369 1416 1762 1471 humanarum
1797 1433 1992 1472 rerum

352 1503 562 1561 notitia
589 1503 746 1560 haud
779 1521 957 1576 parva
991 1504 1302 1576 praeditum
1351 1503 1652 1571 intellexit,
1701 1515 1992 1576 quatenus

353 1593 628 1650 fratribus
659 1591 936 1665 pastorali
979 1591 1280 1665 vigilantia
1328 1598 1621 1664 praeesset,
1673 1595 1992 1649 adventan-

351 1683 499 1739 tium
539 1697 667 1738 sese
697 1680 944 1754 negotiis
1003 1681 1364 1754 impertiret;
1401 1682 1499 1754 qui
1549 1699 1842 1755 quamque
1901 1684 1994 1738 de-

349 1775 498 1841 vote,
531 1786 827 1843 quamque
859 1773 1092 1825 strenue
1124 1770 1180 1825 id
1213 1769 1385 1825 oliicii
1419 1770 1863 1834 administrarit.
1887 1788 1994 1826 au-

353 1861 593 1916 ctoritas
625 1859 1016 1931 promoventis
1049 1857 1301 1914 credulis
1342 1858 1637 1915 mentibus
1686 1860 1993 1925 satisfacit,

355 1947 636 2021 quoniam
667 1951 905 2003 sanctus
933 1948 1178 2004 antistes
1207 1947 1364 2003 hunc
1397 1964 1773 2020 nequaquam
1819 1953 1994 2004 tantae

355 2042 593 2094 catervae
616 2037 1036 2093 monachorum
1054 2041 1436 2109 promoveret,
1459 2037 1569 2092 nisi
1605 2054 1741 2110 prze,
1773 2037 1997 2092 caeteris

355 2127 429 2183 ad
459 2127 568 2184 hoc
596 2127 840 2200 dignum
866 2126 1212 2198 judicasset.

1007 2215 1238 2272 CAPUT
1276 2215 1336 2270 X.

424 2304 726 2379 Spinulum
750 2308 1016 2362 Joannem
1070 2305 1453 2373 et'Benignum
1507 2305 1652 2360 viros
1693 2306 1816 2376 pios
1853 2306 1996 2360 reci-

347 2398 525 2470 pit.—
547 2397 620 2452 At
646 2411 779 2451 vero
810 2411 943 2450 cum
973 2409 1174 2449 rumor
1203 2393 1451 2448 fratrum
1505 2393 1582 2447 ibi
1616 2398 1993 2461 accresceret,

353 2486 504 2542 inter
532 2484 789 2558 reliquos
819 2483 946 2538 vitae
967 2481 1216 2538 caelestis
1233 2486 1522 2537 amatores
1553 2485 1671 2537 tres
1691 2488 1993 2549 venerunt,

355 2592 604 2648 quorum
635 2570 1196 2647 primusSpinulus;
1224 2570 1434 2642 reliqui
1455 2587 1587 2625 vero
1618 2571 1718 2642 qui
1751 2588 1924 2626 carne
1942 2576 2000 2627 et

354 2664 566 2737 spiritu
598 2658 1224 2736 germanierant,prior
1235 2659 1512 2726 Joannes,
1534 2658 1679 2714 alter
1701 2659 1996 2732 Benignus

241 2741 244 2745 ’
353 2752 543 2810 vocati
573 2756 732 2821 sunt,
767 2749 887 2821 [qui
917 2765 986 2804 ex
1013 2746 1276 2802 coenobio
1306 2745 1629 2802 beatissimi
1670 2747 1993 2814 Maximini,

355 2842 512 2914 quod
537 2840 849 2914 pradictus
876 2841 1042 2893 Pater
1081 2835 1441 2902 fundaverat,
1495 2835 1799 2890 advenisse
1851 2835 1994 2891 refe-

352 2935 583 2999 runtur,
617 2930 1058 2997 statuerentque
1070 2939 1248 2997 penes
1263 2923 1450 2979 virum
1465 2923 1562 2979 Dei
1597 2925 1824 2996 degere,
1839 2927 1995 2996 quod

351 3021 480 3092 ejus
509 3015 943 3075 conversatione
973 3018 1031 3070 et
1061 3012 1343 3068 charitate
1369 3011 1619 3068 nimium
1647 3011 1997 3069 delectaren-

346 3113 463 3164 tur.
497 3107 718 3163 Horum
740 3121 874 3160 vero
898 3101 1183 3158 miracula
1210 3102 1267 3156 in
1287 3101 1780 3173 subsequentibus
1801 3102 1997 3158 multi-

352 3194 605 3268 plicibus
625 3193 894 3265 quaedam
920 3190 1384 3264 explanabimus,
1410 3194 1476 3246 ut
1506 3191 1708 3262 quanti
1742 3192 1859 3247 sint
1880 3209 1996 3247 me-

353 3279 451 3338 riti
481 3281 637 3352 apud
667 3280 852 3336 Deum
884 3280 986 3336 fiat
1016 3279 1146 3335 luce
1174 3279 1412 3349 clarius]
1443 3280 1626 3350 [nam]
1657 3296 1692 3334 a
1719 3279 1841 3335 viro
1892 3281 1994 3336 Dei

353 3369 604 3444 benigne
632 3368 910 3442 suscepti,
939 3372 1178 3442 paterne
1211 3367 1503 3438 instructi,
1537 3367 1766 3439 ipsique
1797 3368 2000 3424 devote

355 3459 862 3528 conversantes,ad
874 3458 1169 3514 viamvitae
1187 3456 1624 3523 anhelabant,et
1657 3473 1998 3529 quanquam

356 3547 622 3606 omnium
647 3548 928 3605 virtutum
987 3547 1235 3621 negotiis
1276 3563 1337 3602 se
1367 3545 1625 3601 vicissim
1674 3547 1998 3618 praecedere

355 3637 590 3710 vellent,
622 3637 954 3695 humilitate
985 3642 1181 3694 tamen
1216 3639 1274 3692 et
1306 3635 1640 3692 obedientia
1681 3652 1742 3690 se
1773 3635 1996 3690 alteru-

351 3732 509 3785 trum
539 3728 767 3785 vincere
797 3727 1173 3784 festinabant.
1228 3724 1480 3780 Assidue
1510 3724 1568 3778 in
1615 3739 1712 3778 ore
1760 3722 1994 3779 illorum

347 3817 634 3888 Christus,
651 3816 876 3891 jugiter
903 3816 1031 3873 vitae
1052 3819 1278 3872 aeternae
1306 3813 1589 3886 praeconia
1620 3814 1992 3881 resonabant,

343 3911 525 3980 utque
541 3906 860 3963 monachos
873 3907 1056 3972 decet,
1082 3907 1256 3976 juxta
1271 3906 1626 3975 praeceptum
1659 3901 1847 3956 Patris
1871 3917 1995 3957 om-

335 3995 436 4053 nia
464 3994 812 4051 exercebant
831 3994 1079 4065 [absque
1097 3989 1608 4064 pusillanimitate,
1644 4006 1882 4045 rancore
1907 3990 1992 4046 vel

337 4081 755 4152 amaritudine,
787 4081 1039 4153 subjecti
1072 4081 1129 4136 in
1183 4080 1392 4135 timore
1425 4083 1480 4134 et
1526 4095 1724 4134 amore
1754 4078 1989 4149 Christi,

333 4171 580 4247 jejuniis
601 4175 659 4228 et
686 4169 902 4245 vigiliis
951 4172 1138 4226 semet
1187 4172 1575 4236 macerantes,
1627 4167 1992 4224 orationibus

344 4261 599 4329 contriti,
630 4259 1071 4332 humilitatique
1102 4258 1294 4314 cordis
1333 4257 1621 4313 indefesso
1682 4257 1988 4325 instantes,

347 4350 644 4409 malebant
660 4349 945 4422 quidquid
961 4364 1211 4420 usquam
1231 4351 1470 4418 putatur
1486 4345 1846 4402 intolerabile
1869 4364 1995 4418 per-

346 4440 496 4495 ferre
527 4455 706 4512 quam
739 4437 1033 4494 Christum
1067 4437 1125 4492 in
1159 4436 1352 4508 aliquo
1383 4435 1720 4508 offendere]
1754 4437 1821 4491 Et
1852 4454 1992 4509 quo-

345 4527 506 4586 niam
537 4527 757 4584 invidia
785 4526 1000 4585 diaboli
1033 4543 1190 4583 mors
1244 4525 1499 4582 introivit
1529 4526 1587 4580 in
1640 4526 1840 4581 orbem
1873 4531 1987 4582 ter-

346 4634 546 4675 rarum
579 4619 728 4693 (Sap.
759 4635 823 4688 ιι,
855 4619 966 4688 24),
1000 4617 1189 4674 sciens
1222 4616 1323 4672 Dei
1373 4614 1591 4671 athleta
1633 4614 1990 4687 Hildulphus
2023 4639 2072 4704 Β

345 4724 408 4765 se
436 4726 694 4782 suosque
752 4707 1101 4781 quandoque
1146 4707 1280 4762 Adae
1327 4705 1588 4762 debitum
1635 4705 1990 4770 reddituros,

345 4796 658 4870 sepultura:
687 4797 881 4853 locum
940 4813 1196 4870 quaerere
1230 4794 1562 4851 destinavit.
1596 4793 1704 4848 Sed
1759 4792 1900 4863 quia
1929 4796 1995 4846 ut

345 4885 406 4940 in
437 4885 800 4942 convallibus
832 4885 1004 4955 solet,
1035 4886 1188 4942 circa
1219 4882 1642 4940 monasterium
1704 4897 1991 4952 aquarum

345 4978 470 5030 erat
498 4974 881 5044 abundantia,
917 4975 1158 5030 minime
1187 4978 1390 5046 aptum
1435 4967 1762 5026 cocmeterio
1799 4967 1991 5024 locum

337 5061 625 5134 judicavit
648 5081 661 5131 ;
690 5064 759 5118 ad
781 5069 1044 5120 austrum
1073 5079 1208 5120 vero
1225 5061 1390 5118 collis
1411 5057 1764 5114 monasterio
1799 5057 1990 5112 immi-

346 5155 466 5218 net,
499 5168 675 5224 super
704 5169 873 5224 quem
898 5153 984 5208 vir
1013 5156 1254 5209 sanctus
1281 5147 1587 5205 ecclesiam
1621 5151 1990 5215 construens,

347 5255 417 5296 ex
449 5240 683 5296 nomine
713 5241 867 5299 beati
897 5240 1159 5314 Gregorii
1193 5256 1352 5311 papa:
1384 5235 1762 5304 consecravit,
1817 5241 1990 5307 atque

346 5329 568 5386 circum
599 5329 748 5386 hanc
779 5331 1177 5387 cmmeterium
1211 5325 1522 5382 benedixit.

612 5436 622 5442 '
984 5417 1216 5475 CAPUT
1258 5417 1356 5470 XI.

413 5509 489 5564 Ab
545 5509 752 5565 Erardo
805 5510 1046 5581 episcopo
1102 5508 1379 5562 visitatur.
1428 5535 1497 5544 ——
1542 5505 1719 5560 Fama
1765 5503 1989 5558 interea

437 5617 524 5683 l2)
558 5615 619 5671 In
651 5619 765 5670 vet.
799 5632 911 5670 ms.
945 5616 1233 5670 excitatus.

437 5618 524 5683 l2)
558 5618 619 5671 In
651 5619 765 5670 vet.
799 5632 911 5670 ms.
945 5618 1197 5670 excitata:

408 5618 520 5757 (13)
551 5687 614 5742 In
645 5691 756 5742 vet.
792 5702 905 5742 ms.
933 5703 1035 5758 per
1064 5687 1197 5742 dies.

2099 618 2372 676 motiores
2405 636 2638 692 quoque
2670 625 3070 692 penetraverat
3098 639 3111 688 ;
3146 636 3400 691 eumque
3431 634 3460 674 e
3502 619 3754 675 diversis

2099 707 2365 780 partibus
2397 710 2562 763 multi
2596 710 2666 764 ad
2716 710 2904 764 virum
2959 709 3056 764 Dei
3112 708 3395 775 venirent,
3441 707 3748 764 Erhardus

2094 795 2214 852 vita
2243 797 2416 852 etiam
2451 798 2884 866 sanctissimus,
2917 815 3090 854 carne
3137 797 3374 870 quidem
3426 797 3596 852 beato
3624 797 3754 852 Hil-

2099 885 2318 957 dulpho
2349 903 2686 958 germanus,
2721 889 2921 944 ordine
2951 904 3085 942 vero
3107 887 3486 958 coepiscopus
3511 887 3755 942 nomine

2099 975 2278 1046 hujus
2311 976 2550 1046 [ascitus
2582 977 2716 1049 (12)]
2752 976 3026 1032 accurrit.
3059 977 3167 1031 Diu
3200 975 3397 1048 itaque
3429 975 3752 1048 quaesitum

2100 1080 2231 1119 cum
2267 1064 2604 1134 invenisset,
2637 1066 2822 1122 labori
2851 1067 2980 1138 ejus
3024 1062 3462 1138 congratulans,
3513 1063 3750 1137 inquit:

2101 1154 2262 1222 Ecce,
2297 1153 2493 1222 frater,
2525 1155 2880 1211 desiderium
2905 1155 3096 1210 cordis
3118 1153 3203 1209 tui
3215 1153 3424 1209 tribuit
3443 1153 3551 1208 tibi
3569 1153 3751 1219 Deus,

2100 1246 2156 1296 et
2209 1241 2503 1298 voluntate
2561 1248 2661 1299 tua
2724 1262 2838 1299 non
2885 1247 2939 1300 te
2995 1243 3283 1298 fraudavit
3313 1243 3486 1311 (Psal.
3543 1260 3634 1310 xx,
3672 1242 3750 1313 3).

2101 1333 2282 1396 Quem
2315 1331 2466 1387 enim
2502 1331 2600 1388 diu
2635 1333 3166 1405 concupistiloeum
3191 1331 3754 1387 tuae'conversationi

2101 1419 2356 1476 habilem
2391 1422 2682 1478 invenisti.
2730 1424 2816 1478 Tu
2859 1439 2995 1493 ergo
3028 1425 3120 1477 sta
3163 1420 3407 1476 viriliter
3436 1419 3492 1475 in
3527 1421 3661 1487 fide,
3699 1423 3760 1475 et

2102 1508 2428 1563 confortare
2461 1508 2518 1562 in
2545 1508 2793 1564 Domino
2827 1510 2997 1580 (Psal.
3033 1525 3185 1576 xxvr,
3227 1510 3336 1579 14),
3371 1511 3429 1563 et
3460 1507 3517 1562 in
3551 1513 3760 1580 polen-

2101 1595 2181 1651 tia
2237 1597 2468 1652 virtutis
2525 1599 2651 1669 ejus
2707 1601 2927 1664 certus,
2984 1597 3137 1669 quod
3171 1597 3271 1668 qui
3303 1596 3768 1668 perseveraverit

2103 1701 2291 1757 usque
2323 1685 2383 1740 in
2417 1686 2593 1742 finem
2653 1686 2747 1740 hic
2807 1686 3005 1741 salvus
3053 1685 3164 1741 erit
3195 1685 3406 1757 (Matth.
3440 1702 3592 1751 xxxv,
3651 1686 3762 1754 l3).

2104 1773 2210 1828 Per
2243 1778 2464 1841 [annos]
2501 1774 2678 1847 igitur
2723 1773 2946 1846 aliquot
2997 1775 3351 1846 [continuos]
3403 1790 3604 1829 secum
3636 1791 3764 1829 ma-

2105 1866 2329 1929 nentes,
2364 1868 2587 1918 aaternae
2608 1864 2735 1919 vitae
2769 1863 3027 1920 vicissim
3047 1863 3400 1920 resonabant
3434 1862 3764 1930 [fratribus-

2105 1967 2218 2021 que
2247 1951 2356 2023 (13)
2379 1952 2746 2025 congregatis
2769 1951 3012 2025 utrique:
3033 1951 3161 2006 vitae
3184 1951 3516 2008 necessaria
3545 1951 3755 2023 praevi-

2105 2040 2340 2108 debant,
2373 2045 2432 2097 et
2460 2041 2840 2098 tabernacula
2865 2040 3216 2113 erigebant.]

2728 2157 2963 2213 CAPUT
3003 2161 3129 2211 XII.

2178 2264 2364 2320 milia»:
2418 2264 2656 2318 Eticonis
2710 2263 2864 2318 ducis
2915 2264 3054 2333 ﬁliae
3109 2265 3291 2318 visum
3341 2271 3393 2318 et
3427 2263 3764 2334 baptismum

2103 2351 2335 2424 confert.
2367 2383 2436 2392 —
2463 2353 2546 2407 Ad
2574 2369 2776 2408 eorum
2803 2352 3013 2408 merita
3040 2368 3174 2408 vero
3201 2352 3564 2408 ostendenda
3595 2369 3766 2408 reno-

2101 2445 2315 2496 vantur
2345 2458 2379 2496 a
2409 2445 2521 2496 Deo
2552 2440 2834 2496 miracula
2865 2441 3176 2514 stupenda.
3200 2440 3379 2512 [Viris
3411 2441 3627 2497 etenim
3649 2441 3756 2496 Dei

2104 2528 2184 2583 ibi
2216 2528 2406 2584 adhuc
2455 2529 2671 2601 pariter
2722 2530 3248 2599 conversantibus,]
3301 2529 3553 2585 Eticonis
3583 2530 3764 2586 ducis

2104 2617 2336 2673 Elisacii
2370 2617 2490 2673 filia
2519 2634 2666 2674 caeca
2697 2623 2834 2674 nata
2861 2619 2933 2674 ad
2952 2619 3105 2674 viros
3136 2618 3236 2673 Dei
3269 2618 3545 2686 defertur,
3570 2622 3765 2690 utque

2104 2708 2232 2778 ejus
2259 2706 2646 2761 misereantur
2667 2724 2701 2761 a
2729 2707 2954 2762 mcestis
2986 2706 3331 2779 parentibus
3347 2705 3557 2762 humili
3588 2723 3764 2778 prece

2105 2799 2443 2868 poscuntur.
2461 2796 2643 2860 Quam
2668 2795 3007 2851 cumadhuc
3035 2795 3310 2868 gentilem
3343 2795 3455 2866 (14)
3489 2811 3619 2851 esse
3632 2812 3758 2852 res-

2102 2883 2340 2952 cissent,
2374 2899 2533 2938 more
2578 2883 2971 2939 ecclesiastico
3020 2883 3521 2939 catechizaverunt
3576 2887 3760 2955 atque

2105 2973 2175 3027 ad
2208 2972 2528 3028 orationem
2545 2972 2818 3044 prostrati
2837 2989 2940 3044 pro
2955 2972 3144 3028 salute
3157 2972 3363 3044 puella:
3379 2971 3755 3028 clementiam

2103 3061 2332 3117 Domini
2365 3061 2770 3133 precabantur.
2804 3061 3041 3117 Monitis
3072 3061 3268 3134 itaque
3295 3060 3592 3117 catholica;
3617 3061 3752 3117 fidei

2103 3150 2391 3218 edoctam,
2423 3153 2664 3206 sanctus
2680 3148 3037 3222 Hildulphus
3054 3149 3393 3222 baptizavit,
3413 3165 3659 3222 eamque
3680 3151 3754 3206 de

2026 3267 2068 3334 α
2107 3255 2270 3334 sacro
2301 3240 2456 3296 fonte
2483 3243 2676 3334 mente
2707 3241 2765 3334 et
2794 3255 2967 3334 carne
2995 3237 3389 3334 illuminatam
3419 3239 3624 3294 beatus
3655 3239 3758 3334 Dr-

2107 3327 2330 3383 hardus
2359 3327 2600 3399 excepit,
2633 3331 2690 3382 et
2721 3327 2855 3382 dato
2876 3353 2880 3358 -
2905 3327 3140 3382 nomine
3195 3325 3431 3382 Otiliam
3479 3327 3709 3383 vocavit
3738 3343 3751 3381 :

2107 3418 2257 3488 [quae
2290 3417 2348 3471 in
2381 3415 2780 3472 sanctimoniae
2829 3415 3135 3471 sanctitate
3187 3431 3560 3487 permanens,
3611 3415 3756 3470 boni

2108 3505 2365 3576 rectique
2393 3503 2676 3559 imitatrix
2706 3520 2821 3560 non
2873 3503 3242 3560 mediocriter
3288 3504 3562 3573 existens,
3597 3521 3758 3560 nunc

2100 3595 2223 3665 jam
2243 3611 2374 3649 eum
2395 3593 2624 3650 Christo
2650 3609 2901 3666 regnans
2915 3591 3082 3648 datin
3098 3592 3270 3648 terris
3301 3593 3752 3649 innumerorum

2105 3684 2409 3756 signorum
2441 3681 2725 3737 miracula
2752 3681 3002 3755 dietim.]
3036 3683 3171 3746 Quae
3203 3699 3296 3737 res
3337 3683 3629 3737 intantum
3656 3698 3753 3737 va-

2103 3771 2213 3826 luit
2239 3777 2302 3826 ut
2332 3789 2445 3827 non
2480 3771 3036 3838 mediocres,verum
3053 3771 3230 3826 etiam
3261 3775 3754 3843 personaapoten-

2104 3865 2190 3916 tes
2220 3861 2408 3914 virum
2445 3861 2538 3914 Dei
2572 3858 2952 3931 Hildulphum
3003 3863 3418 3914 venerarentur
3446 3875 3513 3913 ac
3542 3859 3752 3932 dilige-

2105 3957 2252 4012 rent,
2277 3949 2447 4022 eique
2475 3949 2544 4003 ad
2575 3951 2959 4020 augmentum
2993 3945 3101 4003 loci
3137 3946 3354 4002 auxilia
3401 3947 3751 4019 praeberent.

2103 4039 2259 4110 [Erat
2289 4039 2444 4093 enim
2476 4037 2658 4092 totius
2715 4037 3043 4091 honestatis
3100 4037 3306 4091 decore
3362 4035 3750 4108 compositus,

2101 4128 2402 4200 aequaliter
2431 4145 2492 4183 se
2523 4125 2814 4182 affabilem
2847 4124 3128 4180 exhibens
3159 4124 3481 4192 omnibus.|

2713 4240 2946 4296 CAPUT
2987 4239 3129 4296 XIII.

2169 4354 2243 4408 De
2273 4352 2505 4420 Begom's
2534 4350 2688 4406 donis
2745 4351 2794 4405 et
2820 4349 2912 4420 pio
2943 4347 3092 4402 obitu
3131 4348 3183 4402 S.
3240 4347 3479 4418 Spinuli.
3514 4378 3580 4386 -
3609 4347 3751 4413 Qui-

2099 4443 2235 4497 dam
2267 4439 2461 4508 [enim]
2522 4437 2612 4491 vir
2644 4438 2818 4509 Bego,
2877 4435 3068 4491 dictus
3115 4435 3368 4504 nomine,
3423 4433 3608 4490 sancti
3642 4434 3753 4490 viri

2101 4527 2435 4586 necessitati
2481 4525 2947 4591 communicans,
2999 4541 3194 4581 rerum
3240 4541 3481 4580 suarum
3522 4523 3753 4597 aliquid

2104 4619 2310 4674 usibus
2341 4616 2586 4671 fratrum
2620 4615 2731 4670 sub
2763 4615 2927 4669 beato
2957 4612 3077 4668 viro
3095 4613 3208 4669 Deo
3241 4611 3624 4668 militantium
3647 4613 3753 4668 de-

2104 4706 2295 4780 legare
2308 4703 2534 4775 statuit,
2549 4707 2724 4775 atque
2741 4702 2933 4759 locum
2953 4702 3054 4774 qui
3084 4718 3270 4774 usque
3282 4701 3454 4758 hodie
3467 4700 3752 4774 Begonis-

2103 4795 2260 4852 Cella
2315 4793 2547 4861 dicitur,
2611 4797 2668 4848 et
2724 4797 2951 4864 partem
3009 4791 3223 4865 Vosagi
3273 4807 3398 4863 qua:
3450 4789 3754 4846 Folchoéi-

2103 4884 2297 4958 Rupes
2325 4881 2670 4956 appellatur,
2705 4881 3037 4938 destinavit.
3071 4880 3330 4952 Denique
3382 4879 3470 4934 vir
3497 4878 3596 4935 Dei
3629 4877 3750 4934 Hil-

2103 4973 2362 5047 dulphus
2394 4973 2450 5027 in
2483 4971 2627 5028 cella
2649 4973 2774 5043 jam
2797 4969 2952 5025 dicta
2981 4974 3194 5026 sanctae
3215 4967 3437 5025 scilicet
3467 4967 3625 5024 cruci
3657 4967 3752 5023 di-

2102 5069 2230 5119 cata
2259 5063 2446 5118 virum
2463 5077 2706 5116 summa:
2727 5058 3076 5114 humilitatis
3094 5062 3151 5114 et
3165 5057 3506 5114 obedientia:
3529 5055 3748 5129 Spinu-

2099 5151 2243 5220 lum,
2277 5150 2512 5207 nomine
2534 5146 2856 5213 constituit,
2877 5146 2936 5201 in
2969 5163 3084 5217 qua
3106 5145 3260 5200 idem
3293 5145 3467 5200 homo
3500 5143 3751 5201 ﬁdeliter

2099 5243 2214 5297 Deo
2245 5241 2498 5297 serviens
2531 5241 2661 5310 post
2675 5235 3028 5308 multiplices
3053 5235 3108 5290 in
3132 5234 3346 5290 Christi
3379 5232 3746 5306 agonelabo-

2098 5349 2190 5388 res
2223 5349 2289 5386 ac
2312 5343 2623 5384 numerosa
2640 5324 3054 5381 miraculorum
3083 5323 3339 5396 insignia
3367 5323 3499 5378 vita:
3519 5326 3747 5378 aeterne

2097 5422 2445 5474 consecutus
2477 5418 2566 5470 est
2589 5412 2846 5485 praemia.
2881 5414 3063 5478 Quem
3090 5411 3463 5484 omnipotens
3485 5409 3748 5466 Trinitas

2097 5508 2251 5580 apud
2281 5523 2342 5562 se
2363 5503 2752 5578 gloriﬁcatum
2773 5500 2832 5556 in
2865 5500 3054 5572 terris,
3087 5499 3408 5572 gloriosum
3441 5498 3751 5555 ostendere

2163 5609 2594 5688 (14)_G_ientilem
2618 5607 2712 5688 hic
2743 5607 3060 5688 imprOprie
3092 5605 3345 5688 appellat
3379 5608 3600 5688 auctor,
3629 5621 3744 5688 non

2093 5678 2263 5756 quasi
2292 5681 2448 5738 idola
2469 5680 2699 5746 coleret,
2717 5678 3264 5750 sed’quianondum
3280 5681 3407 5734 erat
3433 5678 3742 5750 baptizata.
