3958 6354
94 463 216 528 597

1201 463 1596 532 VALCANDI
1640 432 1827 528 vrrA
1869 463 1936 529 s.
1981 464 2430 534 HILDULPHI.

3393 463 3512 535 598

92 597 302 656 volens
324 596 386 656 in
420 596 597 665 caelis,
631 614 736 674 per
793 596 1187 659 ministerium
1220 600 1548 676 angelicum
1579 602 1749 658 beato
1777 598 1833 666 Α
1862 603 1978 672 nec
2009 602 2255 678 propitio
2279 603 2596 676 stabilitus,
2624 565 3104 677 pessumdabitur
3120 601 3403 661 funditus.

97 687 425 762 Hildulpbo
450 689 728 760 notiﬁcat,
760 694 827 745 ut
880 691 1112 764 glebam
1143 692 1327 748 sancti
1357 693 1428 748 ad
1463 697 1756 748 monaste-

1868 697 1957 750 cet
1985 693 2286 763 enim,Deo
2304 699 2670 768 cooperante,
2696 695 2958 751 subsidia
2983 712 3291 768 corporum
3315 699 3514 751 nostro

95 777 689 835 riumtumulandum
722 780 973 848 revehat,
991 781 1166 852 [sicut
1194 783 1319 854 ipse
1348 782 1758 838 beatusadhuc
1867 785 2239 840 conferantur
2262 783 2407 854 loco,
2441 788 2636 840 tamen
2685 784 3015 842 animarum
3057 786 3334 841 timemus
3365 784 3514 857 peri-
3567 811 3569 813 ί

95 869 300 923 vivens
353 867 634 948 fratribus
690 885 825 924 cum
884 868 1071 925 multa
1127 888 1294 942 prece
1333 871 1755 945 mandaverat.]

97 957 211 1014 Nec
245 973 414 1013 mora
444 973 617 1013 senex
647 957 958 1030 imperanti
1014 960 1293 1015 obediens
1339 960 1595 1016 cinerem
1637 977 1752 1032 quo

99 1045 376 1118 fatigatos
407 1050 569 1102 artus
616 1045 993 1104 collocaverat
1031 1049 1266 1118 excutit,
1309 1049 1752 1121 convocatisque

100 1135 384 1192 fratribus
443 1135 704 1191 hominis
761 1136 862 1193 Dei
919 1137 1153 1193 nuntiat
1209 1138 1454 1199 obitum.
1489 1137 1588 1210 qui
1620 1138 1752 1194 licet

96 1227 258 1280 tanto
317 1223 514 1280 fratris
567 1223 779 1280 auxilio
839 1227 1101 1282 destituti
1165 1231 1502 1295 mcererent,
1552 1231 1746 1282 tamen

99 1311 294 1385 gloriae
323 1314 453 1385 ejus
509 1314 973 1386 congaudebant,
1031 1316 1406 1389 accensisque
1445 1315 1625 1372 cereis
1672 1317 1744 1372 ad

99 1401 251 1458 beati
284 1401 412 1473 [viri
445 1401 699 1475 glebam]
730 1405 1038 1476 exsequias
1072 1406 1480 1477 properabant.

717 1545 946 1601 CAPUT
977 1546 1117 1602 XIV.

166 1651 246 1707 Ad
275 1653 432 1722 cujus
461 1653 736 1708 tumulum
779 1654 918 1724 ﬁunt
967 1655 1254 1710 miracula.
1294 1686 1360 1696 —
1405 1654 1507 1710 Vis
1546 1656 1743 1727 itaque

93 1745 400 1797 ventorum
423 1740 556 1814 plus
576 1741 744 1798 solito
767 1741 1308 1811 inborruerat,adeo
1329 1748 1394 1800 ut
1422 1761 1536 1800 non
1570 1746 1741 1801 modo

96 1830 354 1896 frutices,
384 1846 586 1886 verum
619 1831 790 1886 etiam
819 1849 1072 1888 annosas
1093 1849 1344 1906 quercus
1367 1832 1740 1905 excelsasque

1864 873 2027 941 cula;
2062 875 2218 929 unde
2274 873 2751 930 concurrentium
2804 875 3126 947 comprime
3180 875 3404 941 turbas,
3459 878 3514 930 et

1863 961 2108 1018 hilarem
2144 963 2597 1035 affluentemque
2629 964 2889 1020 datorem
2929 965 3112 1019 Deum
3145 963 3412 1037 implora,
3447 968 3513 1019 ut

1860 1050 2282 1107 benedictionis
2313 1053 2440 1109 eius
2472 1053 2795 1108 sentiamus
2827 1053 3513 1126 gratiam,quatenuspe-

1859 1141 2030 1196 nuria
2061 1142 2372 1197 necessarii
2402 1143 2591 1198 victus
2622 1159 2688 1198 ac
2710 1143 2956 1199 vestitus
2985 1141 3507 1214 expulsa,occasio-

1857 1245 2047 1301 neque
2066 1229 2306 1301 laqueos
2335 1231 2692 1302 deceptionis
2723 1231 3345 1303 optandiinvidissimo
3377 1231 3501 1285 dia-

1856 1316 1986 1372 bolo
2017 1318 2269 1384 sublata,
2301 1317 2656 1390 impleamus
2686 1325 2896 1376 nostras
2929 1320 3308 1391 professionis
3340 1325 3495 1375 vota.

1853 1407 2015 1462 Tunc
2039 1423 2171 1462 vero
2197 1407 2423 1462 videres
2462 1407 2734 1478 spiritum
2784 1425 2957 1464 carne
2984 1408 3263 1473 solutum,
3299 1413 3355 1463 et
3383 1408 3502 1462 vita

1854 1496 2102 1568 potitum
2133 1497 2366 1552 obedire
2397 1496 2652 1563 mortali,
2685 1513 2749 1552 ac
2780 1497 2827 1552 si
2862 1497 3016 1552 idem
3049 1501 3344 1552 teneretur
3372 1497 3500 1550 vin—

1852 1585 1983 1640 culo
2010 1585 2236 1640 mortis.
2270 1585 2414 1649 Nam
2459 1583 2643 1656 signis
2674 1585 3061 1652 cessantibus,
3095 1585 3373 1656 venisque
3404 1601 3498 1639 co-
3565 1603 3571 1608 ”

1851 1672 2054 1729 bibitis
2072 1673 2416 1740 salinarum,
2453 1673 2779 1746 frequentia
2809 1691 3042 1746 quoque
3071 1673 3285 1730 desinit
3315 1691 3500 1746 popu-

1851 1760 2153 1817 lorum.Ad
2185 1761 2608 1818 confutandum
2641 1766 2837 1819 tamen
2870 1763 3270 1834 impudentem
3302 1778 3501 1834 garru-

1849 1849 2072 1905 litatem
2103 1850 2432 1906 invidorum
2467 1855 2523 1905 et
2568 1851 3031 1919 incredulorum,
3066 1852 3242 1906 datur
3281 1850 3498 1905 ibidem

94 1919 313 1976 abietes
346 1919 684 1976 eradicaret.
721 1921 782 1975 In
829 1920 930 1976 tali
964 1937 1100 1994 ergo
1131 1922 1363 1977 turbine
1386 1926 1521 1977 ante
1551 1921 1735 1977 sancti

94 2007 193 2034 ..ξ-ζ
222 2008 449 2034 ...ιι-1,....ιι
481 2008 748 2034 η-,Ιμηιηρ
773 2010 915 2034 Α-..Αέ
941 2026 1125 2034 --..,..--
1172 2010 1238 2034 -.1
1269 2009 1458 2034 1--.-...
1492 2009 1738 2034 Δ.....1...ε

1855 1955 2037 2010 usque
2067 1939 2238 1995 hodie
2271 1939 2522 2011 prospici
2578 1939 3018 1996 evidentissima
3067 1940 3288 1995 indicia
3317 1940 3498 1994 trium

92 2007 195 2063 viri
219 2008 453 2080 glebam
480 2008 750 2064 ardentes
771 2010 916 2065 cerei
941 2026 1129 2081 usque
1171 2010 1241 2065 ad
1269 2009 1463 2066 locum
1491 2009 1740 2082 sepulcri

92 2097 444 2153 delatisunt.
480 2096 786 2168 Sepultum
805 2098 984 2171 igitur
1009 2097 1274 2163 terris,ut
1288 2099 1443 2170 apud
1468 2114 1529 2154 se
1553 2098 1743 2154 vivere

93 2186 245 2242 Deus
266 2187 693 2243 demonstraret
713 2186 770 2241 in
797 2186 977 2256 ccelis,
999 2187 1274 2244 omnibus
1306 2187 1741 2242 infirmantibus

92 2275 164 2330 ad
193 2275 385 2332 sancti
415 2275 523 2330 viri
554 2274 850 2331 tumulum
880 2276 1248 2332 venientibus
1277 2276 1458 2332 voluit
1478 2275 1743 2332 subveni-

92 2380 170 2420 re.
203 2364 416 2428 Quanti
439 2364 520 2419 ibi
555 2363 855 2437 paralytici
875 2364 1039 2422 venis
1060 2365 1470 2437 redintegratis
1506 2365 1738 2421 solidati

92 2458 250 2518 sunt,
279 2453 456 2509 verbo
479 2457 580 2508 aut
601 2452 818 2526 scripto
839 2471 955 2510 non
987 2453 1153 2510 facile
1184 2453 1586 2526 explicabitur,
1620 2470 1740 2509 om-

93 2543 183 2598 nis
203 2541 432 2597 caecitas
451 2540 768 2597 clarificata
789 2542 921 2614 [est,
946 2548 1097 2609 cum]
1119 2542 1341 2598 lumine
1355 2542 1509 2598 diem
1530 2543 1741 2600 mirata

91 2629 415 2702 obstupuit,
449 2628 754 2686 universas
771 2629 1042 2686 debilitas
1060 2631 1140 2686 ibi
1164 2631 1519 2703 recuperatis
1532 2631 1738 2687 usibus

89 2719 270 2775 robur
285 2717 574 2774 amissum
607 2719 938 2790 persensit;
973 2721 1126 2776 unde
1159 2719 1347 2776 turbis
1378 2720 1739 2776 irruentibus

89 2811 317 2881 reperta
347 2811 440 2863 est
461 2823 614 2878 aqua
642 2807 990 2864 salsissime.

725 2950 956 3007 CAPUT
979 2951 1094 3008 XV.

161 3067 519 3136 Quaecessare
543 3067 777 3139 imperat
827 3068 883 3123 S.
916 3067 1200 3140 Hildulfus
1228 3085 1298 3123 ne
1315 3069 1554 3140 fratrum
1584 3073 1741 3125 tran-

82 3155 332 3227 quillitas
353 3155 625 3211 turbetur.
657 3186 725 3196 —
745 3157 1072 3228 Cupiditate
1104 3157 1283 3229 igitur
1313 3157 1544 3226 salutis,
1577 3157 1743 3215 habi-

83 3243 358 3316 litateque
380 3243 808 3317 loci-,aquarum
832 3245 1199 3302 abundantia
1220 3246 1418 3318 populi
1451 3247 1741 3305 confluen.

1851 2029 2148 2100 quondam
2182 2032 2512 2101 puteorum.
2547 2031 2807 2101 Denique
2833 2034 3075 2085 sanctus
3106 2029 3272 2084 ﬁnita
3325 2044 3495 2100 prece

1850 2134 1917 2173 ac
1945 2118 2333 2190 querimonia,
2358 2117 2550 2173 alacer
2572 2135 2636 2174 ac
2655 2119 2842 2176 ﬁdens
2874 2136 2936 2175 se
2957 2119 3084 2190 jam
3117 2121 3497 2173 consecutum

1849 2210 2065 2277 optata,
2101 2207 2172 2261 ad
2221 2207 2426 2262 fratres
2482 2223 2784 2279 regressus
2843 2207 3122 2263 sollicitos
3177 2205 3500 2278 vigilesque

1849 2295 2095 2350 orationi
2127 2295 2397 2351 insistere
2428 2295 2716 2362 hortatur,
2775 2313 2890 2369 quo
2948 2313 3218 2368 repressa
3254 2312 3498 2350 concur-

1849 2387 2015 2439 sante
2034 2383 2209 2439 turba
2256 2383 2330 2438 ab
2356 2383 2764 2455 Omnipotente
2813 2384 3131 2440 consolatio
3163 2383 3496 2440 voluntariae

1847 2471 2209 2545 paupertatis
2243 2471 2477 2528 aliunde
2507 2489 2710 2527 eorum
2731 2473 3100 2546 dirigeretur.

2471 2605 2702 2661 CAPUT
2729 2606 2872 2661 XVI.

1921 2713 2245 2768 Donationes
2273 2714 2432 2784 facta:
2474 2713 2828 2780 monasterio,
2862 2712 2916 2767 S.
2968 2711 3258 2784 Hildulphi
3303 2712 3494 2766 morti-

1847 2802 2048 2872 ﬁcatio,
2079 2801 2190 2856 sibi
2215 2805 2349 2872 [uga
2385 2801 2638 2856 consulit.
2666 2832 2732 2840 ——
2756 2800 3032 2857 Precibus
3053 2817 3309 2872 namque
3339 2798 3496 2856 beati

1846 2890 2073 2963 Spinuli
2099 2889 2442 2962 meritisque
2471 2891 2622 2946 beati
2644 2890 2751 2946 viri
2773 2907 2907 2946 mox
2929 2891 3243 2945 subsecuta
3277 2892 3366 2944 est
3395 2889 3495 2944 be-

1848 2979 2100 3036 nedictio
2131 2979 2382 3036 Domini.
2417 2981 2562 3035 Nam
2590 2980 2852 3035 nondum
2890 2984 3114 3051 septem
3147 2979 3354 3035 diebus
3393 2977 3495 3032 de-
3531 3037 3535 3040 _

1848 3069 2060 3135 cursis,
2093 3069 2274 3142 Hegio
2319 3069 2404 3124 vir
2461 3068 2728 3136 illustris,
2763 3069 2860 3140 qui
2895 3072 2951 3124 et
2977 3067 3351 3141 Flariulphus
3383 3065 3494 3138 (15)

1850 3157 2074 3214 solebat
2095 3158 2786 3230 cognominariadfuit,ac
2802 3157 3109 3229 cujusdam
3128 3156 3337 3213 nobilis
3356 3173 3498 3228 prae.-

1851 3247 1930 3302 dii
1955 3247 2231 3302 Berchem
2262 3247 2370 3319 (46)
2396 3246 2531 3302 dicti
2554 3247 2871 3302 maximam
2902 3250 3127 3318 partem
3155 3245 3403 3302 contulit
3418 3245 3496 3301 lo-
3529 3299 3532 3302 .

83 3333 389 3399 tes,forum
423 3332 502 3388 ibi
534 3335 790 3389 statuere
845 3338 1237 3402 tentaverunt,
1299 3352 1476 3407 quam
1509 3336 1739 3408 inquie-
1769 3341 1812 3406 ί]
1849 3353 1916 3392 co
1937 3337 1995 3392 S.
2031 3335 2218 3403 Petri;
2271 3336 2441 3406 cujus
2479 3335 2713 3391 traditio
2735 3333 3076 3392 solemniter
3096 3338 3242 3403 acta,
3276 3327 3496 3396 extem-

82 3422 350 3478 tudinem
381 3421 468 3478 vir
488 3422 589 3478 Dei
618 3421 972 3494 Hildulphus
1005 3423 1264 3480 sentiens
1309 3424 1581 3491 indoluit,
1615 3425 1738 3495 [ba-

84 3510 217 3568 culo
245 3513 415 3567 artus
461 3513 717 3583 regente]
762 3511 1068 3568 ecclesiam
1102 3513 1253 3568 beati
1286 3513 1567 3584 Gregorii,
1597 3517 1661 3568 ut
1690 3513 1743 3569 ei

92 3599 276 3656 moris
305 3603 430 3656 erat
457 3603 730 3656 oraturus
788 3601 1044 3669 intravit,
1105 3601 1314 3657 deinde
1358 3602 1615 3659 oratione
1647 3619 1741 3658 ex-

91 3689 250 3762 pleta
280 3689 552 3756 surrexit,
586 3693 645 3744 et
669 3689 741 3745 ad
767 3689 1062 3746 tumulum
1091 3691 1149 3746 S.
1184 3690 1411 3762 Spinuli
1441 3692 1619 3758 venit,
1653 3696 1744 3747 at-

93 3795 224 3850 que,
259 3781 322 3832 ut
349 3781 474 3834 erat
527 3778 632 3850 piae
694 3778 928 3847 mentis,
991 3796 1093 3835 ora
1124 3780 1396 3850 perfusus
1443 3780 1740 3852 lacrymis,

89 3865 321 3938 inquit:
355 3864 606 3933 Gratias,
641 3866 818 3923 frater
860 3867 1121 3939 Spinule,
1154 3867 1270 3923 Deo
1300 3868 1552 3939 agimus,
1586 3869 1742 3940 quod

89 3960 148 4011 te
178 3954 237 4010 in
270 3953 433 4026 pacis
489 3953 724 4026 regione
779 3955 1078 4027 quiescere
1135 3956 1452 4023 credimus,
1503 3962 1560 4014 et
1590 3957 1743 4029 apud

89 4043 550 4116 omnipotentem
596 4048 774 4099 Deum
807 4061 981 4117 posse
1007 4044 1330 4116 plurimum
1363 4045 1738 4112 conﬁdimus,

89 4148 265 4188 nosce
281 4136 340 4187 te
361 4131 535 4187 etiam
561 4132 803 4200 scimus,
838 4134 1131 4204 quomodo
1179 4138 1234 4189 et
1256 4151 1434 4206 quare
1468 4151 1573 4190 nos
1602 4135 1742 4204 [sci-

89 4220 224 4276 licet
253 4219 546 4276 desiderio
573 4219 816 4277 liberius
846 4222 1091 4278 vacandi
1151 4223 1516 4278 orationibus
1547 4239 1612 4279 ac
1645 4224 1742 4279 de-

91 4308 381 4364 serviendi
414 4307 553 4382 Deo]
612 4309 869 4364 tumultu
930 4310 1279 4382 populorum
1340 4311 1537 4366 relicto
1595 4311 1746 4367 banc

92 4397 475 4453 solitudinem
499 4396 951 4454 devenimus.Tu
985 4398 1164 4472 igitur
1190 4399 1613 4471 tranquillitate
1644 4418 1744 4472 po-

91 4486 254 4551 titus,
285 4485 475 4541 nostri
527 4486 625 4558 qui
662 4486 720 4541 in
750 4486 844 4542 via
866 4487 1073 4544 mortis
1098 4506 1328 4556 sumus,
1360 4493 1416 4545 et
1435 4488 1589 4544 inter
1618 4491 1745 4561 ejus

93 4574 355 4648 pericula
386 4575 761 4642 ﬂuctuamus,
795 4575 1072 4632 miserere
1102 4595 1362 4646 oramus,
1398 4578 1538 4650 quin
1570 4579 1744 4634 etiam

1854 3425 1947 3496 plo
1964 3429 2052 3480 est
2073 3423 2282 3480 litteris
2300 3423 2596 3487 innodata,
2632 3425 2985 3494 prafatoque
3007 3423 3326 3479 Leutbaldo
3356 3427 3496 3479 tunc

1852 3512 2133 3585 temporis
2162 3512 2356 3568 abbati
2379 3516 2468 3566 est
2488 3512 2951 3582 credita,quibus
2971 3511 3426 3579 convinceretur,
3448 3512 3497 3567 si

1853 3601 2050 3674 aliqua
2093 3601 2440 3672 quandoque
2467 3601 2603 3655 hinc
2638 3600 3071 3656 machinaretur
3112 3600 3497 3656 violentorum

1853 3689 2438 3747 controversia.Multi
2461 3689 2670 3745 deinde
2692 3687 2978 3745 nobilium
3003 3689 3158 3760 juris
3176 3688 3266 3744 sui
3286 3688 3500 3760 praedia

1855 3781 2090 3852 praefato
2120 3779 2244 3834 loco
2276 3779 2782 3844 contulerunt,nec
2804 3776 2992 3833 multo
3015 3780 3148 3848 post
3167 3775 3366 3848 aliqua
3377 3793 3504 3848 por-

1852 3869 1934 3924 tio
1956 3867 2101 3924 villae
2118 3867 2624 3939 Hundinis-Heym
2647 3869 2996 3939 nuncupatas
3019 3865 3206 3922 eidem
3229 3864 3352 3922 loco
3383 3881 3503 3921 ces-

1854 3958 1930 4013 sit
1952 3959 2086 4028 jure
2117 3956 2492 4029 possessoris.
2554 3956 2880 4028 Perpendat
2938 3955 3133 4028 digne,
3195 3954 3294 4027 qui
3328 3953 3498 4020 valet,

1855 4063 2032 4118 quam
2056 4046 2344 4118 profunda
2373 4044 2584 4100 viriste
2608 4043 3056 4101 mortificatione
3086 4043 3198 4111 sui,
3215 4043 3329 4099 Deo
3351 4043 3505 4110 vitae-

1854 4151 1968 4206 que
1988 4151 2106 4189 sua:
2129 4132 2761 4205 inhaesissetApostolo
2784 4134 3076 4205 equidem,
3110 4133 3383 4204 quodqne
3415 4136 3504 4190 est

1854 4221 2251 4288 excellentius,
2286 4223 2395 4294 ipsi
2416 4221 2641 4278 Christo
2662 4222 2892 4277 videtur
2930 4221 3262 4286 crucifixus,
3297 4225 3501 4292 potens

1854 4310 2046 4364 dicere
2071 4308 2221 4364 veris
2251 4308 2431 4364 animi
2459 4309 2696 4364 vocibus
2721 4326 2732 4364 :
2786 4309 2922 4365 Mihi
2946 4310 3182 4365 mundus
3206 4310 3502 4380 cruciﬁxus

1853 4407 1950 4463 est,
1985 4407 2036 4453 et
2083 4415 2178 4467 ego
2230 4399 2433 4453 mundo
2481 4398 2622 4468 (Gal.
2655 4412 2734 4464 v1,
2764 4398 2872 4470 M).
2908 4399 2978 4454 Et
3011 4415 3022 4454 :
3063 4400 3206 4465 Vivo,
3245 4399 3368 4469 jam
3397 4414 3506 4452 non

1854 4488 2112 4556 cgo,vivit
2138 4503 2262 4541 vero
2292 4489 2350 4541 in
2373 4503 2457 4541 mc
2489 4487 2733 4541 Christus
2760 4487 2897 4557 (Gal.
2932 4501 2993 4552 ιι,
3025 4488 3140 4556 20).
3184 4487 3508 4542 Cruciﬁxus

1856 4576 2072 4648 quippe
2112 4575 2225 4648 ipsi
2287 4575 2477 4630 fuerat
2537 4575 2796 4631 mundus
2846 4575 2905 4628 in
2964 4575 3222 4648 maligno
3280 4577 3508 4647 positus

94 4663 144 4719 si
167 4663 252 4719 fas
269 4667 361 4719 est
382 4663 671 4736 exigimus
703 4661 953 4736 illaipsa
983 4665 1198 4721 virtute
1243 4666 1526 4738 praeclarae
1559 4667 1746 4722 maxi-
1782 4699 1828 4764 Β
1862 4667 1910 4736 (I
1925 4670 2086 4722 Joan.
2122 4682 2178 4730 v,
2223 4665 2330 4736 19),
2366 4663 2464 4735 qui
2508 4680 2610 4718 nec
2633 4663 2875 4719 adversa
2899 4664 3367 4734 pertimescebat,
3405 4680 3507 4719 nec

97 4769 320 4825 mmque
369 4752 732 4820 obedientiae,
768 4770 893 4825 quae
930 4754 989 4808 in
1013 4757 1068 4810 te
1099 4753 1330 4810 refulsit
1360 4756 1501 4811 dum
1529 4759 1746 4827 tempo-

94 4841 293 4897 raliter
320 4839 564 4907 viveres,
625 4843 794 4913 cujus
828 4859 1061 4915 quoque
1119 4843 1328 4898 merito
1378 4844 1747 4912 eaternaliter,

95 4934 158 4984 ut
178 4928 551 4986 evidentibus
599 4933 654 4984 et
676 4930 1035 5002 quotidianis
1064 4930 1249 5003 signis
1280 4931 1482 5004 liquet,
1505 4934 1748 5006 gaudes,

95 5035 166 5073 ne
195 5017 583 5091 popularibus
619 5019 866 5092 negotiis
885 5020 1150 5093 religioni
1174 5021 1512 5076 monasticae
1546 5022 1752 5077 indici-

95 5107 230 5162 bilis
263 5105 710 5180 periclitationis
731 5108 1042 5180 procellam
1068 5109 1334 5165 suscites.
1366 5109 1424 5165 Si
1456 5109 1611 5166 enim
1645 5111 1753 5166 bac

99 5195 450 5269 populorum
483 5197 839 5254 confluentia
870 5199 1054 5271 pressi
1091 5199 1396 5264 fuerimus,
1417 5216 1529 5254 non
1545 5216 1752 5270 parum

97 5302 129 5340 a
155 5284 457 5356 proposito
473 5283 1065 5358 declinabimus,quin
1087 5285 1370 5359 paulatim
1386 5286 1753 5342 szscularium

90 5373 308 5445 jurgiis
341 5377 396 5427 et
428 5373 624 5449 causis
653 5391 718 5430 ac
772 5375 819 5430 si
879 5375 1059 5430 nimio
1093 5373 1324 5447 pulvere
1358 5375 1551 5431 infecti
1580 5380 1755 5448 atque

99 5461 319 5527 fcedati,
341 5462 608 5518 omnium
640 5463 1034 5519 mundissimo
1066 5463 1308 5520 minime
1341 5463 1755 5520 inhaerebimus

93 5549 372 5616 Creatori,
403 5550 678 5623 quodque
709 5551 900 5608 absitl
940 5551 1080 5607 ordo
1121 5551 1480 5608 monasticus
1513 5551 1607 5607 hic
1627 5551 1753 5622 jam

190 5682 262 5736 15
315 5681 377 5736 In
409 5683 715 5740 recentiori
741 5701 853 5739 ms.
905 5683 958 5739 le
1003 5684 1117 5740 'tur
1145 5686 1503 5757 Hariulphus.

163 5681 281 5824 $16;
316 5752 402 5809 Ita
436 5752 494 5809 in
523 5770 633 5812 ms.
654 5700 1376 5824 Mediani-ltfonasteriiﬁta
1397 5758 1503 5816 etia

194 5752 281 5823 16)
316 5752 402 5809 Ita
436 5752 494 5809 in
523 5770 633 5812 ms.
654 5752 1376 5824 Mediani-M'onasteriiﬁta
1397 5758 1574 5816 etiam
1606 5757 1758 5813 infra

1862 4771 2140 4826 prospera
2163 4753 2488 4825 appetebat.
2516 4753 2642 4823 Ipse
2673 4751 2882 4807 deinde
2915 4753 3132 4807 mundo
3165 4768 3338 4823 quem
3371 4753 3507 4807 abo-
3539 4813 3543 4818 ,

1863 4843 2199 4898 minabatur
2245 4845 2533 4906 mortuus,
2567 4858 2634 4896 ex
2686 4844 2848 4912 parte
2880 4839 3114 4908 diaboli,
3145 4841 3314 4911 cujus
3345 4839 3509 4895 blan-

1862 4932 2078 4987 dientis
2100 4931 2322 4987 viscum
2357 4929 2574 4997 vitavit,
2611 4929 3201 5003 saevientisimpetum
3234 4947 3349 4986 non
3380 4930 3514 4996 hor-_

1863 5021 1999 5087 ruit,
2032 5020 2304 5076 honorari
2335 5036 2539 5075 verens
2568 5019 2624 5074 in
2657 5017 2928 5091 propriis,
2963 5019 3256 5074 commisit
3301 5036 3362 5075 se
3415 5037 3512 5092 pc-

1865 5107 2134 5180 regrinis,
2170 5109 2228 5162 in
2263 5108 2476 5180 quibus
2508 5125 2570 5163 se
2625 5107 2939 5179 glorificari
2992 5113 3304 5180 postquam
3340 5109 3513 5165 intel-

1865 5197 2177 5269 lexit,fugae
2201 5197 2528 5264 consuluit;
2564 5197 2664 5253 sed
2696 5185 3276 5253 tandeminsecutum
3307 5198 3511 5270 gloria,

1865 5286 2099 5341 flentem
2119 5291 2174 5341 et
2205 5285 2584 5342 reluctantem
2607 5285 2886 5342 violenter
2907 5285 3292 5359 retinuit,qua
3322 5293 3516 5344 tamen

1864 5391 1929 5429 se
1964 5391 2076 5428 non
2111 5373 2294 5427 multo
2326 5376 2458 5443 post
2489 5373 2808 5441 excutiens,
2837 5373 2987 5429 hanc
3017 5374 3194 5429 eremi
3216 5373 3518 5430 habitatri-

1867 5479 1990 5517 cem
2024 5463 2142 5517 fore
2173 5461 2467 5527 diffidens,
2512 5461 2702 5518 invias
2745 5461 3064 5535 exploravit
3123 5463 3312 5518 sodes.
3378 5462 3520 5518 Illuc

1867 5550 2044 5605 etiam
2078 5566 2182 5605 nec
2233 5554 2371 5604 tunc
2402 5550 2639 5622 quidem
2683 5551 2868 5623 gloria
2897 5552 2970 5607 ab
3002 5553 3366 5608 insecutione
3399 5556 3520 5606 tam

1868 5683 2085 5826 gagiturri-
2112 5683 2172 5767 in
2193 5699 2320 5755 cap.
2352 5684 2418 5738 19
2439 5701 2452 5751 ;
2476 5684 2654 5739 codex
2675 5687 2871 5739 tamen
2897 5685 3356 5740 Paderbonensis
3387 5683 3525 5755 legit

1911 5771 2039 5812 eren
2086 5772 2166 5810 m.

1911 5771 2166 5812 erennm.
