3958 6372
404 423 523 489 899
1139 426 1329 491 SEC.
1375 426 1458 490 XI
1501 425 1730 491 AUCT.
1775 422 2090 489 INCERTI
2131 422 2324 488 ANNI
2368 426 2469 490 ET
2513 428 2813 493 SCRIPT.
2856 439 3084 490 ’AAEEII.
3698 424 3823 489 600

402 556 723 616 laudabilis
750 558 978 633 fugitivi
999 560 1432 635 fatigata,quasi
1448 561 1655 618 saltem
1677 560 2059 634 egentissimo
2086 558 2143 627 Α
2172 559 2292 617 tius
2309 563 2641 632 committit,
2672 564 2837 622 uteis
2866 582 2969 638 pro
2991 580 3163 638 posse
3182 562 3336 620 intra
3352 565 3410 620 et
3458 564 3622 619 extra
3647 559 3823 618 ﬁdele

408 646 586 704 totius
608 647 736 721 opis
757 648 987 705 facilius
1009 666 1383 723 persuasura,
1417 658 1473 707 et
1522 652 1674 723 quod
1707 652 1900 723 majus
1929 652 2055 705 erat
2155 648 2416 723 jugeque
2438 653 2774 724 praesidium
2800 656 2894 724 sit,
2925 655 3079 726 quod
3104 653 3190 709 vir
3233 654 3348 709 Deo
3387 652 3598 725 plenus
3627 650 3821 707 liben-

408 736 808 808 subjectorum
834 739 1298 812 pecuniaria,qui
1324 756 1694 812 nequaquam
1716 738 2057 795 movebatur
2161 738 2390 795 tissime
2413 740 2660 813 annuit].
2694 744 2949 797 Tandem
2970 742 3168 799 dulces
3199 742 3257 797 in
3289 740 3592 814 amplexus
3625 755 3812 795 ruen-

412 823 611 881 suasio
649 841 882 898 quoque
912 844 1027 882 non
1065 831 1181 883 stat
1229 827 1444 884 conﬁsa
1476 834 1701 901 paratu,
1744 828 2057 900 subrepere
2165 831 2345 892 tes,ac
2378 831 2603 885 mutuis
2636 831 2956 904 multisque
3004 832 3239 887 fletibus
3271 848 3332 887 se
3372 830 3822 903 perfundentes,

411 912 497 969 illi
520 914 920 989 quaesivitU'I)
941 915 1273 973 divinorum
1306 918 1607 991 signorum
1640 918 1880 982 amictu,
1912 933 2055 988 qua-

411 1006 584 1059 tenus
604 1008 911 1060 veneretur
931 1005 1016 1061 vir
1036 1004 1132 1061 ille
1156 1023 1216 1061 se
1246 1005 1545 1078 culpatum
1580 1006 1672 1077 iri,
1705 1005 1752 1062 si
1786 1004 2057 1077 repudia-

416 1095 505 1148 ret
524 1093 694 1166 quasi
711 1093 991 1150 divinitus
1030 1095 1356 1167 procuratis
1384 1095 1620 1151 interim
1649 1092 1861 1150 fulciri.
1896 1091 2056 1158 Quis,

418 1195 638 1251 quaeso,
657 1180 1063 1255 religiosorum
1085 1184 1194 1239 hac
1212 1189 1411 1239 nostra
1431 1187 1774 1256 tempestate
1804 1198 1919 1237 non
1934 1196 2057 1236 am-

416 1267 543 1324 biat
587 1270 837 1344 negotiis
856 1272 1053 1327 seaculi
1099 1290 1189 1329 res
1213 1290 1351 1329 suas
1377 1272 1596 1345 augeri,
1620 1269 2058 1327 adventantium

418 1358 806 1415 concursibus
826 1359 1019 1415 extolli
1047 1361 1076 1415 Ἰ
1105 1360 1236 1433 quis
1252 1377 1422 1433 porro
1452 1360 1592 1416 talia
1612 1358 1723 1417 sibi
1753 1361 2061 1432 suppetere

418 1447 643 1520 videns,
677 1465 793 1505 non
827 1450 1025 1506 credat
1045 1466 1109 1506 se
1134 1449 1359 1506 caelitus
1382 1450 1677 1516 honorari,
1710 1464 2062 1505 enumerans

418 1536 534 1593 sibi
556 1536 643 1593 vel
671 1536 868 1609 potius
892 1538 1117 1611 ﬁngens
1152 1540 1224 1595 de
1244 1556 1306 1595 se
1336 1541 1603 1612 quadam
1627 1538 1901 1606 maxima,
1935 1554 2062 1609 quae

413 1626 536 1697 jam
559 1627 713 1699 apud
734 1630 914 1683 Deum
939 1631 1209 1684 constant
1232 1628 1482 1684 minima
1502 1632 1603 1685 aut
1620 1628 1783 1683 nulla
1803 1628 1830 1683 ?
1845 1631 2063 1683 Verum

418 1715 654 1773 Deicola
680 1716 867 1774 instar
884 1717 1037 1773 beati
1057 1717 1299 1774 Abrahae
1323 1734 1437 1774 non
1461 1735 1703 1774 casurus
1726 1718 2066 1772 tentabatur

420 1822 457 1861 a
486 1805 733 1862 Domino
782 1806 998 1863 sciente
1046 1806 1135 1862 vel
1165 1808 1307 1880 quid
1337 1808 1461 1880 ipse
1484 1812 1639 1864 esset
1662 1807 1945 1873 facturus,
1977 1804 2064 1861 vel

423 1893 780 1989 quidlateret
794 1896 853 1989 in
873 1894 1092 1952 famulo
1110 1900 1537 1969 suo,quatenus
1556 1896 1724 1952 nobis
1745 1895 2067 1989 aperiretur
2095 1924 2144 1989 B

420 1982 673 2040 nimium
703 1983 914 2041 intima
956 1987 1084 2057 ejus
1102 1985 1491 2053 mortiﬁcatio,
1528 1986 1627 2041 sed
1646 1986 1773 2057 jam
1805 1983 2068 2040 calamus

419 2073 698 2131 reddatur
727 2073 885 2147 operi
916 2080 1124 2148 coepto.

1022 2192 1257 2248 CAAUT
1294 2191 1463 2247 XVII.
1522 2196 1539 2213 ⁵

496 2300 763 2370 Defuncto
791 2298 982 2355 abbate
1010 2298 1301 2354 Leutbaldo
1332 2300 1560 2354 resumit
1607 2315 1799 2354 curam
1816 2302 2069 2367 pastora-

424 2388 530 2445 lem
556 2390 617 2443 in
644 2387 953 2444 monachos.
983 2418 1045 2429 —
1068 2387 1355 2443 Dominus
1374 2388 1611 2444 tandem
1634 2386 1989 2443 Leutbaldus
2011 2388 2074 2441 ﬁ-

423 2476 629 2535 deliter
644 2481 818 2550 atque
847 2478 1168 2550 prudenter
1187 2476 1593 2533 administrato
1614 2474 2072 2548 dispensationis

424 2566 537 2623 sibi
563 2566 794 2624 credita:
812 2566 1098 2634 officio,ex
1119 2565 1300 2637 hujus
1315 2565 1443 2621 vitae
1464 2566 1800 2622 subtractus
1822 2562 2069 2634 lubrico,

422 2659 588 2721 artus
609 2655 1035 2728 solo,spiritum
1058 2655 1310 2711 reddidit
1336 2654 1498 2718 coelo,
1527 2654 1859 2727 perenniter
1886 2653 2071 2708 inhae-

422 2742 632 2801 surum
661 2744 928 2813 Domino,
961 2744 1055 2799 cui
1100 2742 1247 2799 nihil
1292 2742 1548 2816 praetulit
1574 2742 1632 2798 in
1665 2743 1904 2798 mundo.
1940 2743 2072 2797 Mox

423 2832 846 2889 monachorum
864 2831 1035 2888 anxia
1060 2832 1234 2887 turba
1254 2832 1443 2887 idonei
1463 2832 1714 2904 pastoris
1742 2831 2071 2904 provisione

421 2921 730 2995 temporali
743 2921 1119 2989 destituta,ad
1136 2920 1372 2993 pietatis
1389 2920 1721 2993 pontificem
1740 2920 2070 2989 recursitat,

424 3014 483 3068 et
501 3025 638 3069 eum
659 3009 930 3066 luctuosa
972 3009 1264 3065 reﬂectere
1294 3025 1461 3081 prece
1492 3008 1779 3081 quaeritat,
1812 3024 1884 3063 ne
1915 3008 2073 3063 dedi-

425 3101 704 3174 gnaretur
724 3099 918 3154 ovium
946 3114 1240 3155 resumere
1261 3098 1575 3166 sarcinam,
1594 3114 1696 3170 pro
1718 3098 1935 3170 quibus
1965 3114 2072 3171 pa-

425 3192 653 3247 storum
669 3188 878 3244 Pastor
907 3188 1197 3260 probrosae
1229 3187 1437 3243 mortis
1466 3187 1769 3260 amplexus
1798 3192 1887 3242 est
1916 3186 2070 3257 inju-

425 3278 818 3335 riam.Verum
838 3277 927 3332 vir
947 3276 1233 3344 docibilis,
1259 3277 1356 3332 Dei
1381 3277 1583 3332 cedere
1606 3292 1826 3349 gnarus
1848 3274 2067 3348 pietati,
2100 3287 2143 3354 ρ

426 3384 542 3423 non
565 3369 760 3423 autem
782 3366 1035 3422 emeritae
1052 3366 1177 3437 jam
1198 3365 1479 3422 senectuti
1502 3365 1962 3437 haudquaquam
1973 3364 2069 3435 ju-

426 3454 643 3521 dicavit
670 3456 1045 3515 refutandum
1076 3456 1233 3528 quod
1254 3454 1753 3512 animadvertebat
1772 3454 2066 3509 Christum

417 3547 649 3618 jubere,
680 3547 752 3604 de
810 3562 1053 3603 suorum
1092 3544 1427 3618 praecordiis
1474 3556 1697 3617 pauper
1734 3542 2064 3616 pastoralis.

420 3637 616 3707 Itaque
668 3631 865 3705 gregis
915 3647 1088 3705 grave
1119 3648 1292 3688 onere
1324 3636 1516 3687 denuo
1549 3637 1842 3704 suscepto,
1876 3632 2066 3687 tribus

415 3724 721 3782 solumodo
780 3722 951 3778 annis
994 3720 1211 3794 quibus
1270 3723 1566 3793 superstes
1624 3720 1821 3775 fuitin
1854 3718 2065 3785 saeculo

412 3814 703 3870 instanter
720 3810 978 3884 porrexit
998 3810 1276 3866 fratribus
1291 3810 1515 3883 virgam
1530 3808 1912 3882 correptionis
1929 3825 2065 3864 cum

410 3900 855 3960 sustentationis
874 3898 1102 3967 baculo,
1132 3914 1197 3956 eo
1229 3898 1520 3970 siquidem
1554 3899 1625 3953 ad
1670 3898 2065 3953 emetiendum

409 3988 687 4048 curriculi
718 3988 1045 4062 pauxillum
1078 3988 1231 4059 quod
1270 3988 1526 4043 restabat
1557 3987 1909 4041 reddebatur
1945 3984 2062 4040 ala«

409 4079 565 4138 crior
587 4095 704 4152 quo
753 4080 1018 4150 correpto
1045 4076 1232 4148 spatio
1255 4079 1505 4147 coeperat
1538 4074 1736 4131 bravio
1769 4074 1891 4130 fieri
1923 4074 2063 4129 vici-

406 4167 559 4224 nior.

1002 4252 1234 4309 CAPUT
1273 4251 1469 4308 XVIII.

479 4364 536 4421 S.
568 4362 810 4419 Erardus
840 4362 951 4434 ipsi
982 4359 1257 4417 valedicil.
1289 4360 1511 4415 —Inde
1533 4359 1735 4416 beatus
1768 4360 2063 4418 Erhardus

411 4453 749 4509 constructa
795 4449 1041 4507 ecclesia
1069 4466 1138 4505 ex
1167 4448 1405 4505 nomine
1436 4448 1493 4505 S.
1542 4449 1891 4506 confessoris
1923 4451 2059 4523 Apri

410 4559 527 4598 non
559 4538 759 4614 procul
789 4556 825 4596 a
854 4536 1309 4609 monasterio,ad
1340 4537 1541 4594 laevam
1557 4538 1775 4595 scilicet
1800 4540 1924 4611 jam
1948 4540 2060 4595 dic-

2164 916 2423 973 oratione
2441 918 2656 989 pariter
2684 920 2834 987 fusa,
2861 936 2971 975 non
2989 920 3114 975 sine
3134 919 3386 974 maxima
3400 916 3591 974 cordis
3604 917 3829 973 contri-

2168 1006 2323 1062 tione
2337 1011 2541 1063 mutua
2551 1006 2772 1064 visione
2785 1008 3261 1065 caruere.Beatus
3281 1011 3476 1064 autem
3496 1006 3822 1075 Erhardus,

2167 1095 2369 1152 Rheno
2403 1098 3178 1171 transvadato,Regensborg
3200 1098 3317 1169 (18)
3334 1096 3627 1152 civitatem
3651 1113 3824 1152 suam

2168 1185 2365 1241 sedem
2383 1185 2786 1242 videlicettam
2806 1192 3005 1243 sancto
3049 1186 3298 1259 presule
3324 1185 3608 1241 celebrem
3664 1185 3824 1240 futu-

2170 1292 2295 1330 ram
2345 1275 2543 1331 subiit.
2605 1279 2669 1331 In
2730 1293 2848 1348 qua
2894 1293 3008 1332 non
3040 1279 3173 1349 post
3202 1274 3455 1348 plurima
3486 1277 3823 1347 temporum

2171 1363 2465 1419 curricula
2494 1368 2655 1420 sexto
2716 1366 2856 1423 Idus
2882 1364 3144 1421 Januarii
3201 1364 3273 1420 de
3324 1366 3509 1419 morte
3536 1364 3608 1418 ad
3638 1362 3824 1419 vitam

2170 1452 2423 1508 transiit.
2448 1454 2700 1509 Sanctus
2730 1470 2864 1509 vero
2880 1452 3237 1525 Hildulphus
3270 1452 3342 1508 ab
3375 1467 3547 1523 opere
3568 1450 3670 1507 Dei
3702 1467 3825 1506 non

2173 1541 2498 1607 deﬁciebat,
2532 1543 2632 1598 sed
2655 1542 2901 1613 jejuniis
2931 1547 2987 1598 et
3017 1542 3321 1598 laboribus
3354 1541 3624 1613 fatigatos
3657 1544 3828 1596 artus

2174 1629 2404 1702 spiritui
2426 1631 2640 1687 servire
2669 1632 2932 1704 cogebat,
2966 1631 3246 1687 fratribus
3277 1630 3391 1686 sibi
3445 1629 3725 1701 subjectis
3758 1646 3829 1684 ac

2174 1719 2427 1774 maxime
2456 1719 2665 1775 Joanni
2725 1724 2782 1775 et
2836 1720 3094 1793 Benigno
3152 1721 3430 1791 [quorum
3463 1718 3828 1774 mentionem

2174 1824 2354 1880 supra
2398 1808 2688 1881 fecimus],
2724 1826 2871 1881 quos
2918 1808 3177 1881 quotidie
3209 1808 3280 1863 ad
3314 1807 3558 1863 meliora
3587 1807 3832 1862 tendere

2174 1898 2484 1969 gaudebat,
2518 1915 2666 1971 quos
2698 1898 2875 1954 etiam
2914 1915 3028 1953 non
3071 1897 3261 1954 solum
3290 1897 3526 1970 publica
3553 1896 3834 1953 exhorta-

2176 1984 2463 2053 tione,sed
2487 1986 2636 2042 inter
2651 1988 2792 2042 dum
2807 1988 3032 2059 privata
3050 2003 3115 2042 ac
3131 1986 3357 2042 amicab
3367 1985 3423 2041 ili
3439 1984 3834 2043 collocutioue

2177 2074 2270 2131 sui
2320 2091 2610 2131 memores
2640 2076 2760 2131 fore
2782 2077 3075 2143 monebat,
3110 2092 3212 2147 pro
3245 2079 3401 2132 statu
3434 2074 3832 2131 Ecclesiarum

2178 2163 2300 2233 Dei,
2333 2181 2439 2236 pro
2470 2180 2611 2237 pace
2643 2180 2846 2237 regum
2903 2169 2961 2220 et
3010 2164 3201 2220 salute
3261 2164 3616 2237 populorum
3660 2179 3834 2220 orare

2177 2253 2479 2321 suadebat,
2510 2254 2664 2309 viam
2704 2270 2839 2310 vero
2858 2253 2987 2308 vitae
3020 2271 3197 2327 quam
3237 2252 3416 2310 semel
3455 2252 3835 2326 arripuerunt

2177 2341 2425 2398 ﬁdeliter
2450 2359 2702 2410 currere,
2727 2346 2785 2397 et
2801 2342 2999 2398 bravio
3021 2359 3284 2416 supernae
3330 2340 3834 2398 remunerationis

2178 2431 2429 2488 scienter
2454 2430 2749 2499 anhelare,
2788 2431 2932 2487 illud
2969 2431 3341 2487 Dominicum
3372 2431 3619 2488 sollicito
3649 2432 3832 2487 corde

2180 2521 2416 2576 assidue
2447 2519 2780 2592 replicando
2804 2537 2827 2598 ξ
2861 2522 3024 2577 Nemo
3056 2522 3273 2577 mittens
3301 2537 3534 2576 manum
3564 2537 3726 2577 suam
3760 2520 3834 2575 ad

2177 2612 2426 2664 aratrum
2453 2613 2505 2663 et
2534 2610 2827 2680 respiciens
2865 2617 3030 2675 retro,
3062 2614 3220 2681 aptus
3248 2613 3329 2664 est
3356 2625 3520 2681 regno
3548 2610 3647 2665 Dei
3673 2610 3829 2681 (Luc.

2180 2716 2257 2769 ιχ,
2289 2699 2400 2769 62).
2433 2697 2638 2753 Aiebat
2661 2698 2815 2753 enim
2842 2715 2855 2753 :
2919 2697 3132 2753 Fidelis
3156 2702 3247 2754 est
3292 2698 3468 2765 Deus,
3502 2701 3561 2754 et
3590 2696 3830 2754 mentiri

2180 2785 2385 2855 nescit,
2434 2786 2604 2842 bonis
2644 2786 2907 2842 moribus
2938 2786 3280 2843 consuefieri
3314 2787 3637 2855 studerent,
3670 2786 3835 2843 victu

2180 2893 2244 2930 ac
2273 2875 2487 2931 vestitu
2539 2875 2817 2931 mediocri
2874 2876 3133 2932 contenti
3180 2892 3310 2932 esse
3340 2876 3650 2944 discerent,
3691 2876 3833 2932 obe-

2180 2964 2460 3020 dientiam
2492 2963 2779 3020 humilem
2810 2968 3015 3020 mutuo
3075 2964 3184 3021 sibi
3220 2981 3287 3020 ac
3320 2963 3565 3021 solerter
3592 2964 3835 3021 exhibe-

2180 3057 2327 3119 rent,
2362 3052 2576 3109 Christi
2610 3053 2868 3127 vestigiis
2890 3056 3024 3109 ante
3048 3053 3624 3120 omniainsisterent,
3657 3051 3834 3110 insti-

2182 3141 2393 3201 tutioni
2417 3142 2570 3199 beati
2589 3142 2883 3198 Benedicti
2914 3141 3181 3199 alacriter
3210 3142 3573 3209 insudarent,
3606 3142 3832 3198 discre-

2180 3232 2325 3288 tioni
2357 3247 2459 3303 per
2489 3231 2688 3288 omnia
2715 3232 2960 3288 docebat
3004 3230 3330 3304 invigilare,
3389 3248 3568 3304 quam
3612 3231 3834 3303 szepius

2183 3320 2513 3376 inculcabat
2537 3324 2783 3375 matrem
2813 3319 2925 3391 (19)
2955 3319 3237 3375 virtutum
3268 3336 3397 3375 esse
3437 3338 3450 3387 ;
3485 3336 3833 3375 murmura-

2176 3408 2372 3477 tionis,
2402 3407 2816 3479 animositatis,
2840 3408 3233 3478 verbositatis,
3259 3407 3656 3475 detractionis,
3680 3408 3832 3464 otio-

2178 3497 2484 3569 sitatisque
2516 3495 2738 3552 malum
2758 3513 2863 3552 nec
2892 3497 2951 3552 in
2995 3496 3159 3569 plebe
3183 3497 3444 3553 fidelium
3469 3497 3701 3553 dicebat
3726 3498 3831 3554 de-

2176 3585 2683 3659 prehendendum,
2740 3588 2959 3657 quanto
2991 3586 3188 3641 minus
3220 3585 3278 3640 in
3311 3585 3585 3642 claustris
3612 3602 3830 3642 mona-

2176 3675 2441 3731 chorum.
2474 3674 2569 3731 Sic
2592 3675 2799 3731 beatus
2821 3689 2997 3730 senex
3038 3692 3141 3747 per
3169 3676 3433 3731 ordinem
3478 3679 3689 3731 cuncta
3707 3676 3833 3733 dis-

2175 3780 2419 3837 ponens,
2451 3762 2704 3835 plusque
2750 3763 3013 3835 exemplo
3071 3764 3279 3819 fratres
3319 3780 3495 3835 quam
3527 3763 3703 3819 verbo
3739 3764 3830 3819 in-

2176 3859 2430 3922 struens,
2464 3852 2537 3908 ad
2559 3868 2731 3908 omne
2762 3868 2909 3922 opus
2940 3853 3159 3908 bonum
3191 3857 3491 3925 promptos
3521 3858 3578 3908 et
3605 3851 3834 3909 alacres

2177 3943 2472 4009 reddebat,
2508 3957 2764 4013 namque
2795 3958 3079 3997 manuum
3113 3959 3357 3997 suarum
3390 3940 3585 3997 liabore
3627 3941 3831 3998 cibum

2176 4050 2295 4089 sua:
2319 4036 2534 4087 sanctae
2557 4030 2840 4086 senectuti
2889 4034 3012 4085 erat
3056 4031 3429 4103 conquirens,
3453 4029 3676 4107 jugiter
3706 4034 3830 4086 tam

2174 4121 2285 4177 sibi
2310 4136 2486 4192 quam
2518 4118 2649 4176 aliis
2670 4118 2831 4175 illam
2873 4118 3255 4192 apostolicam
3285 4119 3635 4175 sententiam
3669 4120 3833 4193 inge-

2173 4227 2343 4267 rens:
2404 4211 2508 4280 Qui
2536 4227 2647 4267 non
2675 4209 2789 4264 vult
2818 4210 3039 4280 operari
3079 4226 3177 4265 nec
3208 4209 3498 4265 manducet
3526 4208 3600 4280 (II
3652 4209 3830 4266 Thess.

2172 4317 2254 4369 ιιι,
2290 4300 2398 4371 10).

2792 4421 3020 4478 CAPUT
3079 4419 3216 4477 XIX.

2246 4542 2374 4613 Ejus
2403 4540 2713 4611 disciplina?
2740 4556 2795 4595 se
2823 4537 3005 4594 subdit
3036 4540 3121 4593 vir
3145 4538 3382 4593 illustris
3434 4536 3828 4594 Theudoaldus.

408 4630 453 4687 ti
479 4628 764 4699 ﬂuminis,
796 4628 963 4685 fratri
1007 4645 1115 4685 suo
1135 4627 1257 4684 viro
1278 4627 1380 4683 Dei
1427 4630 1559 4700 post
1597 4627 2059 4684 exhortationem
2092 4655 2138 4720 Β
2173 4662 2242 4670 -
2263 4630 2525 4700 Cumque
2548 4627 2857 4683 luculentre
2883 4627 3342 4683 conversationis
3372 4627 3501 4697 ejus
3527 4630 3833 4699 speculare

408 4720 468 4776 in
501 4719 789 4777 Creatoris
819 4718 1032 4775 militia
1062 4717 1208 4773 dixit
1241 4734 1254 4773 :
1302 4716 1587 4773 Dominus
1640 4718 1901 4790 possedit
1953 4716 2061 4773 tibi
2092 4715 2129 4720 ⁷
2166 4719 2364 4790 jubar,
2398 4715 2516 4773 veri
2538 4715 2678 4771 solis
2700 4717 3013 4787 trajectum
3045 4731 3514 4788 quaquaversum
3537 4715 3831 4772 evibraret

405 4810 944 4878 locum,adfuturus
966 4808 1242 4863 omnibus
1259 4823 1385 4879 quae
1407 4805 1596 4879 egeris
1615 4824 1626 4862 :
1645 4811 1836 4861 tamen
1853 4822 2060 4862 moneo
2171 4807 2363 4862 lucem
2381 4805 2663 4860 virtutum
2689 4804 2757 4859 ad
2784 4805 3151 4878 urguendum
3186 4809 3412 4860 noctem
3463 4803 3830 4872 mortalium,

407 4902 464 4955 et
491 4901 623 4971 peto
656 4902 723 4954 ut
742 4897 1198 4954 novissimorum
1241 4896 1467 4969 jugiter
1497 4894 1801 4967 nostrique
1833 4911 2061 4950 memor
2172 4893 2437 4952 nonnulli
2472 4893 2839 4950 saecularium
2867 4892 3153 4950 fallaciter
3174 4893 3283 4949 sibi
3305 4893 3662 4950 arridentem
3681 4894 3832 4951 deri-

407 4988 511 5054 sis,
543 5003 638 5043 me
668 5002 809 5043 sane
840 4989 1065 5059 oportet
1114 4986 1371 5058 separari
1416 5002 1450 5040 a
1505 4987 1582 5050 te,
1641 4988 1878 5055 aspectu
1941 5000 2056 5039 non
2168 4987 2374 5041 dentes
2406 4984 2715 5052 mundum,
2748 4999 2820 5039 ne
2848 4982 2960 5055 ipsi
2988 4982 3270 5039 veraciter
3298 5000 3333 5039 a
3361 4983 3583 5037 mundo
3614 4982 3828 5039 irride-

406 5075 755 5147 corde,facie
781 5092 897 5131 non
929 5080 1121 5132 mente
1149 5092 1162 5143 ;
1191 5074 1437 5147 angelus
1468 5077 1664 5128 autem
1696 5071 1926 5128 Domini
1955 5073 2056 5128 bo-

407 5184 519 5223 nus
541 5166 714 5238 juxta
732 5164 1162 5238 beneplacitum
1204 5164 1334 5234 ejus
1371 5177 1566 5217 comes
1594 5160 1692 5216 ﬁat
1722 5176 1862 5215 mea:
1896 5178 2056 5233 pere-

407 5244 755 5330 grinationis
786 5255 983 5311 sedem
1017 5248 1608 5327 propriamrevisere
1667 5250 2052 5320 disponentis.

406 5343 534 5417 [Cui
593 5349 812 5415 contra,
870 5344 1064 5410 frater,
1117 5343 1326 5397 beatus
1383 5339 1627 5394 antistes
1659 5338 1810 5394 inter
1853 5343 2060 5396 caetera

407 5437 763 5492 secretorum
790 5433 1115 5490 caelestium
1148 5427 1456 5500 colloquia,
1503 5428 1713 5484 fratres
1762 5446 1909 5501 quos
1941 5429 2057 5486 Deo

405 5523 840 5596 venerabilique
872 5510 1114 5595 patrono
1147 5516 1461 5573 Maximino
1494 5521 2057 5591 aggregarat,atten-

476 5658 589 5729 (17)
629 5657 696 5729 In
724 5671 840 5711 ms.
872 5653 1290 5729 leg._guwsivit.

484 5722 597 5799 (18)
636 5728 702 5785 In
733 5742 845 5781 ms.
876 5722 1126 5779 Median.
1161 5722 1557 5781 Renesbuorch.

2168 5080 2389 5141 rentur,
2425 5077 2554 5144 post
2583 5072 2876 5127 modicum
2920 5071 3231 5127 facultates
3283 5087 3424 5126 suas
3471 5070 3835 5142 pauperibus

2161 5164 2398 5235 jurique
2420 5167 2474 5216 S.
2502 5162 2647 5249 I’ctri
2673 5160 3283 5232 contradidere,atque
3306 5159 3494 5215 stulta;
3517 5159 3823 5232 sapientia:

2167 5252 2423 5307 edomita
2452 5244 2873 5313 ec’rvicositatc,
2907 5249 3230 5320 sapientem
3264 5246 3573 5303 stultitiam
3604 5244 3823 5303 Christi

2168 5342 2279 5397 sub
2337 5342 2504 5395 beato
2563 5338 2686 5393 viro
2744 5336 3052 5393 militaturi
3082 5352 3413 5409 suscepere.
3461 5335 3564 5391 His
3612 5336 3828 5393 diebus

2168 5430 2411 5502 quidam
2434 5427 2540 5498 vir,
2565 5427 2802 5503 nomine
2834 5426 3271 5494 Theudoaldus,
3308 5425 3460 5482 inter
3488 5425 3651 5497 regni
3687 5441 3820 5497 pro-

2167 5518 2326 5575 ceres
2348 5502 3071 5587 illustrisihabebatur,qui
3107 5519 3278 5570 tenax
3294 5513 3590 5589 glutinum
3614 5512 3828 5569 mundi

2239 5653 2350 5725 (19)
2380 5652 2443 5709 In
2476 5667 2586 5707 ms.
2618 5650 2933 5707 Paderbor.
2974 5648 3189 5722 legitur
3219 5648 3561 5706 Mercedem.
