3958 6354
279 444 396 519 603

1007 445 1198 514 SIEG.
1244 445 1326 512 XI
1367 444 1602 512 AUCT.
1646 440 1964 508 INCERTI
2007 439 2196 504 ANNI
2243 440 2342 504 ET
2385 439 2686 505 SCRIPT.
2734 443 2958 501 ’AAEzu.

3569 434 3692 497 604

276 588 506 645 videtur
534 584 1062 659 impraesentiarum
1085 583 1492 649 differendum,
1525 581 1799 638 omnibus
1831 579 1921 636 sui
1950 574 2006 643 Α
2038 595 2153 634 uno
2183 578 2450 633 decenter
2479 575 2763 633 reconditi
2809 573 3127 643 mausoleo,
3183 572 3501 646 sepultura:
3554 557 3696 627 sunt

275 677 657 734 dilectoribus
688 676 865 731 castis
890 673 1058 730 dulce
1079 676 1319 730 omnino
1347 690 1410 728 ac
1432 673 1778 745 proficuum.
1809 671 1932 727 Duo

279 767 572 838 siquidem
601 764 873 836 discipuli
907 763 1223 819 laudabilis
1255 762 1526 836 magistri
1584 763 1840 818 Joannes
1878 768 1936 815 et

281 856 773 929 Benignus,quos,
808 859 869 907 ut
901 853 1246 924 praedictum
1278 857 1388 916 est,
1412 867 1725 924 germanos
1758 850 1930 904 exsti-

279 946 424 1001 tisse
449 961 621 1000 carne
653 960 717 998 ac
747 942 980 1015 spiritu,
1013 959 1265 1013 quorum
1307 941 1470 1014 prior
1509 942 1929 1012 presbyteratu,

279 1035 426 1090 alter
454 1051 588 1090 vero
634 1032 986 1102 fungebatur
1029 1031 1358 1086 diaconatu.
1403 1031 1466 1086 In
1501 1031 1670 1099 cujus
1711 1029 1934 1099 jugiter

280 1123 434 1180 soliti
469 1122 741 1178 assistere
790 1120 1090 1192 obsequio,
1147 1119 1518 1190 quotidianas
1554 1123 1662 1174 Deo
1708 1117 1931 1172 hostias

279 1209 698 1282 redemptionis
726 1212 937 1263 nostra:
959 1212 1014 1262 et
1039 1207 1505 1262 mortificationis
1532 1223 1652 1261 suae
1673 1209 1930 1260 mactan-

279 1306 389 1366 tes,
418 1297 698 1356 laudabili
731 1296 896 1352 initio
919 1295 1363 1351 laudabiliorem
1391 1297 1706 1367 jungentes
1728 1295 1926 1360 finem,

280 1391 351 1444 ad
383 1388 614 1444 cceleste
646 1401 890 1457 regnum
943 1385 1123 1440 secuti
1181 1383 1458 1439 dilectum
1509 1382 1926 1447 institutorem,

279 1478 464 1550 pridie
488 1475 773 1532 Kalendas
791 1473 1034 1544 Augusti
1061 1474 1130 1527 ad
1155 1472 1448 1528 Christum
1474 1472 1693 1543 pariter
1721 1471 1930 1542 migra-

277 1569 505 1630 verunt,
528 1563 792 1618 videlicet
817 1565 946 1632 post
990 1560 1397 1632 migrationem
1431 1562 1615 1615 sancti
1648 1560 1929 1631 vigesimo

278 1656 467 1729 primo
498 1653 609 1708 die.
643 1651 806 1715 Quod
837 1649 1128 1704 indultum
1165 1649 1344 1705 fuisse
1385 1649 1605 1704 intimae
1657 1648 1929 1705 charitati

278 1744 481 1812 trium,
515 1758 630 1796 non
661 1755 796 1794 vero
827 1738 1117 1794 exstitisse
1162 1738 1468 1794 fortuitum
1529 1755 1699 1794 nemo
1749 1738 1928 1792 refra-

279 1833 515 1907 gabitur
545 1828 832 1894 fidelium,
867 1844 998 1882 cum
1031 1826 1297 1899 legamus
1329 1827 1566 1882 fratrem
1602 1827 1755 1883 inter
1784 1826 1929 1882 alios

279 1937 396 1977 non
425 1921 695 1974 vocatum
728 1915 1000 1987 precibus
1038 1913 1352 1969 venerandi
1413 1913 1704 1969 Anastasii
1767 1913 1927 1968 obitu

280 2026 390 2066 suo
412 2005 760 2080 praevenisse
791 2004 920 2074 ejus
947 2003 1104 2057 diem
1127 2002 1759 2074 septimum.Hincjam
1785 2001 1932 2056 cala-

281 2114 446 2153 mum
468 2096 610 2150 dum
633 2093 882 2148 nimium
907 2091 1090 2146 inhiat
1113 2095 1323 2155 mente,
1352 2091 1546 2163 pigeat
1572 2089 1930 2146 enucleatius

282 2199 617 2259 percurrere
646 2181 854 2238 seriem
887 2179 968 2235 rei
1001 2183 1195 2252 gestae.
1217 2180 1390 2234 Beato
1411 2197 1474 2234 ac
1497 2197 1728 2251 semper
1758 2179 1929 2234 remi-

283 2273 560 2331 niscendo
591 2271 874 2343 magistro
897 2269 1214 2340 Hildulpho
1249 2284 1318 2323 ex
1347 2268 1569 2323 lubrico
1594 2268 1772 2340 hujus
1801 2267 1928 2323 vitae

284 2366 552 2420 senatum
577 2360 734 2432 regni
759 2359 1116 2431 ingressuro,
1141 2356 1200 2410 in
1223 2372 1534 2412 commune
1565 2355 1930 2412 charissimis

284 2452 537 2524 filiisque
566 2465 811 2506 monens
843 2446 1224 2503 fraternitatis
1254 2445 1664 2516 societatisque
1715 2450 1929 2501 sanctae

284 2538 749 2613 congregationis
783 2536 920 2590 almi
954 2534 1219 2606 praesulis
1264 2534 1520 2599 Maximi,
1563 2539 1630 2589 ut
1669 2535 1926 2601 decebat,

283 2634 404 2685 tam
436 2627 775 2700 spiritaliter
813 2641 992 2696 quam
1025 2623 1403 2695 corporaliter
1423 2622 1784 2691 meminisse,
1820 2623 1930 2679 sub

285 2717 498 2774 Christi
530 2715 914 2785 Ecclesieque
943 2711 1276 2767 testimonio
1310 2711 1402 2767 his
1442 2713 1671 2768 duobus
1702 2728 1928 2784 germa-

286 2807 378 2863 nis
410 2822 472 2863 se
501 2808 807 2878 secuturos
837 2802 909 2857 ad
931 2801 1185 2857 cmlestia
1209 2801 1426 2874 gaudia
1445 2801 1700 2857 innotuit
1721 2800 1930 2873 spiritu

285 2893 642 2968 prophetico.
667 2891 773 2956 Qui
805 2889 1092 2962 extemplo
1114 2891 1346 2961 utrique
1368 2888 1649 2962 languore
1670 2890 1931 2962 depressi

289 2983 694 3040 decubuerunt
725 2977 937 3034 lectulo
968 2978 1079 3050 (21)
1113 2977 1268 3050 [cum
1311 2979 1474 3050 Agno
1521 2977 1776 3051 victu,ri.]
1810 2980 1931 3044 Quo

287 3089 393 3144 per
421 3070 546 3126 dies
577 3070 957 3140 augmentum
984 3067 1266 3138 capiente,
1308 3065 1678 3122 dissolutioni
1727 3083 1934 3138 corpo-

291 3176 425 3216 rum
483 3175 545 3213 se
601 3159 912 3212 senserunt
966 3155 1377 3227 propinquare,
1425 3172 1560 3210 cum
1611 3159 1845 3228 repente
1871 3155 1930 3211 S.

287 3249 568 3313 Joannes,
602 3245 700 3318 qui
733 3249 789 3300 et
819 3245 1005 3314 major
1027 3248 1169 3300 natu
1199 3249 1342 3311 erat,
1376 3260 1558 3300 unum
1590 3261 1620 3300 e
1651 3244 1931 3300 fratribus

288 3335 517 3404 dixerit,
550 3333 886 3390 sciscitatur
914 3333 1162 3406 qualiter
1182 3350 1243 3389 se
1273 3333 1512 3389 haberet
1541 3349 1808 3390 seorsum
1839 3334 1932 3389 de-

288 3423 573 3480 cumbens
623 3420 1041 3478 dilectissimus
1099 3421 1294 3476 frater.
1368 3421 1727 3487 Quantocius
1793 3438 1929 3494 ergo

289 3509 598 3584 perﬁciens
615 3510 901 3583 imperata
925 3509 1267 3578 monachus,
1284 3509 1498 3582 reperit
1520 3509 1615 3566 Dei
1641 3510 1931 3567 famulum

291 3597 672 3658 sacramentis
685 3598 1002 3655 Dominicis
1020 3599 1449 3655 communitum
1472 3599 1728 3655 evasisse
1750 3615 1934 3655 nexus

291 3688 662 3746 mortalitatis
719 3687 920 3760 hujus.
952 3687 1238 3752 Cucurrit,
1299 3687 1674 3743 renuntiavit.
1723 3692 1935 3744 Beatus

287 3795 422 3836 vero
453 3777 567 3846 ille,
601 3793 774 3849 quem
807 3776 1161 3832 sollicitabat
1189 3776 1380 3832 adhuc
1413 3781 1724 3848 suspectus
1749 3793 1936 3832 exces-

291 3885 394 3923 sus
417 3865 671 3939 junioris
701 3869 758 3920 et
788 3864 981 3919 dilecti
1015 3863 1231 3930 fratris,
1268 3864 1317 3919 si
1350 3867 1481 3935 post
1530 3864 1756 3918 obitum
1810 3865 1938 3935 ejus

290 3955 791 4028 contigisset,eum
806 3952 1148 4024 aliquandiu
1163 3953 1439 4008 interesse
1455 3952 1937 4021 rebushumanis,

293 4043 626 4114 auditojam
649 4042 890 4097 decessu
914 4040 1659 4111 ejus,laetabundus,inquit
1677 4039 1940 4096 ?«Maxi-

294 4149 422 4188 mas
439 4135 550 4186 tua
573 4130 794 4203 pietati,
820 4128 1083 4200 piissime
1107 4129 1385 4184 formator
1415 4127 1693 4195 hominis,
1723 4130 1941 4202 gratias

293 4220 568 4293 rependo,
611 4219 765 4291 quod
814 4218 1055 4274 fratrem
1101 4233 1298 4272 meum
1356 4218 1429 4273 ad
1469 4234 1714 4289 regnum
1771 4223 1941 4275 tuum

295 4313 428 4366 ante
458 4325 552 4364 me
590 4307 783 4373 mitto,
831 4311 886 4362 et
930 4307 1055 4378 jam
1084 4322 1324 4362 securus
1383 4311 1440 4362 ct
1497 4308 1758 4378 gaudens
1807 4307 1956 4366 hinc.

295 4402 428 4471 post
457 4413 590 4453 eum
623 4397 694 4452 ad
728 4399 782 4452 te
813 4395 980 4451 vado.
1013 4415 1039 4448 ι
1066 4394 1168 4450 His
1195 4395 1462 4466 expletis,
1485 4395 1877 4470 interrogatus
1910 4416 1944 4454 a

294 4486 575 4543 fratribus
606 4502 679 4540 an
712 4484 1049 4558 singulatim
1082 4490 1278 4541 essent
1302 4483 1658 4557 tumulandi,
1688 4488 1938 4559 adjecit:

294 4575 478 4644 Absit,
511 4575 734 4632 domini
758 4575 894 4646 mei,
930 4578 994 4630 ut
1024 4591 1362 4648 separemur
1389 4575 1462 4631 ab
1493 4575 1760 4646 invicem,
1793 4582 1851 4632 et
1883 4576 1942 4632 in

2043 667 2242 724 traditi
2275 668 2331 722 in
2365 665 2524 722 Beati
2555 665 2814 738 Gregorii
2846 665 3116 732 oratorio,
3151 664 3305 736 quod
3352 661 3563 718 sociale
3593 663 3694 718 de-

2043 776 2148 814 cus
2179 759 2395 814 nostris
2426 758 2618 814 adhuc
2649 757 2826 813 datur
2856 761 2912 813 et
2941 756 3178 812 dabitur
3197 754 3411 811 futuris
3439 753 3694 829 prospici

2043 847 2268 903 diebus.

2645 936 2872 992 CAPUT
2920 935 3086 990 XXII.

2114 1026 2190 1081 Ad
2232 1043 2418 1083 eorum
2475 1027 2749 1081 tumulum
2801 1026 3237 1081 sanctimonialis
3284 1039 3478 1080 manus
3531 1023 3696 1077 arida

2039 1125 2287 1173 sanatur.
2324 1147 2389 1156 —
2424 1115 2751 1170 Innumeris
2783 1118 2915 1186 post
2944 1112 3316 1169 mortalitatis
3347 1113 3526 1184 hujus
3554 1129 3694 1169 eva—

2041 1205 2263 1262 sionem
2296 1208 2530 1261 sanctos
2561 1203 2704 1261 istos
2725 1205 3094 1276 omnipotens
3117 1204 3395 1274 majestas
3419 1201 3691 1258 nobilita-

2038 1295 2121 1350 vit
2150 1294 2471 1356 miraculis,
2492 1293 2707 1366 quibus
2725 1297 2946 1365 pateret
2966 1310 3141 1364 quam
3163 1293 3354 1348 bonus
3374 1292 3692 1349 thesaurus

2042 1384 2099 1438 in
2132 1401 2270 1455 agro
2301 1383 2495 1438 cordis
2525 1399 2748 1449 eorum,
2777 1383 2918 1437 dum
2958 1382 3320 1448 advixerunt,
3349 1379 3540 1436 latuit.
3575 1382 3690 1438 Sed

2041 1473 2338 1528 sufﬁciant
2367 1488 2553 1544 pauca
2581 1472 2843 1541 subjecta
2875 1472 2946 1526 de
2976 1471 3261 1542 pluribus.
3313 1470 3431 1526 Sub
3484 1471 3691 1526 eodem

2040 1567 2299 1633 tempore
2313 1559 3011 1616 exstititsanctimonialis
3027 1561 3315 1632 quaedam,
3344 1559 3583 1632 Hymeld
3596 1578 3690 1614 ru-

2040 1651 2132 1706 dis
2164 1651 2420 1715 nomine,
2457 1649 2648 1705 tenuis
2706 1649 2942 1721 quidem
3000 1648 3295 1713 facultate,
3346 1649 3448 1705 sed
3490 1649 3696 1720 opima

2043 1741 2174 1804 fide,
2208 1756 2334 1811 quae
2365 1738 2484 1794 sive
2514 1739 2764 1810 peccatis
2797 1738 3186 1811 exigentibus,
3222 1739 3341 1794 sive
3371 1742 3436 1794 ut
3482 1737 3696 1794 merita

2040 1828 2250 1884 horum
2274 1827 2595 1882 amicorum
2620 1843 2860 1883 suorum
2884 1826 2941 1881 in
2976 1843 3042 1882 ea
3067 1826 3469 1883 manifestaret
3491 1826 3698 1883 crelica

2040 1915 2244 1982 virtus,
2281 1914 2530 1971 naturali
2566 1931 2674 1970 sua
2703 1913 3091 1970 subductione
3113 1913 3392 1970 destituta
3423 1915 3696 1987 gestabat

2043 2003 2246 2060 inutile
2291 2008 2346 2059 et
2401 2002 2715 2059 cruciabile
2771 2004 3002 2074 pondus
3061 2020 3273 2058 manus
3330 2003 3523 2059 aridae.
3557 2003 3695 2060 Haec

2041 2093 2241 2149 sedulo
2264 2093 2556 2148 excubans
2586 2095 2710 2147 erat
2740 2092 2798 2146 in
2823 2092 3059 2164 praefato
3083 2092 3356 2162 oratorio,
3388 2093 3487 2148 ubi
3510 2093 3694 2148 advo-

2038 2182 2162 2238 luta
2190 2181 2418 2237 tumulo
2449 2198 2650 2237 eorum
2697 2181 2991 2237 subveniri
3053 2182 3285 2252 petebat
3336 2181 3448 2237 sibi
3496 2198 3690 2254 prece,

2040 2271 2175 2327 fletu
2210 2288 2276 2326 ac
2304 2270 2524 2342 gemitu
2558 2269 2912 2342 importuno.
2947 2270 3130 2342 Igitur
3159 2269 3513 2326 mulierculae
3565 2270 3691 2339 isti,

2040 2359 2377 2415 nullatenus
2402 2359 2473 2414 ab
2503 2358 2772 2430 incoeptis
2795 2358 3137 2431 quiescenti,
3156 2363 3319 2414 nocte
3341 2357 3580 2432 quidam
3601 2358 3696 2414 vir

2039 2447 2224 2504 astitit
2274 2447 2537 2521 fulgidus
2590 2448 2648 2502 in
2680 2447 2883 2502 habitu
2914 2447 3263 2514 monachali,
3287 2447 3560 2520 inquiens
3590 2447 3641 2503 ei
3673 2465 3686 2504 :

2039 2536 2471 2610 Hymeldrudis,
2507 2537 2694 2592 aderit
2733 2541 2844 2592 tuae
2897 2537 3367 2592 incommoditati
3399 2536 3694 2593 medicina

2040 2625 2307 2681 cmlestis.
2344 2629 2760 2680 Verumtamen
2807 2641 2942 2681 cave
3003 2625 3074 2682 de
3133 2630 3339 2681 caetero
3388 2624 3692 2697 aliquibus

2039 2713 2329 2787 implicari
2388 2714 2645 2787 ﬂagitiis,
2679 2731 2750 2769 ne
2805 2731 3010 2787 pereas
3067 2731 3202 2770 cum
3246 2713 3349 2771 eis.
3384 2715 3469 2782 Et,
3504 2731 3690 2770 manu

2039 2805 2164 2876 ejus
2200 2807 2580 2870 contrectata,
2614 2803 2840 2859 sanavit
2876 2819 3006 2859 eam
3037 2820 3145 2876 ope
3176 2803 3688 2876 praestantissima.

2040 2892 2230 2948 Isdem
2257 2896 2452 2947 autem
2479 2891 2567 2947 vir
2597 2893 2966 2948 asseverabat
2996 2909 3058 2948 se
3095 2893 3382 2948 Joannem
3410 2908 3539 2948 esse
3587 2909 3696 2964 pe-

2039 2997 2143 3036 nes
2173 2997 2348 3052 quem
2375 2979 2522 3035 alter
2543 2978 2745 3051 junior
2775 2979 2873 3035 illo
2902 2980 3212 3036 videbatur
3256 2979 3694 3054 pulcherrimus

2039 3074 2214 3136 stare,
2245 3067 2343 3140 qui
2374 3068 2804 3140 protestabatur
2831 3067 2975 3124 velle
3005 3085 3067 3125 se
3097 3069 3231 3126 inde
3261 3070 3434 3127 exire.

2636 3157 2866 3214 CAPUT
2893 3157 3089 3214 XXIII.

2115 3248 2320 3304 Mulier
2347 3261 2502 3303 caeca
2531 3246 2904 3302 illa-minatur.
2929 3246 3178 3303 ——Aliud
3201 3247 3401 3305 itidem
3434 3249 3692 3306 miracu-

2043 3335 2167 3391 lum
2201 3334 2346 3391 inibi
2375 3339 2676 3391 ostensum
2721 3339 2828 3392 est.
2861 3337 2943 3392 Ne
2999 3336 3174 3393 alicui
3233 3338 3379 3393 forte
3419 3339 3694 3397 videatur

2039 3441 2374 3492 onerosum,
2407 3425 2704 3481 succincta
2751 3425 3081 3482 narratione
3125 3431 3182 3482 et
3203 3428 3687 3501 aggrediendum.

2040 3515 2166 3570 Non
2197 3514 2368 3586 longe
2401 3531 2434 3569 a
2465 3514 2816 3570 monasterio
2866 3514 3034 3586 quasi
3092 3516 3382 3574 curriculo
3427 3517 3693 3574 milliarii

2040 3602 2133 3658 vix
2162 3601 2389 3658 dimidii
2417 3602 2682 3675 degebat,
2708 3603 2945 3659 nomine
2963 3605 3176 3677 Agnes,
3200 3607 3450 3675 anicula,
3484 3608 3700 3666 multo-

2044 3709 2176 3748 rum
2203 3691 2546 3748 decursione
2572 3707 2860 3748 annorum
2891 3693 3020 3749 visu
3043 3694 3310 3763 .nultata,
3345 3713 3472 3768 quae
3503 3703 3702 3772 gesta-

2046 3781 2191 3837 torio
2221 3780 2449 3836 aselluli
2478 3785 2534 3836 et
2559 3781 2738 3836 ductu
2763 3798 3006 3838 suorum
3033 3784 3193 3840 adire
3219 3784 3494 3842 eclesiam
3532 3786 3701 3846 illam

2048 3875 2170 3926 erat
2199 3869 2390 3926 solita.
2424 3870 2527 3926 Die
2557 3870 2813 3942 quadam
2843 3869 3025 3944 igitur
3053 3871 3123 3927 de
3155 3890 3316 3931 more
3356 3875 3701 3942 adveniens,

2049 3975 2228 4031 seque
2260 3963 2392 4032 post
2421 3958 2806 4030 expletionem
2837 3959 3031 4017 missae
3091 3963 3307 4018 tumba
3362 3969 3704 4024 sanctorum

2048 4052 2443 4122 prosternens,
2479 4047 2703 4103 diutius
2733 4052 2858 4104 erat
2887 4049 3133 4104 orationi
3176 4051 3476 4118 insistens,
3528 4059 3707 4110 extm-

2049 4137 2223 4194 diatis
2268 4137 2505 4192 tandem
2563 4137 2692 4206 ejus
2743 4137 3056 4194 comitibus
3109 4141 3299 4211 precis
3350 4142 3708 4214 prolixitate,

2051 4226 2312 4299 aggressi
2340 4230 2479 4282 sunt
2508 4243 2542 4281 a
2572 4224 2696 4282 loco
2728 4243 2858 4281 eam
2890 4227 3203 4298 dimovere,
3237 4236 3564 4288 asserentes
3597 4233 3707 4290 ho-

2051 4331 2176 4371 ram
2209 4313 2590 4387 regressionis
2621 4313 2989 4387 praeteriisse.
3023 4318 3156 4382 Quae
3192 4335 3439 4392 surgens
3469 4321 3706 4392 proﬁte-

2049 4408 2146 4459 tur
2162 4420 2222 4460 se
2235 4420 2373 4458 suos
2395 4405 2828 4475 praesentesque
2848 4409 3088 4460 cunctos
3110 4406 3329 4477 optime
3351 4409 3704 4481 perspicere.

2052 4491 2496 4550 Gratulantibus
2528 4508 2664 4562 ergo
2695 4492 2992 4562 omnibus,
3039 4500 3351 4568 gratesque
3383 4497 3498 4554 Deo
3557 4499 3708 4555 refe-

2054 4582 2339 4646 rentibus,
2368 4580 2497 4652 ipsa
2529 4597 2631 4652 per
2659 4598 2722 4637 se
2746 4585 2886 4637 tunc
2905 4586 2962 4638 et
2985 4583 3262 4656 deinceps
3288 4585 3554 4658 repetivit
3573 4604 3708 4656 sua,

292 4665 487 4721 futuro
512 4669 570 4721 et
601 4666 659 4720 in
697 4663 972 4738 praesenti
999 4670 1012 4719 ι
1046 4663 1224 4720 unius
1246 4663 1400 4720 enim
1435 4681 1539 4720 nos
1561 4665 1862 4738 genitricis
1894 4667 1954 4721 in
1986 4673 2032 4738 Π
2064 4671 2252 4744 magis
2282 4669 2590 4742 magisque
2637 4677 2891 4729 aestuans
2948 4673 3291 4732 laetificatori
3323 4693 3430 4733 suo
3479 4677 3714 4751 placere

295 4755 448 4811 hanc
475 4754 664 4811 lucem
697 4753 901 4810 eil'udit
927 4757 1148 4822 uterus,
1183 4770 1300 4809 una
1319 4757 1377 4810 et
1405 4754 1516 4810 sub
1539 4771 1654 4810 uno
1673 4754 1944 4811 instructi

297 4860 506 4901 sumus
531 4843 870 4900 monasticis
897 4841 1144 4912 actibus,
1159 4859 1312 4898 unus
1332 4842 1561 4899 uniDeo
1579 4844 1952 4900 commendat

298 4934 370 4990 ab
400 4933 511 4988 hac
539 4933 668 4988 luce
705 4933 916 5000 exitus,
977 4949 1131 4988 unus
1179 4932 1537 4988 omnimodis
1596 4933 1840 5004 recipiat
1891 4937 1948 4988 et

297 5021 708 5078 claudatterrie
732 5021 936 5078 matris
955 5021 1219 5078 omnium
1244 5025 1509 5078 nostrum
1535 5021 1948 5092 sinus,quoad-

303 5127 488 5184 usque
518 5111 756 5167 veniens
788 5129 893 5166 nos
923 5111 1132 5167 excitet
1161 5110 1467 5167 Dominus.
1531 5109 1792 5164 Tandem
1847 5109 1947 5165 ubi

299 5201 457 5256 hunc
489 5199 674 5255 finivit
703 5217 1057 5268 sermonem,
1089 5201 1306 5271 pariter
1352 5199 1528 5254 etiam
1576 5197 1766 5253 lucem
1799 5202 1946 5254 tem-

301 5288 579 5362 poralem,
614 5290 965 5346 subsecutus
998 5294 1234 5346 sanctus
1280 5291 1549 5341 sanctum
1602 5285 1862 5353 fratrem,
1895 5291 1951 5342 et

300 5379 534 5452 utrique
560 5378 752 5435 dilecti
784 5380 1062 5435 dilectum
1089 5380 1496 5450 praeceptorem
1530 5373 1670 5429 olim
1703 5375 1948 5431 ccelesti-

300 5468 411 5524 bus
465 5468 692 5524 inhiare
751 5471 1109 5533 monentem,
1173 5480 1328 5519 nunc
1375 5462 1683 5534 promissis
1728 5466 1951 5537 majora

299 5557 690 5613 exhibentem.
708 5557 924 5611 Verum
944 5555 1086 5626 quid
1114 5553 1316 5609 multis
1334 5553 1434 5608 diu
1458 5551 1950 5611 hichzerebimus?

374 5664 487 5745 (gl)
521 5662 700 5745 _P_aul_o
731 5662 898 5745 altior
928 5665 986 5716 et
1015 5661 1363 5745 brevius-sic
1395 5660 1552 5745 hunc
1585 5661 1783 5745 locum
1812 5661 1953 5745 legit

304 5734 478 5788 codex
521 5733 1137 5788 Mcdiani—Monasterii
1173 5751 1184 5788 :
1219 5733 1513 5804 Hildulpho
1560 5735 1783 5790 mortali
1824 5733 1954 5793 vitae

2057 4758 2283 4815 actione
2313 4761 2490 4813 recta.

2665 4849 2896 4906 CAPUT
2923 4851 3110 4907 XXIV.

2127 4934 2386 4991 Tertium
2414 4936 2800 4994 nihilominus
2830 4938 3177 4997 miraculum
3221 4944 3590 5000 subnectitur
3618 4962 3714 5001 se-

2058 5025 2269 5080 cundo.
2306 5025 2476 5082 Poeta
2510 5027 2752 5098 quidam
2784 5029 3031 5085 Domino
3061 5031 3272 5086 cecinit
3299 5033 3554 5104 gaudere
3583 5035 3714 5106 pari

2058 5130 2303 5169 numero
2334 5115 2581 5186 (VIRGIL.
2619 5117 2734 5187 Egi.
2766 5117 2821 5184 8,
2856 5135 2908 5173 v.
2935 5119 3046 5191 15.)
3070 5120 3549 5192 Quaquaversum
3582 5140 3712 5196 per-

2058 5207 2303 5275 vagante
2317 5203 2524 5259 horum
2541 5205 2830 5275 iustorum
2855 5206 3030 5274 fama,
3047 5225 3195 5279 quos
3227 5227 3458 5283 semper
3475 5211 3718 5269 habebit

2062 5297 2275 5348 mterna
2313 5295 2597 5350 memoria
2628 5312 2695 5350 ex
2727 5297 2939 5367 praedio
2969 5301 3024 5351 S.
3081 5299 3356 5371 Stephani
3411 5301 3713 5357 Danorum

2061 5399 2208 5453 opus
2240 5381 2407 5438 solito
2428 5383 2846 5456 vocitari,quod
2874 5391 3141 5459 corrupte
3164 5405 3320 5443 nunc
3352 5389 3716 5447 Danobrium

2057 5470 2315 5526 vocitant
2376 5473 2570 5528 cuncti
2647 5475 2817 5530 Mosae
2877 5475 3035 5532 ﬂuvii
3099 5477 3432 5549 adjacentes
3509 5478 3714 5536 littori.

2063 5559 2309 5623 Quidam
2342 5577 2528 5617 caecus
2561 5579 2622 5618 se
2674 5563 3014 5624 immiscens
3072 5567 3414 5641 frequentia:
3447 5567 3717 5642 populari

2057 5667 2348 5746 subtracto,
2377 5671 2606 5746 ρνφΐαιῂ
2633 5669 2738 5726 duo
2767 5675 3022 5746 germani
3063 5677 3240 5745 parili
3301 5678 3568 5746 languore
3619 5678 3713 5734 de-

2056 5740 2254 5810 pressi,
2289 5756 2416 5796 mox
2439 5740 2808 5799 decubueram
2839 5743 3052 5800 lectulo.
