3958 6378
151 445 263 509 605

1285 446 1678 511 VALCANDI
1722 447 1909 509 VITA
1955 447 2018 509 S.
2065 444 2434 510 DEODATI.

3438 444 3560 510 606

153 580 264 638 huc
295 577 654 653 properanti,
681 579 902 636 excitus
922 580 1082 654 gravi
1109 579 1480 638 incommodo
1501 580 1592 638 sui
1615 584 1672 637 et
1699 597 1802 654 spe
1828 584 1888 649 Α·
1912 583 2040 636 tum
2069 579 2339 650 vocitato,
2372 581 2604 636 detersa
2647 578 2891 654 caligine
2931 573 3228 648 caecitatis,
3262 597 3323 638 se
3354 579 3464 637 sibi
3493 582 3563 638 1i-

153 669 418 726 beneiicii
451 669 617 726 affuit
647 687 780 725 cum
827 687 1069 727 munere
1107 670 1387 726 manuali.
1421 672 1599 726 Nocte
1632 670 1811 744 igitur

145 758 411 832 precibus
439 758 708 830 impensa
737 776 841 814 nec
872 763 1104 832 sperata
1135 757 1496 815 exhilaratus
1558 759 1805 834 medela,

154 848 299 905 facto
329 864 502 904 mane
534 848 742 904 obnixe
785 849 1087 922 satagebat
1118 849 1367 905 revisere
1415 849 1668 921 prOpria.
1702 849 1808 905 Sed

159 937 294 1010 quid
326 941 462 1009 aget
501 936 852 994 miserabilis
905 937 1238 1010 quibusque
1286 936 1700 994 festinantibus
1748 954 1809 992 se

153 1026 387 1082 reddere
416 1025 691 1099 propriis,
727 1025 820 1082 hic
852 1025 1158 1099 stipendiis
1198 1027 1456 1081 haerebat
1488 1025 1718 1092 alienis,
1751 1042 1809 1094 et

150 1114 362 1187 duplici
419 1113 628 1170 anxius
691 1116 884 1182 modo,
921 1114 1040 1171 sive
1087 1116 1242 1187 quod
1292 1115 1526 1170 carebat
1574 1119 1808 1187 sperato

155 1202 452 1274 beneﬁcio,
471 1203 561 1259 vel
591 1205 747 1276 quod
781 1203 1053 1259 familiari
1074 1204 1309 1277 tugurio
1331 1204 1688 1271 vecordium,
1713 1205 1810 1265 ab-

153 1293 340 1365 jectus
369 1291 646 1359 ludibrio,
667 1293 908 1365 quidam
940 1297 1134 1348 tamen
1171 1294 1416 1348 fratrum
1451 1310 1690 1348 manum
1725 1291 1805 1358 illi

161 1381 480 1456 porrigens,
514 1382 586 1436 ad
621 1381 813 1437 locum
848 1381 947 1454 qui
979 1382 1193 1438 dicitur
1217 1380 1590 1437 Visio-Vallis
1622 1397 1808 1452 usque

161 1468 416 1526 medium
467 1471 726 1526 deduxit.
763 1471 867 1526 Ubi
910 1472 1146 1526 tandem
1181 1471 1354 1527 homo
1403 1487 1718 1542 erumpens
1747 1469 1806 1524 in

159 1558 609 1631 querimoniam,
653 1559 1066 1616 miserabiliter
1103 1560 1375 1615 detestari
1409 1558 1807 1614 infelicitatem

158 1664 321 1704 suam
357 1647 450 1703 his
480 1648 672 1703 verbis
699 1648 870 1721 coepit
898 1664 912 1704 :
939 1649 1059 1704 Heu
1084 1648 1244 1721 piget
1265 1653 1368 1704 aut
1390 1648 1565 1720 pudet
1593 1665 1684 1703 mc
1705 1648 1808 1704 mi-

157 1752 350 1792 serum
377 1736 640 1809 attigisse
661 1737 768 1792 has
791 1742 988 1810 partes
1009 1742 1064 1792 et
1087 1738 1227 1793 adeo
1254 1738 1584 1792 diii'amatos
1608 1737 1810 1792 adesse

159 1831 435 1899 patronos
465 1842 532 1882 ac
563 1825 791 1882 Patres!
849 1826 1248 1900 divulgabitur
1289 1825 1514 1882 cunctis
1541 1842 1632 1880 me
1664 1826 1807 1880 infe-

147 1915 496 1972 licissimum
528 1919 585 1971 et
628 1915 1062 1988 nequissimum
1105 1915 1442 1971 mortalium
1477 1932 1622 1981 esse,
1658 1915 1808 1970 sicut

151 2017 306 2060 nunc
337 2003 602 2076 experior
646 2008 703 2059 et
748 2003 932 2060 fateor
960 2005 1203 2078 integre.
1237 2004 1281 2059 Ο
1311 2008 1454 2076 quot
1503 2009 1560 2059 et
1608 2007 1810 2075 quanti

152 2092 322 2166 parili
335 2092 872 2166 vehementiorique
889 2093 1206 2148 infortunio
1224 2091 1440 2148 detenti
1460 2108 1561 2164 per
1576 2095 1810 2148 sanctos

152 2179 285 2238 illos
305 2183 445 2238 sunt
462 2180 676 2254 adepti,
694 2199 850 2237 nunc
870 2198 963 2239 me
980 2200 1162 2238 unum
1175 2225 1187 2248 ,
1204 2181 1285 2237 uti
1305 2181 1682 2255 perspicuum
1700 2185 1807 2242 est,

151 2269 535 2326 infeliciorem
593 2269 1017 2328 infelicissimis
1067 2272 1253 2328 redire
1300 2271 1542 2344 contigit
1589 2271 1809 2343 absque

150 2359 357 2415 effectu
388 2358 529 2415 voti.
561 2359 692 2415 Haec
723 2363 898 2432 atque
941 2361 1283 2432 hujusmodi
1327 2360 1496 2433 plura
1525 2360 1808 2415 animosis

158 2463 290 2504 cum
322 2451 778 2521 prosequeretur
821 2447 1096 2520 querelis,
1123 2447 1419 2504 obtinente
1449 2447 1807 2518 prastantis-

156 2537 305 2592 sime
335 2536 528 2592 ubivis
549 2536 857 2608 praesentia
879 2536 1198 2592 amicorum
1228 2537 1344 2604 Dei,
1369 2552 1554 2591 unum
1579 2535 1806 2590 effecto-

159 2642 289 2681 rum
319 2641 455 2680 cum
486 2624 586 2680 illo
617 2628 674 2681 et
700 2624 760 2680 in
791 2624 888 2680 illo
917 2625 1015 2697 qui
1047 2629 1103 2682 et
1136 2626 1352 2697 ubique
1381 2629 1437 2680 et
1466 2640 1722 2696 praesens
1752 2627 1809 2678 et

146 2718 359 2786 potens
391 2712 588 2770 existit
618 2713 678 2769 in
709 2712 833 2769 loco
874 2731 941 2768 ex
971 2718 1251 2786 proventu
1283 2714 1557 2786 genuino,
1591 2711 1804 2768 Corile-

1840 1953 1886 2017 B

1918 668 2126 724 borum
2150 668 2374 725 itineris
2395 669 2604 724 ducem
2629 669 2916 725 redditum
2941 687 3009 726 ex
3036 669 3330 744 insperato
3363 672 3580 739 sensit,

1918 774 1983 813 ac
2015 757 2229 813 oblitus
2260 757 2506 830 querelae
2531 757 2714 830 jugis,
2740 759 2933 814 verbis
2965 759 3271 815 affectibus
3304 759 3565 828 mutatis,

1918 851 2151 918 repente
2178 847 2308 902 duci
2344 864 2449 902 suo
2482 846 2949 919 gratulabundus
2980 847 3174 920 inquit
3199 865 3246 906 ;‹‹
3277 848 3458 905 Video
3489 853 3565 919 te,

1919 935 2213 1008 silvasque
2245 935 2380 991 hinc
2412 936 2568 1004 inde,
2593 940 2649 992 et
2676 936 2737 992 in
2759 937 2986 992 cunctis
3007 954 3102 993 me
3127 936 3313 993 sentio
3339 955 3570 1012 compo-

1917 1028 2033 1079 tem
2066 1023 2188 1079 viae.
2221 1024 2380 1079 Totis
2427 1024 2623 1096 itaque
2667 1025 2881 1081 animis
2930 1025 3195 1098 ingentes
3244 1025 3568 1098 gratiarum

1917 1112 2173 1169 actiones
2215 1113 2420 1168 divinae
2450 1114 2917 1186 Omnipotentize,
2951 1114 3404 1187 efﬁcacibusque
3433 1133 3568 1172 san-

1917 1206 2141 1257 ctorum
2173 1219 2320 1274 quos
2351 1203 2722 1258 miserrimus
2763 1203 2879 1259 adii
2918 1204 3145 1260 meritis
3175 1205 3380 1272 refero,
3412 1205 3568 1276 quod
3680 1198 3686 1203 ’

1917 1308 2009 1346 me
2052 1291 2197 1346 mihi
2251 1293 2529 1347 donatum
2589 1309 2916 1364 agnosco.»
2949 1294 3138 1348 Laetus
3197 1309 3334 1366 ergo
3395 1295 3585 1350 frater-

1916 1379 2113 1434 laatum
2147 1380 2372 1435 dimisit
2401 1381 2472 1435 ad
2515 1398 2638 1435 sua.
2674 1385 2804 1452 Ipse
2836 1381 3081 1436 coenoin
3116 1387 3381 1454 repetens
3411 1383 3568 1439 clau-

1917 1473 2058 1536 stra,
2094 1467 2324 1539 utrique
2373 1467 2536 1524 laetos
2587 1469 2922 1536 efficientes,
2956 1469 3050 1524 hic
3100 1471 3436 1540 monachos,
3473 1470 3569 1527 ille

1916 1557 2184 1628 populos,
2210 1556 2308 1611 ubi
2342 1560 2656 1612 narrarunt
2683 1561 2848 1628 gesta
2871 1558 2926 1612 in
2949 1558 3060 1614 via.
3087 1558 3186 1614 His
3220 1559 3569 1615 innumeris-

1918 1663 2029 1718 que
2061 1644 2190 1700 aliis
2234 1645 2532 1701 miraculis
2583 1647 2868 1702 hactenus
2928 1646 3090 1702 locus
3149 1648 3305 1704 idem
3358 1648 3566 1705 divinae

1917 1733 2274 1808 dignationis
2304 1735 2626 1807 opitulante
2655 1752 2896 1792 munere
2921 1737 3148 1792 claruit.
3178 1739 3310 1802 Quae
3339 1756 3442 1812 pro
3475 1739 3566 1796 sui

1916 1825 2102 1896 copia,
2130 1823 2490 1896 scriptorum"
2531 1841 2762 1896 quoque
2805 1825 3020 1897 inopia,
3054 1843 3119 1882 ac
3161 1825 3442 1882 lectorum
3475 1845 3568 1884 so-

1915 1913 2112 1967 cordia
2145 1913 2301 1983 prior
2332 1917 2470 1968 satas
2503 1918 2604 1968 aut
2636 1913 2902 1968 funditus
2933 1914 3219 1987 attingere
3249 1915 3568 1985 exhorruit,

1920 2005 2022 2056 aut
2051 2003 2142 2056 vix
2172 2002 2422 2072 alicujus
2443 2002 2674 2058 incultis
2701 2003 3225 2075 argumentationis
3255 2003 3568 2077 exemplari

1920 2090 2223 2146 notificare
2283 2089 2490 2146 saltem
2551 2095 2806 2147 extrema
2832 2090 3014 2147 valuit
3057 2091 3141 2148 vel
3171 2091 3385 2162 voluit;
3444 2092 3571 2166 ipse

1917 2195 2050 2234 vero
2083 2196 2294 2234 manus
2325 2179 2462 2235 dare
2491 2179 2894 2235 inohedicntiaa
2925 2179 3143 2236 veritus
3175 2180 3570 2254 qualicunque

1918 2266 2165 2323 lectione
2186 2267 2482 2340 incompta
2515 2267 2716 2336 latere,
2741 2269 2966 2324 futuros
2997 2269 3240 2325 minime
3270 2287 3403 2326 sum
3435 2287 3568 2342 pas-

1919 2373 2039 2412 sus.
2067 2357 2150 2427 [Si
2189 2357 2324 2426 quis
2353 2373 2486 2411 vero
2518 2356 2730 2411 librum
2766 2357 3184 2414 miraculorum
3237 2375 3418 2431 super
3447 2358 3570 2416 haec

1917 2451 2316 2501 transcurrere
2341 2445 2654 2513 studuerit,
2674 2445 3130 2501 evidentissimis
3154 2463 3466 2518 agnoscere
3487 2446 3570 2502 in-

1917 2534 2084 2590 diciis
2114 2534 2350 2606 poterit,
2374 2539 2628 2605 quantus
2660 2534 2754 2589 hic
2785 2536 2988 2591 beatus
3017 2539 3190 2591 Pater
3218 2540 3414 2591 noster
3443 2535 3564 2592 Hil-

1918 2622 2175 2694 dulphus
2205 2621 2505 2688 exstiterit,
2525 2622 2845 2694 qualesque
2870 2622 3025 2678 viros
3056 2623 3314 2679 dictante
3343 2623 3566 2696 Spiritu

1917 2717 2116 2767 sancto
2149 2715 2361 2767 sanctae
2396 2710 2664 2767 Ecclesiae
2693 2711 3066 2784 educaverit.j

773 3001 938 3092 DE
1014 2999 2023 3094 SUCCESSOBIBUS
2097 2999 2187 3091 S.
2251 2998 2941 3105 HILDULPHI

1268 3180 1346 3239 IN
1397 3179 1904 3240 MONASTERIO
1948 3178 2432 3238 MEDIANENSI

1181 3337 1342 3409 (Vide
1370 3338 1702 3409 Palrologz'ae
1732 3342 1855 3393 tom.
1888 3336 2221 3403 CXXXVIII,
2248 3338 2350 3392 col.
2382 3335 2530 3408 203.)

1637 3496 2050 3508 _—__

513 3618 1069 3775 VITA
1205 3613 2028 3772 SANCTI
2165 3614 3182 3773 DEODATI

1143 3988 1296 4090 DE
1391 3987 1881 4096 SANCTO
1979 3987 2568 4096 DEODATO

345 4183 660 4245 PRIMUM
695 4182 1074 4244 EPISCOPO
1107 4182 1610 4257 NIVEBNENSI,
1642 4184 1826 4243 DEIN
1861 4183 2174 4244 ABBA'I‘E
2204 4183 2486 4244 VALLIS
2520 4184 2906 4245 GALIL/EAE
2936 4185 3014 4246 IN
3046 4185 3359 4248 VOSAGO

1107 4351 2029 4440 COMMENTARIUS
2085 4353 2597 4441 PRAEVIUS

992 4529 1144 4597 (Acta
1173 4533 1488 4585 sanctor-um
1518 4529 1792 4598 Bolland.,
1823 4529 1984 4586 Junii
2025 4533 2067 4585 t.
2104 4529 2196 4595 III,
2230 4528 2322 4584 die
2355 4529 2441 4597 19,
2473 4545 2532 4600 p.
2564 4530 2714 4601 869.)

1647 4688 2058 4702 --ι

1119 4790 1205 4849 De
1235 4789 1428 4850 sancti
1457 4789 1652 4864 cultu,
1685 4790 1834 4864 vita,
1871 4797 2053 4851 aetate
2084 4809 2155 4850 ac
2185 4788 2581 4850 monasterio.

204 4976 549 5056 1.Yosa_gus
565 4973 1404 5056 mons,saltus‘,_silva,eretpus
1421 4989 1524 5056 per
1539 4976 1792 5056 confinia
1821 4977 1865 5045 ί]
1904 4977 2433 5056 quodposteanad‘
2473 4974 2738 5056 ordinem
2787 4941 3414 5056 _Przsmonstratensem
3469 4981 3560 5035 est

124 5045 392 5118 Alsatiaa,
419 5045 766 5118 Burgundize
788 5051 844 5101 et
875 5046 1246 5118 potissimum
1280 5045 1665 5118 Lotharingiae
1695 5064 1790 5102 ex-

125 5117 429 5185 tenditur;
462 5116 993 5189 przebuitqueolim
1036 5116 1210 5189 variis
1240 5117 1480 5185 sanctis,
1512 5116 1633 5172 tam
1663 5135 1791 5173 erc-

126 5189 336 5261 mitis,
360 5176 538 5261 quam
581 5176 905 5261 cmhobitis,
939 5176 1235 5261 domicilia
1278 5204 1380 5242 seu
1411 5176 1788 5246 monasteria.

123 5261 297 5317 Inter
326 5260 450 5316 hsac
478 5260 704 5332 potiora
740 5260 1000 5332 quinque
1040 5260 1428 5332 censebantur
1458 5261 1515 5315 in
1549 5263 1790 5317 modhm

123 5332 334 5388 crucis
365 5331 988 5404 distenta;ex’quib’us
1018 5332 1076 5404 in
1100 5331 1438 5404 capitegerat
1462 5332 1531 5385 ad
1563 5336 1792 5402 septen-

123 5404 418 5470 trionem,
448 5403 700 5459 Bodonis
750 5402 1168 5458 monasterium
1212 5421 1246 5457 a
1289 5403 1345 5456 S.
1383 5402 1613 5457 Bodone
1662 5404 1794 5458 Tul-

121 5475 287 5556 lensi
310 5475 615 5556 episcopo,
643 5475 818 5556 cujus
849 5473 1023 5556 infra_
1054 5472 1223 5556 latior
1264 5474 1334 5554 fit
1363 5474 1791 5556 nmen_tio,’_con-

122 5544 605 5617 structum,ja_m‘
625 5544 887 5617 diritum.
924 5545 1061 5600 Inde
1092 5545 1163 5599 ab
1195 5544 1413 5600 oriente
1443 5549 1532 5600 est
1553 5568 1582 5617 (ς
1615 5545 1791 5601 Seno-

121 5634 322 5673 nense
373 5616 815 5684 monasterium,
864 5635 898 5673 a
943 5621 999 5671 S.
1040 5618 1356 5672 Gumberto
1407 5633 1508 5671 seu
1557 5616 1791 5673 Gundo-

121 5690 385 5745 doberto
433 5688 867 5760 archiepiscopo
897 5711 926 5740 »
969 5687 1286 5760 Senonensi
1315 5688 1654 5760 conditum,
1709 5691 1790 5744 uti

122 5760 320 5817 latius
379 5759 453 5815 ad
509 5759 688 5831 hujus
723 5759 935 5831 Vitam,
979 5762 1058 5831 2t
1094 5759 1348 5831 Feruarii
1383 5765 1471 5815 est
1523 5759 1792 5828 relatum,

125 5832 295 5906 quod
321 5831 495 5906 modo
513 5829 700 5906 exstat
719 5831 830 5906 sub
852 5829 1312 5906 Benedictina_S_.
1337 5831 1529 5886 Vitoni
1554 5849 1792 5906 congre-

125 5900 401 5975 gatione,
424 5901 466 5958 E
498 5901 733 5975 regione
760 5902 838 5975 ab
871 5900 1166 5959 occidente
1193 5902 1465 5975 visitatur
1494 5900 1794 5960 monaste-

127 5973 300 6032 rium
315 5973 666 6048 Stinagitim,
679 5973 854 6047 vulgo
869 5975 1118 6041 Estinan,
1135 5975 1207 6032 ad
1225 5973 1512 6033 Mortham
1531 5976 1790 6043 ﬂuvium,

1903 5046 2278 5103 translatum.
2312 5047 2536 5103 Ibidem
2567 5046 2743 5102 etiam
2785 5046 3075 5102 invenitur
3097 5071 3124 5097 ‹‹
3159 5048 3416 5105 Medium
3451 5067 3554 5106 seu

1901 5119 2235 5192 Medianum
2290 5119 2798 5192 Monasterium,_a
2847 5119 2904 5174 S.
2940 5118 3277 5192 Hildulpho,
3310 5120 3556 5178 dimisso

1904 5190 2407 5266 archiepiscopatu
2425 5188 2760 5266 _Trevire_nsi
2786 5212 2812 5238 »
2836 5193 3122 5266 erectum;
3143 5188 3217 5266 de
3249 5208 3364 5264 quo
3395 5194 3446 5266 ej
3457 5210 3556 5266 us-

1904 5279 2016 5333 que
2048 5260 2352 5335 fundatOre
2378 5261 2640 5335 plurima
2667 5261 2820 5316 infra
2841 5260 3350 5335 dicenturxlpsum
3381 5260 3555 5321 modo

1903 5350 2036 5387 cum
2068 5333 2390 5387 Senonensi
2423 5339 2802 5405 aggregatum
2834 5338 2924 5387 est
2953 5333 3423 5405 Benedictinaafs.
3455 5337 3556 5390 Vi-

1902 5405 2023 5476 toni
2049 5403 2948 5476 congregationi{lilo'nasterium
2978 5406 3216 5460 demum
3239 5404 3558 5463 Vallis-Ga-

1900 5475 2602 5549 lilaazeLquod’Juncturas
2623 5475 2910 5549 dixerant,
2935 5477 3004 5549 ad
3031 5477 3358 5545 meridiem,
3384 5477 3555 5549 quasi

1903 5547 1963 5627 in
2003 5546 2148 5627 pede
2196 5546 2628 5627 cru_cis,‘qua_m_
2664 5546 2781 5627 ista
2811 5548 3076 5627 emnobia
3124 5546 3464 5627 iorm.ant,_a
3493 5549 3552 5627 S_.

1902 5617 2178 5685 Deodato,
2213 5619 2381 5688 cujus
2412 5617 2506 5672 hic
2533 5621 2674 5674 Acta
2717 5617 3106 5683 illustramus,
3139 5620 3438 5675 conditum
3499 5623 3557 5674 et

1902 5690 2199 5746 excultum
2240 5689 2376 5757 fuit;
2429 5689 2709 5761 obituque
2757 5690 3044 5761 ejusdem,
3071 5694 3127 5746 et
3153 5691 3461 5760 sepultura
3489 5707 3556 5746 ac

1904 5707 2199 5746 excultum
2240 5707 2376 5757 iuit;
2429 5707 2589 5743 oonu
2639 5707 2709 5744 ue
2757 5707 3044 5761 ejusdem,
3071 5707 3127 5746 et
3153 5707 3461 5760 sepultura
3489 5707 3555 5746 ac

1904 5761 2204 5818 miraculis
2230 5761 2482 5830 clarum;
2516 5707 2670 5816 unde
2700 5761 2773 5832 ab
2804 5760 2903 5816 illo
2927 5763 3051 5832 jam
3074 5761 3308 5832 pridem
3342 5777 3555 5819 nomen

1904 5834 2126 5906 accepit
2182 5832 2484 5906 oppidum,
2519 5832 2673 5906 quod
2707 5831 2895 5906 eidem
2934 5831 3241 5906 paulatim
3283 5833 3554 5906 accrevit,

1903 5905 1975 5983 ad
2023 5901 2552 5983 dictum—ﬂuvium
2588 5901 2898 5983 Mlortham,
2930 5901 3553 5983 vulgo.Saz:n¢:l)ié—q72.-

1902 5977 2168 6034 Lorraine
2197 5978 2602 6046 nuncupatum
2634 5973 2744 6044 (est
2786 5973 2943 6028 enim
2975 5971 3132 6030 aliud
3181 5972 3252 6028 ad
3299 5971 3550 6044 Ligerim
