3958 6382
415 408 525 468 ﬁll

1805 561 1968 568 κῇ...-

1135 402 1324 462 SEO.
1369 401 1447 462 XI
1490 400 1716 462 AUCT.
1766 400 2075 461 lNCERTI
2121 401 2308 461 ANNl
2353 400 2452 462 ET
2498 399 2821 462 SCRIPTI.
2866 409 3093 458 ἈΔΕΣΠ.

3733 393 3878 454 612

1911 557 3874 590 W

1329 724 1756 862 VITA
1861 725 1996 860 S.
2089 725 2898 863 DEODATI

728 946 1010 1008 Primum
1037 965 1075 1007 a
1103 943 1476 1006 Deodatensi
1507 944 1813 1005 monacho
1841 945 2092 1022 scripta,
2125 942 2267 1003 dein
2297 962 2333 1003 a
2363 943 2808 1004 Mediolanensi
2836 943 3064 1005 abbate
3095 943 3490 1022 interpolata.

1505 1077 1590 1132 Ea:
1618 1093 1717 1132 ms.
1751 1076 2025 1134 codicibus
2057 1080 2107 1132 et
2135 1075 2373 1132 editione
2399 1077 2713 1132 Nanciana.

940 1333 1172 1389 CAPUT
1211 1333 1520 1389 PRIMUM.

527 1451 704 1517 Ortus,
740 1452 1073 1522 episcopatus
1103 1450 1465 1518 Niversensz's,
1495 1449 1607 1504 vita
1627 1449 1902 1505 solita-ria.

471 1601 521 1655 4.
554 1599 846 1656 Catholica
903 1599 1070 1666 ﬁdes,
1102 1602 1159 1654 et
1197 1599 1530 1655 Christiana
1586 1598 1793 1670 pietas,
1827 1602 2048 1670 quanto

397 1688 651 1745 vivacius
669 1688 852 1744 aciem
879 1688 1094 1742 mentis
1115 1687 1175 1742 in
1211 1687 1602 1745 invisibilibus
1635 1688 1853 1759 deﬁgit,
1886 1692 2048 1742 tanto

397 1777 634 1851 segnius
665 1776 921 1832 visibilia
950 1777 1216 1844 attendit,
1252 1776 1391 1848 quia
1430 1793 1633 1831 eorum
1674 1776 1927 1832 vanitate
1986 1793 2048 1832 se

399 1880 571 1937 posse
601 1865 804 1921 caecari
832 1863 1242 1920 animadvertit
1265 1881 1278 1931 ;
1306 1881 1409 1920 nec
1440 1864 1728 1920 mulcetur
1749 1863 2049 1936 qualicun-

397 1970 512 2025 que
529 1954 722 2024 specie
748 1953 1124 2017 caducorum,
1159 1969 1288 2024 quae
1321 1953 1569 2010 miratur
1600 1958 1659 2009 et
1688 1955 1872 2009 ambit
1896 1955 2049 2009 ﬂuxa

397 2041 727 2097 carnalium
759 2040 1069 2097 curiositas
1099 2041 1374 2106 exterius,
1427 2042 1705 2114 quoniam
1766 2047 1868 2098 aut
1899 2043 2050 2098 fwda

397 2130 838 2196 interdum,aut
872 2146 1055 2185 vacua
1085 2129 1242 2185 novit
1271 2130 1541 2186 interius.
1572 2133 1618 2185 A
1650 2132 1865 2203 quibus
1917 2132 2046 2188 ideo

396 2219 596 2275 oculos
616 2218 822 2274 avertit
842 2224 1134 2290 quatenus
1163 2219 1277 2274 veri
1312 2223 1368 2274 et
1400 2219 1572 2274 solidi
1626 2220 1761 2275 boni
1794 2220 2046 2276 oblecta-

399 2307 556 2364 mine
581 2307 639 2362 in
662 2313 945 2362 aeternum
973 2307 1190 2378 perfrui
1221 2307 1446 2379 possit;
1482 2309 1654 2379 cujus
1689 2309 1885 2365 sobrio
1917 2308 2047 2364 vino

395 2395 819 2453 sicinebriatur
841 2400 906 2450 ut
926 2397 1152 2468 ignoret
1167 2413 1280 2467 quo
1296 2397 1532 2453 tramite
1561 2397 1633 2452 ad
1659 2397 1782 2453 haec
1811 2397 2049 2453 inﬁrma

395 2489 741 2540 revertatur.
768 2485 853 2540 Ad
882 2484 1225 2556 hujusmodi
1259 2502 1487 2540 merum
1521 2486 1605 2540 sic
1636 2503 1743 2540 nos
1781 2485 2048 2540 hortatur

391 2573 696 2629 Canticum
729 2571 1088 2628 canticorum
1123 2591 1135 2628 :
1171 2574 1363 2641 Bz‘bz'te,
1388 2575 1576 2639 amici,
1599 2579 1651 2628 et
1691 2574 2048 2629 inebriamim’

389 2661 705 2717 charissimi
723 2662 905 2730 (Cant.
938 2679 992 2729 x,
1027 2662 1100 2732 1).
1134 2662 1357 2717 Animae
1388 2663 1639 2717 ebrietas
1671 2663 1906 2734 gemina
1936 2668 2042 2730 est;
2075 2698 2122 2763 B

390 2755 492 2806 aut
511 2750 666 2806 enim
687 2750 976 2805 inebriata
997 2767 1195 2805 amore
1218 2749 1436 2815 saeculi,
1479 2751 1847 2807 obliviscitur
1875 2756 2040 2807 Crea-

389 2839 534 2894 toris
593 2838 705 2908 sui,
739 2843 840 2894 aut
897 2839 1185 2894 inebriata
1216 2837 1493 2910 praeclaro
1534 2838 1712 2894 calice
1743 2841 2043 2897 charitatis

390 2927 515 2992 Dei,
540 2926 622 2982 sic
649 2927 919 2982 ardenter
957 2925 1212 2980 adhaeret
1243 2924 1538 2981 Conditori
1588 2932 1652 2982 ut
1683 2945 1796 2983 non
1829 2929 2042 2984 sentiat

391 3015 677 3088 quidquid
709 3019 798 3071 est
829 3014 1053 3069 mundi.
1084 3015 1247 3079 Quod
1279 3015 1612 3085 frequenter
1652 3016 1928 3072 audimus
1986 3022 2043 3074 et

387 3104 655 3160 videmus
675 3104 916 3172 factum,
937 3102 1172 3173 quando
1195 3101 1463 3157 nonnulli
1486 3120 1590 3174 pro
1613 3104 1900 3161 desiderio
1912 3105 2042 3162 vitae

386 3195 636 3259 aeternas,
671 3196 944 3263 parentes
987 3191 1182 3246 carnis
1241 3195 1297 3246 et
1344 3191 1594 3263 patriam
1655 3211 1849 3264 suam,
1880 3195 2040 3251 nullo

387 3279 793 3351 compellente,
827 3279 937 3334 sub
961 3278 1108 3354 j‘ugo
1138 3279 1374 3335 Patrum
1407 3281 1800 3353 spiritualium
1831 3283 2039 3338 victuri

390 3367 654 3439 fugiunt;
679 3371 736 3422 et
755 3367 1053 3438 quondam
1071 3365 1227 3434 elati,
1247 3367 1491 3440 cupiunt
1517 3386 1646 3426 esse
1678 3371 1831 3442 quod
1865 3371 2037 3442 paulo

389 3459 523 3512 ante
562 3456 961 3528 despexerant,
979 3459 1035 3510 et
1059 3455 1252 3511 odisse
1280 3456 1568 3530 incipiunt
1597 3459 1752 3530 quod
1786 3460 2035 3515 fuerant.

387 3547 773 3602 Amarescunt
801 3543 886 3600 eis
917 3543 1055 3600 olim
1088 3545 1302 3612 dulcia,
1326 3551 1384 3602 et
1415 3546 1759 3604 dulcescunt
1788 3565 1988 3604 amara
2021 3567 2034 3617 ;

385 3649 662 3706 prospera
692 3632 1030 3701 formidant,
1064 3633 1308 3689 adversa
1326 3639 1619 3707 excptant,
1653 3636 1815 3692 obliti
1849 3637 2037 3692 facul-

383 3727 571 3779 tatum
602 3723 1266 3796 suarum,omniumque
1282 3724 1606 3781 carnalium
1632 3727 2030 3797 aﬂ'ectionum;

385 3829 490 3868 nec
520 3813 872 3886 importunis
904 3812 1137 3868 ﬂetibus
1169 3815 1487 3886 ronjugum
1541 3821 1903 3888 revocantur,
1932 3834 2033 3872 seu

383 3901 595 3972 pietate
619 3901 1114 3972 parvulorum,sic
1140 3901 1332 3956 festini
1365 3903 1438 3956 ad
1464 3902 1722 3958 laborem
1761 3905 1928 3976 quasi
1961 3906 2032 3960 ad

385 3988 667 4060 requiem.
697 3989 816 4044 Hoc
853 3988 1039 4044 sancti
1075 3989 1324 4060 Spiritus
1359 3995 1553 4046 musto
1587 3993 1827 4064 quidam
1857 3993 2031 4064 pleni,

384 4076 797 4149 opulentarum
860 4077 1096 4132 urbium
1162 4093 1404 4133 suarum
1465 4063 1619 4134 sunt,
1647 4080 1810 4136 obliti
1839 4063 1898 4136 in
1930 4083 2039 4138 hac
2070 4063 2112 4130 Ο

385 4181 637 4238 paupere
691 4165 939 4236 Vosago,
973 4166 1126 4220 fame
1173 4170 1229 4220 et
1276 4166 1488 4238 frigore
1546 4167 1843 4225 tabescere
1899 4187 2038 4226 con~

382 4253 548 4310 tenti.
577 4253 657 4310 De
690 4271 941 4326 quorum
1004 4269 1248 4310 numero
1291 4254 1593 4326 piissimus
1648 4258 1816 4313 Pater
1842 4264 2040 4315 noster

387 4342 697 4409 Deodatus,
738 4342 1032 4414 praecipuo
1064 4342 1234 4398 nobis
1267 4344 1676 4416 praedicandus
1704 4351 1792 4402 est
1821 4365 2035 4420 praeco-

383 4432 482 4486 nio
511 4433 644 4499 (22).

456 4519 671 4576 Beatus
718 4519 1010 4575 Deodatus
1058 4537 1337 4593 generoso
1373 4523 1818 4581 occidentalium
1855 4527 2036 4583 Fran-

385 4624 588 4664 corum
648 4608 932 4681 sanguine
991 4614 1347 4681 procreatus,
1400 4629 1630 4668 morum
1689 4618 1746 4669 et
1795 4619 2036 4670 actuum

385 4697 766 4770 praerogativa
791 4697 848 4751 in
872 4715 988 4753 suae
1011 4699 1291 4770 prosapiae
1329 4698 1480 4757 linea
1507 4702 1754 4757 eminuit
1785 4703 2034 4774 primus,

384 4786 651 4858 quamvis
677 4803 745 4841 ex
775 4787 1033 4859 corporis
1063 4786 1300 4842 aetatula
1328 4793 1665 4846 censeretur
1681 4795 2032 4863 postremus,

452 4943 562 5020 (22)
586 4943 968 5020 Hinc_i_nci_pit
990 4962 1102 5020 ms“.
1128 4945 1568 5016 Ultrajectinum
1605 4949 2034 5020 praepositishis

379 5013 571 5069 verbis
591 5031 684 5102 ':.«
705 5013 1239 5102 'Pii‘slsi—mustater
1262 5013 1458 5073 noster
1489 5013 1801 5101 Deodatus,
1832 5022 2033 5102 prreci-

381 5101 497 5156 puo
512 5085 680 5164 nobis
703 5085 873 5164 hodie
895 5087 1298 5164 praedicandus
1321 5095 1410 5164 est
1431 5091 1718 5160 praeconio
1746 5085 2032 5164 quigene-

379 5172 534 5221 roso,
572 5177 599 5205 ››
627 5161 758 5223 etc.,
791 5163 848 5213 et
879 5164 1115 5214 secutus
1151 5160 1478 5215 Mosander.

451 5227 564 5298 (23)
598 5227 836 5284 Carolus
868 5230 920 5284 le
972 5230 1171 5285 Cointe
1203 5231 1272 5285 ad
1333 5247 1553 5284 annum
1585 5233 1710 5296 657,
1748 5249 1908 5288 num.
1943 5233 2032 5298 'l6,

379 5297 598 5423 profert
630 5321 657 5349 ‹‹
694 5299 1082 5372 privilegium,
1117 5301 1271 5371 quod
1304 5301 1510 5355 Emmo
1555 5297 2031 5376 archiepiscopus

421 5370 733 5423 enonensis
765 5372 821 5423 S.
855 5371 1160 5423 Petri-Vivi
1195 5372 1250 5423 in
1280 5371 1498 5423 svnodo
1530 5372 1770 5423 collecta
1793 5392 2029 5423 cnnnns-

421 5370 733 5444 enonensis
765 5372 821 5444 S.
855 5370 1160 5444 Petri-Vivi
1195 5372 1250 5425 in
1280 5371 1498 5444 synodo
1530 5370 1774 5444 collecta
1793 5370 2029 5432 conces-

379 5440 472 5503 sit,
509 5463 546 5518 »_
569 5441 661 5495 cui
693 5443 1044 5518 subscripsit
1072 5442 1220 5518 inter
1249 5429 1417 5518 alios
1465 5429 1773 5518 episcopus
1806 5429 2031 5503 *Nitéi—
2061 5429 2108 5495 D

379 5513 603 5584 pensis,
638 5530 814 5584 quem
846 5513 897 5568 le
927 5512 1149 5568 'Cointe
1181 5512 1516 5584 arbitratur
1557 5512 1737 5573 fuisse
1779 5518 1936 5574 hunc
1970 5520 2027 5575 S.

379 5581 704 5658 Deodatum
731 5585 870 5658 ;sedﬁ
895 5584 966 5658 (si
998 5585 1156 5658 is,_ut
1185 5583 1306 5638 vult
1336 5584 1765 5658 Riguetus,sub
1789 5607 1881 5646 an.
1902 5592 2028 5658 650,

381 5657 447 5713 ut
477 5659 672 5713 autem
696 5671 822 5728 ego,
845 5657 972 5724 630,
1005 5655 1341 5730 episcopatu
1375 5655 1541 5722 abiit)
1582 5657 1752 5736 longe
1809 5655 2033 5724 exerrat

2084 1335 2139 1400 Α
2170 1337 2248 1388 De
2270 1332 2481 1388 virtute
2501 1332 2559 1387 in
2575 1333 2848 1389 virtutem
2873 1333 3088 1405 itaque,
3105 1348 3206 1404 per
3229 1331 3415 1388 aetatis
3455 1330 3852 1388 incrementa

2157 1421 2450 1493 gradatim
2481 1423 2692 1489 eundo,
2710 1426 2941 1495 gratum
2965 1439 3028 1477 se
3063 1439 3130 1477 ex
3151 1420 3389 1494 gemina
3408 1419 3707 1477 charitate
3740 1437 3848 1500 ex-

2159 1509 2396 1564 hibebat
2420 1514 2532 1565 Deo
2564 1514 2620 1565 et
2650 1510 2888 1582 populo,
2930 1509 3166 1565 divitias
3195 1509 3427 1578 salutis,
3461 1507 3841 1582 sapientiam

2157 1596 2425 1653 videlicet
2464 1614 2531 1652 ac
2554 1598 2887 1667 scientiam,
2913 1598 3247 1670 pariterque
3270 1597 3540 1653 timorem
3563 1596 3842 1663 Domini,

2158 1685 2600 1758 infatigabiliter
2631 1685 3042 1757 complectens,
3079 1703 3180 1758 pro
3215 1685 3648 1758 incorruptibili
3700 1686 3843 1742 the-

2159 1791 2351 1829 sauro.
2374 1775 2634 1829 Tandem
2659 1775 2784 1846 pari
2805 1779 2861 1830 et
2884 1775 3054 1830 unico
3086 1792 3333 1831 assensu
3356 1774 3494 1830 cleri
3521 1779 3584 1830 et
3605 1773 3844 1848 plebis,

2159 1863 2334 1918 aDeo
2379 1863 2491 1931 (cui
2543 1880 2604 1918 se
2663 1868 2850 1918 totum
2913 1864 3173 1934 dederat)
3197 1865 3363 1935 juxta
3414 1863 3682 1920 nominis
3735 1863 3840 1918 sui

2157 1951 2454 2024 exemplar
2469 1953 2722 2008 donatus
2745 1957 2834 2008 est
2853 1952 3150 2025 pontiﬁcio
3173 1953 3462 2020 Nivernis,
3495 1970 3569 2009 ne
3602 1956 3829 2009 sancta

2158 2041 2286 2111 ejus
2317 2041 2466 2096 actio
2499 2040 2723 2096 diutius
2756 2039 2962 2096 lateret
3006 2042 3116 2096 sub
3139 2041 3353 2109 modio,
3386 2040 3544 2097 velut
3574 2039 3834 2097 lucerna

2157 2129 2604 2201 praeclarissima.
2625 2129 3038 2186 decentissimo
3065 2128 3826 2203 praeﬁgendacandelabro,

2158 2222 2221 2273 ut
2247 2223 2366 2273 tam
2409 2219 2583 2273 verbo
2623 2234 2799 2290 quam
2854 2219 3002 2274 facto
3048 2217 3266 2275 luceret
3295 2217 3573 2274 omnibus
3604 2217 3668 2273 in
3702 2218 3827 2275 Do-

2158 2307 2300 2362 mini
2335 2306 2687 2362 sanctuario.
2717 2307 2878 2370 Quod
2911 2311 3133 2378 quanta
3179 2307 3486 2363 devotione
3526 2311 3586 2364 et
3636 2307 3827 2362 indu-

2157 2395 2319 2462 stria,
2356 2395 2464 2450 sub
2523 2395 2711 2450 infula
2767 2395 3110 2468 pontiﬁcali,
3172 2395 3572 2465 illustraverit,
3637 2413 3823 2452 nemo

2156 2484 2416 2556 priorum
2443 2483 2708 2555 ambigit,
2734 2485 2968 2556 quando
2993 2501 3227 2563 omnem
3259 2486 3387 2556 ejus
3419 2484 3656 2540 laudem
3677 2484 3820 2542 ﬁnis

2157 2572 2444 2643 perfectus
2463 2571 2635 2626 canit.
2656 2572 2718 2627 In
2734 2589 2849 2644 quo
2871 2573 3237 2645 pernoscitur
3262 2571 3478 2629 clarius
3509 2572 3643 2629 luce
3673 2591 3817 2630 eum

2155 2661 2212 2714 in
2243 2660 2581 2732 episc0patu
2615 2677 2731 2714 non
2764 2677 2890 2728 sua,
2926 2661 3026 2716 sed
3059 2678 3186 2733 quae
3219 2666 3357 2718 sunt
3395 2662 3536 2718 Jesu
3585 2661 3814 2718 Christi

2153 2753 2379 2803 tantum
2405 2748 2684 2820 qumsisse
2715 2750 2826 2820 (23)
2854 2765 2988 2816 ;nec
3010 2750 3218 2806 saltem
3250 2752 3322 2807 ab
3356 2749 3703 2807 hominibus
3727 2768 3814 2808 re-

2150 2838 2466 2892 verentiam
2490 2838 2768 2902 debitam,
2790 2839 2891 2894 sed
2923 2856 2955 2894 a
2981 2839 3095 2895 Deo
3115 2840 3581 2896 renumeratione
3605 2839 3801 2896 illiba-

2153 2931 2272 2981 tam
2306 2941 2376 2981 ex
2404 2925 2620 2982 honore
2653 2926 2752 2982 illo
2784 2933 3018 3000 optasse
3048 2927 3139 2983 cui
3173 2932 3297 2984 tam
3330 2929 3578 3001 perfecte
3619 2929 3810 2986 valuit

2151 3015 2506 3070 renuntiare.
3107 3062 3110 3065 .

2220 3105 2271 3157 3.
2306 3103 2566 3174 Denique
2595 3103 3008 3160 sanctissimus
3039 3104 3304 3174 antistes,
3335 3106 3553 3178 sagitta
3605 3106 3799 3162 chari-

2148 3192 2286 3247 tatis
2343 3191 2550 3247 divina
2609 3192 2921 3248 salubriter
2977 3192 3339 3261 vulneratus,
3373 3195 3526 3250 trahi
3557 3200 3614 3250 et
3670 3212 3802 3250 cur-

2149 3297 2275 3337 rere
2324 3286 2454 3352 post
2482 3281 2688 3338 Jesum
2733 3282 3036 3354 expetebat
3065 3286 3223 3338 totus
3251 3283 3397 3355 (24);
3431 3284 3798 3356 perpendens

2149 3370 2437 3424 mundum
2495 3370 2554 3424 in
2617 3369 2874 3442 maligno
2929 3371 3185 3442 positum
3217 3372 3264 3442 (Ι
3317 3373 3476 3428 Joan.
3501 3389 3555 3440 v,
3577 3373 3654 3444 9),
3699 3388 3795 3428 se-

2147 3473 2260 3528 que
2292 3458 2351 3512 in
2385 3459 2577 3513 medio
2639 3458 3069 3514 scandalorum.
3106 3459 3330 3515 Etenim
3389 3460 3543 3517 sicut
3568 3476 3792 3533 super-

2145 3546 2355 3601 borum
2400 3550 2490 3602 est
2549 3546 2882 3616 minimum,
2917 3564 3019 3604 seu
3079 3552 3232 3604 certe
3289 3548 3370 3603 nil
3428 3549 3565 3605 boni
3623 3564 3791 3622 agere

2145 3639 2201 3690 et
2233 3633 2408 3690 semel
2445 3634 2904 3706 perfestissimos
2939 3637 2998 3690 in
3029 3635 3216 3692 oculis
3237 3636 3338 3693 Dei
3368 3637 3674 3706 aestimare,
3708 3637 3790 3694 sic

2145 3724 2401 3796 profecto
2444 3723 2758 3779 humilium
2808 3729 2915 3790 est,
2948 3741 3074 3796 quae
3107 3728 3396 3798 praecepta
3429 3731 3568 3782 sunt
3598 3727 3790 3784 omnia

2145 3813 2351 3879 facere,
2371 3829 2549 3885 seque
2589 3813 2829 3869 inutiles
2856 3830 3053 3869 servos
3078 3816 3226 3884 (Luc.
3260 3829 3396 3884 xvn,
3438 3815 3545 3887 10),
3577 3818 3632 3872 et
3665 3831 3789 3871 om-

2145 3901 2318 3958 nibus
2345 3901 2687 3957 hominibus
2714 3901 3018 3957 inferiores
3049 3919 3113 3956 ac
3145 3902 3398 3970 viliores,
3433 3919 3548 3959 non
3601 3902 3789 3959 solum

2144 4008 2250 4047 suo
2282 4007 2380 4045 ore
2420 3990 2824 4062 pronuntiare,
2857 4007 3058 4046 verum
3117 3991 3292 4046 etiam
3348 3992 3554 4047 intimo
3603 3992 3787 4048 cordis

2152 4080 2358 4135 afl‘ectu
2377 4080 2630 4135 credere.
2653 4079 2874 4152 Quippe
2896 4097 2928 4134 a
2953 4078 3180 4136 malitia
3203 4080 3484 4149 conversi,
3517 4085 3574 4136 et
3605 4080 3787 4136 eﬁ‘ecti

2147 4167 2206 4222 in
2238 4166 2422 4222 oculis
2454 4167 2579 4224 suis
2600 4167 2844 4240 parvuli,
2875 4168 3121 4223 Domino
3145 4169 3416 4241 parvulos
3440 4169 3784 4226 custodienti

2149 4257 2316 4326 (Psal.
2346 4273 2491 4325 cxrv,
2526 4258 2580 4326 6)
2613 4257 2828 4312 deflent
2859 4261 3052 4313 mente
3083 4257 3333 4330 supplici
3370 4275 3382 4313 :
3415 4259 3786 4330 Imperfectum

2146 4362 2328 4401 meum
2357 4345 2608 4400 viderunt
2637 4346 2782 4400 oculi
2813 4347 2895 4399 tui
2924 4346 3095 4416 (Psal.
3126 4362 3393 4415 cxxxvm,
3416 4347 3518 4417 l6).
3553 4347 3664 4402 Hoc
3679 4347 3782 4403 uti-

2147 4451 2258 4505 que
2281 4438 2473 4505 pacto,
2492 4433 2579 4488 vir
2620 4450 2864 4488 summae
2887 4434 3214 4490 sanctitatis
3237 4435 3530 4491 Deodatus
3563 4436 3620 4490 in
3648 4435 3784 4490 civi-

2145 4527 2262 4578 tate
2292 4522 2392 4577 Dei
2421 4520 2752 4577 humilitate
2784 4523 3043 4594 perfecta
3072 4524 3367 4579 radicatus
3407 4528 3466 4579 et
3514 4524 3778 4580 fundatus

2147 4611 2318 4681 (Psal.
2355 4610 2688 4680 x:.v11,2,3),
2725 4626 2950 4664 necnon
2982 4614 3248 4681 respectu
3279 4610 3535 4665 districti
3566 4610 3778 4666 Judicis

2150 4703 2538 4766 extremaeque
2578 4697 2967 4753 discussionis
3017 4698 3288 4765 attonitu,
3323 4702 3380 4754 et
3410 4699 3599 4754 sciens
3650 4698 3779 4770 quia

2147 4787 2239 4842 cui
2273 4787 2406 4857 plus
2438 4786 2846 4855 committitur,
2881 4785 3016 4859 plus
3047 4787 3118 4842 ab
3158 4804 3224 4843 eo
3250 4787 3651 4861 exigitur(Luc.
3682 4805 3776 4856 xu,

2146 4946 2480 5019 conjectura
2535 4945 2673 5008 illa;
2707 4963 2870 5019 reque
2930 4964 2996 5002 ac
3055 4947 3654 5014 Sammarthanorum,
3681 4950 3774 5019 qui

2144 5018 2554 5091 episcopatum
2567 5018 2694 5091 ejus
2720 5018 2997 5072 differunt
3027 5035 3211 5091 usque
3242 5019 3312 5074 ad
3337 5036 3432 5075 an.
3465 5020 3588 5088 668,
3613 5018 3771 5091 quem

2145 5035 2544 5089 episcopatum
2567 5035 2694 5142 efus
2720 5035 2997 5072 auxerunt.
3027 5035 3211 5091 usque
3242 5035 3312 5074 ad
3337 5036 3432 5075 an.
3465 5035 3588 5088 eoo,
3613 5036 3771 5091 quem

2145 5087 2506 5160 princesserit
2524 5088 2589 5143 Gi
2621 5089 2819 5144 bertus
2842 5106 2944 5160 pro
2965 5107 3119 5145 anno
3141 5092 3248 5145 665
3260 5107 3327 5145 ex
3341 5107 3456 5146 ms.
3481 5092 3772 5146 Nivernen-

2144 5158 2225 5216 sis
2284 5158 2548 5214 Ecclesiae
2606 5164 2800 5215 notus.
2837 5158 3024 5225 Quare
3068 5161 3210 5216 mihi
3239 5162 3468 5217 videtur
3497 5162 3768 5218 Deodatus

2145 5235 2484 5302 assumptus
2539 5230 3062 5314 postuA‘gricolum.
3085 5233 3184 5303 qui
3207 5232 3428 5314 primis
3460 5233 3584 5314 suis
3612 5233 3767 5314 annis

2144 5301 2397 5375 praesens
2421 5302 2639 5383 synodo
2659 5301 3065 5385 Malisconensi
3083 5301 3337 5360 anni'58l
3354 5348 3368 5373 ,
3401 5304 3567 5360 facile
3595 5304 3766 5376 potuit

2144 5373 2294 5429 ultra
2321 5374 2447 5429 620.
2483 5373 2669 5428 Vitam
2703 5377 3076 5429 nrotramsse.

2143 5389 2294 5436 Ultra
2321 5389 2447 5436 OZU,
2487 5389 2669 5428 Vitam
2703 5389 3076 5436 DI‘OLl'aXlSSG.

2211 5389 2294 5436 tra
2321 5389 2447 5439 ozu,
2487 5389 2669 5428 Vitam
2703 5389 3076 5444 pronraxisse.

2211 5447 2321 5517 (24)
2345 5444 2514 5515 Apud
2545 5444 2922 5500 Mosandrum
2955 5449 3333 5517 apponuntur
3351 5445 3460 5501 ista
3479 5463 3498 5500 :
3525 5469 3552 5496 ι(
3576 5446 3763 5504 Dicens

2143 5521 2355 5588 etcum
2390 5532 2605 5587 sponsa
2640 5534 2652 5571 :
2689 5517 2854 5570 Trahe
2882 5533 2967 5571 me
2989 5521 3116 5588 post,
3142 5525 3507 5583 te,curremus
3536 5519 3690 5577 simul
3708 5521 3764 5576 in

2143 5587 2359 5647 odorem
2390 5595 2793 5660 unguentorum
2821 5587 3038 5646 tuorum
3066 5587 3243 5664 (Cant.
3276 5606 3315 5662 ι,
3347 5589 3424 5654 3).
3461 5611 3483 5643 ι
