3958 6382
147 368 272 435 625

1281 372 1688 437 VALCANDI
1732 371 1916 436 VlT-A
1966 373 2028 436 Β.
2074 372 2446 438 DEODA'I‘I.

133 504 392 579 gaudio,
424 507 482 564 et
507 507 636 563 tum
667 504 908 564 domum
939 505 1318 565 sociabantur
1347 507 1457 564 sibi
1489 507 1548 563 in
1603 513 1806 563 saneto
1837 513 1892 576 Α
1923 507 2066 564 istos
2095 507 2344 580 gallinas
2373 524 2501 564 esse
2528 505 2971 577 intellectuales,
3003 511 3060 566 et
3090 506 3360 582 parvulos
3374 509 3567 582 pullos

147 594 393 653 illibatae
443 595 602 669 pacis
634 596 854 666 osculo,
887 601 944 654 et
974 597 1034 654 in
1068 597 1293 670 reliquo
1326 597 1629 654 charitosaa
1661 597 1802 653 affe-

148 685 369 742 ctionis
391 685 604 742 officio.

225 818 318 874 16.
353 818 510 875 Idem
536 817 840 892 piissimus
888 819 1056 875 Pater
1085 819 1378 876 Deodatus
1431 819 1805 876 devotissime

148 908 409 964 faciebat
439 908 785 965 charissimo
817 925 924 964 suo
945 908 1259 980 Hidulpho,
1292 909 1385 963 cui
1407 925 1541 963 cum
1566 909 1690 964 suis
1709 925 1803 963 oc-

152 997 428 1052 currebat
459 996 688 1052 Mortha
715 998 983 1065 transito,
1007 1014 1165 1063 nam,
1200 997 1388 1068 quoad
1407 998 1566 1064 vixit,
1599 997 1804 1070 cellam

152 1086 412 1159 priorem
443 1087 596 1158 apud
629 1086 686 1142 S.
721 1079 955 1142 Martini
989 1085 1363 1142 oratoriolum
1390 1103 1504 1142 non
1527 1087 1802 1143 deseruit.

129 1166 256 1228 'Vir
305 1175 523 1247 quippe
581 1177 706 1240 erat
752 1175 1107 1248 grandavus,
1167 1175 1537 1246 emeritaequc
1584 1174 1806 1231 militiae

153 1263 374 1321 Christi
385 1265 513 1335 jam
532 1268 976 1330 veteranus,nec
997 1267 1222 1336 poterat
1243 1265 1483 1320 sufferre
1499 1265 1808 1337 populares

154 1353 1141 1425 concursus,fratrumqueinterese
1155 1354 1369 1409 studiis
1383 1353 1768 1411 exterioribus
1793 1371 1806 1422 ;

151 1443 412 1498 maxime
443 1441 544 1514 qui
573 1441 657 1498 nil
687 1441 854 1498 dulce
885 1443 1155 1511 habebat,
1189 1442 1302 1498 nisi
1318 1459 1524 1498 vacare
1544 1447 1600 1499 et
1617 1443 1811 1500 videre

155 1532 438 1604 quoniam
465 1530 748 1587 Dominus
780 1531 906 1604 ipse
938 1535 1026 1587 est
1054 1531 1209 1587 Deus
1236 1532 1406 1603 (Psal.
1428 1547 1557 1596 xcv,
1591 1533 1721 1602 11)),
1755 1536 1812 1586 et

157 1625 398 1693 gustare
429 1623 486 1673 et
529 1619 748 1686 videre,
803 1620 1083 1691 quoniam
1133 1620 1330 1675 suavis
1384 1625 1474 1676 est
1527 1619 1812 1676 Dominus

160 1710 333 1780 (Paul.
361 1724 565 1776 xxxm,
596 1709 674 1780 9).
706 1709 941 1763 Statura
971 1709 1230 1781 quidem,
1266 1715 1331 1764 ut
1377 1710 1580 1776 fertur,
1616 1726 1813 1782 proce-

160 1797 458 1865 rissimus,
483 1797 672 1852 forma
701 1797 1195 1868 elegantissimus,
1230 1799 1517 1870 cordeque
1561 1798 1811 1854 clemen-

158 1887 457 1953 tissimus,
491 1886 591 1941 sed
613 1886 733 1954 jam
766 1886 949 1951 nimio
982 1886 1176 1942 labore
1208 1893 1264 1941 et
1295 1886 1463 1942 annis
1515 1887 1814 1944 confectus
1841 1878 1892 1943 Β

157 1980 281 2031 erat
311 1979 369 2031 et
391 1975 667 2030 incurvus
699 1976 832 2045 (δίε).
868 1975 974 2038 Qui
1008 1975 1301 2030 interdum
1335 1975 1406 2030 ad
1439 1976 1648 2032 fratres
1682 1993 1816 2048 ope-

162 2067 362 2120 rantes
396 2063 721 2130 transibat;
775 2068 950 2136 atque
1001 2064 1369 2120 considerato
1427 2081 1494 2119 ac
1532 2064 1816 2137 disposito

164 2169 338 2224 opere
368 2150 760 2224 singulorum,
795 2153 865 2207 ad
898 2150 1102 2208 cellam
1149 2157 1323 2208 noctu
1357 2152 1600 2208 redibat.
1657 2153 1819 2208 Unde

163 2243 342 2298 etiam
373 2241 548 2297 hodie
578 2241 1011 2296 demonstratur
1039 2241 1250 2296 semita
1281 2241 1412 2313 (65).
1449 2258 1567 2313 qua
1596 2241 1820 2298 solebat

165 2329 592 2387 monasterium
651 2328 810 2385 adire
864 2330 1017 2401 apud
1076 2330 1416 2385 Juncturas.
1469 2332 1541 2386 At
1598 2335 1816 2397 contra,

169 2419 507 2492 Hidulphus
539 2422 764 2474 statura
793 2417 1046 2485 medius,
1079 2417 1222 2474 facie
1254 2417 1593 2490 'angelicus,
1625 2422 1820 2474 mente

159 2507 754 2580 compunctissimus,
786 2506 1127 2561 voluntariae
1151 2507 1511 2578 paupertatis
1534 2506 1820 2562 amicissi-

165 2615 335 2665 mus;
369 2613 544 2669 quem
577 2601 910 2668 promptum
943 2599 999 2652 et
1029 2595 1284 2652 alacrem
1345 2597 1416 2650 ad
1449 2613 1618 2651 omne
1675 2613 1823 2668 opus

165 2686 388 2743 bonum
421 2685 697 2741 reddebat
727 2684 918 2740 adhuc
947 2684 1152 2740 viridis
1188 2689 1476 2753 senectus,
1509 2690 1565 2740 et
1617 2687 1674 2740 in
1708 2685 1824 2741 Deo

167 2790 500 2848 suspensus
533 2773 799 2840 animus;
835 2789 970 2828 nam
992 2773 1164 2828 etiam
1185 2773 1244 2828 in
1267 2773 1539 2830 extremis
1556 2774 1682 2828 vitze
1706 2791 1823 2828 suae

169 2864 364 2932 annis,
396 2862 596 2919 labore
625 2879 925 2918 manuum.
946 2879 1187 2917 suarum
1215 2862 1373 2917 vixit.
1410 2863 1670 2918 Moribus
1701 2863 1827 2934 qui-

168 2955 300 3010 dem
331 2952 507 3008 ambo
547 2967 738 3023 pares,
771 2952 874 3007 sed
907 2955 1073 3007 aetate
1103 2951 1379 3023 impares,
1415 2951 1557 3007 alter
1577 2950 1823 3007 alterum

175 3042 288 3099 sibi
322 3042 568 3097 invicem
588 3040 950 3112 praeferebat,
986 3044 1043 3095 et
1075 3039 1444 3096 humillimus
1475 3040 1712 3112 quidem
1736 3041 1828 3096 Hi-

173 3131 432 3205 dulphus
464 3129 906 3187 sanctissimum
941 3145 1140 3186 senem
1177 3131 1517 3197 Deodatum,
1549 3147 1615 3185 ex
1638 3130 1825 3185 famu-

176 3221 299 3277 latu
334 3219 547 3276 Christi
580 3222 637 3274 et
665 3217 906 3309 emerito
925 3217 1086 3309 senio
1109 3217 1664 3309 priorcmgcensebat
1688 3237 1700 3286 ;
1720 3219 1825 3309 sed
1859 3242 1901 3309 ρ

179 3309 595 3366 devotissimus
623 3306 1004 3379 omnipotenti
1030 3306 1340 3372 Deodatus,
1371 3307 1428 3361 in
1454 3307 1688 3378 juniore
1719 3307 1820 3362 Hi-

175 3397 397 3470 dulpho
427 3397 770 3470 dignitatem
803 3395 1139 3467 patriarchii
1173 3399 1346 3466 atque
1376 3412 1606 3451 morum
1641 3399 1825 3451 matu-

172 3489 406 3543 ritatem
437 3486 772 3542 attendebat
801 3485 931 3556 (66).

247 3621 332 3675 17.
366 3622 553 3686 Quam
587 3618 751 3674 dulce
783 3621 908 3673 erat
938 3621 993 3674 et
1022 3616 1361 3672 delectabile
1387 3616 1499 3688 piis
1518 3611 1827 3673 animabus

164 3710 391 3785 jugiter
419 3708 715 3764 attendere
746 3708 890 3762 duas
920 3705 1170 3762 ccelestis
1197 3705 1428 3761 fabrica:
1462 3705 1768 3763 columnas
1797 3725 1830 3762 a

178 3805 289 3855 Deo
311 3799 588 3853 decenter
617 3800 860 3864 erectas,
901 3799 960 3850 et
1006 3811 1120 3850 non
1148 3798 1352 3849 contra
1384 3794 1588 3861 Deum,
1623 3796 1722 3850 sed
1757 3796 1828 3850 ad

174 3888 489 3945 Dominum
551 3885 643 3956 pie
691 3884 965 3952 elevatae,
1012 3900 1138 3955 quae
1194 3883 1378 3938 solido
1418 3887 1476 3938 et
1531 3883 1831 3939 inﬂexibili

177 3977 384 4034 robore
415 3978 610 4030 mente
668 3973 752 4029 sic
807 3973 1163 4029 assistebant
1221 3988 1454 4028 summo
1511 3972 1715 4044 Opiﬁci
1767 3976 1834 4028 ut

182 4067 449 4138 optarent
462 4061 756 4118 maxillam
770 4062 1106 4135 lapillorum
1121 4061 1450 4132 congeriem
1465 4060 1574 4116 sibi
1589 4061 1832 4134 imponi,

182 4172 287 4228 pro
320 4157 483 4226 parte
515 4152 572 4206 in
605 4167 723 4222 qua
773 4165 1038 4206 meruere
1089 4149 1288 4205 locari.
1346 4150 1608 4221 Denique
1665 4150 1833 4222 quasi

154 4242 453 4300 certatim
505 4239 887 4296 multitudine
938 4239 1320 4294 minimorum
1361 4239 1598 4310 Christi,
1630 4243 1750 4295 tam
1781 4244 1839 4294 et

184 4331 564 4407 prmsentium
597 4345 774 4401 quam
797 4332 854 4384 et
875 4327 1555 4398 futurorum,gaudentes
1586 4328 1839 4400 epistilia

185 4439 315 4489 sua,
347 4421 406 4475 id
427 4423 517 4476 est
546 4417 814 4490 capitella
835 4417 1057 4490 gravari
1085 4417 1426 4485 (dummodo
1450 4416 1566 4470 sint
1589 4417 1686 4487 qni
1711 4434 1838 4488 pos-

187 4509 309 4563 sint
341 4505 590 4562 Domino
619 4504 858 4572 lucrari)
919 4503 1304 4576 pusillitatem
1336 4502 1536 4558 alienae
1571 4504 1724 4574 ﬁdei,
1785 4510 1842 4560 et

1914 595 2025 652 alis
2055 597 2398 653 meritorum
2457 601 2515 653 et
2545 599 2749 654 rostris
2805 597 3136 655 orationum
3197 613 3441 654 suarum
3497 599 3568 655 ab

1912 685 2297 742 invisibilium
2313 685 2624 743 milvorum
2639 688 2953 760 rapacitate
2967 688 3428 756 defensare,man
3437 689 3569 744 ibus

1899 793 1980 831 'ac
2012 777 2259 848 pedibus
2294 776 2634 832 alimoniam
2673 779 2757 833 eis
2782 778 3105 850 providere,
3139 777 3570 851 atquefrlgidos

1914 864 2030 920 Deo
2049 864 2320 937 plurimis
2333 865 2733 937 exemplorum
2749 867 2994 923 fovendo
3011 867 3342 924 calefacere.
3369 867 3574 922 Praete-

1916 972 2012 1010 rea
2041 959 2096 1010 et
2121 959 2284 1011 extra
2310 955 2580 1012 nidulum
2614 957 2914 1029 proprium
2958 959 3248 1014 amabant
3272 958 3569 1013 interdum

1915 1059 2137 1116 pennas
2147 1046 2478 1118 extendere,
2495 1047 2634 1101 dum
2646 1045 2904 1101 vicissim
2919 1047 3262 1118 satagebant
3277 1046 3422 1103 alter
3431 1047 3572 1102 alte-

1916 1131 2038 1187 rius
2050 1133 2226 1204 pullis
2238 1134 3044 1206 prodesse,exDeietproximi
3060 1132 3574 1190 dilectione.Muta-

1917 1225 1975 1276 ta
1986 1226 2206 1288 voce,et
2219 1223 2505 1294 dissipata
2517 1223 2608 1278 sui
2623 1222 2884 1294 corporis
2898 1223 3573 1295 specie,inﬁrmabantur

1919 1310 1977 1364 in
2009 1311 2280 1379 infirmis,
2316 1315 2381 1366 ut
2410 1311 2590 1366 habes
2623 1311 2680 1365 in
2702 1311 2964 1383 Apostoli
2994 1313 3183 1367 verbis
3213 1328 3225 1366 :
3253 1313 3382 1380 Quis
3413 1313 3573 1382 inﬁr-

1917 1407 2100 1454 matur
2129 1408 2181 1454 et
2207 1416 2311 1471 ego
2341 1415 2446 1454 non
2469 1399 2723 1468 inﬁrmor
2741 1405 2766 1453 ?
2787 1400 2860 1468 (ll
2875 1403 2995 1455 Cor.
3032 1418 3092 1467 ιι,
3125 1401 3243 1468 29.)
3265 1401 3359 1455 Sic
3377 1401 3576 1456 Patres

1921 1489 2106 1543 nostri
2137 1489 2207 1542 ad
2241 1493 2472 1559 tempus
2501 1488 2694 1544 vixere
2725 1488 2960 1544 solliciti
2995 1493 3058 1544 ut
3091 1488 3192 1543 ﬁlii
3225 1505 3429 1544 eorum
3452 1492 3574 1544 tam

1922 1579 2236 1648 przesentes
2267 1592 2445 1648 quam
2479 1576 2660 1630 futuri
2716 1576 2909 1631 forent
2961 1577 3311 1649 quandoque
3360 1577 3572 1632 securi.

1925 1666 2037 1724 Nec
2070 1665 2260 1738 piguit
2289 1682 2387 1721 eos
2417 1664 2635 1720 laboris
2657 1669 2714 1720 et
2742 1665 2975 1722 sudoris
3024 1665 3115 1722 sui
3161 1666 3304 1720 dum
3347 1669 3575 1721 tantum

1924 1770 2294 1810 successores
2325 1753 2414 1809 sui
2434 1754 2877 1810 remanerentin
2909 1753 3367 1810 tutolocati.Hoc
3393 1754 3579 1826 exige-

1924 1845 2067 1899 bant
2094 1859 2294 1899 eorum
2319 1846 2644 1911 structurae,
2664 1843 2772 1898 hoc
2788 1844 3129 1914 quaerebant
3155 1843 3391 1899 illorum
3406 1843 3577 1916 fugae,

1926 1932 2075 1988 beati
2112 1931 2352 1986 Deodati
2383 1931 2572 1986 Patris
2605 1932 2789 1987 nostri
2828 1931 3136 2002 prmcipue,
3188 1931 3291 2002 qui
3338 1935 3423 1988 tot
3451 1931 3579 2005 loca

1927 2021 2036 2077 sibi
2071 2037 2284 2092 magno
2316 2021 2529 2076 sudore
2561 2024 2898 2076 constructa
2928 2020 3197 2087 mutavit,
3232 2022 3417 2076 donec
3443 2019 3580 2076 filiis

1927 2107 2332 2182 spiritualibus
2366 2108 2562 2164 sedem
2614 2109 2872 2180 quietam
2920 2108 3159 2164 invenit.
3212 2110 3359 2164 Nam
3393 2109 3442 2164 si
3475 2126 3584 2164 sua

1878 2231 1886 2235 -
1927 2201 2158 2252 tantum
2192 2198 2560 2269 qumsissent,
2589 2197 2864 2252 facillime
2886 2197 3308 2269 requievissent
3333 2197 3582 2266 ;victum

1928 2287 2083 2342 enim
2118 2290 2174 2341 et
2201 2286 2477 2341 vestitum
2509 2285 2618 2340 sibi
2649 2286 2954 2354 habentes,
2978 2285 3073 2342 his
3103 2287 3360 2342 contenti
3383 2290 3583 2346 essent

1929 2376 1978 2443 (I
2008 2377 2143 2431 Tim.
2177 2393 2276 2441 v11,
2309 2375 2383 2443 8),
2419 2374 2669 2429 maxime
2699 2374 2798 2445 qui
2833 2375 3302 2430 abrenuntiando
3335 2375 3575 2443 divitiis,

1929 2465 2001 2520 ad
2033 2467 2434 2536 paupertatem
2453 2478 2686 2517 summo
2698 2479 2831 2518 cum
2845 2463 3133 2518 desiderio
3158 2463 3578 2535 porvolassent.

1930 2552 2145 2608 Verum
2179 2552 2298 2606 haec
2328 2551 2492 2606 alias.
2529 2551 2710 2622 Igitur
2747 2550 2863 2606 Deo
2895 2550 3227 2623 dignissimi
3259 2551 3575 2620 antistites,

1933 2640 2222 2713 spirituali
2238 2641 2576 2695 insistentes
2593 2639 2846 2712 negotio,
2859 2638 3199 2695 nullatenus
3213 2640 3283 2695 ab
3307 2640 3577 2712 incceptis

1933 2731 2299 2797 deficiebant,
2355 2735 2457 2784 aut
2517 2729 2829 2785 deviahant
2857 2747 2892 2785 a
2921 2730 3218 2801 proposito
3279 2729 3348 2784 de
3397 2729 3490 2785 die
3519 2729 3580 2785 in

1935 2821 2090 2876 diem
2122 2818 2457 2891 semetipsis
2490 2817 2759 2874 meliores
2790 2817 3112 2874 existendo.
3161 2819 3392 2874 Etenim
3419 2821 3582 2874 tanto

1935 2908 2331 2964 reddebantur
2360 2907 2620 2979 quotidie
2641 2905 2950 2962 alacriores
2964 2907 3036 2962 ad
3068 2905 3583 2978 laborem,quanto

1933 2997 2242 3053 viciniores
2273 2997 2345 3053 ad
2404 2997 2688 3067 requiem,
2723 3011 2830 3050 nec
2867 2994 3216 3051 sentiebant
3257 2995 3318 3050 in
3372 2995 3587 3051 Christi

1934 3088 2102 3143 vinea
2134 3087 2366 3158 pondus
2397 3085 2508 3141 diei
2542 3090 2598 3140 et
2631 3089 2830 3152 aestus,
2861 3083 3076 3156 quibus
3098 3085 3225 3155 jam
3258 3101 3436 3157 prope
3467 3086 3594 3141 erat

1939 3181 2002 3232 ut
2032 3176 2374 3231 redderetur
2405 3189 2704 3229 nummus.

2017 3265 2104 3320 18.
2143 3265 2402 3320 Tandem
2429 3263 2528 3318 ubi
2562 3263 2618 3318 in
2653 3263 2762 3319 hac
2792 3263 3022 3335 Vosago
3053 3263 3271 3335 pariter
3323 3263 3382 3318 in
3427 3265 3601 3320 corde

1937 3372 2052 3410 uno
2085 3358 2142 3409 et
2171 3353 2370 3410 anima
2401 3369 2537 3418 una,
2587 3355 2810 3422 septem
2861 3352 3172 3408 continuos
3217 3351 3591 3423 expleverunt

1937 3460 2122 3498 annos
2153 3459 2286 3496 cum
2306 3457 2405 3496 sex
2438 3440 2768 3508 mensibus,
2792 3440 2991 3513 largus
3022 3446 3427 3497 remunerator
3441 3441 3595 3496 Deus

1935 3531 2276 3588 beatissimo
2306 3529 2558 3584 Deodato
2589 3528 2843 3583 decrevit
2873 3528 3139 3584 laborum
3162 3544 3406 3585 suorum
3451 3531 3586 3585 red-

1941 3623 2076 3677 dere
2105 3621 2349 3674 fructus.
2386 3618 2663 3673 Percurso
2689 3617 2847 3673 enim
2879 3616 3182 3688 praesentis
3210 3618 3339 3673 vitaa
3371 3618 3588 3686 stadio,

1930 3711 2057 3781 jam
2091 3712 2369 3764 strenuus
2401 3705 2622 3760 athleta
2652 3705 2919 3760 inhiabat
2948 3717 3194 3770 coronae,
3223 3709 3280 3760 et
3319 3721 3592 3778 supernae

1941 3795 2430 3854 remunerationis
2490 3795 2706 3850 bravio.
2762 3794 2926 3849 Unde
2971 3799 3208 3850 vocatus
3241 3811 3275 3850 a
3324 3794 3590 3863 Domino,

1942 3903 2178 3943 accessu
2209 3883 2510 3957 languoris
2526 3882 3158 3954 correptus,detinetur
3189 3881 3595 3945 lectulo.Quod

1942 3993 2074 4032 cum
2110 3975 2450 4031 absentibus
2499 3972 2805 4044 discipulis
2859 3972 3046 4028 tristis
3104 3971 3300 4028 attulit
3320 3972 3595 4040 nuntius,

1943 4063 2232 4136 extemplo
2265 4064 2455 4120 moesti
2489 4063 2935 4118 concurruntad
2958 4060 3165 4116 cellam
3179 4061 3339 4132 ejus;
3371 4065 3599 4118 mentes

1943 4154 2099 4210 enim
2135 4169 2407 4224 praesagia
2440 4151 2635 4206 luctus
2659 4149 3068 4217 iuturi,audita
3086 4149 3596 4221 ejusinfirmitate,

1947 4259 2060 4298 non
2094 4246 2364 4315 poterant
2414 4258 2530 4295 non
2590 4239 2837 4295 turbari.
2873 4239 3120 4294 Flentes
3158 4252 3294 4311 ergo
3347 4238 3600 4310 jacentis

1949 4331 2212 4403 magistri
2246 4330 2488 4401 grabato
2520 4329 2896 4393 assistebant,
2931 4345 3004 4383 ne
3032 4331 3154 4383 tam
3205 4327 3394 4383 dulcis
3436 4327 3604 4382 Pater

1949 4419 2099 4475 ﬁlios
2132 4420 2443 4484 desereret,
2462 4417 2763 4472 communi
2780 4417 2831 4471 ei
2851 4415 3081 4472 ululatu
3095 4421 3153 4472 et
3178 4416 3405 4487 gemitu
3419 4415 3605 4472 accla-

1950 4509 2370 4570 mabant.0uos
2398 4505 2741 4560 sanctusille
2755 4505 2928 4560 verbo
2960 4505 3202 4560 salutari
3222 4521 3604 4561 commonens

185 4595 562 4671 gravedinem
581 4594 903 4649 alienorum
919 4592 1389 4664 peccaminumin
1405 4593 1842 4649 sumcharitatis
1872 4613 1916 4676 D
1950 4596 2372 4668 compescehat,
2406 4599 2462 4648 et
2491 4595 2562 4648 ad
2599 4593 2811 4665 regula;
2846 4597 3058 4647 sanctae
3091 4593 3522 4649 observantiam
3546 4597 3604 4648 et

184 4682 500 4742 latitudine
517 4699 581 4738 su
593 4679 1840 4754 scipientestolerant,utvlrihusmeritorum

189 4775 522 4840 suorum,et
551 4789 668 4828 suae
701 4769 1164 4844 longanimitatis
1187 4769 1383 4824 labore
1413 4769 1744 4826 sublevatos
1766 4771 1837 4825 ad

190 4862 504 4919 aediﬁcium
556 4860 783 4917 caeleste
813 4860 1018 4915 ferant.
1074 4859 1317 4914 Putares
1357 4862 1589 4914 sanctos
1642 4860 1841 4916 Patres

192 5021 590 5087 suetudinem,
624 5037 740 5093 qua
786 5021 923 5076 hinc
972 5017 1442 5093 canon‘ici_inde_
1470 5019 1740 5074 monachi
1772 5022 1843 5075 ad

195 5094 541 5168 praedictum
570 5088 852 5168 sacellum
885 5089 1201 5163 quotannis
1232 5088 1570 5145 deferebant
1601 5107 1846 5168 suorum

198 5161 541 5222 sanctorum
585 5161 964 5220 fundatorum
1024 5177 1286 5233 corpora,
1343 5161 1846 5233 eaquevicissim

198 5236 644 5294 commutabant
658 5252 758 5290 nec
771 5231 1158 5289 restituebant
1179 5231 1289 5286 nisi
1313 5231 1691 5286 sub’rcditum
1717 5239 1848 5304 post

194 5308 418 5364 multas
442 5307 717 5378 utrinque
749 5307 1342 5378 decantataspreces.
1382 5325 1408 5350 »

271 5374 639 5451 (64)7U_tpote_
672 5395 739 5433 ex
798 5382 994 5451 nostro
1027 5374 1249 5430 calculo
1275 5375 1392 5429 fere
1415 5377 1847 5451 nonagenarius

201 5445 338 5507 cum
363 5445 528 5517 obiit,
559 5466 664 5504 nec
723 5448 976 5504 multum
1007 5464 1040 5503 a
1090 5445 1538 5519 septuagenario
1580 5445 1845 5519 distans,

203 5521 440 5596 quando
459 5516 522 5575 in
544 5519 1114 5596 Vallem-Gallilaeam
1141 5516 1325 5596 venit,
1347 5516 1849 5596 quadragenarius

201 5588 433 5651 circiter
462 5607 733 5664 egressus
762 5608 792 5648 e
826 5590 1158 5655 Francia,ut
1181 5589 1269 5645 vel
1303 5588 1504 5662 paucis
1524 5588 1696 5645 annis
1726 5591 1846 5663 epi-

204 5682 420 5739 scopus
451 5664 643 5720 fuerit.

1951 4685 2042 4744 sui
2078 4683 2443 4746 memoriam,
2476 4687 2997 4753 quantumcunque
3014 4685 3260 4752 poterat,
3277 4680 3604 4748 animabat,

1950 4793 2015 4831 ac
2048 4791 2225 4846 super
2252 4771 2452 4828 omnia
2480 4769 2710 4825 Christo
2743 4771 2894 4826 bono
2928 4769 3150 4826 Pastori
3185 4769 3277 4841 pie
3303 4785 3603 4825 commen-

1955 4864 2153 4919 dabat

2029 5009 2142 5091 (65)
2176 5020 2311 5074 Post
2341 5019 2740 5091 constructum
2772 5017 2830 5091 Si.
2864 5015 3114 5091 Deod_ati_
3137 5015 3440 5088 oppidum,
3488 5032 3604 5072 non

1958 5088 2213 5164 amplius
2243 5095 2470 5164 exstare
2500 5088 2651 5164 hanc
2682 5090 2961 5164 semitam,
2983 5089 3065 5143 ait
3086 5088 3337 5161 Ruyrus.

2029 5158 2136 5234 (66)
2166 5159 3065 5234 OmninoexistimatRiguetus,
3100 5158 3412 5232 postquam
3442 5158 3605 5230 Apri-

1958 5229 2375 5289 Monasterium
2390 5231 2557 5297 vidit,
2588 5229 2762 5285 etloci
2781 5229 3122 5285 traditiones
3139 5245 3203 5286 ac
3226 5229 3609 5286 monumenta

1959 5305 2237 5360 attentius
2269 5301 2808 5368 consideravit,vere
2840 5302 2898 5357 S.
2925 5303 3239 5358 Deodatum
3255 5302 3389 5358 istic
3403 5302 3608 5356 multis

1959 5378 2128 5433 annis
2159 5374 2394 5440 vixisse,
2425 5390 2490 5428 ac
2536 5374 2770 5428 tandem
2830 5374 3237 5440 cognominem
3288 5374 3401 5429 sibi
3434 5373 3606 5428 disci-

1959 5443 2794 5522 pulumibicolloc_asse,cujus
2819 5443 3038 5522 ibidem
3059 5445 3318 5501 defuncti
3349 5445 3607 5516 reliquiae

1960 5515 2325 5590 occasionem
2355 5515 2619 5590 dederint
2648 5515 3042 5590 confundendi
3065 5533 3422 5590 synonymos
3445 5515 3610 5571 sanc-

1959 5599 2070 5649 tos.
2103 5591 2183 5648 De
2215 5587 2345 5644 aliis
2375 5586 2517 5644 locis
2550 5588 2818 5661 superius
2849 5593 3044 5646 actum
3077 5586 3184 5645 est.

3447 374 3564 438 626
3645 375 3660 384 ”
