3958 6390
395 343 514 462 θέοι

1132 402 1320 466 S.EC.
1365 403 1447 468 XI
1489 403 1718 468 AUCT.
1763 403 2076 467 INCERTI
2117 401 2308 467 ANNI
2350 403 2452 466 ET
2496 403 2792 468 SCRIPT.
2838 406 3068 464 ’AAEzn.

3688 395 3812 464 638

473 533 558 590 19.
593 534 783 608 Super
832 534 942 592 hoc
973 537 1120 594 facto
1152 541 1209 593 et
1264 541 1384 592 tam
1445 537 1633 593 sancti
1688 537 1795 593 viri
1855 539 2038 608 obitu,
2069 540 2124 607 Α
2153 539 2442 596 Ebroinus
2465 539 3022 596 excellentissimum
3045 539 3365 609 martyrem
3385 531 3808 606 Leodegarium

401 619 822 681 dilectissimus
840 626 968 697 ejus
981 625 1312 698 Hidulphus
1333 627 1396 682 in
1415 627 1544 682 visu
1569 627 1753 682 noctis
1767 626 2044 683 divinitus

400 716 828 781 commonetur,
861 718 928 768 ut
979 715 1050 769 ad
1082 730 1216 770 eum
1266 717 1602 788 properaret
1659 700 2040 787 quantocius;

402 797 643 856 decebat
672 801 827 858 enim
853 805 919 857 ut
949 795 1173 858 amicus
1196 803 1384 859 amico
1402 804 1474 858 ad
1501 791 1678 858 Delum
1701 803 2046 875 praecedenti

403 891 728 945 extremum
757 889 1127 960 valediceret,
1151 892 1244 948 sui
1265 881 1387 948 non
1403 881 1667 948 oblivisci
1690 881 1890 948 devote
1915 910 2050 964 sup-

402 975 662 1048 plicaret,
687 975 1256 1036 commendationem
1304 980 1759 1036 ecclesiasticam
1814 981 2045 1049 faceret,

401 1063 682 1122 viaticum
713 1068 1033 1140 praberet;
1065 1085 1130 1126 os
1159 1073 1218 1126 et
1249 1069 1473 1136 oculos,
1528 1085 1738 1125 manus
1769 1074 1825 1126 et
1871 1071 2048 1142 pedes

401 1154 532 1225 ejus
552 1154 660 1211 rite
689 1162 1081 1230 componeret,
1100 1159 1279 1214 funus
1310 1158 1659 1230 ejus,debita
1681 1159 2050 1215 veneratione

404 1247 806 1316 procuratum,
842 1247 1173 1314 deduceret,
1207 1251 1380 1319 atque
1411 1247 1470 1302 in
1527 1247 1794 1320 sepulcro
1833 1247 2048 1302 cautis-

405 1329 554 1387 sime
584 1331 910 1391 collocaret.
943 1337 1076 1401 Quae
1107 1340 1336 1405 cuncta,
1364 1337 1480 1392 Deo
1500 1336 2050 1404 volente,aDomino

403 1418 576 1475 Hidul
583 1421 698 1492 pho
717 1427 943 1480 constat
958 1425 1110 1480 circa
1125 1416 1458 1497 piissimum
1482 1425 1708 1480 Patrem
1723 1425 2047 1482 Deodatum

403 1507 668 1580 impleta.
701 1511 848 1568 Nam
878 1515 940 1568 ut
959 1513 1270 1586 evigilavit,
1305 1515 1376 1571 ad
1410 1513 1644 1569 beatum
1676 1513 2048 1585 quantocius,

403 1595 558 1653 sicut
587 1616 622 1654 a
650 1599 897 1657 Domino
920 1602 1260 1673 jubebatur,
1275 1602 1635 1674 properavit;
1663 1619 1837 1674 quem
1860 1601 2051 1656 adhuc

401 1685 598 1742 vivum
631 1683 864 1762 reperit.
896 1690 1078 1761 Cujus
1108 1695 1303 1764 optato
1333 1691 1460 1748 visu
1483 1696 1725 1747 sanctus
1756 1697 2051 1746 recreatus

403 1775 920 1848 (67),vehementer
947 1785 1036 1836 est
1065 1780 1127 1835 in
1157 1780 1406 1836 Domino
1438 1780 1802 1853 gavisus,qui
1834 1779 2052 1835 famulo

405 1881 514 1922 suo
539 1865 834 1940 Hidulpho
864 1870 992 1940 ejus
1022 1869 1248 1925 obitum
1270 1868 1605 1937 revelare,et
1623 1885 1758 1924 eum
1790 1869 1862 1924 ad
1876 1885 2050 1924 suum

407 1953 588 2011 funus
618 1957 940 2013 curandum
967 1958 1260 2015 destinare
1290 1962 1380 2014 est
1408 1957 1706 2031 dignatus.
1730 1957 1843 2012 Nec
1865 1973 2048 2026 mora,

405 2041 775 2102 discessurus
805 2046 900 2118 (ab
921 2047 1028 2102 hac
1049 2046 1288 2120 vita),ad
1325 2047 1766 2119 suscipiendum
1793 2045 2053 2118 regimen

405 2133 780 2208 ovium,quas
801 2135 1016 2192 ibidem
1033 2135 1315 2192 hactenus
1339 2135 1636 2192 nutriebat
1651 2133 1981 2190 obedientia
1998 2139 2055 2191 et

405 2221 683 2293 charitas,
715 2224 1090 2296 superstitem
1139 2224 1396 2280 amicum
1447 2223 1750 2296 compulit,
1813 2223 2053 2296 suisque

407 2311 726 2382 mandavit,
759 2315 824 2368 ut
852 2313 1135 2368 domuum
1165 2311 1528 2384 Hidulphum
1552 2312 1672 2367 vice
1696 2329 1804 2368 sua
1823 2311 2052 2367 Patrem

408 2399 741 2466 retinerent,
775 2401 1038 2474 quandiu
1082 2401 1308 2456 vixerit.
1363 2401 1510 2456 Hinc
1567 2401 1892 2456 comuniter
1925 2401 2052 2472 jam

407 2489 683 2546 omnibus
715 2507 842 2562 quae
874 2489 1260 2547 charissimus
1291 2489 1637 2546 charissimo
1669 2488 1844 2545 istinc
1878 2489 2052 2560 proﬁ-

409 2575 648 2634 ciscenti
680 2579 928 2636 debebat
958 2596 992 2634 a
1023 2578 1268 2634 Domino
1298 2577 1594 2650 Hidulpho
1621 2577 1881 2651 expletis,
1904 2577 2068 2651 inter.

409 2667 537 2738 ejus
567 2682 780 2723 manus
811 2669 1068 2723 animam
1081 2665 1562 2734 sanctam,multa
1581 2683 1747 2738 prece
1770 2670 1880 2722 Deo
1902 2681 2056 2722 com-

407 2755 767 2821 mendatam,
796 2755 1124 2812 innumeris
1151 2760 1208 2810 et
1266 2755 1562 2811 continuis
1593 2755 1893 2811 laboribus
1950 2771 2054 2826 pro

407 2843 510 2900 Dei
540 2860 718 2917 regno
750 2848 807 2900 et
828 2843 1066 2916 justitia
1093 2844 1221 2915 ejus
1247 2843 1617 2899 exercitatam
1643 2848 1700 2898 et
1729 2841 2048 2910 climatum,

404 2931 794 3006 plurimisque
822 2931 1141 2988 virtutibus
1163 2923 1440 2988 refertam
1472 2937 1529 2987 et
1557 2932 1918 3000 adornatam,
1953 2929 2054 2986 lae-

399 3021 672 3079 tissimus
727 3015 868 3076 ccelo
920 3020 1154 3090 refudit,
1212 3021 1312 3076 sed
1361 3020 1544 3076 laetior
1573 3021 1806 3076 futurus
1829 3019 1890 3076 in
1921 3011 2051 3093 per-

401 3103 1027 3182 ventione,qua'Deum
1049 3108 1195 3166 facie
1224 3109 1296 3166 ad
1333 3109 1536 3165 faciem
1559 3109 1686 3164 sine
1714 3109 1829 3164 fine
1857 3109 2052 3164 videre

405 3197 750 3272 promeruit.
785 3199 890 3268 Qui
919 3201 1005 3267 (ut
1035 3198 1094 3253 in
1142 3197 1545 3255 Ecelesiastico
1576 3191 1874 3268 scribitur)
1905 3215 2052 3253 mor-

2151 629 2741 701 Augustodunensem
2753 622 3486 700 episcopum(7l),diversis
3499 623 3812 680 tormentis

2152 717 2318 789 prius
2344 722 2668 772 mactatum
2700 717 2996 772 truncavit
3025 730 3183 770 ense.
3235 711 3408 768 Omni
3438 714 3639 768 autem
3667 728 3808 768 eum

2156 805 2477 862 reverentia
2491 809 2690 860 curato
2715 805 2858 860 tanti
2877 804 3064 860 Patris
3090 803 3316 869 funere,
3335 801 3587 856 nimium
3619 799 3814 873 laery—

2157 895 2340 950 mosis
2370 893 2662 966 exsequiis
2684 892 3034 964 adiscipulis
3047 891 3388 963 deportatur
3407 889 3480 946 ad
3503 888 3816 947 ecclesiam

2153 983 2338 1039 beatae
2367 982 2466 1039 Dei
2497 981 2796 1057 genitricis
2845 979 3061 1052 Mariae,
3132 979 3232 1034 ubi
3266 995 3372 1051 pro
3404 995 3470 1034 eo
3501 976 3816 1051 immolata

2157 1071 2401 1129 salutari
2431 1071 2623 1128 hostia
2649 1087 2684 1126 a
2713 1069 3090 1126 devotissimo
3122 1067 3586 1140 archiepiscopo,
3619 1071 3678 1123 et
3713 1083 3809 1122 ex-

2157 1161 2310 1233 pleto
2341 1159 2460 1216 ritu
2481 1159 2776 1216 catholicae
2797 1154 3586 1228 Ecclesiae,pretiosissimum
3598 1171 3814 1228 corpus

2157 1249 2454 1305 vilissimae
2484 1247 2872 1304 committitur
2903 1244 3362 1318 terrm(72),quia
3377 1261 3669 1317 aquosum
3690 1247 3816 1300 erat

2159 1337 2553 1393 cmmeterium
2583 1336 2796 1408 prioris
2827 1337 2956 1408 ejus
2986 1333 3232 1400 cellulae,
3281 1336 3483 1406 utpote
3511 1332 3692 1390 situm
3745 1333 3810 1388 in

2163 1425 2442 1494 convalle,
2473 1430 2531 1482 et
2561 1426 2866 1498 oportebat
2897 1424 3042 1480 tanti
3089 1423 3316 1496 patroni
3341 1439 3552 1495 corpus
3571 1421 3634 1476 in
3665 1437 3814 1494 prae-

2159 1515 2350 1571 sentia
2379 1514 2864 1582 fratrum,laudes
2887 1517 2946 1569 et
2964 1529 3164 1585 preces
3191 1516 3301 1568 Deo
3323 1509 3808 1584 persolventium,

2161 1603 2406 1671 adeSse;
2439 1619 2615 1675 quem
2641 1602 2750 1658 etsi
2811 1605 3091 1658 noverant
3147 1601 3258 1674 piae
3287 1599 3499 1656 anima:
3531 1615 3648 1655 non
3677 1615 3812 1655 esse

2158 1692 2440 1759 ﬂendum,
2475 1690 2744 1748 cohibere
2776 1695 2970 1746 tamen
3017 1689 3342 1762 nequibant
3398 1687 3816 1745 inundantiam

2160 1778 2574 1852 lacrymarum,
2603 1795 2750 1852 quas
2780 1796 2897 1835 non
2928 1779 3182 1851 impetus
3215 1777 3542 1846 carnis,sed
3563 1776 3816 1850 spiritus

2161 1867 2431 1925 eliciebat
2459 1869 2532 1924 ab
2563 1867 2790 1924 intimis
2819 1867 3504 1940 praeeordiorum.Neque
3523 1865 3682 1921 enim
3713 1866 3816 1922 de-

2162 1959 2546 2029 ﬂebant,quia
2589 1955 2817 2025 obierit,
2853 1957 2952 2012 sed
2989 1955 3128 2028 quia
3158 1955 3230 2011 ad
3263 1959 3446 2011 Deum
3499 1952 3634 2011 illos
3665 1971 3817 2028 prae-

2162 2045 2581 2112 cesserit,sicut
2595 2045 2977 2102 doctissimus
2987 2045 3156 2100 Pater
3171 2043 3518 2100 Ambrosius
3531 2043 3602 2100 de
3623 2043 3822 2117 seipse

2161 2136 2380 2191 dixisse
2410 2135 2744 2203 consuevit;
2773 2151 2877 2190 nec
2931 2133 3272 2189 invidebant
3297 2133 3425 2204 ejus
3459 2131 3682 2205 gloriae,
3717 2131 3822 2188 sed

2162 2223 2478 2297 cupiebant
2507 2241 2641 2279 cum
2671 2241 2738 2280 eo
2783 2239 2932 2290 esse,
2997 2239 3130 2277 cum
3187 2221 3611 2295 perpenderent
3641 2237 3706 2276 se
3763 2220 3823 2276 in

2161 2312 2321 2368 luctu
2358 2311 2732 2379 remansisse,
2761 2328 2893 2368 cum
2929 2311 3147 2368 scirent
3177 2327 3238 2366 se
3273 2309 3532 2365 futuram
3564 2308 3822 2382 patriam

2163 2403 2480 2474 inquirere,
2539 2401 2796 2458 nec.hic
2856 2403 3187 2457 manentem
3242 2397 3537 2456 civitatem
3605 2397 3823 2455 habere

2164 2492 2343 2562 (Hebr.
2405 2507 2528 2556 xm,
2590 2491 2735 2560 114).
2787 2490 3070 2546 Praeterea
3127 2489 3238 2545 sub
3297 2487 3510 2562 gaudio
3564 2486 3822 2560 Spiritus

2163 2579 2351 2636 sancti
2384 2579 2510 2651 pios
2539 2577 2882 2634 emittebant
2911 2578 3102 2645 ﬂetus,
3158 2591 3295 2632 cum
3329 2574 3649 2632 recolerent
3674 2576 3821 2647 (me-

2164 2668 2435 2740 moriam)
2467 2665 2824 2723 dulcissimae
2881 2663 3252 2739 paternitatis
3282 2668 3340 2720 et
3395 2662 3824 2720 familiaritatis

2163 2757 2316 2826 ejus,
2347 2756 2448 2829 qui
2479 2773 2689 2812 currus
2703 2747 2776 2812 ‘et
2805 2754 3012 2826 auriga
3043 2755 3229 2810 fuerat
3247 2753 3331 2809 eis
3355 2751 3823 2826 benignissimus

2165 2847 2254 2916 (IV
2283 2848 2406 2916 Iteg.
2439 2863 2500 2912 ιι,
2535 2846 2646 2916 12),
2679 2843 2963 2916 portando
3021 2859 3120 2900 eos
3150 2842 3210 2898 in
3255 2843 3380 2899 suis
3433 2842 3732 2910 manibus,
3767 2845 3826 2900 et

2163 2933 2450 2990 hortando
2489 2935 2561 2990 ad
2594 2933 2864 2990 meliores
2893 2936 3080 2988 actus.
3135 2931 3487 3003 Hujusmodi
3545 2930 3826 3004 lacrymae

2165 3029 2450 3096 quantum
2468 3023 2687 3078 distant
2697 3023 2769 3077 ab
2787 3021 2879 3078 his
2893 3037 3041 3094 quas
3063 3019 3324 3077 carnales
3341 3019 3614 3078 homines
3626 3019 3822 3077 solent

2162 3129 2266 3186 pro
2292 3112 2487 3168 charis
2518 3111 2643 3168 suis
2672 3110 2759 3167 vel
2789 3127 2892 3184 pro
2917 3111 3151 3166 damnis
3172 3108 3826 3167 ineonsolabiliterfun-

2163 3201 2319 3266 dere,
2346 3201 2542 3257 eli‘reni
2567 3199 2812 3256 audacia
2852 3216 2968 3255 non
3015 3203 3343 3255 metuentes
3366 3200 3438 3256 ad
3478 3197 3820 3255 divinorum

408 3295 538 3344 tuus
563 3279 660 3354 est,
693 3290 745 3344 et
771 3289 932 3360 quasi
957 3304 1068 3343 non
1096 3291 1175 3343 est
1201 3278 1467 3353 mortuus,
1499 3288 1740 3342 similem
1768 3289 1918 3342 enim
1945 3288 2052 3342 sibi
2082 3272 2126 3341 C
2155 3289 2514 3361 judiciorum
2542 3287 2840 3360 publicam
2871 3287 3320 3344 detestationem
3351 3286 3625 3361 prosilire
3647 3287 3824 3354 iouia

410 3375 642 3448 reliquit
665 3385 788 3449 post
813 3392 887 3432 se.
929 3379 991 3433 In
1046 3378 1162 3432 vita
1190 3393 1290 3432 sua
1344 3375 1499 3444 vidit,
1533 3381 1582 3432 et
1639 3377 1857 3432 laetatus
1886 3379 1962 3432 est
1995 3378 2055 3431 in

411 3467 601 3538 ipso,et
628 3467 689 3522 in
717 3467 867 3522 obitu
885 3481 981 3521 suo
1010 3481 1121 3521 non
1149 3472 1225 3520 est
1251 3467 1618 3532 contristatus,
1653 3481 1750 3520 nec
1797 3468 2054 3536 con/"usus

409 3562 488 3612 est
509 3571 696 3612 coram
725 3555 1004 3622 inimicis;
1038 3556 1263 3626 reliquit
1300 3555 1448 3610 enim
1496 3547 1828 3625 defensorem
1867 3554 2056 3610 damni

403 3659 521 3702 suae
565 3637 753 3701 contra
803 3645 1079 3712 inimicos,
1130 3647 1181 3700 et
1237 3645 1405 3700 amici
1443 3643 1758 3699 reddentem
1812 3636 2055 3714 gratiam

402 3730 589 3802 (Eccli.
616 3749 746 3801 xxx,
781 3732 914 3803 11-6).

468 3821 558 3876 20.
593 3819 850 3877 Transiit
878 3824 1076 3876 autem
1107 3821 1180 3874 de
1209 3821 1394 3874 morte
1425 3819 1494 3873 ad
1527 3818 1724 3885 vitam,
1758 3820 1829 3874 de
1885 3819 2052 3876 exilio

401 3909 472 3965 ad
504 3903 756 3982 patriam
790 3901 1064 3964 amabilis
1086 3908 1273 3973 Pater,
1298 3908 2052 3976 domnusDeodatus,tertio

401 3997 629 4054 decimo
659 3996 950 4053 Kalendas
971 3996 1115 4053 Julii
1139 3997 1248 4068 (68)
1272 3995 1576 4052 Dominica
1605 3997 1717 4064 die,
1751 4001 2053 4053 sexcente~

400 4085 552 4142 simo
585 4085 1020 4158 septuagesimo
1041 4101 1196 4140 nono
1219 4101 1370 4141 anno
1401 4101 1434 4140 a
1450 4085 1682 4140 Domini
1708 4085 1892 4141 nostri
1911 4087 2050 4142 Jcsu

400 4173 616 4231 Christi
635 4173 1320 4246 Incarnatione,septima
1340 4173 1757 4243 indictione,ab
1783 4173 2052 4246 ingressu

399 4279 536 4320 vero
569 4263 698 4334 ejus
730 4263 787 4318 in
819 4263 970 4319 hanc
999 4261 1208 4318 vallem
1240 4261 1540 4319 Galilaeam
1563 4279 1718 4318 anno
1741 4263 2050 4320 undecimo

404 4351 697 4408 mediante
723 4351 856 4424 (69),
889 4351 1242 4409 Theoderico
1294 4351 1413 4410 filio
1445 4351 1711 4407 Clodovei
1761 4353 2052 4425 fratreque

401 4439 710 4497 Childerici
727 4444 1003 4514 regnante
1017 4442 1268 4514 (70),sub
1287 4459 1400 4514 quo
1416 4442 1708 4513 pessimus
1721 4444 1779 4497 et
1789 4445 2052 4513 apostata

474 4582 587 4655 (67)
620 4583 981 4656 Impressum
1009 4587 1200 4656 vetus,
1231 4587 1412 4656 optato
1441 4583 1530 4638 vir
1556 4589 1777 4638 sanctus
1805 4588 2044 4652 creatus,

401 4653 686 4710 Riéuetus
714 4653 962 4710 correxit
993 4655 1218 4710 obtutu.
1257 4653 1276 4709 ἶ
1305 4695 1317 4708 .
1355 4695 1368 4708 .
1405 4657 1718 4708 recreatus.

491 4725 583 4793 68)
614 4725 986 4782 Conveniunt
1017 4727 1404 4792 characteres,
1439 4725 1525 4779 lit.
1589 4725 1932 4782 Dominicali
1967 4732 2048 4794 B;

399 4794 548 4868 quos
577 4797 941 4854 characteres
973 4797 1022 4868 si
1055 4813 1121 4853 ex
1153 4796 1400 4868 antiqua
1420 4794 1740 4868 traditione
1771 4797 1856 4852 vel
1909 4797 2050 4853 scri-

441 4873 574 4924 tura
601 4873 803 4924 auctor
826 4866 1054 4936 habuit,
1109 4866 1256 4922 nihil
1291 4865 1508 4939 certius
1545 4872 1732 4939 potest
1763 4885 1866 4938 pro
1899 4886 2051 4924 anno

432 4941 503 4994 79
525 4939 691 5011 alteri
723 4939 1049 5011 cuicunque
1080 4937 1436 5011 praeferendo
1469 4937 1705 5011 requiri.
1737 4937 1873 4994 Esto
1905 4939 2053 4993 hanc

397 5010 820 5091 certitudineui
840 5007 1239 5091 obscuraverit
1269 5007 1388 5074 ille,
1417 5007 1566 5091 male
1581 5011 1903 5091 composito
1928 5011 2052 5091 epi-

399 5086 639 5145 scopatu
669 5080 1120 5137 Garibaldieum
1147 5095 1387 5134 excessu
1416 5079 1654 5134 Deodati
1685 5079 1753 5136 ex
1785 5079 2046 5145 Francia,

399 5156 458 5208 et
481 5149 680 5208 Jacobi
711 5169 847 5209 cum
878 5152 1130 5224 adventu
1163 5149 1441 5224 Hilduphi
1475 5151 1532 5205 in
1564 5151 1902 5224 Vosagium.

492 5225 590 5292 69)
621 5224 743 5280 Imo
775 5247 803 5274 ‹‹
836 5221 1117 5295 vigesimo
1149 5221 1360 5295 primo.
1397 5243 1424 5270 ››

490 5295 583 5366 70)
612 5291 1006 5366 Theodericus
1038 5291 1167 5363 post
1196 5291 1408 5366 caedem
1441 5291 1749 5366 Childerici
1781 5297 2048 5364 receptus

401 5363 708 5432 anno’675,
742 5365 876 5420 dein
909 5365 980 5418 ab
1011 5380 1162 5418 anno
1183 5365 1290 5418 680
1308 5363 1646 5430 monarcha,
1670 5363 1937 5419 mortuus
1959 5370 2048 5419 est

401 5453 554 5492 anno
581 5436 705 5492 693.

469 5509 580 5578 (7t)
616 5505 1002 5578 Leorlegarius
1032 5503 1258 5560 occisus
1291 5509 1378 5560 est
1409 5523 1561 5561 anno
1589 5507 1716 5572 688,
1752 5507 1844 5561 die
1876 5509 1908 5560 2
1939 5507 2042 5562 Oc-
2073 5527 2086 5535 ·

397 5577 516 5633 tob:
551 5595 666 5649 quo
689 5577 914 5632 colitur.

468 5646 585 5719 (72)
607 5672 634 5698 ‹‹
669 5653 828 5704 Intra
853 5663 1046 5703 arcam
1079 5651 1273 5721 tamen
1304 5646 1813 5721 lapideam,inquit
1833 5648 2042 5721 Rigue-

398 5722 516 5786 tus,
547 5736 675 5790 quae
717 5722 982 5776 servatur
1041 5719 1216 5776 etiam
1269 5735 1443 5788 nunc,
1499 5720 1677 5776 donec
1710 5719 2041 5792 perﬁcere-

2163 3377 2320 3434 enim
2354 3375 2733 3448 sempiternis
2754 3375 2924 3432 bonis
2950 3393 3064 3431 non
3085 3375 3332 3445 inhiant,
3364 3379 3496 3448 post
3514 3379 3822 3450 tempora-

2161 3466 2308 3522 lium
2339 3465 2716 3521 amissionem
2754 3463 2894 3536 quid
2929 3464 3083 3520 ultra
3111 3469 3366 3537 sperent,
3416 3465 3730 3538 ignorant;
3766 3469 3825 3522 et

2138 3555 2290 3638 .ideo
2325 3571 2472 3626 quos
2496 3552 2778 3627 (neglecto
2811 3559 2946 3626 Dee)
2997 3553 3284 3610 inutiliter
3333 3557 3552 3621 amant,
3609 3555 3824 3612 nolunt

2162 3643 2300 3700 hinc
2329 3643 2474 3710 tolli,
2510 3641 2648 3714 quia
2679 3643 2762 3698 eis
2795 3642 2853 3696 in
2907 3641 3307 3714 voluptatibus
3364 3643 3554 3698 carnis
3607 3649 3666 3700 et
3706 3662 3820 3701 usu

2163 3732 2368 3788 mundi
2399 3719 2624 3804 Optant,
2656 3730 2706 3787 si
2737 3736 2998 3802 possent,
3059 3730 3118 3786 in
3151 3735 3432 3787 aeternum
3466 3733 3707 3804 perfrui.
3756 3734 3821 3790 In

2161 3821 2306 3877 tales
2334 3819 2618 3876 Jeremias
2649 3824 2890 3876 sanctus
2921 3820 3003 3876 sic
3025 3820 3355 3876 invehitur:
3389 3821 3705 3878 Maledictus
3734 3825 3823 3878 vir

2159 3912 2255 3981 qui
2302 3909 2524 3981 conﬁdit
2557 3910 2616 3964 in
2664 3909 2902 3977 homine,
2934 3913 2984 3966 et
3045 3911 3203 3982 ponit
3249 3925 3474 3966 carnem
3524 3910 3823 3968 brachium

2158 4015 2322 4055 suum
2353 4008 2404 4055 et
2433 4015 2467 4054 ιι
2492 3999 2720 4054 Domino
2749 3999 2952 4053 recedit
2976 4015 3069 4054 cor
3095 3999 3214 4070 ejus
3241 3999 3372 4070 (Jcr.
3405 4015 3540 4068 xvu,
3571 3998 3652 4071 5).

2229 4089 2318 4142 21.
2355 4087 2553 4159 Itaque
2573 4085 2659 4142 vir
2687 4087 2789 4142 Dei
2820 4085 3151 4160 Hidulphus
3199 4086 3282 4142 sic
3305 4087 3500 4160 paruit
3545 4093 3819 4144 extremae

2161 4175 2426 4248 petitioni
2459 4175 2831 4248 defungentis
2862 4175 3057 4244 amici,
3090 4181 3155 4232 ut
3175 4175 3384 4249 viginti
3404 4180 3535 4232 octo
3557 4177 3735 4234 annis
3760 4183 3818 4234 et

2158 4265 2404 4320 dimidio
2427 4264 2669 4336 (quibus
2698 4263 2784 4318 illi
2812 4269 3110 4336 superstes
3131 4265 3240 4320 fuit
3261 4264 3319 4320 in
3343 4264 3580 4338 saeculo)
3604 4264 3819 4339 invigi-

2157 4353 2338 4410 lasset
2359 4355 2485 4424 ejus
2516 4352 2808 4426 gregi,per
2835 4353 3182 4426 praepositos
3203 4353 3630 4409 administrans
3655 4353 3817 4409 utili-

2162 4447 2338 4498 tatem
2372 4440 2558 4513 ipsius
2591 4441 2720 4510 loci,
2757 4446 2816 4498 et
2845 4443 3115 4514 quamvis
3145 4459 3250 4515 pro
3299 4459 3362 4497 se
3393 4443 3668 4498 abbatem
3701 4442 3820 4514 (73)

2157 4588 2256 4638 tur
2286 4584 2632 4654 major,quae
2654 4583 2928 4638 inchoata
2957 4583 3287 4639 habebatur
3315 4583 3558 4654 ecclesia
3587 4581 3818 4640 S.Mau-

2082 4643 2130 4708 D
2161 4655 2298 4721 ritii,
2359 4643 2540 4709 nunc‘
2575 4655 2632 4710 S.
2669 4655 2906 4709 Deodati
2954 4655 3128 4720 dicta,
3181 4655 3282 4710 ubi
3335 4661 3469 4710 ante
3516 4653 3700 4710 altare
3753 4655 3815 4710 S.

2161 4725 2692 4798 Cruciscouditum
2728 4727 2786 4780 iu
2818 4727 3023 4782 eadem
3070 4743 3204 4798 arca
3235 4742 3446 4798 corpus
3497 4731 3604 4798 est.
3637 4747 3666 4775 ››
3702 4727 3816 4782 Sed

2161 4797 2303 4870 quid
2337 4796 2385 4851 si
2418 4795 2783 4870 primo_terra
2806 4798 2964 4870 nuda
2978 4797 3279 4870 conditum
3307 4795 3594 4870 corpusin
3617 4812 3815 4870 arcam

2160 4867 2336 4940 ietam
2369 4867 2760 4940 campositum
2793 4869 3064 4925 credatur
3092 4868 3170 4940 fin
3203 4869 3333 4940 ipsa
3386 4867 3820 4940 translatione?

2233 4962 2261 4989 «
2297 4939 2420 4994 Non
2453 4938 2649 4994 tamen
2680 4943 2817 4993 tunc
2835 4941 3059 5012 accepit
3081 4938 3327 4995 formam
3356 4939 3546 4995 crucis
3567 4938 3820 4996 ecclesia

2161 5015 2812 5082 nostra,quamﬂnune
2864 5011 3058 5078 habet,
3112 5027 3412 5082 quamque
3467 5014 3700 5082 constat
3747 5027 3818 5067 ex

2161 5081 2319 5136 bulla
2352 5081 2566 5138 Nieolai
2602 5081 2680 5136 ΙΙΙ
2703 5098 2853 5152 opus
2886 5097 3015 5138 esse
3045 5081 3181 5138 anui
3215 5083 3376 5152 1278,
3413 5105 3443 5132 »
3485 5081 3684 5154 inquit
3715 5083 3820 5137 Ri-

2175 5158 2394 5206 metus.

2175 5171 2394 5206 ’UCIUS.

2159 5171 2193 5224 ὃ
2229 5225 2338 5294 (73)
2375 5222 2472 5277 Hic
2507 5221 2794 5276 ﬁniuntur
2823 5222 2882 5277 in
2901 5223 3262 5279 membranis
3295 5223 3404 5280 loci
3435 5221 3719 5279 lectiones
3745 5225 3820 5280 de

2158 5301 2380 5358 sancto,
2399 5311 2498 5365 per
2522 5300 2784 5348 octavam
2801 5295 3150 5364 distributae,
3180 5300 3238 5350 et
3248 5295 3534 5350 hactenus
3555 5295 3628 5350 de
3639 5297 3816 5352 verbo

2157 5367 2227 5420 ad
2257 5367 2500 5438 verbum
2531 5366 2746 5438 eaedem
2781 5365 3273 5438 cumiimpressis.
3305 5365 3505 5438 Abbas
3535 5371 3751 5438 (autem
3782 5385 3816 5422 a

2157 5437 2414 5492 Hildulfo
2447 5436 2823 5502 constitutus,
2874 5436 3178 5492 dicebatur
3236 5436 3658 5506 Leutebaldus;
3713 5439 3814 5494 sed

2155 5506 2656 5580 praemortuusilli
2689 5509 3094 5564 necessitatem
3119 5509 3631 5580 imposuitsancto
3649 5525 3814 5580 resu-

2156 5577 2348 5706 iﬁiendi
2375 5595 2478 5650 per
2509 5577 2750 5634 ultimos
2778 5583 2894 5636 tres
2925 5596 3112 5636 annos
3148 5577 3578 5652 regiminis,uti
3610 5579 3816 5636 scribit

2210 5668 2408 5706 uvrus.

2210 5668 2408 5723 uyrus.
