3958 6384
1218 407 1618 476 VALCANDI
1660 410 1841 475 VITA
1889 410 1954 474 S.
2003 408 2384 492 DEODATIJ

3379 396 3526 465 680‘

103 557 217 600 suae
230 538 668 617 congregationi
684 540 1164 619 prefeceritmuia
1175 542 1462 602 desiderio
1473 560 1742 617 supernas
1771 546 1828 615 Α
1858 542 2270 603 dulcissimum
2295 542 2509 619 pignus
2538 540 2711 600 amici
2741 537 3105 609 exosculans,
3130 533 3500 612 amplexaba-

103 630 611 705 contemplationis
637 650 940 703 accensus,
966 634 1348 692 exterioribus
1379 634 1629 708 negotiis
1657 651 1751 691 oc-

1855 637 2037 706 tur,et
2052 633 2114 690 in
2134 637 2294 691 veste
2314 650 2529 691 nomen
2546 633 2731 690 sancti
2744 632 2904 688 illius
2917 629 3260 687 dulcissime
3274 643 3510 684 venera-

104 721 299 795 cupari
332 721 632 796 refugerit)
669 726 868 780 tamen
921 723 1146 780 Vallem
1191 723 1489 779 Galilaeam
1547 741 1582 781 a
1609 740 1750 780 cura
1856 726 2309 796 batur,eumque
2325 723 2384 778 in
2404 739 2473 779 ea
2501 722 2614 778 sibi
2631 721 2823 778 videre
2837 718 3288 776 videbatur.Hoc
3307 717 3505 788 ipsum

105 828 209 869 sua
236 827 355 866 non
386 810 682 884 expunxit,
715 812 977 884 quandiu
999 812 1057 868 in
1080 812 1189 868 hac
1216 811 1344 868 luce
1372 812 1590 869 mansit
1611 812 1745 885 (74).

104 900 202 956 Vis
223 900 380 955 enim
404 899 641 971 perfecti
666 900 883 956 amoris
904 917 1043 974 erga
1062 900 1504 957 sanctissimum
1534 901 1752 958 Deoda-

105 994 225 1046 tum
238 988 490 1045 faciebat
499 987 551 1043 ei
565 988 937 1045 tolerantiam
956 989 1379 1046 taborum.Non
1396 989 1753 1047 lassescebat

108 1079 174 1135 ad
204 1076 534 1134 curandum
565 1076 777 1145 aliena,
799 1077 899 1150 qui
923 1094 1039 1150 pra;
1060 1076 1409 1135 lassitudine
1444 1077 1542 1134 alii
1563 1078 1751 1151 impo-

108 1169 300 1224 suerat
323 1183 452 1235 sua,
487 1165 626 1239 quia
655 1167 812 1240 quod
843 1158 1152 1224 recusabat
1171 1168 1412 1224 sufferre
1441 1167 1752 1224 imbecillis

110 1259 399 1321 senectus,
431 1258 488 1311 et
516 1253 625 1312 soli
655 1254 771 1312 Deo
799 1271 1004 1313 vacare
1033 1257 1274 1329 cupiens
1313 1256 1566 1326 animus,
1599 1257 1755 1313 desi-

110 1343 439 1403 derabiliter
468 1342 910 1416 amplexabatur
937 1344 1205 1401 fraternae
1236 1345 1565 1402 dilectionis
1613 1346 1755 1401 affe-

111 1440 252 1503 ctus,
276 1437 336 1490 et
364 1437 579 1489 sanctae
605 1432 949 1490 obedientite
978 1433 1185 1502 virtus,
1228 1438 1512 1506 tanquam
1533 1434 1757 1508 jugiter

111 1522 187 1580 sic
207 1523 473 1595 seipsum
505 1521 950 1578 adhortaretur:
984 1522 1130 1587 Quia
1162 1523 1348 1579 fronte
1376 1522 1489 1579 ibis
1519 1525 1588 1579 ad
1613 1523 1755 1579 ami-

111 1629 258 1679 cum,
291 1611 341 1668 si
372 1612 504 1682 ejus
532 1609 808 1667 ultimum
848 1611 1192 1669 refutaveris
1232 1612 1619 1668 mandatum?
1646 1613 1756 1669 Pro

112 1702 280 1773 cujus
305 1700 550 1773 perenni
572 1700 767 1756 vitain
792 1699 953 1757 caelis
983 1704 1039 1757 et
1062 1699 1267 1774 gloria,
1301 1700 1490 1774 primo
1521 1701 1757 1773 deposi-

108 1788 460 1847 tionisillius
473 1805 625 1844 anno
643 1789 974 1845 coenobium
985 1788 1167 1846 Vallis
1178 1789 1445 1846 Gallilaeze
1458 1789 1757 1847 multoties

112 1879 265 1936 adire
286 1877 520 1943 solitus,
544 1878 957 1950 frequentabat
986 1879 1056 1935 ad
1090 1883 1361 1935 sanctum
1389 1895 1600 1951 corpus
1623 1878 1758 1936 mis-

114 1984 304 2025 sarum
337 1965 665 2032 solemnia;
710 1965 930 2025 sciebat
984 1968 1142 2024 enim
1203 1969 1529 2040 scriptum:
1583 1969 1761 2024 Nescit

112 2058 261 2115 homo
300 2063 492 2112 utrum
538 2071 723 2112 amore
767 2073 841 2112 an
884 2057 1004 2113 odio
1052 2057 1250 2129 dignus
1293 2059 1385 2127 sit,
1435 2058 1526 2113 sed
1571 2059 1760 2113 omnia

110 2148 164 2202 in
195 2149 383 2218 futuro
424 2148 774 2202 reservantur
807 2146 1015 2201 incerta
1035 2147 1222 2215 (Eccli.
1249 2164 1324 2210 1x,
1351 2151 1399 2212 l,
1420 2147 1500 2218 2.)
1524 2148 1592 2202 Et
1609 2145 1756 2201 illud

112 2234 434 2291 acutissimi
461 2233 648 2291 Patris
685 2234 996 2308 Augustini
1019 2235 1273 2291 dictum:
1306 2258 1327 2285 α
1350 2235 1446 2291 Vae
1476 2234 1759 2291 laudabili

111 2324 237 2379 vitae
267 2322 601 2388 hominum,
653 2322 705 2378 si
749 2327 975 2379 remota
1018 2323 1229 2395 pietate
1254 2323 1576 2395 judicatur.
1609 2324 1757 2379 Nam

115 2412 241 2486 quis
262 2410 574 2468 hominum
601 2411 839 2468 audebit
858 2412 1049 2468 dicere
1072 2428 1085 2466 :
1119 2415 1273 2469 Venit
1291 2414 1545 2485 princeps
1564 2413 1760 2468 mundi

113 2501 290 2574 hujus,
322 2508 376 2557 et
402 2503 465 2556 in
492 2517 577 2557 me
604 2517 720 2558 non
751 2500 909 2557 habet
938 2502 1237 2572 quidquam
1266 2503 1443 2574 (Joan.
1473 2518 1588 2569 xxv,
1619 2502 1689 2556 30
1718 2503 1757 2572 ;)

110 2590 214 2646 nisi
253 2590 412 2646 inter
458 2593 724 2646 mortuos
770 2589 966 2646 liber?
994 2591 1162 2660 (Psal.
1199 2608 1445 2651 Lxxxvn.
1495 2591 1574 2661 6.)
1605 2591 1757 2655 Qua-

108 2684 360 2753 propter,
392 2679 547 2751 quod
576 2676 768 2735 solum
786 2683 844 2734 et
862 2678 1159 2753 singulare
1180 2679 1533 2736 beneﬁcium
1555 2679 1686 2735 defu
1696 2696 1759 2734 n-

108 2768 209 2825 ctis
232 2768 355 2824 fore
371 2772 628 2835 noverat,
654 2771 787 2839 post
802 2767 1057 2824 amicum
1084 2768 1236 2823 viam
1254 2768 1539 2824 universae
1561 2767 1757 2824 carnis

108 2858 440 2931 ingressum
465 2855 858 2913 transmittere
880 2874 993 2912 non
1017 2857 1473 2923 cessabat.Quod
1490 2856 1758 2929 quamvis

108 2946 199 3020 pia
226 2950 420 3003 mater
458 2944 713 3003 Ecclesia
742 2949 876 3018 post
903 2945 1056 3003 ﬁlios
1078 2963 1217 3002 suos
1256 2951 1500 3002 cunctos
1528 2946 1758 3002 indill'e-

110 3038 300 3091 renter
330 3034 547 3099 mittat,
580 3033 721 3106 quia
750 3032 978 3090 occulta
990 3034 1215 3106 judicia
1244 3035 1340 3090 Dei
1365 3035 1628 3090 nondum
1657 3051 1757 3107 pe-

106 3126 314 3191 netrat,
343 3123 545 3195 justus
565 3126 760 3178 tamen
775 3123 958 3193 judex
975 3122 1059 3178 sic
1084 3140 1324 3179 suorum
1346 3128 1478 3179 vota
1497 3126 1760 3195 acceptat

107 3228 177 3268 ne
204 3210 450 3268 omnino
475 3210 753 3268 frustrata
782 3211 1017 3267 doleant
1041 3230 1054 3280 ;
1079 3228 1210 3267 cum
1227 3213 1398 3282 juxta
1420 3218 1757 3268 sanctorum

1858 814 2127 883 faciebat,
2159 812 2394 885 quando
2450 810 2664 884 placito
2717 813 2981 882 tempore
3009 825 3078 866 ea
3115 824 3151 863 a
3197 803 3509 877 discipulis

1860 902 2047 959 sancti
2101 901 2174 957 ad
2234 899 2493 955 Medium
2549 898 2966 956 Monasterium
3020 894 3396 952 referebatur.
3438 892 3510 947 Et

1860 990 2145 1065 quidquid
2171 987 2561 1045 venerationis
2590 986 2969 1061 impendebat
2988 982 3318 1041 insensibili
3338 980 3509 1037 tuni-

1861 1078 2316 1150 caa,charissimo
2339 1077 2705 1135 suoDeodato
2723 1093 2784 1132 se
2804 1075 3142 1148 impendere
3161 1072 3469 1128 laetabatur
3492 1086 3507 1138 ;

1861 1183 2036 1240 quem
2056 1169 2271 1224 sentire
2292 1168 2560 1224 devotam
2587 1165 2701 1222 sibi
2722 1164 3070 1221 charitatem
3092 1161 3508 1226 arbitrabatur,

1862 1259 2148 1329 cujusque
2161 1257 2497 1313 efficacibus
2510 1255 2736 1311 meritis
2749 1252 3230 1326 seipsum,adhuc
3243 1250 3302 1306 in
3321 1249 3509 1306 stadio

1861 1347 2041 1419 hujus
2070 1346 2198 1402 vitae
2228 1346 2643 1412 decertantem,
2691 1348 2866 1415 atque
2916 1340 3207 1415 spirituali
3241 1338 3529 1413 palmstra.

1862 1436 2270 1503 desudantem,
2304 1433 2620 1491 sustentari
2649 1434 2803 1488 inter
2832 1430 3026 1487 dulcia
3041 1429 3297 1502 suspiria
3316 1442 3514 1501 precs-'-

1862 1526 2054 1581 batur.
2087 1524 2426 1581 Conﬁdebat
2455 1522 2610 1579 enim
2642 1522 2831 1588 illum,
2856 1522 2983 1593 jam
3016 1522 3307 1593 prostrato
3332 1522 3511 1590 atque

1866 1612 2197 1687 proculcato
2228 1612 2581 1679 adversario,
2632 1611 2829 1684 palma
2858 1614 2916 1666 et
2954 1625 3168 1666 corona
3197 1626 3232 1664 a
3261 1607 3526 1685 Domino.

1866 1703 2147 1759 donatum
2172 1720 2185 1769 ;
2219 1705 2277 1758 et
2305 1703 2460 1775 apud
2489 1717 2623 1757 eum
2651 1716 2822 1773 posse
2845 1698 3187 1772 plurimum,
3220 1700 3421 1769 utpote
3448 1695 3512 1751 in

1866 1792 2071 1849 ordine
2094 1791 2349 1848 cmlestis
2380 1790 2551 1846 curiae
2590 1789 2982 1845 indelebiliter
3023 1787 3365 1860 ascriptum.
3397 1785 3511 1842 Sed

1868 1898 2002 1937 cum
2029 1880 2137 1937 viri
2163 1880 2349 1937 sancti
2373 1879 2711 1953 temporalis
2732 1880 2849 1935 vita
2869 1878 2929 1933 in
2947 1876 3165 1933 multos
3186 1875 3513 1948 annos(Deo

1867 1970 2235 2042 disponente)
2267 1969 2622 2037 tenderetur,
2659 1972 2951 2041 quatenus
2979 1967 3109 2039 ejus
3138 1964 3402 2037 exemplo
3442 1964 3521 2021 ad

1865 2063 2142 2116 aeternam
2167 2058 2347 2114 vitam
2376 2056 2617 2130 plurimi
2646 2057 3120 2124 accenderentur,
3162 2055 3382 2111 factum
3429 2056 3521 2109 est

1867 2152 1932 2203 ut
1960 2148 2116 2203 circa
2142 2147 2383 2203 ultimos
2413 2163 2621 2217 annos,
2655 2147 2817 2203 senio
2848 2147 2976 2218 jam
3036 2147 3430 2217 praegravatus
3459 2144 3517 2198 et

1870 2237 2087 2292 fractus
2132 2236 2586 2308 continuatoque
2632 2235 2831 2291 labore
2889 2233 3251 2301 debilitatus,
3307 2231 3516 2288 cellam

1867 2342 2061 2393 suam,
2092 2342 2198 2380 nec
2229 2324 2410 2380 solitae
2439 2323 2791 2380 visitationis
2844 2322 3054 2395 gratia,
3094 2321 3467 2395 egrederetur
3499 2337 3514 2389 ;

1867 2431 1982 2470 non
2014 2419 2209 2470 tamen
2233 2415 2362 2471 ideo
2384 2412 2654 2485 discipuli
2683 2411 3006 2469 beatissimi
3026 2410 3261 2468 Deodati
3283 2414 3519 2482 praeter-

1868 2503 2151 2558 miserant
2178 2505 2251 2559 ad
2300 2519 2437 2559 eum
2468 2501 2614 2557 ferre
2668 2501 2953 2557 tumicam
3011 2499 3301 2572 magistri,
3361 2499 3517 2554 sicut

1864 2595 2031 2648 erant
2059 2591 2235 2647 soliti.

1934 2682 2023 2735 23.
2056 2680 2321 2752 Cumque
2352 2680 2551 2736 divina
2579 2679 2879 2735 miseratio
2919 2678 3231 2733 emeritum
3263 2675 3514 2732 militem

1866 2786 2041 2826 suum
2100 2768 2463 2841 Hidulphum
2494 2768 2741 2825 animio
2791 2767 2989 2823 labore
3045 2765 3396 2822 decrevisset
3450 2765 3513 2820 in

1867 2862 2148 2914 aeternum
2175 2858 2672 2931 requiescere,per
2691 2856 3144 2913 dilectissimum
3168 2854 3279 2911 sibi
3297 2855 3516 2911 Deoda-

1865 2952 1991 3003 tum
2006 2946 2141 3021 dign
2151 2951 2280 3003 atus
2298 2950 2387 3003 est
2406 2946 2593 3004 eidem
2610 2946 2896 3003 transitus
2919 2945 3011 3001 sui
3033 2944 3189 3000 diem
3205 2943 3515 3000 denuntia-

1868 3041 2010 3103 re,et
2028 3040 2094 3092 ut
2116 3040 2406 3108 satageret
2425 3036 2631 3092 ambas
2652 3052 2855 3092 eorum
2885 3033 3061 3091 cellas
3074 3032 3250 3105 (sicut
3266 3049 3358 3089 res
3381 3049 3521 3105 pos-4

1867 3124 2553 3197 cebat)disponere.Unde
2573 3123 2661 3180 vir
2677 3127 2915 3181 sanctus
2935 3122 3191 3179 multum
3207 3121 3516 3178 inDo'mino

1867 3218 1956 3270 est
1983 3214 2234 3281 laetatus,
2266 3214 2405 3285 quia
2433 3231 2502 3270 ex
2530 3212 2868 3270 turbulento
2901 3212 3174 3268 conﬂictu
3205 3210 3412 3267 mundi
3442 3211 3516 3266 ad

107 3302 343 3358 Patrum
369 3298 743 3367 sententiam,
778 3317 881 3372 pro
904 3300 1074 3355 valde
1094 3300 1265 3356 bonis
1296 3300 1415 3354 sint
1434 3301 1757 3374 gratiarum
1787 3287 1831 3354 C
1870 3306 2158 3376 perpetuae
2180 3303 2341 3376 pacis
2362 3301 2848 3374 tranquillitatem
2874 3317 3006 3356 mox
3025 3304 3151 3357 erat
3171 3301 3383 3367 iturus,
3417 3298 3517 3355 ubi

107 3389 385 3456 actiones,
420 3405 525 3460 pro
557 3405 674 3444 non
726 3388 890 3445 valde
923 3387 1094 3444 malis
1153 3389 1619 3461 propitiationes,
1655 3406 1759 3461 pro

104 3477 268 3534 valde
298 3475 475 3533 malis
515 3480 711 3532 autem
763 3477 1203 3550 qualescunque
1248 3478 1511 3533 vivorum
1561 3495 1763 3534 conso-

105 3565 376 3623 lationes.
427 3565 538 3622 Sed
597 3565 736 3638 quia
792 3566 851 3621 in
909 3566 1019 3623 hac
1078 3566 1197 3622 vita
1255 3583 1427 3623 omne
1487 3566 1763 3623 meritum

109 3657 506 3728 comparatur,
534 3669 648 3726 quo
678 3658 814 3726 post
844 3655 997 3710 hanc
1019 3656 1198 3712 vitam
1231 3655 1642 3727 unusquisque
1665 3660 1767 3711 aut

112 3743 395 3799 relevetur
406 3746 508 3797 aut
524 3746 818 3815 gravetur,
834 3747 1063 3798 constat
1087 3743 1531 3799 devotissimum
1553 3743 1765 3799 Christi

110 3831 405 3889 famulum
440 3830 761 3886 Deodatum
794 3831 926 3889 istic
968 3832 1062 3905 pio
1121 3848 1492 3905 comparasse
1535 3832 1763 3901 merito,

113 3925 407 3995 quatenus
444 3919 636 3977 omnis
667 3937 770 3993 pro
803 3935 869 3976 eo
902 3921 1248 3993 supplicatio
1281 3921 1443 3977 fieret
1486 3921 1604 3976 illic
1635 3937 1766 3993 gra-

112 4012 332 4068 tiarum
366 4009 539 4065 actio.

757 4098 987 4155 CAPUT
1028 4098 1122 4154 IV.

110 4188 399 4260 Veneratio
433 4185 544 4260 SS.
577 4187 826 4260 Deodati,
849 4195 900 4243 et
942 4187 1205 4260 Hiduiphi
1243 4189 1305 4243 in
1345 4189 1544 4244 tunicis
1575 4191 1623 4242 et
1653 4204 1770 4243 cor-

231 4259 484 4331 poribus.
524 4258 765 4314 Elevatio
795 4258 1126 4315 earumdem.
1167 4260 1282 4314 Vita
1311 4261 1627 4332 approbata.

186 4369 280 4422 22.
316 4363 533 4437 Elapso
562 4364 798 4420 tandem
829 4382 982 4421 anno
1014 4382 1047 4420 a
1077 4365 1329 4438 glorioso
1361 4366 1521 4422 obitu
1554 4365 1775 4421 domini

1869 3392 2029 3447 omni
2071 3391 2330 3464 lacryma
2370 3393 2443 3447 ab
2487 3390 2673 3447 oculis
2703 3391 2831 3462 ejus
2871 3390 3140 3447 abstersa
3168 3390 3350 3461 (Apoc.
3402 3406 3519 3461 χχι,

1869 3481 1984 3548 tt.)
2016 3480 2300 3553 perpetim
2360 3478 2779 3535 consolaretur.
2815 3481 3021 3550 Itaque
3067 3478 3347 3534 fratribus
3401 3494 3521 3533 suae

1870 3570 2025 3626 cellae
2071 3569 2376 3642 designato
2434 3568 2645 3624 abbate
2701 3568 2919 3623 domno
2973 3564 3515 3634 Raimberto,Valli

1871 3663 2067 3715 autem
2099 3657 2344 3713 Galilaea:
2366 3659 2580 3713 domno
2614 3655 3013 3723 Marcinanno,
3049 3654 3289 3711 emicuit
3321 3654 3392 3710 ab
3416 3654 3526 3717 hoc

1872 3748 2096 3812 exsilio,
2110 3748 2182 3802 ab
2205 3746 2612 3802 Incarnatione
2625 3745 2765 3802 Jesu
2783 3743 2995 3801 Christi
3018 3760 3171 3799 anno
3197 3742 3529 3815 septingen-

1873 3837 2082 3892 tesimo
2113 3836 2378 3908 septimo.
2404 3836 2583 3906 Cujus
2615 3835 2854 3907 quidem
2878 3836 3141 3890 sanctam
3169 3832 3527 3888 mentionem

1874 3924 2005 3980 istis
2037 3931 2234 3980 tenore
2262 3924 2617 3980 narrationis
2648 3922 2829 3990 ducti,
2858 3921 2954 3978 vix
2984 3921 3330 3978 summatim
3362 3919 3533 3976 attin-

1877 4030 2011 4086 gere
2032 4013 2465 4083 curavimus,ne
2489 4012 2810 4069 fastidiosis
2831 4012 3073 4069 auribus
3093 4028 3257 4067 escas
3273 4008 3537 4081 collegis-

1881 4119 1942 4157 se
1964 4106 2021 4157 et
2042 4100 2367 4158 inculcasse
2388 4116 2734 4174 arguamur;
2758 4100 2996 4156 avidum
3038 4103 3234 4155 tamen
3260 4098 3535 4155 lectorem

1884 4192 1951 4247 ad
1989 4191 2182 4246 Vitam
2241 4190 2429 4246 sancti
2483 4190 2853 4247 destinamus
2894 4189 3025 4260 (75).
3054 4189 3229 4245 Porro
3283 4188 3537 4243 doanS

1887 4279 2513 4352 Marcinannus,quem
2529 4279 2831 4350 praelatum
2846 4277 3170 4334 beatissimi
3187 4275 3544 4334 Deodaticee-

1888 4368 2061 4423 nobio
2096 4385 2277 4440 supra
2307 4367 2785 4437 memoravimus,
2819 4367 2879 4422 in
2911 4365 3243 4439 provisione
3292 4363 3541 4421 cmnobii

118 4453 455 4522 Deodati,in
480 4469 595 4525 quo
608 4453 815 4509 beatus
838 4454 1519 4527 patriarchaHidulphus
1541 4454 1782 4510 assidua
1890 4456 2025 4513 talis
2056 4457 2325 4512 utilitatis
2357 4457 2467 4511 luit
2515 4455 3010 4511 studiosissimus.
3044 4455 3100 4510 Is
3130 4455 3346 4526 quippe
3371 4452 3543 4524 longo

114 4543 459 4602 visitatione
479 4542 837 4614 etfrequenti
860 4542 1264 4600 immolatione
1285 4542 1781 4600 salutarishostite
1893 4544 2182 4619 superfuit
2228 4549 2490 4615 tempore
2546 4543 2657 4599 sub
2705 4543 2940 4615 regibus
2975 4542 3331 4598 Theodorico
3370 4545 3546 4612 atque

120 4633 372 4691 curabat
401 4632 680 4704 prodesse
712 4632 840 4704 ejus
873 4631 1126 4705 spiritui,
1159 4633 1435 4706 deinceps
1475 4632 1784 4706 pristinam
1815 4651 1861 4716 Ι)
1892 4633 2218 4691 Childerico
2249 4631 2509 4698 Juniore,
2540 4649 2575 4685 a
2606 4647 2721 4700 quo
2745 4630 2920 4685 etiam
2951 4629 3548 4716 Aquisgraniprome-

115 4720 556 4779 institutionem
574 4736 942 4794 resumpsere
964 4722 1173 4777 fratres
1195 4722 1507 4793 utriusque
1534 4720 1664 4777 loci.
1683 4720 1785 4777 De-
1818 4715 1842 4716 ᾗ
1893 4724 2011 4780 ruit
2030 4721 2483 4794 descriptionem
2509 4719 2685 4775 totius
2706 4717 2951 4775 abbatis:
2973 4734 3091 4773 suae
3112 4716 3370 4774 roborari
3388 4715 3549 4789 regis.

117 4811 297 4885 nique
319 4812 388 4866 ut
407 4808 572 4881 prius
594 4809 775 4865 semel
799 4810 861 4865 in
890 4828 1041 4867 anno
1060 4810 1325 4867 solebant
1346 4811 1533 4866 sancti
1562 4810 1787 4866 antisti-
1894 4811 2265 4868 auctoritate.

115 4904 199 4958 las
212 4916 359 4957 suas
370 4897 811 4955 cellasinvicem
834 4898 1178 4965 visitare,sic
1200 4902 1399 4971 postea
1422 4899 1779 4956 studuerunt

110 4990 325 5047 fatere.
386 4987 496 5043 Sed
553 4987 677 5043 viro
725 4986 828 5043 Dei
890 4987 1182 5060 Hidulpho
1242 4987 1513 5044 invisenti
1554 4987 1780 5044 Vallem

112 5078 427 5135 Galilaeam
478 5075 603 5131 vice
644 5076 846 5132 domni
900 5075 1162 5144 Deodati,
1211 5076 1598 5131 occurrebant
1652 5076 1783 5147 ejus

113 5164 420 5238 discipuli,
440 5164 815 5237 prmferentes
833 5165 979 5221 tanti
1003 5164 1271 5237 magistri
1292 5164 1577 5220 tunicam.
1595 5165 1784 5227 Quam

112 5257 451 5313 reverenter
505 5257 816 5325 susccptan
862 5259 1102 5310 sanctus
1158 5253 1437 5325 pontifex,
1494 5257 1785 5324 tanquam

187 5415 310 5486 (74)
346 5411 699 5486 Ηίογὰθείῐλίῐ
728 5428 841 5469 ms.
874 5412 1321 5485 Ultrajectinum
1350 5417 1407 5468 et
1435 5412 1570 5467 Vita
1600 5430 1634 5468 a
1667 5412 1789 5469 Mo-

117 5485 348 5543 sandro
382 5485 561 5540 edita.

1963 4903 2055 4956 24.
2092 4900 2313 4957 Deinde
2361 4903 2481 4955 tam
2534 4901 2873 4954 sanctorum
2932 4897 3306 4953 decessorum
3358 4892 3554 4950 idonei

1895 5006 2269 5046 successores
2301 4988 2672 5044 Raimhertus
2702 4991 2759 5042 et
2789 4986 3224 5051 Marcinannus,
3256 4983 3553 5041 charitati-

1893 5096 2025 5136 vam
2047 5077 2406 5144 societatem,
2426 5095 2460 5132 a
2476 5075 2869 5133 sanctissimis
2892 5074 3193 5148 magistris
3215 5076 3552 5146 susceptam

1896 5173 1953 5224 et
1978 5166 2089 5222 sibi
2122 5165 2292 5237 quasi
2323 5166 2451 5239 lege
2481 5163 2850 5222 haereditaria
2887 5161 3176 5230 relictam,
3208 5179 3324 5219 non
3356 5162 3557 5217 immi-

1897 5260 2382 5321 nuerunt,verum
2405 5255 2600 5327 potius
2615 5253 3328 5327 augmentaverunt.Quod
3351 5252 3557 5325 utique

1899 5415 2129 5484 dulphi.
2160 5415 2302 5471 dum
2329 5413 2531 5470 Miloni
2562 5431 2696 5471 eum
2740 5415 3098 5472 successisse
3132 5414 3288 5483 facit,
3323 5412 3555 5484 aliaque

1900 5484 2086 5565 multa
2116 5488 2188 5565 in_
2208 5486 2648 5565 chronologiam
2679 5492 2897 5565 peccat,
2921 5488 3102 5565 hujus
3122 5486 3273 5565 Vitae
3298 5484 3555 5565 interpe-

190 5557 312 5631 (75)
348 5555 1010 5632 Biguetussuspicatur
1040 5556 1362 5632 ipsummet
1390 5556 1794 5632 composuisse
1897 5559 2142 5616 latorem
2174 5558 2241 5632 in_
2267 5555 2822 5632 errores'pcrtraxit,
2856 5555 3075 5632 quibus
3106 5556 3385 5614 confundi
3411 5555 3552 5610 vidi-

116 5626 325 5686 Vitam
348 5626 658 5701 Hild‘ulphi
693 5644 726 5684 a

807 5627 1293 5685 osandrocditam
1319 5646 1332 5696 ;
1357 5630 1510 5683 certe
1528 5627 1616 5683 vel
1634 5627 1791 5684 idem
1903 5649 2037 5688 mus
2067 5629 2287 5688 saecula
2318 5631 2455 5687 duo.

118 5702 444 5774 utriusque
475 5698 575 5757 est
604 5698 1012 5772 interpolator,
1051 5699 1140 5757 vel
1171 5703 1373 5756 auctor
1397 5700 1637 5779 Vitas.
1673 5698 1794 5756 Hil-
