3958 6362
423 397 544 466 O31

1171 397 1359 462 SEC.
1405 397 1486 460 XI
1530 391 1760 458 AUCT.
1793 389 2358 456 ’INCERTI'ANNI
2401 394 2506 456 ET
2547 394 2849 464 SCRIPT.
2897 405 3120 462 ’AAEm.

3717 390 3852 463 eae

428 555 500 598 ex
522 530 1287 608 breviariisvelsy'ngraphis
1313 530 1468 587 illius
1492 529 1774 603 temporis
1795 528 2080 584 hactenus
2110 525 2174 594 Α·
2194 545 2384 585 sorem
2416 529 2736 590 Deodatum
2770 534 3024 592 vindicat
3051 532 3184 600 sibi,
3219 532 3312 590 cui
3345 530 3850 590 dommus‘Hidnl-

430 626 894 690 monstrabatur,
920 623 980 680 in
1007 622 1224 696 quibus
1245 623 1486 678 nomina
1509 620 1756 676 fratrum
1777 618 2086 690 utriusque

439 714 805 782 monasterii,
837 717 961 769 tam
992 709 1404 768 defunctorum
1450 726 1626 782 quam
1684 712 1742 764 et
1795 708 2083 773 vivorum,

432 803 882 878 diligentissime
939 803 1216 858 adnotata
1264 805 1321 856 et
1387 799 1668 855 altaribus
1719 797 2090 871 superposita

431 894 928 952 oonservabantur
951 910 964 960 ;
989 908 1094 964 pro
1117 889 1416 964 quibusin
1441 890 1758 944 missarum
1787 885 2088 943 solemniis

433 983 739 1042 verissime
769 981 1090 1048 dicebatur,
1117 980 1272 1053 quod
1299 980 1383 1036 sic
1413 978 1472 1034 in
1501 978 1668 1033 libris
1695 979 2086 1032 sacramento-

437 1077 572 1130 r‘um
603 1071 826 1144 passim
857 1069 1164 1143 reperitur.
1198 1069 1268 1124 Et
1313 1083 1562 1140 quorum
1622 1065 1860 1121 nomina
1913 1081 2088 1135 super

438 1164 709 1219 sanctum
739 1159 920 1216 altare
949 1162 1120 1214 tuum
1151 1157 1371 1229 scripta
1401 1157 1603 1212 adesse
1624 1155 1912 1209 videntur.
1938 1153 2087 1207 Inte-

440 1261 541 1308 rea
563 1267 598 1306 a
631 1246 1022 1306 devotissimis
1052 1245 1402 1318 (discipulis)
1425 1241 1834 1300 inviolabiliter
1857 1241 1965 1296 fuit
1986 1241 2089 1295 ob-

439 1341 756 1404 servatum,
777 1336 930 1410 quod
958 1353 992 1391 a
1011 1335 1296 1408 piissimis
1318 1332 1616 1406 magistris
1635 1329 1969 1386 recolebant
1983 1333 2092 1384 tra-

440 1427 656 1493 ditum,
685 1423 975 1488 videlicet,
999 1427 1064 1478 ut
1083 1421 1262 1478 semel
1291 1422 1350 1476 in
1374 1439 1548 1487 anno,
1571 1425 1629 1476 et
1645 1420 1741 1476 isti
1773 1419 2092 1474 inviserent

441 1514 618 1573 cellas
647 1529 873 1581 eorum,
903 1517 960 1570 et
981 1511 1066 1568 illi
1086 1510 1357 1578 istorum,
1380 1514 1662 1582 tanquam
1686 1507 1988 1581 praecipuae
2012 1507 2094 1579 pi-

439 1602 992 1679 gnoraprasferendo
1011 1601 1244 1656 tunicas
1265 1599 1682 1672 magistrorum
1701 1595 2015 1669 (siquidem
2037 1599 2094 1651 et

442 1691 716 1764 discipuli
733 1690 933 1749 domni
947 1688 1226 1761 Hidulphi
1244 1687 1432 1761 ipsius
1448 1686 1708 1742 tunicam
1731 1685 2093 1740 retinuerant

444 1780 581 1853 sibi)
609 1779 829 1853 quibus
859 1795 993 1834 eum
1025 1781 1189 1833 tanta
1225 1776 1529 1832 devotione
1573 1775 2004 1838 occurrebatur,
2037 1775 2096 1827 et

2193 618 2350 692 phus
2379 621 2724 680 attribuerat
2749 625 3073 698 prieratum
3107 623 3199 680 sui
3230 622 3362 689 loci,
3395 621 3541 678 inibi
3591 639 3728 678 eum
3749 622 3854 678 .di-

2193 709 2481 782 gnissime
2513 712 2906 785 suscipiendo,
2940 715 3080 768 dum
3106 712 3344 780 advixit,
3367 715 3426 767 et
3457 711 3856 768 nihilominus

2194 799 2458 854 tunicam
2490 801 2638 872 ejus,
2676 807 2985 875 postquam
3019 803 3184 858 obiit.
3213 803 3401 874 Super
3419 801 3542 857 haec
3561 801 3741 857 etiam
3763 818 3860 857 ac-

2195 887 2501 944 cumulant
2519 906 2718 945 eorum
2747 891 3094 946 cbaritatem
3119 894 3408 957 mutuam,
3433 906 3552 962 qua
3577 889 3856 946 effectum

2195 981 2286 1032 est
2309 981 2374 1031 ut
2403 979 2600 1033 omnia
2630 978 2749 1035 illis
2779 981 2966 1036 forent
2997 979 3354 1035 communia.
3389 978 3551 1035 Sicut
3588 978 3855 1051 philoso-

2196 1065 2368 1138 phica
2390 1063 2649 1122 insinuat
2668 1069 2990 1124 sententia:
3016 1067 3392 1124 «Vicinorum
3419 1067 3695 1140 pleraque
3712 1073 3856 1124 sunt

2196 1155 2550 1218 communia,
2585 1155 2905 1212 amicorum
2937 1174 3071 1213 vero
3090 1155 3582 1226 omnia(AaIs'ro'r.
3618 1156 3719 1212 lib.
3749 1173 3854 1213 VII!

2196 1243 2352 1299 Etha.
2387 1260 2510 1316 cap.
2543 1245 2618 1316 9).
2645 1268 2671 1294 ››
2696 1245 2978 1310 Quocirca
3006 1245 3159 1302 sicut
3180 1251 3321 1301 tunc
3347 1245 3610 1302 solebant
3640 1251 3853 1304 mutuo

2199 1331 2493 1404 suscipere
2523 1333 2732 1389 horum
2767 1339 3102 1390 sanctorum
3134 1333 3386 1400 tunicas,
3406 1333 3623 1392 scilicet
3641 1348 3854 1408 corpo-

2198 1437 2329 1476 rum
2361 1422 2634 1489 exuvias;
2668 1423 2753 1478 sic
2783 1441 2938 1478 nunc
2979 1440 3211 1496 quoque
3265 1424 3599 1498 suscipiunt
3643 1439 3854 1480 eorum

2199 1523 2461 1580 corpora,
2501 1510 2833 1567 animarum
2896 1513 3095 1584 utique
3142 1512 3399 1568 exuvias.
3435 1513 3695 1578 Quorum
3749 1529 3860 1585 per

2201 1599 2478 1654 meritum
2512 1617 2624 1672 pax
2651 1601 2822 1656 nobis
2849 1617 3004 1656 nunc
3035 1606 3092 1657 et
3129 1601 3189 1656 in
3243 1617 3449 1657 aevum.
3495 1602 3682 1675 Igitur
3731 1602 3858 1658 haec

2193 1689 2321 1760 jam
2353 1689 2651 1744 sufficiant
2699 1688 2988 1762 religiosis
3041 1689 3279 1757 animis,
3313 1707 3439 1762 qua;
3495 1691 3858 1766 pauperculo

2202 1793 2469 1833 sermone
2500 1777 2718 1833 cursim
2735 1778 3124 1850 explicuimus
3149 1780 3220 1835 de
3241 1779 3492 1852 piissimi
3515 1781 3704 1837 Patris
3727 1797 3862 1838 nos-

445 1873 614 1928 tanta
642 1868 938 1925 veneratio
987 1867 1368 1922 exhibebatur
1399 1869 1465 1920 ut
1518 1863 1845 1918 dulcissimi
1895 1863 2093 1916 Patres
2129 1899 2172 1963 Β
2203 1865 3201 1941 triDeodatigcstis,vixattingentes
3225 1869 3856 1942 paucadeinnumeris,

451 1960 524 2016 ad
556 1958 708 2018 ﬁlios
737 1957 959 2014 redisse
989 1959 1122 2029 post
1159 1955 1334 2028 longa
1388 1953 1737 2010 saeculorum
1797 1950 2098 2007 volumina

451 2048 842 2104 crederentur.

520 2138 613 2192 25.
645 2135 807 2201 Quod
833 2134 882 2190 si
915 2133 1168 2206 peccatis
1201 2131 1570 2198 facientibus,
1605 2128 1854 2186 caelestis
1901 2127 1989 2183 ira
2039 2127 2096 2181 in

451 2225 735 2300 populum
751 2225 1200 2298 grassaretur,et
1221 2221 1478 2279 siccitate
1497 2237 1598 2277 seu
1616 2219 1796 2276 nimia
1817 2217 2096 2273 imbrium

453 2315 767 2380 refusione,
809 2317 910 2369 aut
967 2311 1292 2385 pestilentis
1339 2311 1426 2366 vel
1476 2311 1872 2382 qualicunque
1929 2305 2101 2380 plaga

451 2403 744 2470 feriretur,
773 2418 908 2458 mox
935 2401 1075 2457 hinc
1114 2401 1250 2456 inde
1299 2398 1684 2472 conglobatus
1734 2398 2098 2467 (conventus)

451 2489 684 2550 tunicas
703 2495 1084 2564 patronorum
1099 2505 1341 2546 suorum
1364 2505 1499 2544 cum
1522 2487 1806 2542 luctuosis
1829 2485 2100 2558 precibus

453 2581 733 2639 offerebat
758 2584 815 2637 et
856 2580 1159 2653 ingerebat
1211 2577 1425 2633 divinis
1468 2576 1790 2638 obtutibus,
1851 2590 2101 2646 moxque

455 2669 793 2728 removebat
815 2668 1002 2741 pietas
1033 2667 1189 2739 quod
1217 2668 1616 2738 promeruerat
1637 2663 1926 2735 impietas.
1955 2662 2099 2718 Nam

456 2763 660 2816 contra
675 2757 1036 2814 destevientis
1050 2755 1262 2828 ﬂagelli
1283 2754 1568 2826 impetum
1583 2757 1814 2808 tantum
1837 2751 2103 2806 valebant

456 2847 794 2904 sanctorum
821 2845 1031 2902 merita
1059 2849 1116 2900 et
1147 2843 1333 2916 plebis
1363 2843 1506 2897 fides
1528 2845 1593 2896 ut
1619 2858 1722 2896 nec
1754 2857 1916 2896 mora
1933 2841 2106 2895 mise-

455 2935 891 2994 ricordissimus
921 2933 1195 2990 Conditor
1219 2931 1369 3002 justi
1383 2930 1591 3002 judicii
1621 2929 1712 2986 sui
1739 2931 2102 2986 severitatem

455 3023 733 3099 a‘pOpulo
762 3023 1079 3087 cohiberet,
1107 3025 1282 3093 atque
1309 3023 1517 3091 optata:
1543 3019 1954 3074 misericordiae
1975 3035 2106 3072 con-

456 3114 803 3172 [elationem
833 3113 918 3168 eis
957 3110 1285 3166 distillaret.
1321 3109 1414 3164 Sic
1470 3108 1720 3180 denique
1766 3107 2106 3180 temporalis

459 3207 518 3261 et
546 3219 726 3276 parva
745 3198 1068 3257 consolatio
1102 3198 1235 3254 ﬁdei
1265 3198 1442 3254 ﬁebat
1485 3198 1742 3253 maxima
1790 3197 2102 3269 provectio,

2206 1952 2452 2010 minima
2489 1955 2559 2010 de
2619 1955 2932 2011 maximis:
2967 1956 3192 2020 Quibus
3252 1961 3455 2013 sancta
3509 1951 3766 2015 Trinitas
3798 1959 3859 2014 in

2205 2043 2376 2098 terris
2406 2041 2749 2115 gloriﬁcavit
2777 2043 3056 2100 dilectum
3091 2063 3266 2100 suum
3307 2063 3411 2118 pro
3462 2051 3676 2102 sancta!
3723 2047 3860 2104 vita:

2207 2130 2450 2187 meritis.
2486 2136 2767 2188 Caeterum
2795 2137 2882 2189 tot
2913 2137 2970 2189 et
3007 2133 3186 2190 tantis
3243 2134 3502 2206 quotidie
3553 2136 3863 2194 miraculis

2205 2221 2533 2277 venerabile
2563 2238 2776 2294 corpus
2811 2222 2938 2293 ejus
2969 2223 3328 2292 nobilitatur,
3379 2229 3520 2296 quot
3549 2228 3606 2280 et
3634 2231 3863 2298 quanta

2205 2308 2320 2376 vix,
2345 2314 2409 2364 ut
2437 2311 2933 2383 putatur,sul‘ﬁcit
2958 2311 3174 2384 aliquis
3197 2311 3860 2386 facundissimus(enar-

2209 2400 2358 2470 rare)
2389 2400 2524 2470 (76).

2279 2488 2368 2543 27.
2403 2488 2504 2544 His
2534 2489 2676 2544 adeo
2707 2487 3047 2546 diffamatus
3078 2491 3298 2546 mundo
3325 2489 3584 2548 innotuit
3634 2495 3703 2548 ut
3753 2493 3861 2550 hac

2209 2580 2412 2631 nostra
2433 2577 2642 2647 jejuna
2670 2581 2726 2632 et
2779 2577 2958 2634 sterili
3015 2579 3346 2635 narratione
3385 2581 3690 2653 praedicari
3747 2600 3859 2638 non

2209 2665 2552 2738 indiguerit.
2574 2666 2684 2720 Sed
2709 2667 2984 2738 quoniam
3008 2667 3348 2724 Christianis
3374 2669 3744 2742 perspicaciae
3776 2677 3867 2728 est

2211 2754 2402 2827 magis
2434 2755 2729 2826 requirere
2760 2760 2935 2828 atque
2962 2757 3261 2814 attendere
3291 2774 3464 2830 opera
3495 2775 3623 2831 quae
3654 2777 3868 2816 unum-

2211 2859 2503 2915 quemque
2571 2849 2841 2900 sanctum
2884 2846 3122 2916 faciunt,
3169 2863 3348 2919 quam
3408 2865 3536 2921 quae
3593 2854 3866 2906 sanctum

2213 2933 2550 2998 ostendunt,
2575 2933 2898 2990 delectatur
2919 2934 3154 3006 quidem
3176 2935 3506 2992 visibilibus
3525 2941 3869 2995 sanctorum

2215 3021 2506 3084 factis,sed
2529 3031 2723 3079 tamen
2741 3025 2814 3079 ad
2841 3023 3156 3080 invisibilia
3171 3039 3372 3080 eorum
3393 3025 3550 3081 facta
3565 3027 3871 3098 pervenire

2215 3110 2569 3166 omnimodis
2601 3111 2838 3184 appetit,
2872 3115 2929 3168 et
2959 3111 3260 3168 sitibunda
3319 3114 3539 3170 mavult
3587 3132 3656 3172 ex
3713 3113 3870 3173 fonte

2221 3216 2399 3271 quam
2432 3217 2501 3255 ex
2529 3201 2651 3256 rivo
2683 3217 2851 3257 suam
2883 3201 3243 3274 restinguere
3273 3201 3433 3259 sitim
3459 3221 3475 3272 ;
3504 3205 3660 3260 unde
3711 3205 3868 3262 enim

462 3263 590 3368 quis
602 3303 1086 3362 unumquemque
1106 3304 1209 3360 pro
1225 3287 1461 3344 modulo
1479 3303 1585 3343 suo
1604 3288 1675 3342 ad
1693 3263 2108 3342 correctionem
2140 3263 2184 3331 α
2221 3263 2593 3362 gaudendum
2619 3290 2716 3357 sit,
2741 3307 2773 3346 a
2801 3291 3044 3346 Domino
3066 3263 3202 3347 Eesu
3237 3263 3471 3360 didicit;
3494 3293 3593 3366 qui
3626 3294 3755 3352 suis
3791 3295 3876 3350 ait

463 3379 769 3456 pravitatis
797 3394 914 3434 suae
935 3381 993 3432 et
1015 3377 1403 3434 imitationem
1435 3380 1794 3442 sanctorum,
1831 3381 2004 3448 atque
2035 3375 2106 3430 ad

463 3468 726 3527 debitam
755 3466 1184 3522 venerationem
1221 3465 1566 3523 hortabatur
1603 3481 1928 3537 assurgere,
1962 3481 2110 3537 quos

464 3555 872 3630 intelligebant
899 3559 1126 3612 tantum
1142 3556 1212 3612 de
1228 3556 1343 3612 Deo
1373 3555 1660 3610 meruisse
1687 3573 1699 3622 ;
1735 3572 1850 3627 quo
1873 3557 2112 3626 possent

461 3646 616 3703 iram
647 3645 776 3718 ejus
796 3661 831 3701 a
850 3645 1166 3718 peccatrice
1186 3649 1359 3718 gente
1380 3647 1653 3707 avertere,
1669 3648 1727 3699 et
1749 3643 1892 3698 tales
1914 3643 2112 3716 cupie-

459 3735 608 3792 bant
630 3751 758 3792 esse
776 3733 980 3807 quales
999 3734 1194 3790 divina
1213 3732 1542 3807 benignitas
1564 3733 1840 3805 dignatur
1860 3731 2110 3788 clemen-

461 3829 558 3881 rter
587 3824 1042 3898 respicere.Jam
1063 3822 1580 3896 perpendamus,si
1607 3838 1942 3893 possumus,
1969 3821 2108 3894 quid

453 3913 659 3972 meriti
677 3913 766 3970 vel
788 3912 1022 3968 virtutis
1043 3911 1356 3967 habuerint
1375 3911 1584 3965 horum
1615 3911 1848 3966 Patrum
1885 3915 2112 3967 nostro-

460 4019 596 4060 rum
626 4006 841 4060 sanctis
871 4002 1078 4056 animae
1108 4001 1635 4072 interius,quorum
1668 3998 1983 4056 villissimm
2020 4003 2110 4054 tu-

462 4093 628 4160 nicae,
659 4090 843 4149 oculis
872 4089 974 4146 Dei
1031 4091 1450 4161 repraesentatas
1499 4088 1768 4156 exterius,
1827 4105 1860 4144 a
1898 4088 2110 4162 populo

463 4181 636 4257 pleno
661 4179 915 4254 peccatis
945 4178 1370 4250 suspenderent
1393 4177 1540 4232 iram
1567 4178 1716 4249 ejus.

533 4273 623 4328 26.
658 4271 804 4344 Ergo
837 4269 958 4324 hac
1013 4267 1375 4323 consuetudo
1427 4270 1547 4322 tam
1606 4267 1701 4339 pia
1731 4271 1787 4323 et
1839 4267 2112 4340 religiosa

463 4361 840 4434 integerrime
869 4361 1210 4415 conservata
1239 4359 1329 4412 est
1356 4355 1507 4414 inter
1536 4356 1656 4412 haec
1677 4357 1793 4413 duo
1825 4357 2107 4424 cmnobia,

460 4451 649 4508 donec
679 4451 884 4506 sancta
907 4464 1150 4520 corpora
1171 4445 1441 4518 plurimis
1473 4445 1773 4502 miraculis
1821 4446 2113 4501 declarata

453 4538 910 4596 sublevarentur
939 4537 1010 4592 de
1043 4539 1207 4591 terrze
1247 4535 1488 4608 gremio,
1521 4535 1717 4591 divina
1766 4535 2110 4607 disponente

2218 3377 2524 3450 discipulis
2549 3395 2562 3434 :
2606 3379 2666 3434 1η
2695 3381 2792 3435 hoc
2817 3381 2994 3435 nolite
3021 3381 3256 3452 gaudere
3299 3383 3427 3452 quia
3465 3384 3692 3454 spiritus
3719 3385 3874 3440 vobis

2217 3467 2589 3538 subjiciuntur
2605 3485 2626 3529 ;
2683 3468 2910 3539 gaudete
2973 3478 3155 3525 autem
3208 3469 3348 3541 quod
3399 3473 3625 3527 nomine
3690 3477 3874 3529 vestra

2218 3556 2417 3626 scripta
2446 3559 2654 3612 suntin
2687 3558 2842 3612 caelis
2881 3558 3034 3629 (Luc.
3069 3575 3126 3624 x,
3156 3558 3271 3631 20.)
3301 3559 3463 3623 Quod
3495 3559 3700 3633 utique
3747 3578 3873 3618 me-

2220 3660 2454 3700 reamur
2465 3645 2672 3701 animae
2695 3646 3024 3714 sanctitate,
3051 3663 3166 3702 non
3191 3647 3605 3705 miraculorum
3619 3653 3878 3707 ostenta-

2219 3732 2655 3800 tione,maxime
2679 3751 2812 3792 cum
2835 3735 2892 3790 in
2916 3735 3231 3808 diejudieii
3259 3736 3520 3794 dicturus
3545 3737 3621 3794 sit
3643 3738 3873 3808 multis,

2221 3823 2320 3895 qui
2355 3823 2408 3877 in
2442 3824 2571 3895 ejus
2601 3824 2837 3880 nomine
2857 3824 3108 3882 virtutes
3139 3825 3357 3882 multas
3383 3826 3624 3883 fecerint
3647 3844 3660 3883 :
3685 3829 3876 3886 Nescio

2219 3929 2309 3968 vos
2339 3912 2522 3980 (.llath.
2554 3929 2655 3975 vn,
2683 3914 2896 3984 22-23).
2950 3913 3096 3970 Hinc
3129 3919 3220 3970 est
3270 3916 3424 3987 quod
3457 3932 3661 3972 omnes
3710 3917 3875 3974 labo-

2221 4005 2414 4058 rantes
2447 4005 2503 4057 et
2532 4007 2799 4058 oneratos
2832 4003 2902 4057 ad
2934 4019 2995 4057 se
3030 4002 3302 4070 invitans,
3347 4021 3462 4060 non
3517 4003 3598 4060 ait
3630 4023 3642 4060 :
3675 4007 3879 4064 Discite

2220 4109 2253 4146 ιι
2282 4107 2365 4146 me
2395 4091 2563 4164 signa
2595 4091 2803 4157 facere,
2839 4091 2938 4146 sed
2998 4094 3129 4164 quia
3183 4094 3334 4148 mitis
3388 4110 3509 4149 sum
3549 4098 3603 4150 et
3646 4094 3879 4151 humilis

2219 4180 2449 4247 corde,et
2483 4181 2777 4236 invenietis
2814 4182 3059 4252 requiem
3106 4181 3398 4237 animabus
3445 4184 3638 4240 vestris
3669 4184 3874 4254 (Matth.

2218 4287 2297 4338 x1,
2331 4270 2444 4341 29.)
2478 4270 2593 4326 Hoc
2615 4269 2785 4343 plane
2819 4269 2974 4342 quod
3007 4269 3258 4326 dicimus
3283 4288 3316 4326 a
3349 4272 3556 4344 capite,
3593 4271 3876 4330 debemus

2219 4364 2278 4414 et
2297 4377 2362 4416 ex
2375 4359 2682 4432 praecipuis
2703 4358 2986 4415 membris
3007 4359 3137 4431 ejus
3158 4359 3551 4432 discere,quia
3570 4361 3874 4420 ardentius

2218 4448 2470 4520 exquirit.
2501 4447 2646 4504 fides
2686 4447 2958 4504 Ecclesiae
2989 4447 3194 4520 quales
3214 4447 3320 4515 illi,
3362 4466 3510 4522 quos
3538 4455 3870 4518 veneratur,

2219 4537 2393 4592 fuerit
2405 4536 2876 4593 exinvisibilibus
2889 4537 3100 4592 animae
3117 4537 3641 4610 virtutibus,quam
3665 4539 3871 4612 quales

462 4627 837 4703 gratia.Tunc
849 4626 1002 4699 quod
1021 4625 1636 4682 consueverantfacere
1653 4625 1709 4679 in
1724 4624 1937 4680 tunicis
1952 4641 2108 4679 sanc-
2141 4630 2189 4696 Ι)
2217 4641 2286 4681 ex
2317 4624 2502 4698 signis
2522 4624 2870 4695 visibilibus,
2895 4641 3022 4697 quae
3040 4625 3296 4698 profecto
3314 4630 3454 4681 sunt
3479 4625 3570 4682 lac
3600 4626 3870 4699 parvulo-

460 4722 874 4789 torum,usque
893 4715 964 4770 ad
977 4715 1099 4770 haec
1116 4718 1316 4770 nostra
1336 4719 1449 4772 tem
1458 4712 2109 4787 pora,conservaruntin

460 4807 803 4880 corporibus
827 4820 1052 4872 eorum,
1077 4820 1209 4860 cum
1231 4805 1314 4860 eis
1338 4804 1585 4860 invicem
1608 4819 1669 4858 se
1690 4803 2110 4866 visitando,aut

459 4895 575 4952 sibi
596 4893 944 4967 complacito
977 4893 1101 4950 loco
1133 4893 1383 4950 dulciter
1419 4891 1798 4949 occurrendo.
1824 4891 1928 4947 Ubi
1959 4891 2109 4947 inter

453 5001 525 5043 se
580 4983 708 5057 pias
760 4984 1176 5039 commutando
1221 4982 1504 5047 sarcinas,
1561 4979 1901 5050 aliquandiu
1951 4980 2109 5036 velut

460 5072 728 5149 proprios
755 5072 1026 5130 dominos
1069 5076 1296 5144 gestare
1345 5073 1586 5136 amant;
1635 5086 1740 5124 nec
1789 5069 2108 5140 quemlibet

461 5179 664 5221 eorum
693 5179 726 5219 a
758 5179 819 5219 se
843 5164 1086 5218 credunt
1117 5160 1396 5223 alienum,
1430 5158 1663 5230 quando
1695 5158 1894 5213 concio
1924 5157 2107 5213 Vallis

461 5251 707 5310 Galilaeaa
740 5254 803 5309 B.
854 5251 1216 5323 Hidulphum
1267 5247 1628 5319 recognoscit
1677 5263 1872 5315 suum,
1909 5252 2107 5319 utpote

458 5342 804 5415 vigintiocto
826 5341 998 5396 annis
1014 5335 1325 5395 etdimidio
1339 5335 1764 5409 sibiprzelatum
1793 5353 1805 5403 ;
1830 5353 1859 5391 e
1881 5337 2107 5392 diverso

459 5429 937 5506 plebeculaMedii
957 5425 1294 5483 monasterii
1320 5424 1610 5498 insignem
1637 5426 1847 5481 Christi
1879 5427 2105 5483 confes-

535 5609 646 5679 (76)
675 5603 1063 5679 Theodericus
1119 5603 1458 5679 prmfuitab
1505 5621 1667 5679 anno
1705 5605 1810 5679 720
1869 5605 2102 5679 ad7737,

463 5675 687 5750 etpost
736 5675 1154 5748 interregnum,
1209 5676 1568 5732 Childericus
1613 5675 1858 5732 ultimus
1916 5678 2106 5734 Mero-

2221 4731 2376 4779 rum,
2405 4729 2520 4769 non
2554 4713 2776 4770 solidus
2817 4713 2984 4770 cibus
3042 4715 3438 4770 robustorum.
3479 4715 3590 4770 Sed
3653 4715 3810 4772 sicut
3840 4735 3871 4774 a

2215 4801 2364 4858 lacte
2397 4803 2467 4856 ad
2501 4802 2753 4858 solidum
2813 4802 3010 4858 cibum
3061 4803 3414 4875 pervenitur,
3475 4803 3559 4860 sic
3591 4821 3626 4859 a
3682 4804 3868 4878 signis

2217 4890 2576 4964 imperfectio
2609 4893 2738 4947 fidei
2763 4896 2972 4948 nostra:
2999 4897 3283 4965 vegetata,
3311 4893 3382 4949 ad
3415 4891 3636 4949 solidas
3660 4893 3866 4950 anima:

2215 4979 2460 5036 virtutes
2517 4981 2868 5054 quandoque
2925 4981 3302 5054 perducitur;
3337 4985 3402 5038 ut
3445 4983 3572 5054 jam
3632 4999 3867 5040 necesse

2217 5087 2330 5125 non
2365 5070 2577 5126 habeat
2619 5087 2885 5143 suggere,
2929 5071 3029 5126 sed
3089 5074 3321 5126 tantum
3373 5071 3690 5128 ruminans.
3723 5071 3867 5128 Hinc

2216 5160 2373 5214 istud
2406 5164 2514 5229 est,
2539 5158 2894 5231 charissimi,
2929 5161 3084 5232 quod
3119 5177 3254 5216 cum
3287 5159 3672 5232 pasceremini
3715 5178 3864 5232 quo-

2212 5248 2456 5303 tidianis
2487 5253 2541 5303 et
2571 5247 2797 5303 eximiis
2830 5247 3130 5304 miraculis
3163 5248 3494 5321 dignissimi
3518 5248 3864 5306 confessoris

2215 5337 2428 5393 Christi
2463 5337 2720 5405 Dcedati,
2745 5338 2816 5392 ad
2856 5342 3086 5394 tantum
3111 5338 3290 5394 robur
3311 5337 3524 5394 mentis
3561 5337 3706 5394 estis
3737 5355 3861 5411 per-

2215 5427 2375 5483 ducti
2408 5431 2471 5482 ut
2502 5427 2592 5484 his
2624 5425 2994 5483 solummodo
3019 5427 3147 5500 jam
3179 5444 3295 5484 non
3335 5425 3545 5484 essetis
3583 5427 3858 5506 contenti,

2213 5607 2522 5734 gi'qgorum
2555 5609 2898 5680 assumptus
2926 5609 3014 5662 est
3043 5623 3196 5663 anno
3223 5608 3350 5687 743,
3378 5607 3682 5665 abdicatus
3712 5624 3858 5664 anno

2251 5697 2286 5734 ε)
2328 5721 2339 5734 .

2251 5697 2339 5735 ῡι.
