3946 6388
294 411 414 472 635

1028 409 1219 471 SJEC.
1263 407 1347 471 XI
1389 408 1620 472 AUCT.
1664 407 1984 469 INCERTI
2029 406 2218 468 ANNI
2261 407 2360 468 ET
2405 407 2707 470 SCRIPT.
2753 411 2976 465 ’AAEZII.

1009 692 1758 799 GUDINUS
1858 690 2992 796 LUXOVIBNSIS

985 1017 1420 1110 GUDINI
1492 1014 2134 1108 PLANCTUS
2195 1012 3015 1105 BHYTHMICUS

1253 1193 1446 1275 Super
1472 1201 1658 1254 morte
1694 1191 2030 1253 Constantii
2053 1190 2330 1252 monac/11'
2352 1191 2754 1251 Luxom'ensz's.

1428 1352 1690 1424 (MARILL.
1725 1351 1964 1406 Analect.
1998 1368 2128 1406 nov.
2161 1351 2298 1406 edit.
2333 1367 2389 1422 p.
2419 1351 2572 1420 217.)

366 1511 509 1566 Tam
541 1508 774 1576 ignotus
805 1508 892 1561 est
921 1505 1210 1571 Gudinus,
1246 1504 1415 1560 istius
1446 1502 1759 1576 rhythmici

367 1521 509 1566 Tam
541 1526 556 1562 1
602 1521 774 1562 notus
805 1521 892 1561 est
921 1521 1210 1571 uuamus,
1246 1521 1415 1560 istius
1446 1521 1759 1576 rnytnmlci

295 1585 542 1659 mortem
561 1523 748 1659 ﬁget.
783 1577 1203 1659 Uterquesine
1222 1576 1408 1659 dubio.
1430 1575 1755 1659 monachus

1813 1577 1894 1627 nit
1926 1577 2132 1628 Luxovi
2141 1577 2298 1629 ensis

1831 1502 2061 1584 lanctus
2093 1501 2356 1585 scriptor,
2392 1518 2570 1628 ripam
2626 1502 2927 1574 ignoratus
2977 1499 3375 1582 Constantius,
3408 1499 3575 1569 cujus
3614 1497 3713 1553 hic

1831 1577 1894 1627 ut
1926 1579 2298 1628 Luxowensus
2329 1574 2412 1628 Ro
2457 1579 2577 1628 erto
2603 1589 2760 1628 rege.
2793 1572 2902 1627 sub
2935 1570 3147 1627 Milone
3200 1571 3428 1628 abbate.
3463 1574 3518 1625 et
3560 1569 3712 1625 Con-

2382 1591 2412 1628 Ο

2457 1579 2577 1629 erto
2603 1569 2760 1640 rage,
2793 1572 2902 1627 sub
2935 1570 3147 1627 Milone
3200 1571 3428 1640 abbate,
3463 1574 3518 1625 et
3560 1569 3712 1625 Con-

294 1651 545 1709 stantius
574 1642 812 1722 quidem
844 1642 1300 1704 Luxoviensibus
1330 1647 1545 1703 scholis
1579 1648 1903 1719 praefectus,
1935 1662 2111 1717 quem
2143 1645 2426 1700 celebrem
2459 1645 2641 1700 fuisse
2669 1642 2805 1699 hinc
2828 1642 3194 1716 intelligitur.

364 1973 510 2044 Ergo
541 1970 753 2043 plango
775 1968 938 2041 pium
961 1971 1164 2024 cantor
1192 1967 1546 2024 modulanda
1571 1967 1944 2039 magistrum,
1976 1970 2030 2036 Α
2060 1967 2354 2041 Plangunt
2384 1969 2558 2024 urbes
2585 1972 2641 2023 et
2671 1965 2914 2022 castella
2945 1982 3047 2038 pro
3078 1965 3174 2038 pio
3205 1963 3542 2020 Constantio
3577 1979 3591 2018 :

295 2063 588 2119 Hactenus
617 2059 838 2115 tetendi
868 2058 1052 2130 lyram
1085 2057 1321 2112 musicae
1349 2074 1452 2129 per
1472 2057 1713 2113 semitas
1748 2076 1760 2112 :

294 2151 463 2207 Nunc
485 2165 680 2205 meum
702 2148 1005 2204 extendam
1027 2163 1267 2203 cursum
1291 2146 1500 2202 charas
1526 2147 1597 2201 ad
1616 2145 1945 2217 exsequias,

295 2242 450 2306 Quas
480 2235 754 2310 deprimit
783 2235 1158 2291 lamentando
1192 2235 1381 2292 moesti
1415 2233 1608 2290 cordis
1631 2234 1906 2291 charitas.

367 2327 594 2384 Grande
627 2326 878 2398 pondus,
909 2341 1189 2397 magnum
1221 2323 1415 2378 luctus
1435 2323 1552 2378 vim
1601 2322 1951 2395 constringit

1519 2411 1876 2483 [pristinam,

295 2507 479 2572 Quam
513 2522 626 2560 non
658 2503 818 2559 valeo
849 2501 1302 2576 supplere,quod
1337 2501 1500 2572 prius
1531 2502 1896 2557 decreveram
1933 2520 1946 2557 :

295 2595 479 2653 Nudis
509 2598 704 2650 tamen
738 2593 930 2648 dicam
963 2591 1155 2647 verbis
1187 2590 1437 2662 pectoris
1471 2590 1825 2662 angustiam.

367 2683 608 2752 Caelum,
645 2681 850 2750 stellae,
886 2687 1059 2750 terra,
1089 2696 1268 2746 mare,
1303 2679 1571 2736 homines
1601 2696 1668 2735 ac
1725 2681 1946 2746 bestiae,

296 2775 384 2829 Ad
413 2773 737 2829 lamentum
769 2771 947 2841 hujus
981 2768 1197 2841 rhytmi
1229 2768 1496 2824 auditum
1529 2769 1838 2834 cxtendite,

296 2863 362 2918 Et
393 2859 736 2918 Constantio
770 2858 1044 2930 sophista:
1076 2857 1224 2912 ﬁdos
1255 2856 1526 2928 planctus
1557 2857 1803 2912 reddite.

366 2951 549 3022 Cujus
581 2964 796 3004 nomen
828 2962 1129 3018 nunquam
1166 2945 1294 3000 dico
1318 2945 1443 3000 sine
1465 2950 1658 3002 mente
1688 2945 1944 3016 lugubri,

295 3040 478 3112 Cujus
510 3037 656 3094 mihi
685 3035 910 3091 vultum
938 3035 1094 3105 fingo
1127 3034 1311 3089 forma
1339 3049 1453 3089 non
1486 3033 1782 3090 dissimili.

298 3130 481 3193 Quem
510 3124 847 3197 amplector,
883 3123 977 3178 cui
999 3125 1220 3196 jungor
1251 3124 1421 3179 corde
1451 3140 1681 3196 semper
1712 3124 1890 3196 vigili.

368 3216 550 3286 Cujus
582 3213 772 3269 exitus
803 3213 1104 3268 deflendus
1136 3212 1318 3286 cingit
1340 3214 1506 3286 orbis
1539 3215 1795 3285 spatium
1835 3233 1846 3270 :

297 3301 674 3376 Sapientibns
707 3317 1018 3374 regnorum
1051 3301 1374 3358 immittens
1397 3302 1722 3374 justitium,

285 3396 425 3460 "Quo
455 3391 734 3464 primates
763 3394 820 3447 et
850 3389 1034 3447 coloni
1069 3390 1488 3463 perturbantur
1514 3391 1783 3448 nimium.

368 3481 682 3553 Nunquam
722 3479 862 3548 vidi,
895 3497 998 3535 nec
1047 3479 1252 3536 videbo
1297 3485 1416 3536 tam
1469 3481 1634 3553 pium
1685 3480 1948 3553 philoso-

1646 3570 1873 3643 [phum,

301 3659 407 3726 Qui
440 3659 608 3715 cibus
633 3657 1056 3731 discipulorum
1089 3658 1346 3714 existens
1381 3664 1514 3732 post
1544 3660 1883 3727 Dominum,

297 3747 742 3815 Blandimentis,
779 3765 891 3804 non
923 3751 1163 3814 terrore,
1188 3747 1561 3804 ministrabat
1591 3750 1873 3804 studium.

370 3838 497 3894 Haec
528 3839 667 3893 dum
699 3838 814 3892 duo
846 3836 1012 3892 valde
1044 3853 1234 3907 gemo,
1269 3835 1555 3909 lacrymas
1582 3842 1640 3892 et
1680 3854 1946 3910 provoco,

299 3926 498 3984 Insisti
531 3925 738 3998 plenus
773 3924 1036 3979 mceroris
1068 3924 1349 3996 languore
1381 3925 1608 3992 deficio,

300 4018 444 4072 Tam
478 4013 754 4087 praeclaro
784 4013 1102 4068 destitutus
1134 4030 1199 4068 ac
1231 4013 1331 4068 tali
1365 4013 1626 4069 consilio.

371 4105 792 4174 Lacrymentur
821 4118 956 4174 ergo
989 4119 1219 4157 mecum
1252 4102 1480 4158 codices
1511 4102 1728 4174 eximii,

301 4195 455 4258 Quos
487 4189 802 4262 descripsit
833 4190 1079 4262 pulchra
1111 4208 1322 4246 manus
1363 4190 1562 4264 inclyti
1606 4193 1948 4261 Constantii,

301 4283 372 4337 Se
403 4280 748 4352 plangentes
771 4278 1149 4352 negligendos
1181 4280 1415 4336 doctore
1439 4280 1746 4336 consimili.
1907 4269 1928 4278 “

371 4369 413 4425 Ο
444 4368 582 4424 Jesu
617 4367 971 4440 Redemptor
1003 4368 1229 4436 mundi,
1263 4367 1403 4440 quid
1445 4369 1740 4425 commisit
1771 4387 1948 4426 scecn-

1707 4459 1885 4531 [lum,'

303 4551 449 4600 Dum
482 4544 543 4599 in
578 4544 747 4600 terris
779 4543 965 4600 tulisti
998 4563 1297 4602 summum
1327 4549 1457 4602 vitae
1491 4504 1876 4618 desideriium,’

300 4635 490 4690 Necne
522 4649 684 4705 spem
717 4634 990 4689 doctrina?
1024 4652 1203 4706 puras,
1237 4635 1616 4710 philosophiae
1651 4638 1879 4693 ﬁlium?

371 4724 698 4780 Corruisset
724 4723 896 4796 plaga
927 4725 1130 4780 mundi
1159 4743 1369 4799 magno
1401 4727 1510 4783 sub
1544 4727 1804 4799 interitu,

301 4812 544 4869 Claritas
573 4817 630 4868 et
658 4812 797 4868 clari
831 4814 971 4870 solis
1000 4815 1304 4886 palluisset
1334 4816 1564 4882 habitu,

298 4904 626 4972 Antequam
659 4903 791 4974 pius
825 4904 1106 4976 magister
1136 4913 1339 4977 raptus
1372 4909 1526 4961 esset
1558 4905 1742 4960 obitu.

375 4990 813 5046 Permutassent
843 5009 954 5048 nox
984 4997 1039 5048 et
1069 4993 1192 5050 dies
1224 4993 1536 5065 qualitates
1559 4997 1915 5064 temporum,

303 5077 677 5151 Repulissent
703 5081 870 5135 unda:
897 5081 1077 5138 maris
1100 5082 1226 5138 vela
1255 5079 1682 5154 navigantium,

301 5167 383 5223 Ne
411 5166 678 5223 Gudinus
711 5170 1060 5242 perdidisset
1090 5170 1397 5226 dominum
1423 5169 1849 5224 Constantium.

374 5256 558 5312 Credo
588 5257 794 5312 coelum
831 5260 1089 5315 doluisse
1122 5263 1353 5314 tantum
1390 5259 1460 5313 ad
1495 5257 1760 5326 exitium,

303 5344 453 5399 Dum
487 5343 733 5401 lucentis
764 5345 918 5418 globi
953 5346 1102 5400 lunm
1126 5350 1364 5400 mutans
1387 5345 1611 5402 vultum
1635 5348 1952 5419 pristinum

306 5433 502 5489 Innnit
537 5435 751 5490 mundo
781 5439 1093 5490 venturum
1126 5438 1244 5490 tam
1278 5450 1448 5506 grave
1478 5436 1869 5509 naufragium.

375 5521 606 5595 Plangit
635 5523 840 5579 Oriens
870 5527 926 5579 et
956 5525 1184 5592 Auster,
1219 5524 1500 5581 Occidens
1527 5529 1585 5580 et
1613 5527 1844 5598 Aquilo.

381 5673 456 5743 (1)
489 5673 810 5741 Besancon.

2056 2058 2242 2112 Instat
2275 2057 2496 2128 passim
2529 2055 2835 2112 coanobitis
2867 2052 3075 2110 flebilis
3105 2052 3457 2126 compassio.

2130 2147 2334 2202 Moaret
2360 2145 2524 2217 plebs
2556 2143 2936 2200 Luxoviensis
2965 2141 3240 2214 lacrymis
3271 2140 3589 2210 continuis,

2057 2235 2287 2306 Plangit
2319 2234 2454 2289 Milo
2487 2233 2619 2306 pius
2645 2233 2826 2289 abbas
2858 2231 3192 2305 planctibus
3224 2230 3532 2304 piissimis,

2056 2324 2326 2396 Amplius
2358 2341 2473 2378 non
2505 2323 2815 2378 habiturus
2846 2326 3020 2377 tanta;
3047 2321 3222 2390 jnbar
3253 2319 3568 2391 lampadis.

2128 2413 2260 2469 Jam
2292 2429 2538 2468 maerore
2570 2411 2810 2484 fatjata
2838 2410 2998 2484 luget
3034 2411 3173 2465 urbs
3203 2407 3580 2481 Chrysopolis
3611 2409 3718 2479 (1),

2059 2502 2253 2557 Firma
2284 2501 2564 2574 Stephani
2597 2500 2934 2572 triumphis,
2967 2499 3116 2556 vallo
3157 2498 3348 2554 cincta
3396 2496 3665 2552 ﬂuminis
3696 2515 3710 2553 :

2056 2591 2328 2663 Tangunt
2348 2590 2558 2645 ccelum
2582 2590 3070 2662 Strasburgenses
3093 2585 3402 2659 questibus
3428 2585 3711 2642 diutinis:

2128 2679 2503 2751 Obstupescit
2527 2683 2584 2734 et
2615 2679 2992 2750 Lugdunum,
3042 2677 3174 2732 laus
3223 2692 3573 2748 magnarum
3609 2692 3715 2730 ur-

3404 2765 3593 2836 [bium
3626 2783 3638 2819 :

2057 2857 2293 2913 Cabilon
2325 2873 2390 2912 ac
2420 2856 2785 2912 Matiscensis
2816 2855 3185 2912 admirantur
3211 2853 3559 2928 plurimum,

2059 2948 2188 3002 Pias
2220 2963 2391 3002 aures
2421 2945 2772 3001 inclinantes
2803 2945 2874 3001 ad
2905 2950 3028 3001 tam
3057 2946 3273 3000 durum
3306 2944 3606 2999 nuntium.

2130 3036 2324 3092 Gloria
2355 3052 2558 3108 regum
2594 3035 2880 3091 Robertus
2910 3038 2968 3090 et
2997 3050 3210 3090 corona
3241 3031 3458 3088 saaculi.

2059 3126 2306 3198 Regium
2337 3124 2577 3197 deponit
2608 3124 2832 3180 vultum
2866 3124 3065 3180 funere
3096 3121 3446 3184 Constantii.

2059 3217 2242 3280 Quem
2276 3215 2622 3286 prudentem
2655 3213 3045 3286 cognoscebat
3065 3210 3348 3267 famulatu
3382 3209 3639 3266 Domini.

2132 3303 2394 3372 Francia,
2432 3318 2744 3375 regnorum
2776 3302 2977 3367 decus,
3010 3300 3144 3356 felix
3175 3305 3265 3356 est
3294 3303 3351 3355 et
3377 3299 3606 3363 florida,

2059 3393 2196 3449 Plus
2227 3392 2566 3449 Constantio
2598 3391 2914 3464 refulgens,
2949 3407 3126 3463 quam
3159 3388 3359 3445 valens
3388 3387 3674 3460 potentia,

2055 3483 2197 3553 Ejus
2229 3486 2382 3536 sorte
2415 3479 2726 3552 sepulcrali
2759 3479 3083 3551 permansit
3112 3477 3526 3551 pulcherrima.

2126 3569 2444 3638 Amisistis,
2481 3570 2898 3642 Lingonenses,
2932 3567 3145 3624 sociale
3173 3567 3479 3640 gaudium,

2057 3661 2486 3733 Cognoscentes
2507 3659 2628 3729 jam
2664 3657 2855 3714 obisse
2885 3656 3229 3730 praeclarum
3272 3654 3714 3728 philosophum,

2059 3749 2476 3805 Monachorum
2505 3747 2902 3820 margaritam,
2932 3746 3276 3802 clericorum
3300 3744 3574 3818 pretium.

2127 3839 2312 3893 [Edua
2345 3855 2458 3893 non
2491 3837 2682 3908 impar
2711 3836 2813 3892 ulli
2844 3837 3077 3909 pietatis
3112 3851 3374 3891 munere.

2059 3927 2205 3982 Voto
2238 3926 2389 3982 facili
2423 3925 2673 3982 dissolve
2703 3924 2925 3982 viscera
2957 3924 3302 3994 clementiae,

2060 4017 2129 4072 Et
2153 4015 2492 4072 Constantio
2525 4015 2842 4071 clementer
2863 4016 2988 4086 jam
3022 4013 3294 4070 defuncto
3327 4012 3588 4068 consule.

2131 4106 2414 4161 Henricus
2446 4104 2504 4159 in
2538 4105 2797 4162 Romano
2823 4103 3086 4161 residens
3119 4103 3353 4175 palatio,

2059 4195 2128 4251 Et
2152 4212 2366 4250 arcana
2396 4194 2730 4266 sapientum
2762 4195 3147 4266 comprobant
3172 4190 3426 4265 ingenio,

2063 4283 2223 4339 Dolet
2253 4299 2546 4355 nusquam
2581 4281 2828 4337 inveniri
2856 4281 3110 4338 similem
3144 4278 3499 4336 Constantio.

2133 4374 2301 4428 Stant
2327 4371 2385 4426 in
2407 4371 2570 4427 luctu
2589 4371 2722 4427 etin
2740 4370 2974 4444 planctu
3005 4369 3297 4443 principes
3326 4368 3716 4440 Burgundize:

2062 4461 2266 4516 Mundi
2291 4459 2581 4533 plangunt
2601 4460 3016 4516 detrimentum
3051 4459 3328 4532 praesules
3349 4455 3676 4514 Germanias
3704 4474 3716 4512 :

2057 4550 2408 4618 Allemanni,
2447 4550 2808 4622 Longobardi
2839 4549 3031 4606 locum
3053 4550 3195 4605 dant
3225 4547 3494 4605 tristitia.

2132 4638 2346 4710 Ecquis
2378 4638 2576 4694 fanam
2609 4640 2754 4694 tanti
2785 4637 2913 4707 viri,
2943 4639 3076 4711 quis
3107 4654 3321 4694 nomen
3351 4641 3409 4693 et
3436 4634 3656 4703 audiet,

1982 4710 2024 4776 C
2065 4727 2172 4793 Qui
2205 4743 2322 4782 non
2354 4725 2438 4780 illi
2470 4726 2796 4795 benedicat,
2829 4732 2885 4784 et
2914 4710 3122 4784 affectu
3147 4727 3386 4783 visitet?

2061 4815 2290 4881 Nullus,
2317 4817 2513 4885 credo,
2540 4820 2749 4889 praeter
2779 4817 3095 4889 ipsum,cui
3127 4816 3393 4872 Christus
3423 4814 3718 4887 displicet.

2133 4905 2275 4970 Quis
2307 4908 2395 4961 est
2424 4905 2599 4962 homo
2626 4910 2685 4961 et
2714 4924 2830 4962 non
2861 4906 3036 4962 homo
3067 4905 3306 4961 disserit
3349 4903 3672 4976 jocundius
3691 4903 3720 4958 ?

2063 4994 2286 5050 Clarior
2315 4993 2444 5066 quis
2476 4996 2587 5050 erit
2617 4994 2814 5051 rhetor
2842 4996 2993 5051 caris
3024 4996 3132 5051 sub
3165 4993 3539 5050 sermonibus
3556 4993 3584 5048 ‘I

2065 5083 2391 5140 Matheseos
2421 5083 2480 5139 in
2513 5084 2779 5140 doctrina
2809 5085 2943 5157 quis
2971 5083 3186 5141 valebit
3214 5082 3467 5140 melius?

2135 5174 2178 5228 Ο
2207 5173 2507 5229 Constanti
2538 5173 2639 5243 mi,
2674 5173 2908 5239 diserte,
2944 5190 3180 5230 summa
3204 5189 3340 5246 pars
3370 5177 3428 5229 et
3452 5171 3656 5240 animi,

2064 5263 2417 5318 Inexhausta
2455 5280 2594 5318 cura
2625 5263 2742 5318 mei
2771 5263 3022 5336 pectoris
3055 5281 3121 5319 ac
3152 5262 3356 5330 studii,

2065 5353 2251 5418 Quare
2271 5352 2436 5422 jaces
2468 5352 2661 5424 praeda
2691 5352 2898 5409 mortis
2929 5353 3040 5408 sub
3073 5351 3344 5408 clausura
3375 5350 3634 5406 tumuli?

2135 5442 2376 5513 Semper
2401 5440 2544 5496 mihi
2577 5441 3164 5514 promittebas,quem
3197 5441 3407 5515 lugens
3428 5440 3718 5508 desidere,

2063 5530 2231 5586 Modo
2265 5530 2442 5586 miser
2472 5534 2528 5586 et
2559 5529 2776 5602 infelix,
2810 5535 2866 5588 te
2895 5531 2982 5589 vel
3016 5531 3160 5605 ipsis
3192 5547 3380 5586 careo.
