3946 6370
178 515 333 585 Proh
364 514 568 573 dolor!
602 534 706 573 cur
735 533 830 574 me
859 515 1080 575 vivente
1102 520 1166 573 tu
1190 534 1303 573 non
1333 515 1480 572 vivis
1502 514 1713 572 saeculo
1739 515 1751 570 l

250 609 336 661 Tu
366 605 651 672 magister
679 607 1116 679 magistrorum,
1151 605 1392 671 doctior,
1425 604 1825 671 doctissimus,

178 693 262 751 De
291 694 508 752 virtute
536 695 597 750 in
626 695 900 751 virtutem
930 694 1137 751 melior
1167 699 1224 751 te
1252 693 1532 773 Optimus,

176 785 321 841 Jure
352 799 416 840 es
446 800 516 840 ex
540 784 882 840 meritorum
904 784 1096 840 factus
1120 782 1667 839 Constantissimus.

251 872 474 929 Omnes
500 871 676 928 laudo
706 872 1020 943 sapientes,
1052 876 1110 928 te
1140 873 1239 928 sed
1267 871 1498 927 cunctis
1548 870 1787 942 praefero
1813 889 1826 926 :

178 960 292 1018 Tui
323 959 586 1017 animam
616 961 960 1017 commendo
991 960 1240 1016 Flamini
1268 960 1643 1017 sanctissimo

176 1051 305 1116 Quo
334 1051 577 1107 ductore
605 1047 924 1122 perfruaris
954 1053 1292 1105 sanctorum
1324 1049 1637 1105 consortio.

250 1138 347 1196 Sis
377 1140 606 1206 beatus,
635 1138 717 1194 sis
743 1142 799 1195 et
826 1136 1204 1194 felixcenties
1234 1154 1299 1193 ac
1331 1136 1544 1192 millies
1568 1154 1580 1205 ;

1199 366 1541 446 WIDONIS
1583 380 1838 445 EPIST.
1883 383 1988 445 AD
2031 380 2575 447 Humanarum.

3465 382 3587 448 638

1854 520 1909 587 Α
1938 515 2085 572 Aula
2115 514 2342 588 pulchri
2365 515 2620 589 paradisi
2651 515 2755 572 ﬁat
2784 513 2891 571 tibi
2922 512 3152 589 requies
3177 532 3191 571 :

1942 605 2149 661 Dextra
2174 604 2389 661 Christi
2422 605 2505 662 sis
2534 608 2830 679 protectus
2863 603 3077 661 millies
3102 622 3168 661 ac
3188 604 3423 664 millies.

2012 694 2154 748 Ecce
2186 693 2312 767 lyra
2341 694 2646 767 planctum
2674 694 2807 752 dedi
2840 698 3184 751 cunctorum
3215 694 3587 767 charissima,

1937 780 2254 838 Audientes
2284 798 2441 838 nunc
2470 782 2719 856 imploro
2751 784 2891 840 dent
2921 786 2986 838 ut
3012 800 3213 856 preces
3246 784 3516 854 Domino,

1937 870 2185 925 Veniam
2214 871 2313 943 qui
2345 870 2695 927 delictorum
2726 873 2947 928 tribuat
2970 872 3328 930 Constantio.
3498 946 3505 949 ν

1941 958 2258 1015 Ριιωεῐᾱῐιιθ
2287 958 2534 1016 Domino
2579 961 2719 1017 Jesu
2771 960 3020 1029 Christo,
3081 961 3175 1017 cui
3203 965 3293 1018 est
3320 963 3506 1021 honor
3534 968 3592 1021 et

2228 1047 2439 1120 [gloria
2467 1048 2528 1104 in
2560 1049 2776 1107 saecula
2804 1048 3175 1107 saeculorum.
3202 1052 3407 1109 Amen.

1665 1385 1839 1430 CIRCA
1882 1384 1964 1430 AN
1975 1413 1988 1428 .
2036 1385 2106 1430 ll.

1135 1491 1598 1595 WIDO
1686 1492 2628 1604 MONAGEUS

711 1770 1258 1865 WIDONIS
1327 1769 1942 1863 EPISTULA
2008 1770 2173 1863 AD
2243 1770 3068 1868 HEBIBERTUM

1601 1920 1851 1977 COLON.
1884 1920 2212 1978 ARGHIEP.

1078 2038 1333 2110 (BALUZ.,
1365 2038 1711 2093 Miscellanea
1740 2037 1881 2093 edit.
1917 2038 2079 2104 Luc.,
2106 2040 2249 2094 tom.
2285 2038 2354 2109 II,
2391 2055 2524 2112 pag.
2557 2039 2705 2113 114.)

249 2164 665 2243 Tria‘antiqua
689 2162 944 2243 epistolae
976 2162 1294 2243 sequentis,
1319 2179 1457 2243 qua
1490 2162 1562 2217 ab
1588 2161 1765 2243 lvone
1809 2177 2042 2243 quoque
2072 2162 2166 2243 in_
2192 2166 2645 2243 partesecunda
2698 2165 2945 2243 Decreti,
2979 2183 3106 2241 cap.
3139 2170 3229 2243 8i,
3298 2169 3595 2243 editaest,

174 2233 1183 2312 exemplariahabui'musmnum_es
1201 2233 1566 2312 bibliotheca
1586 2233 2018 2312 Elegiameliqua
2039 2250 2107 2289 ex
2128 2233 2475 2312 Colbertina.
2497 2237 2557 2292 In
2583 2255 2698 2293 uno
2728 2233 2978 2312 istorum
3001 2233 3070 2295 ea
3092 2233 3319 2296 nullum
3345 2233 3589 2298 titulum

177 2304 377 2376 habet,
410 2310 471 2365 in
503 2306 615 2364 alio
644 2323 778 2382 vero
809 2306 1027 2382 hunc;
1065 2306 1305 2377 Epistola
1352 2306 1553 2382 signati
1579 2304 1858 2382 Paschasii
1905 2305 2166 2382 nupserat
2222 2306 2690 2382 Mediolanensem
2748 2310 3216 2382 archiepiscopum
3275 2313 3590 2369 Simoniaca

180 2375 769 2451 haeresi'laborantem.
800 2381 1039 2451 Constat
1067 2375 1209 2433 sane
1238 2393 1360 2433 avo
1394 2375 1689 2451 Paschalis
1721 2375 2093 2448 secundi,qui
2128 2376 2474 2451 Paschasius
2505 2396 2738 2451 quoque
2767 2375 2963 2451 dictus
2991 2375 3146 2437 est'a
3167 2381 3601 2451 nonnullis,Pe-

178 2449 341 2532 trum
372 2449 766 2532 Grosulanum
794 2448 1289 2532 Mediolanensem
1319 2447 1823 2532 archiepiscopum
1839 2447 2192 2532 accusatum
2226 2448 2408 2532 fuisse
2440 2447 3189 2532 qupdarchiepiscopalem
3246 2447 3596 2532 dignitatem

228 2524 372 2581 retio
403 2525 696 2603 mercatus
728 2521 954 2602 fuisset.
987 2519 1203 2602 Verum
1223 2536 1357 2603 cum
1383 2520 1455 2603 de
1484 2517 1813 2603 istiusmodi
1839 2517 2102 2603 Simonis.
2133 2534 2246 2573 non
2278 2517 2581 2603 agatur‘in.
2606 2520 2717 2603 hac
2745 2517 3014 2603 epistola;
3045 2540 3229 2594 eaque
3259 2517 3480 2603 scripta
3507 2526 3596 2581 vi-

228 2544 372 2581 remo
403 2544 696 2578 mercatus
728 2544 954 2602 Ιυιδδςὶι.
992 2544 1024 2602 ,ν
1038 2544 1203 2602 enim
1223 2544 1357 2575 cum
1383 2544 1455 2601 ut?
1484 2544 1813 2599 istiusmqu
1839 2544 2102 2599 animum.
2133 2544 2246 2573 uuu
2278 2544 2486 2602 agatur
2517 2544 2575 2574 iu
2606 2544 2714 2577 uuc
2745 2544 3012 2603 eplswia,
3045 2544 3229 2594 eaque
3259 2544 3480 2597 scripta
3507 2544 3596 2581 Vl-

186 2544 396 2654 c’leatur
423 2595 496 2650 ab
524 2592 762 2649 homine
794 2609 893 2663 qui
925 2608 1173 2646 minoris
1203 2594 1360 2647 esset
1390 2591 1691 2663 dignitatis
1726 2605 1903 2663 quam
1922 2590 2061 2663 isad
2094 2605 2268 2663 quem
2297 2591 2857 2663 scribebatur,facile
2883 2594 3144 2649 adducor
3159 2599 3225 2649 ut
3244 2596 3474 2652 credam
3501 2613 3596 2652 ve-

184 2670 401 2744 riorem
432 2681 562 2744 esse
575 2659 1231 2744 inscriptioneﬂm‘qu’am
1263 2659 1491 2742 praefert
1511 2660 1699 2743 codex
1729 2659 1942 2732 regius,
1976 2660 2184 2740 inuquo
2204 2660 2303 2744 ‘sic.
2331 2662 2582 2744 legitur:
2617 2664 2858 2744 Epistula
2896 2665 3420 2744 _Widi_mona_chi_
3447 2670 3599 2744 Heri—

188 2741 400 2797 bertum
430 2730 914 2812 archiepiscopum,
945 2730 1351 2812 Geloniensém
1383 2731 1683 2794 nimirum,
1718 2730 1891 2812 quem
1923 2731 2101 2812 var-iis
2132 2730 2445 2812 calumniis
2470 2730 2804 2812 impetitum
2828 2735 3011 2812 fuisse
3033 2737 3201 2812 docet
3224 2737 3284 2792 in
3305 2737 3441 2794 Vita
3468 2741 3598 2811 ejus

188 2812 486 2883 Rupertus
515 2802 698 2883 abbas
726 2802 1062 2883 Tuitiensis.
1095 2805 1179 2861 Ob
1211 2821 1339 2860 eam
1360 2820 1494 2860 vero
1515 2818 1755 2859 causam
1780 2802 1837 2856 in
1860 2802 2067 2874 primis
2100 2819 2205 2858 nos
2236 2802 2397 2860 illam
2428 2804 2522 2861 hic
2553 2802 2968 2879 repraesentare
3001 2807 3325 2877 voluimus,
3360 2813 3424 2864 ut
3467 2802 3597 2866 eam

189 2876 412 2940 auctori
447 2896 554 2936 suo
575 2877 864 2951 integram
897 2876 1361 2933 restitueremus.

261 3101 554 3157 Fraternas
602 3095 809 3152 mortis
840 3095 1061 3150 crimen
1091 3093 1338 3150 incurrit
1379 3095 1670 3167 quisquis,
1706 3112 1837 3151 cum
1871 3100 1919 3165 B
1949 3096 2115 3152 niaca
2149 3098 2207 3151 et
2236 3094 2660 3167 neophytorum
2710 3095 2949 3151 hieresis
3001 3096 3381 3169 exprimatur,
3443 3098 3600 3170 quod

189 3192 402 3263 potest,
436 3187 675 3243 fratrem
705 3202 739 3239 a
770 3187 955 3240 morte
985 3182 1228 3239 minime
1254 3183 1530 3239 defendit.
1562 3185 1677 3241 Nos
1700 3202 1843 3256 quo-

192 3293 328 3352 que,
362 3275 463 3348 qui
492 3272 842 3331 excellentia:
903 3276 1107 3328 vestrae
1167 3287 1469 3326 summum
1529 3271 1842 3327 discrimen

192 3364 552 3432 audivimus,
585 3365 804 3419 summi
827 3365 1025 3417 reatus
1043 3377 1275 3432 poenam
1307 3360 1667 3416 incurrimus
1696 3360 1744 3416 si
1764 3364 1847 3415 ta-

194 3471 457 3523 ceamus,
491 3451 735 3508 Domino
783 3465 887 3522 per
941 3448 1286 3521 prophetam
1320 3448 1654 3505 terribiliter
1700 3454 1844 3505 atte-

194 3547 387 3602 stante
418 3541 496 3615 (1)
527 3541 686 3614 quod
712 3540 969 3613 profecto
1000 3538 1348 3609 sanguinem
1379 3537 1573 3592 fundit
1603 3538 1701 3610 qui
1736 3538 1842 3593 im-

192 3632 428 3706 piorum
455 3627 827 3701 iniquitatem
858 3627 1104 3683 tacendo
1127 3625 1481 3682 dissimulat.
1500 3626 1847 3683 Audivimus

191 3720 536 3793 enim,quod
566 3717 732 3773 valde
762 3716 1067 3783 miramur,
1101 3716 1256 3788 quod
1287 3715 1435 3772 sacri
1462 3716 1613 3787 apud
1635 3733 1737 3771 vos
1760 3732 1848 3771 or-

190 3809 360 3865 dines
385 3807 651 3881 pecuniis
692 3805 1126 3871 distrahuntur,
1169 3806 1309 3861 dum
1363 3804 1702 3876 quicunque
1732 3805 1846 3861 tale

190 3897 414 3971 aliquid
446 3895 876 3960 attentaverint,
908 3894 1149 3950 omnino
1176 3892 1430 3950 heretici
1462 3910 1590 3949 com
1597 3895 1844 3966 proben-

191 3991 311 4054 tur,
342 3988 544 4043 sancto
577 3983 802 4056 Spiritu
832 4000 934 4056 per
985 3982 1325 4054 Gregorium
1356 3982 1663 4039 intonante
1706 3984 1846 4055 quia

191 4074 466 4149 quisquis
495 4089 598 4147 per
621 4072 902 4147 pecunias
932 4072 1333 4141 ordinatur,ad
1366 4071 1473 4128 hoc
1503 4076 1570 4128 ut
1600 4073 1701 4128 fiat
1728 4073 1844 4128 hZB-

192 4164 412 4222 reticus
440 4165 830 4235 promovetur.
887 4162 958 4217 Et
983 4164 1048 4216 ut
1076 4161 1256 4232 hujus
1300 4164 1513 4215 nostra:
1552 4160 1844 4233 paginulas

192 4270 311 4311 non
337 4251 859 4327 praesumptionem
920 4251 1022 4306 sed
1079 4249 1306 4305 timoris
1362 4265 1604 4305 causam
1661 4250 1844 4305 fuisse

192 4341 834 4412 monstremus,beatus
853 4339 1011 4395 idem
1041 4336 1418 4411 prosequitur
1448 4338 1527 4411 (S.
1563 4338 1843 4406 Genuam,

193 4431 299 4488 lib.
336 4447 416 4497 1v,
447 4429 619 4503 epist.
651 4429 743 4499 51,
770 4430 863 4497 55,
892 4428 989 4496 56,
1017 4432 1075 4484 et
1100 4427 1202 4483 lib.
1242 4444 1339 4495 vn,
1371 4427 1493 4483 ind.
1556 4444 1614 4493 ii,
1670 4427 1840 4500 epist.

192 4520 337 4589 810;
369 4537 410 4576 ι.
444 4535 501 4592 q.
534 4520 587 4588 1,
621 4535 668 4574 c.
701 4520 756 4586 5,
792 4519 1106 4589 Quisquis);
1143 4517 1394 4589 Quisquis
1425 4517 1500 4590 (2)
1543 4524 1733 4573 contra
1756 4518 1844 4573 Si—

192 4611 510 4665 maniacam
537 4615 590 4665 et
613 4609 1007 4680 neophytoru-m
1026 4608 1278 4662 haeresim
1293 4621 1394 4676 pro
1424 4607 1597 4677 ofﬁcii
1614 4607 1704 4662 sui
1734 4607 1845 4661 loco

194 4698 542 4756 vehementer
583 4713 697 4753 non
723 4697 940 4763 arserit,
972 4710 1099 4750 cum
1125 4710 1184 4750 eo
1229 4710 1285 4749 se
1311 4710 1422 4750 non
1451 4694 1662 4750 dubitet
1690 4696 1847 4750 habi-

193 4791 383 4843 turum
407 4787 719 4858 portionem
735 4786 810 4857 (3)
833 4786 930 4856 qui
946 4785 1103 4854 prius
1123 4784 1393 4838 commisit
1443 4782 1540 4839 hoc
1551 4784 1849 4855 piaculare

193 4874 736 4948 ﬂagitiumouibus
761 4873 823 4929 in
855 4872 1045 4929 verbis
1075 4888 1210 4927 cum
1241 4870 1511 4927 haeretica
1568 4876 1627 4927 et
1655 4872 1847 4928 Simo-

268 5018 345 5092 (l)
378 5016 990 5092 Terribiliterattcstln
1028 5031 1142 5092 uno
1183 5012 1378 5092 codice
1408 5012 1739 5092 Colbertino
1765 5016 1847 5071 Ie-

238 5085 358 5146 itur
385 5090 695 5157 intestante,
728 5088 787 5143 in
816 5087 930 5143 alio
962 5085 1345 5142 intonanteln
1373 5088 1622 5158 utroque
1647 5090 1845 5142 autem

238 5164 363 5218 eest
383 5177 491 5216 vox
521 5160 865 5215 terribiliter.

269 5233 346 5304 (2)
380 5233 654 5303 Quisquis.
689 5230 755 5286 In
811 5229 1160 5286 Colbertinis
1202 5228 1487 5299 scriptum
1518 5232 1642 5283 est:
1706 5229 1848 5297 Quia

235 5320 344 5360 αιδ.

200 5321 349 5446 qua)
379 5375 715 5430 Habiturum
758 5376 896 5446 port.
956 5372 1172 5428 Eadem
1223 5369 1576 5442 exemplaria
1631 5369 1850 5428 habent

196 5445 504 5519 portionem
546 5445 763 5519 habere.

274 5518 350 5589 (4)
383 5518 701 5589 Damnavit.
734 5516 865 5571 Haec
891 5532 999 5571 vox
1026 5518 1083 5571 et
1113 5531 1239 5578 quae
1298 5516 1630 5589 sequuntur
1660 5531 1850 5586 usque

202 5585 500 5645 ad'vocem
530 5588 909 5643 condemnavit
937 5605 1053 5643 non
1082 5590 1311 5643 exstant
1340 5585 1398 5642 in
1419 5585 1639 5643 eisdem
1662 5585 1851 5642 exem-

203 5660 490 5732 plaribus,
513 5663 571 5716 et
598 5658 870 5716 videntur
892 5659 1203 5732 superﬂua.

1953 3188 2168 3240 aeterna
2199 3188 2385 3239 morte
2416 3184 2835 3256 dignissimum
2867 3185 3086 3240 crimen
3121 3185 3195 3241 sit
3235 3184 3603 3258 apertissime

1955 3273 2669 3345 declaratur,protestante
2687 3289 2791 3344 per
2818 3273 3216 3345 Augustinum
3248 3274 3441 3330 divino
3472 3291 3601 3330 ora-

1955 3361 2086 3417 culo
2118 3379 2183 3417 ac
2214 3362 2443 3417 dicente
2476 3362 2785 3430 (FULGEN’I‘.
2821 3362 2894 3416 De
2921 3362 3029 3431 ﬁde
3055 3363 3125 3417 ad
3150 3365 3297 3418 Petr.
3331 3378 3380 3418 c.
3437 3364 3600 3433 391):

1954 3452 2295 3506 Firmissime
2326 3455 2447 3506 tene
2473 3458 2525 3505 et
2578 3451 2899 3505 nullatenus
2927 3450 3141 3506 dubites
3178 3466 3395 3506 omnem
3426 3452 3602 3510 Mre-

1954 3542 2123 3596 ticum
2152 3540 2234 3595 vel
2263 3540 2690 3604 schismaticum,
2724 3541 2972 3609 quamvis
3001 3541 3204 3595 multas
3234 3540 3604 3613 cleemosynas

1952 3630 2141 3700 faciat,
2170 3628 2254 3683 vel
2282 3629 2449 3683 etiam
2472 3643 2573 3699 pro
2627 3626 2836 3683 Christo
2863 3628 3189 3698 sanguinem
3226 3628 3446 3701 fundat,
3480 3642 3619 3684 cum'

1953 3717 2168 3773 diabolo
2199 3721 2251 3772 et
2281 3717 2494 3786 angelis
2545 3717 2663 3787 ejus
2692 3719 2890 3773 wterni
2922 3718 3065 3787 ignis
3094 3717 3346 3773 incendio
3391 3721 3603 3774 manci-

1950 3806 2215 3879 pandam,
2269 3806 2383 3861 nisi
2411 3809 2537 3861 ante
2565 3806 2732 3876 ﬁnem
2761 3806 2924 3877 hujus
2953 3806 3086 3863 vitm
3129 3807 3408 3862 catholicae
3434 3808 3607 3878 fuerit

1956 3898 2336 3968 incorporatus
2394 3902 2449 3950 et
2497 3895 2898 3965 redintegratus
2973 3895 3238 3950 Ecclesiae.
3315 3894 3461 3951 Hinc
3516 3899 3607 3951 est

1954 3985 2108 4057 quod
2142 3983 2427 4040 Dominus
2485 3983 2801 4039 vendentes
2858 3988 2917 4039 et
2956 3986 3214 4040 ementes
3262 3984 3335 4040 de
3384 3983 3605 4057 templo

1955 4075 2144 4146 ejccit,
2178 4073 2406 4129 Dathan
2436 4077 2493 4130 et
2520 4072 2737 4129 Abiron
2771 4073 3095 4130 ambientes
3146 4077 3303 4129 terra
3349 4073 3601 4147 glutivit,

1955 4163 2371 4235 Simonemque
2403 4166 2725 4218 tentantem
2748 4163 2953 4218 Petrus
2974 4163 3604 4232 damnavit(4),omnes-

1955 4270 2069 4324 que
2101 4252 2160 4307 in
2193 4269 2259 4308 eo
2290 4252 2653 4307 Simoniacos
2683 4250 3090 4308 ecclesiasticis
3127 4251 3345 4322 jaculis
3402 4251 3605 4308 Petrus

1956 4345 2236 4413 perpetuo
2255 4340 2625 4397 anathemate
2641 4340 3069 4397 condemnavit.
3088 4341 3337 4413 Etturpe
3353 4340 3603 4397 nimium

1955 4434 2045 4485 est
2074 4436 2140 4485 ut
2168 4430 2229 4484 in
2260 4429 2745 4501 plenissimojam
2776 4429 2971 4502 vigore
3003 4432 3082 4502 (5)
3113 4431 3461 4486 confirmata
3503 4433 3604 4485 Ec-

1957 4518 2134 4574 clesia
2154 4522 2275 4573 tam
2309 4517 2472 4573 ferali
2506 4517 2745 4573 inimico
2775 4519 3223 4586 succumbat,de
3254 4534 3369 4590 quo
3403 4520 3461 4574 in
3480 4519 3606 4590 pri-

1958 4607 2183 4662 mordio
2202 4605 2591 4661 suaeinf'antiie
2613 4606 3003 4662 tantavirtute
3024 4606 3369 4679 triumphat.
3387 4606 3447 4663 Si
3470 4607 3603 4678 quis

1958 4698 2033 4767 (1,
2064 4713 2121 4766 q.
2156 4696 2212 4761 3,
2243 4712 2292 4750 c.
2323 4697 2380 4762 7,
2411 4694 2473 4750 Si
2501 4695 2622 4765 quis
2653 4694 2929 4766 objecerit)
2961 4699 3157 4751 autem
3189 4694 3466 4765 objecerit
3486 4711 3603 4750 non

1958 4785 2424 4842 consecrationes
2455 4783 2556 4839 sed
2596 4800 2688 4838 res
2720 4782 2881 4854 ipsas
2934 4800 3063 4855 quae
3119 4800 3188 4838 ex
3218 4783 3603 4840 consecratio-

1958 4891 2030 4931 ne
2078 4872 2429 4947 proveniunt
2467 4871 2660 4939 vendi,
2692 4872 2922 4927 videtur
2950 4874 3021 4945 (6)
3081 4873 3321 4944 quidem
3378 4871 3605 4945 aliquid

2028 5016 2104 5089 (5)
2136 5016 2461 5089 Plenissimo
2483 5015 2604 5089 jam
2632 5015 2837 5089 vigore.
2871 5018 2959 5089 Ita
2982 5014 3211 5071 codices
3256 5015 3430 5072 Colbe
3443 5015 3604 5071 rtini.

1955 5087 2043 5144 At
2057 5087 2273 5158 Regius
2302 5087 2492 5142 habet
2512 5087 2896 5159 plenissimum
2916 5087 3040 5158 jam
3052 5089 3328 5159 vigorem.

2140 5159 2324 5240 lfendi,
2352 5157 3018 5240 videtur._.Retinu.imus
3049 5157 3607 5240 lectionemcodicis

1956 5229 2122 5301 regii.
2159 5232 2221 5285 In
2249 5247 2365 5284 uno
2393 5229 2723 5302 Colbertino
2755 5230 3039 5302 scriptum
3071 5236 3181 5297 est,
3214 5230 3377 5287 vendi
3395 5230 3610 5302 videtur

1956 5300 2088 5375 quid
2117 5310 2195 5375 est
2212 5301 2436 5375 aliquid
2455 5301 2631 5375 dicere
2660 5302 2769 5357 nisi
2789 5300 2893 5357 aut
2910 5303 3130 5375 penitus
3151 5302 3296 5375 nihil
3320 5318 3524 5375 sapere.
3542 5300 3606 5356 In

1958 5372 2093 5440 alio,
2129 5372 2228 5429 ubi
2260 5389 2372 5446 vox,
2398 5372 2702 5446 vendinon
2726 5372 2932 5441 exstat,
2967 5373 3049 5428 ita
3074 5374 3289 5446 legitur
3320 5372 3413 5428 hic
3442 5373 3607 5446 locus

1956 5447 2088 5519 quid
2110 5448 2169 5500 ut
2197 5445 2400 5516 aliquis
2430 5443 2585 5500 aliud
2614 5444 2810 5513 dicere,
2869 5447 2981 5503 nisi
3004 5443 3189 5501 autem
3212 5446 3432 5518 penitus
3457 5443 3604 5497 nihil

1957 5534 2168 5592 sapere.
