3946 6356
198 374 318 485 ὸιί

1222 388 1977 491 ΑιννΑιοΝιεἘριεΤ.
2028 390 2130 489 AD
2175 431 2242 489 L.
2292 429 2599 491 PONTIF.
2700 398 2731 443 °

3492 410 3613 495 642

962 667 1349 731 EPISTOLA.
1386 669 1467 727 Β.
1512 669 1869 732 MONAGIII
1912 671 2017 730 AD
2062 670 2134 730 B.
2181 671 2562 732 ABBATEM
2606 671 2850 733 SUUM.

269 790 447 866 B._(l)
493 792 612 848 Suo
659 790 1128 848 reverentissimo
1186 791 1422 847 domino
1482 808 1847 865 summasque
1874 794 1931 861 Α
1962 796 2083 849 tate
2109 792 2429 860 dimisisse,
2469 794 2713 849 Romam
2769 810 2904 850 cum
2957 794 3246 851 extraneis
3289 796 3614 869 profectum

191 879 396 938 laudis
421 880 771 954 dignissimo
819 879 1161 937 monasterii
1204 880 1588 937 Massiliensis
1643 882 1854 937 divinas

192 956 875 1043 largitatimunificentia
894 968 1282 1041 dispensatori
1299 984 1477 1042 quam
1509 969 1750 1042 optimo,
1782 971 1847 1025 R.

193 1059 467 1132 ejusdem
490 1074 692 1115 servus
709 1058 973 1114 omnium
1006 1056 1142 1113 licet
1163 1058 1274 1114 sibi
1306 1058 1719 1115 famulantium
1750 1058 1855 1114 hu-

196 1147 633 1217 millimus,non
665 1146 724 1202 in
756 1146 1065 1203 dilectione
1090 1151 1282 1203 tamen
1305 1147 1609 1218 minimus,
1643 1148 1851 1204 debita;

194 1234 503 1293 servitutis
516 1234 887 1309 obsequium.

266 1323 640 1398 Evangelista
660 1327 930 1390 testante,
961 1322 1147 1397 liquet
1183 1325 1255 1381 ab
1286 1325 1512 1399 angelis
1545 1326 1727 1383 fuisse
1758 1327 1853 1382 de-

189 1411 488 1471 claratum
520 1413 757 1487 quodin
785 1418 936 1469 terra
950 1430 1065 1487 pax
1112 1413 1427 1471 hominibus
1476 1416 1633 1473 bona?
1657 1416 1851 1472 volun-

185 1504 343 1559 tatis.
376 1503 447 1559 Et
475 1500 612 1558 alibi
644 1501 930 1575 scriptum
962 1506 1089 1559 est:
1149 1504 1367 1577 Sufﬁcit
1398 1505 1537 1560 bona
1576 1506 1847 1561 voluntas.

185 1590 215 1647 J
223 1608 334 1648 ure
344 1591 705 1666 igitur,sicut
719 1589 990 1647 voluntas
1004 1591 1239 1664 aliquod
1258 1592 1587 1665 perﬁciendi
1605 1593 1758 1648 bonu
1769 1609 1847 1662 m,

183 1681 299 1737 etsi
338 1680 621 1754 proﬁcere
649 1684 920 1753 nequeat,
956 1680 1256 1737 sufficiens
1292 1699 1418 1737 esse
1452 1682 1846 1754 perhibeatur,

184 1769 399 1825 eadem
425 1784 656 1842 quoque
702 1766 846 1824 mihi
881 1785 1058 1840 quam
1093 1785 1229 1842 erga
1254 1787 1354 1825 vos
1388 1786 1620 1842 semper
1644 1770 1848 1834 habui,

186 1857 466 1914 sufﬁcere
475 1856 677 1930 procul
691 1857 867 1913 dubio
880 1858 1318 1914 credatur.Nam
1332 1863 1848 1932 postquamvestrze

186 1944 621 2019 magnitudinis
652 1945 833 2011 fama,
871 1963 998 2018 qua:
1021 1947 1146 2017 jam
1183 1946 1282 2002 diu
1307 1947 1453 2003 meis
1503 1947 1850 2003 intonuerat

186 2032 460 2101 auribus,
493 2034 783 2107 corpereis
843 2033 1028 2091 oculis
1054 2033 1250 2089 videre
1295 2034 1610 2108 promerui,
1644 2041 1846 2092 vestrae

186 2120 525 2179 dilectionis
582 2121 988 2222 immensitati,
1046 2127 1219 2195 prout
1248 2122 1449 2229 multis
1482 2124 1631 2179 scire
1661 2122 1908 2229 licuit,B

189 2227 339 2270 mea
368 2210 678 2284 parvitatis
725 2208 1027 2283 ingenium
1063 2210 1532 2283 inseparabiliter
1571 2213 1846 2269 adhibere

188 2300 422 2372 studui,
440 2300 551 2356 sed'
567 2303 635 2355 ut
652 2298 918 2373 probatio
934 2298 1260 2356 dilectionis
1274 2317 1401 2373 quae
1422 2300 1575 2356 infra
1596 2301 1847 2372 pectoris

188 2391 372 2462 septas
392 2386 1003 2463 astuandolatitabat,
1039 2387 1235 2461 operis
1285 2388 1642 2445 exhibitione
1660 2406 1845 2463 quan-

188 2474 391 2550 doque
411 2475 793 2544 redoleret,ad
802 2477 1044 2532 modum
1066 2479 1267 2549 optare
1289 2476 1690 2533 solebam.Nec
1718 2478 1845 2533 ideo

190 2566 336 2638 quia
359 2566 511 2622 Deus
557 2554 986 2638 plebem'suam
1024 2564 1296 2633 visitavit,
1329 2565 1607 2638 quoniam
1642 2582 1741 2621 vos
1773 2566 1845 2621 ad

189 2653 708 2728 optimam,.quam
729 2653 905 2726 elegit
933 2653 1046 2708 sibi
1069 2653 1274 2720 Maria,
1306 2657 1532 2726 partem
1558 2653 1846 2710 sublima-

188 2744 360 2813 vit,et
387 2742 812 2799 monasterium
864 2741 1230 2799 Massiliense
1254 2744 1379 2815 jam
1414 2742 1655 2798 rectoris
1689 2743 1846 2799 indi-

191 2830 395 2905 gentia
423 2829 658 2904 penitus
688 2831 1037 2887 oﬂ'uscatum
1085 2836 1413 2887 vestrarum
1453 2829 1847 2887 illustrations

190 2920 485 2975 virtutum
515 2918 759 2975 mirifice
790 2918 1099 2974 decoravit.
1162 2921 1457 2984 Quantum
1494 2922 1723 2975 constat
1754 2936 1846 2974 me

192 3008 475 3081 gaudere,
508 3007 558 3062 si
582 3022 785 3063 omnes
807 3010 969 3061 artus
991 3006 1049 3061 in
1072 3005 1305 3079 linguas
1333 3011 1716 3075 verterentur,
1744 3008 1848 3062 im-

190 3095 489 3169 possibile,
506 3094 896 3168 estcuiquam
924 3094 1231 3166 explicare.

269 3185 330 3242 Si
362 3188 561 3242 autem
579 3188 782 3240 vestras
803 3182 986 3238 solitae
1009 3183 1255 3239 bonitati
1280 3182 1527 3256 placeat,
1563 3183 1796 3238 attende
1831 3199 1843 3238 :

196 3273 299 3329 ubi
328 3290 432 3331 vos
452 3273 525 3330 ad
546 3273 913 3346 praedictum,
931 3273 1048 3330 Deo
1070 3273 1336 3338 ducente,
1370 3273 1619 3345 gradum
1647 3288 1847 3344 prove-

194 3367 355 3419 ctum
388 3362 571 3419 fuisse
589 3362 967 3435 comperi,uti
996 3361 1206 3418 vestris
1228 3360 1691 3433 obtemperarem
1716 3360 1851 3431 jus-

1961 881 2181 949 fuisse;
2230 882 2330 937 sed
2348 882 2499 954 'quia
2527 881 2734 937 divine
2777 882 3059 939 voluntati
3089 901 3185 940 me
3213 889 3483 957 emptum.
3502 887 3617 944 iter

1962 969 2254 1043 complere
2271 987 2386 1027 non
2411 971 2601 1037 libuit,
2635 972 2850 1027 animal
2872 974 3042 1043 cujus
3070 972 3337 1030 vehiculo
3366 975 3623 1032 Romam

1961 1076 2151 1131 usque
2164 1060 2404 1115 tendere
2414 1061 2839 1133 satagebam,in
2858 1061 3061 1117 itinere
3076 1062 3619 1133 priusinﬁrmatum-

1960 1164 2201 1219 prorsus
2230 1147 2451 1203 ibidem
2481 1148 2627 1203 mihi
2655 1149 2857 1205 defuit.
2888 1150 3251 1223 Quapropter
3270 1151 3621 1208 ulteriusin-

1960 1236 2161 1292 cedere
2181 1236 2322 1308 quia
2342 1252 2456 1291 non
2487 1236 2762 1302 valerem,
2795 1238 3129 1310 infectoque
3155 1240 3387 1312 negotio
3413 1240 3615 1297 statim

1958 1324 2150 1380 redire
2169 1324 2544 1380 vehementer
2556 1327 2980 1392 erubescerem,
3014 1327 3181 1400 prius
3201 1329 3441 1400 quidem
3472 1330 3618 1386 titu-

1958 1413 2096 1468 bare
2110 1413 2252 1485 coepi
2263 1417 2581 1485 ,postremo
2593 1418 2789 1470 tamen
2805 1414 3135 1471 litterarum
3149 1417 3621 1490 studiisoperam

1961 1501 2099 1557 dare
2120 1501 2405 1574 disposui,
2434 1502 2633 1574 ibique
2670 1503 2875 1575 paucis
2901 1503 3003 1558 Dei
3025 1505 3213 1576 gratia
3244 1504 3619 1579 interpositis

1959 1590 2105 1645 mori
2114 1589 2452 1657 s,hactenus
2467 1591 2731 1647 animum
2748 1593 3064 1649 exercendo
3081 1598 3349 1649 moratus
3362 1595 3466 1650 fui.
3484 1596 3617 1651 Haec

1958 1679 2245 1751 estigitur
2272 1696 2469 1746 causa,
2503 1679 2843 1759 dulcissime
2872 1681 3129 1749 domine,
3164 1698 3269 1737 cur
3299 1686 3615 1755 postquam

1956 1766 2101 1823 illud
2128 1768 2283 1840 quod
2310 1768 2504 1823 anima
2551 1784 2679 1823 mea
2701 1769 2799 1823 diu
2838 1773 3159 1841 optaverat,
3188 1771 3455 1828 evenisse
3475 1762 3614 1828 con-

1960 1856 2107 1928 cepi,
2142 1856 2212 1911 ad
2236 1872 2340 1912 vos
2362 1856 2636 1911 festinare
2658 1856 2877 1912 distuli.
2916 1858 3039 1913 lmo
3086 1858 3276 1932 magis
3305 1877 3372 1915 ac
3401 1862 3613 1934 magis,

1959 1948 2023 1999 ut
2053 1943 2263 2000 melius
2287 1944 2452 2000 vobis
2470 1946 2681 2000 amodo
2691 1946 2813 2001 vita
2830 1947 3041 2003 comite
3059 1948 3352 2004 deservire
3369 1948 3613 2022 valeam,

1958 2034 2191 2089 studere
2213 2034 2512 2106 preposui.
2546 2034 2714 2089 Nunc
2736 2039 2932 2090 autem
2976 2036 3118 2107 quia
3140 2052 3243 2109 per
3271 2040 3457 2093 totam
3489 2038 3611 2094 fere

1958 2121 2184 2177 Italiam
2218 2122 2514 2178 scholares
2536 2126 2595 2178 et
2625 2122 2881 2179 maxime
2912 2123 3325 2192 Provinciales,
3358 2141 3467 2181 nec
3495 2142 3613 2182 non

1956 2210 2144 2283 ipsius
2166 2210 2389 2266 ordinis
2410 2210 2481 2267 de
2501 2227 2616 2282 quo
2641 2213 2942 2285 sum,quia
2969 2212 3166 2284 plures
3189 2213 3420 2287 legibus
3435 2218 3619 2271 cater-

1954 2299 2129 2355 vatim
2148 2298 2410 2354 studium
2434 2299 2779 2356 adhibentes
2801 2301 3164 2357 incessanter
3199 2302 3518 2375 conspicio,
3545 2307 3604 2358 et

1954 2387 2376 2442 monasterium
2395 2391 2661 2443 nostrum
2684 2404 2717 2443 a
2745 2388 2973 2444 clericis
2985 2394 3043 2444 et
3060 2389 3272 2446 alaicis
3284 2391 3411 2446 sine
3432 2392 3616 2446 inter-

1954 2475 2235 2531 missione
2255 2475 2588 2547 placitando
2614 2475 2899 2545 lacessiri,
2946 2481 3123 2548 atque
3143 2478 3446 2548 justarum
3477 2496 3612 2551 pos-

1955 2564 2287 2619 sessionum
2314 2564 2728 2619 detrimentum
2762 2564 2879 2636 pati
2911 2565 3239 2631 considero,
3271 2565 3609 2638 aliquantuo

1955 2650 2073 2707 lam
2096 2652 2437 2724 hujusmodi
2463 2652 2768 2709 scientiam
2821 2652 3037 2708 habere
3058 2654 3343 2711 desidero.
3377 2655 3524 2711 Nam
3556 2656 3607 2711 si

1955 2741 2096 2812 quid
2127 2740 2184 2795 in
2208 2740 2317 2797 hoc
2338 2756 2529 2813 opere,
2564 2741 2763 2797 divina
2782 2740 3064 2814 largiente
3084 2744 3292 2814 gratia,
3325 2742 3605 2816 praevale-

1956 2844 2101 2895 rem,
2135 2844 2241 2884 nec
2264 2827 2642 2885 saecularibus
2672 2828 2901 2899 placitis
2930 2829 3244 2900 inhiarem,
3276 2832 3378 2887 sed
3421 2830 3608 2888 solam

1954 2917 2140 2972 nostri
2159 2917 2496 2972 monasterii
2502 2916 2820 2988 justitiam,
2837 2922 3121 2989 quantum
3142 2935 3407 2991 possem,
3439 2921 3607 2991 adju-

1953 2997 2171 3061 varam.
2190 3004 2248 3060 Si
2272 3009 2475 3061 vestrae
2497 3005 2693 3078 igitur,
2714 3021 2951 3062 summe
2969 3006 3160 3074 Pater,
3194 3007 3465 3081 dignitati
3486 3008 3609 3081 pla-

1956 3097 2084 3149 ceat
2114 3096 2179 3148 ut
2223 3093 2281 3149 in
2307 3094 2417 3149 hoc
2458 3110 2630 3166 opere
2678 3094 2940 3150 studium
2961 3111 3065 3166 pro
3087 3112 3259 3168 posse
3280 3112 3409 3154 meo
3444 3112 3608 3153 exer-

1957 3199 2139 3250 ceam,
2174 3200 2370 3254 queeso
2385 3182 2799 3255 etsuppliciter
2812 3184 3071 3251 obsecro,
3105 3189 3398 3256 quatenus
3428 3201 3606 3258 super

1958 3270 2066 3325 hoc
2085 3271 2313 3343 negotio
2335 3271 2738 3327 charitativam
2763 3271 3605 3347 mihilicentiamimpendatis,

1959 3363 2017 3414 et
2047 3359 2256 3415 Pisano
2288 3358 2465 3431 priori
2516 3360 2726 3415 vestris
2775 3359 2985 3416 litteris
3014 3364 3081 3415 ut
3102 3362 3245 3417 mihi
3271 3363 3599 3430 subveniat,

192 3452 384 3523 sibus,
413 3468 518 3507 cur
548 3451 742 3507 venire
798 3450 1023 3519 distuli,
1082 3466 1322 3504 causam
1356 3453 1549 3504 tamen
1592 3448 1699 3504 etsi
1734 3466 1848 3503 non
1961 3449 2240 3503 mandare
2269 3447 2615 3519 disponatis.
2671 3447 2731 3503 Si
2785 3448 2942 3503 enim
2994 3449 3149 3520 quod
3179 3456 3417 3523 expecto
3447 3452 3603 3523 apud

191 3539 587 3596 sufﬁcientem
619 3539 859 3595 reddere
913 3556 1044 3595 sum
1078 3542 1340 3611 paratus,
1393 3538 1607 3593 Noscat
1646 3538 1841 3608 itaque
1873 3529 1915 3596 C
1952 3542 2205 3591 vestram
2235 3536 2697 3592 misericordiam
2731 3536 3133 3607 impetravero,
3154 3536 3314 3593 Pisas
3345 3539 3417 3593 ad
3448 3553 3603 3594 exer-

190 3633 406 3696 vestra,
421 3627 964 3684 desiderantissime
991 3628 1179 3694 Pater,
1195 3625 1624 3692 clementia,me
1656 3642 1841 3697 quon-
1951 3624 2201 3680 cendum
2230 3624 2310 3678 ibi
2344 3624 2631 3692 studium,
2684 3624 2733 3678 si
2767 3624 2920 3679 Deus
2951 3624 3325 3691 concesserit,
3377 3626 3600 3683 adiero.

188 3719 324 3775 dam
344 3714 604 3790 praedicti
628 3715 869 3771 ccenobii
905 3715 1154 3770 fratrum
1191 3718 1429 3786 accepta
1448 3713 1701 3783 licentia,
1737 3731 1840 3786 pro
1949 3712 2186 3768 Interim
2219 3716 2415 3768 autem
2476 3729 2663 3785 usque
2706 3712 2777 3767 ad
2833 3712 3207 3767 festivitatem
3250 3713 3437 3768 sancti
3486 3714 3594 3769 Mi-

188 3807 447 3880 quodam
461 3803 632 3860 nobis
642 3803 976 3860 imminenti
995 3808 1053 3859 et
1064 3801 1416 3860 intolerabili
1430 3803 1659 3875 negotio
1673 3802 1837 3870 satis,
1950 3801 2145 3857 chaelis
2158 3805 2360 3857 vestrae
2374 3801 2789 3858 consolationis
2800 3804 3155 3874 praceptum
3169 3804 3575 3874 exspectavero
3589 3845 3602 3859 .

188 3900 253 3951 ut
277 3896 474 3963 credo,
497 3893 625 3965 jam
644 3893 811 3948 vobis
841 3892 1162 3961 notificato,
1195 3892 1441 3947 Romam
1465 3892 1548 3946 ire
1569 3890 1835 3963 coepisse,
1949 3890 2167 3947 Valete.

190 4000 255 4040 ac
271 3998 462 4056 usque
480 3982 718 4055 Papiam
742 3981 867 4037 sine
888 3980 1111 4054 collega
1144 3979 1378 4053 proprio
1391 3980 1576 4036 nimia
1596 3996 1841 4053 pauper-

259 4108 341 4182 (1)
373 4107 544 4165 Forte
590 4106 905 4175 Bernardo,
938 4106 1038 4177 qui
1073 4106 1147 4162 ab
1177 4122 1330 4163 anno
1370 4105 1512 4163 1065
1539 4106 1609 4161 ad
1642 4106 1780 4162 1079
1807 4104 2169 4162 Massiliense
2196 4108 2252 4160 S.
2287 4103 2537 4161 Victoris
2568 4103 2995 4162 monasterium
3025 4104 3191 4160 rexit.

3176 4253 3611 4267 Μ’

3177 4272 3600 4284 *—

1464 4397 2341 4541 ALWALO

876 4720 1337 4798 EPISTOLA
1387 4721 1958 4797 ALWALONIS
2009 4723 2133 4794 AD
2189 4722 2268 4794 L.
2329 4718 2917 4793 PONTIFICEM

1412 4873 1721 4942 (MARTEN.,
1756 4872 1902 4928 Thes.
1934 4871 2129 4928 Anecd.
2165 4871 2209 4939 Ι,
2244 4871 2391 4941 105.)

1725 5012 2040 5024 —————

257 5116 422 5174 Hanc
450 5120 509 5173 et
527 5112 1198 5189 sequentemepistolam
1221 5113 1484 5189 eruimus
1502 5130 1569 5170 ex
1590 5116 1766 5171 veteri
1790 5115 1985 5189 codice
2007 5130 2117 5189 ms_.
2143 5111 2377 5168 oratorii
2402 5110 2728 5189 Trecensis,
2759 5111 2930 5189 cujus
2944 5109 3598 5189 charact_e_r_annos-600

188 5205 471 5266 superare
487 5183 747 5266 videtur.
780 5183 1071 5266 Quisnam
1089 5185 1265 5266 fuerit
1294 5184 1494 5266 primae
1526 5191 1729 5266 auctor
1756 5186 1984 5266 Alvvalo
2015 5185 2151 5266 et
2179 5200 2450 5241 summus
2485 5183 2742 5266 pontifex
2770 5183 2842 5266 ad
2867 5197 3040 5266 quem
3088 5183 3312 5266 scribit,
3346 5183 3597 5266 necdum

187 5252 450 5337 divinare
478 5258 725 5337 potui.Si_
755 5252 1831 5337 coniecturisaliquidtribuereliceat,
1860 5259 2061 5337 L._no_n
2084 5256 2387 5337 Romanus
2408 5252 2686 5337 pontifegt,
2722 5252 3103 5337 sednsimplcx
3132 5254 3443 5337 episcopus
3464 5254 3593 5335 fuit:

186 5333 431 5414 Certejn
463 5324 728 5414 sequenti
750 5324 1247 5414 epistolapudum
1269 5327 1538 5414 episcopi
1550 5327 1789 5414 titulum
1812 5324 2052 5414 accipit.
2084 5328 2197 5408 Nec
2226 5324 2953 5414 vacat'exempliquui’bus
2978 5324 3292 5414 sim-plices
3322 5324 3598 5414 episcopi

187 5344 349 5388 certe
368 5350 431 5388 1n
463 5344 728 5404 sequentl
750 5344 1000 5414 epistOIa
1019 5344 1243 5385 nuaum
1269 5344 1527 5401 episcopl
1550 5344 1789 5383 nmium
1823 5344 2052 5401 accxplt.
2085 5344 2197 5408 Nec
2226 5344 2394 5381 vacat
2424 5344 2706 5397 exemplis
2738 5344 2953 5408 quibus
2993 5344 3292 5397 Simplices
3322 5344 3585 5448 ap'iscopi

187 5402 557 5476 appellantur
583 5418 805 5460 summi
873 5401 1255 5457 ontiﬁcetha
1275 5404 1469 5454 Bruno
1500 5398 1859 5456 Coloniensis
1892 5400 2363 5471 archiepiscopus
2386 5413 2635 5452 summus
2658 5398 2912 5477 pontifex
2937 5397 3248 5468 appellatur
3268 5412 3301 5451 a
3403 5397 3585 5450 ldPtCO

188 5474 247 5527 in
278 5474 412 5527 Vita
432 5474 493 5527 S.
525 5472 765 5527 Gerardi
796 5419 1093 5527 Tliillensis
1120 5469 1721 5527 enisconi.Heldricus
1750 5487 1886 5527 vero
1917 5470 2197 5527 abbas.ad
2230 5484 2407 5527 quem
2429 5467 2536 5522 iste
2559 5466 2842 5527 scribit.is
2870 5484 3000 5524 esse
3031 5466 3259 5524 videtur
3290 5465 3414 5521 Hel.
3446 5484 3585 5520 con-

188 5472 412 5530 in'Vita
432 5474 493 5530 S.
525 5472 765 5529 Gerardi
796 5472 1093 5528 Tullensis
1120 5472 1721 5543 episcopi.Heldricug

188 5544 547 5625 εΐθεαιίᾳῐιὶε
575 5544 909 5625 monasticis
940 5542 1209 5613 Pater,ad
1235 5546 1633 5625 99613.9.xgtat
1661 5542 1746 5618 cpi

2037 5472 2197 5536 as,ad
2230 5484 2407 5541 quem
2429 5472 2536 5522 iste
2559 5472 2842 5535 scribit,is
2870 5484 3000 5524 esse
3031 5472 3259 5524 videtur
3290 5472 3414 5521 Hel.
3446 5484 3585 5520 con-

2037 5540 2254 5625 anonis‘
2270 5538 2528 5623 episcopi
2543 5539 3077 5625 fragmentumg‘ui
3107 5539 3301 5621 Bruno
3316 5553 3474 5625 anno

236 5559 547 5619 regauoms
575 5559 909 5600 monasticae
941 5559 1209 5613 rater,ao
1279 5559 1413 5597 uem
1445 5559 1633 5598 exstat
1661 5559 1921 5618 epistolae
1948 5559 2241 5599 brunoms
2270 5559 2528 5615 θριεοορι
2550 5559 2635 5595 πει
2681 5559 3077 5612 mentum,qui
3109 5559 3301 5594 Druno
3323 5559 3474 5592 anno
3487 5559 3596 5591 sou

236 5616 521 5691 ingeniose
550 5616 710 5677 sedis
738 5615 1019 5683 thronum
1049 5559 1337 5685 ascendit,
1369 5611 1664 5674 Hildricus
1695 5614 1920 5675 scilicet
1960 5611 2510 5678 Antissiodorensis,
2542 5614 2599 5668 S.
2632 5559 2904 5670 germani
2936 5610 3142 5682 abbas,
3175 5609 3275 5689 qui
3307 5623 3457 5667 anno
3486 5607 3601 5673 990.

190 5692 460 5772 praeerat.
