3946 6366
346 374 466 434 663
1087 372 1279 435 S/EC.
1323 372 1403 435 XI
1446 372 1676 434 AUCT.
1724 372 1904 434 INCE

2216 371 2276 431 NI
2322 371 2422 433 ET
2468 370 2764 433 SCRIPT.
2809 382 3033 428 εΑΔιεειῐ.
3651 370 3774 431 644

1161 505 1202 559 l.
2040 508 2085 569 Α
2122 520 2233 574 que
2265 504 2391 574 ejus
2425 504 2857 576 congregationi
2890 504 3200 576 episcopus
3222 500 3490 576 peccator
3520 503 3584 557 L.
3619 502 3776 559 salu-

526 610 797 649 EPISTOLA
845 609 1182 648 ALWALONIS
1232 609 1305 647 AD
1359 610 1407 647 L.
1462 609 1821 649 PONTIFICEM.
2114 598 2227 647 tem
2260 598 2319 648 et
2340 593 2677 649 sanitatem.

344 684 487 738 Petit
532 682 742 738 absolvi
788 682 1685 764 abhexcomznunicationeinﬂicta
1716 683 1779 737 ob
1812 684 2001 739 illatas
2182 682 2412 738 Gratias
2453 682 2632 739 reddo
2682 682 2867 755 vobis,
2929 682 3136 738 fratres
3188 680 3545 748 charissimi,
3613 682 3773 753 quod

631 754 1018 826 prcepositurte
1067 752 1413 823 Caputeiensi
1457 752 1715 825 injurias.
2112 786 2189 825 sa]

2215 776 2326 825 vctis
2342 770 2705 826 auctoritatis
2745 752 3265 837 amore'ferventes,
3300 786 3333 825 a
3354 752 3773 825 communione

411 858 1058 926 ALWALo,miserrimus
1087 858 1218 930 plus
1241 858 1997 931 caeterismortalibus,pec-
2110 862 2322 913 sanctae
2363 858 2635 914 Ecclesia:
2693 858 2984 930 privatum
3044 856 3407 913 Alwalonem
3466 857 3774 930 suscipere

342 953 604 1005 catorum
624 962 798 1003 onere
815 962 1076 1019 pressus,
1112 947 1173 1002 L.
1207 962 1440 1002 summo
1468 947 1747 1019 pontiﬁci,
1779 949 1998 1005 nostris
2107 946 2380 1002 noluistis
2425 947 2483 1001 in
2516 946 2880 1019 sepulturam
2914 963 2925 1001 :
2962 947 3061 1003 sed
3094 946 3251 1002 hunc
3282 962 3398 1018 quo
3428 949 3632 1002 tenore
3662 946 3769 1002 ah-

340 1035 703 1109 temporibus
718 1033 891 1090 unico
907 1050 1054 1107 pene
1078 1035 1392 1090 Dominicze
1408 1036 1589 1092 vineae
1615 1037 1991 1109 procuratori,
2107 1034 2374 1091 solverim
2405 1040 2611 1091 notum
2633 1035 2843 1091 faciam
2867 1035 3050 1092 vobis.
3068 1034 3230 1091 Misit
3249 1050 3504 1106 namque
3536 1036 3609 1091 ad
3632 1050 3767 1108 gra-

341 1125 629 1197 quidquid
653 1123 803 1196 patri
822 1122 978 1180 ﬁlius
1000 1122 1308 1180 dominove
1328 1141 1551 1181 servus.
2106 1123 2248 1180 tiam
2269 1128 2481 1181 nostra:
2506 1123 2991 1195 majestatisnxor
3019 1141 3153 1179 cum
3178 1122 3314 1180 filiis
3333 1125 3484 1179 duos
3512 1123 3671 1180 viros
3690 1124 3767 1180 fe-

411 1213 727 1271 Dominicae
760 1212 1305 1281 animadversionis,
1340 1213 1593 1285 propriis
1625 1213 1996 1285 exigentibus
2103 1212 2535 1269 renteslitteras
2548 1213 2955 1285 promittentes
2994 1229 3231 1269 omnem
3254 1211 3759 1282 emendationem,

338 1301 611 1374 peccatis,
645 1300 867 1355 ultione
896 1318 1232 1373 percussus,
1266 1301 1475 1358 mortis
1496 1301 1706 1357 timore
1731 1302 1995 1370 territus,
2102 1305 2160 1356 et
2189 1301 2449 1373 petentes
2480 1300 2604 1356 ﬁeri
2646 1300 3100 1357 absolutionem.
3132 1302 3392 1365 Quorum
3424 1315 3532 1374 ego
3559 1301 3756 1358 verbis

338 1390 548 1446 animaa
579 1392 808 1444 tantum
840 1388 1048 1444 salutis
1074 1389 1350 1461 cupidus,
1378 1391 1449 1445 ad
1482 1407 1581 1447 vos
1623 1407 1725 1445 seu
1758 1391 1830 1446 ad
1863 1390 1992 1445 uni-
2103 1406 2216 1443 non
2249 1388 2513 1457 credens,
2538 1388 2696 1444 nolui
2723 1388 3017 1454 assentiri,
3046 1388 3358 1461 donecipsi
3389 1393 3761 1445 sacramento

338 1494 474 1534 cum
505 1477 833 1533 animarum
867 1476 1160 1533 medicum
1221 1479 1515 1551 confugio,
1574 1483 1630 1535 et
1674 1495 1800 1550 quas
1845 1479 1991 1535 meis
2090 1476 2439 1548 juraverunt
2469 1478 2623 1550 quod
2647 1494 2793 1533 uxor
2822 1494 2953 1533 cum
2990 1477 3127 1534 ﬁliis
3157 1493 3348 1550 usque
3376 1476 3436 1532 in
3478 1477 3764 1534 festivita-

337 1565 633 1622 ulceribus
657 1565 989 1621 adhibenda
1006 1566 1126 1621 sint
1152 1567 1544 1623 medicamina
1568 1567 1885 1623 salubriter
1910 1567 1994 1623 in-
2099 1567 2290 1621 temS.
2321 1566 2573 1631 Martini,
2606 1566 2717 1638 ipsi
2735 1568 2902 1622 beato
2935 1566 3183 1622 Martino
3196 1565 3763 1638 ejusquecanonicis

337 1654 532 1710 timari
557 1670 824 1726 exposco.
849 1654 1044 1710 Nostis
1070 1670 1325 1726 namque
1348 1654 1472 1727 ipse
1494 1659 1714 1726 quanto
1759 1671 1989 1710 excom-
2099 1658 2254 1709 recta
2299 1655 2412 1711 fide
2436 1655 2813 1711 emendarent
2834 1655 3121 1728 quidquid
3145 1655 3475 1727 principum
3503 1670 3760 1712 censura

338 1742 1057 1800 municationis-astrictus
1087 1747 1287 1800 teneor
1307 1744 1678 1800 anathemate
1695 1744 1767 1799 ob
1796 1745 1989 1815 Capuo
2088 1742 2384 1812 judicaret
2397 1760 2495 1798 eos
2518 1743 2727 1798 debere
2758 1743 3151 1810 emendare,et
3172 1744 3498 1800 secundum
3525 1760 3757 1801 morem

338 1832 461 1933 leia:
485 1831 930 1933 praepositurum
988 1833 1045 1888 S.
1080 1832 1314 1933 Martini
1348 1832 1571 1933 scilicet
1614 1836 1983 1932 potestatem.
2017 1868 2064 1933 B
2095 1830 2241 1931 legis
2269 1831 2662 1931 persolverent
2684 1849 2697 1888 :
2722 1833 2879 1933 quod
2902 1832 2968 1933 si.
2984 1832 3170 1931 facere
3195 1832 3760 1933 noluerint,istiduo

340 1921 503 1978 Unde
519 1921 567 1975 si
584 1920 866 1976 mihivita:
886 1921 1153 1993 protelati
1174 1921 1388 1976 fuerint
1407 1921 1554 1985 dies,
1571 1921 1985 1976 canonicorum
2019 1920 2062 1933 ”
2096 1920 2202 1973 viri
2227 1920 2325 1990 qui
2350 1920 2625 1993 petitores
2638 1924 2777 1975 sunt
2808 1921 3215 1988 absolutionis,
3240 1921 3299 1976 in
3322 1921 3628 1977 obsidione
3656 1938 3757 1977 ca-

338 2010 527 2083 ipsius
558 2009 741 2066 sancti
774 2026 866 2063 me
909 2009 1133 2065 decrevi
1192 2026 1434 2064 examen
1489 2009 1901 2081 expetiturum,
1936 2013 1993 2064 et
2099 2009 2441 2064 nonicorum
2465 2013 2522 2063 et
2549 2008 2607 2063 in
2640 2014 2925 2080 potestate
2954 2026 3016 2065 se
3048 2010 3281 2065 tradent
3305 2010 3397 2065 die
3419 2009 3757 2066 festivitatis

330 2100 501 2171 juxta
522 2097 747 2154 concilii
770 2098 947 2153 vestri
964 2098 1262 2153 decretum
1285 2097 1342 2151 in
1382 2097 1661 2153 omnibus
1685 2115 1780 2153 me
1811 2114 1992 2170 spon-
2102 2096 2438 2153 S.Andrea3.
2472 2097 2588 2151 Hoc
2610 2113 2746 2169 ergo
2772 2103 2968 2153 tenore
2995 2097 3353 2154 absolvimus
3384 2097 3754 2155 Alwalonem

338 2189 446 2244 deo
464 2191 750 2244 acturum.
786 2186 1070 2241 Caeterum
1098 2186 1146 2240 si
1179 2202 1281 2257 spe
1308 2186 1435 2240 vitae
1471 2186 1784 2244 frustratus
1814 2187 1993 2241 exsti-
2100 2185 2445 2241 auctoritate
2459 2186 2667 2253 Patris,
2690 2190 2746 2240 et
2763 2186 2910 2254 Filii,
2934 2186 3253 2259 etSpiritus
3272 2187 3542 2253 sancti,et
3568 2187 3761 2243 sancti

338 2282 480 2345 tero,
513 2276 676 2332 uxori
700 2280 755 2331 et
802 2275 957 2330 natis
1005 2274 1152 2329 meis
1174 2274 1285 2329 sub
1336 2274 1550 2330 Christi
1573 2274 1989 2331 testimonioin
2102 2274 2746 2346 Martini,omniumque
2776 2279 3115 2331 sanctorum
3149 2280 3205 2332 et
3236 2279 3520 2343 nostra,et
3541 2262 3761 2333 damus

338 2383 540 2423 eorum
563 2366 675 2420 ﬁde
693 2364 812 2419 haec
826 2363 1050 2434 agenda
1070 2363 1374 2418 committo
1400 2381 1413 2430 ;
1440 2379 1505 2418 eo
1537 2367 1734 2419 tamen
1766 2368 1987 2431 tenore,
2096 2362 2261 2417 vobis
2278 2362 2570 2417 licentiam
2592 2362 2651 2418 in
2675 2363 2975 2435 sepultura
2996 2363 3334 2435 recipiendi.
3353 2364 3534 2420 Vobis
3556 2368 3760 2420 autem

340 2452 835 2525 utobsequiaquze
857 2448 1206 2506 Christianis
1224 2449 1554 2506 exhibenda
1583 2455 1723 2507 sunt
1742 2451 1991 2507 morien-
2099 2451 2452 2506 mandamus
2485 2456 2550 2507 ut
2577 2455 2635 2507 et
2664 2468 2763 2507 vos
2791 2468 2925 2508 eum
2981 2451 3317 2521 absolvatis,
3364 2452 3566 2525 sicque
3596 2452 3755 2511 Deus

341 2540 674 2611 tibus,mihi
708 2539 995 2611 abnegare
1029 2555 1140 2593 non
1172 2537 1546 2611 permittatis.
2099 2539 2405 2595 benedicat
2433 2540 2615 2596 vobis.
2650 2540 2899 2597 Uxorem
2929 2558 3062 2597 vcro
3106 2544 3164 2597 et
3211 2541 3364 2598 ﬁlios
3403 2541 3602 2598 sciatis
3635 2559 3754 2599 non

1136 2645 1202 2699 Ῑῐ,
2098 2644 2227 2684 esse
2240 2628 2751 2697 absolutos,donec
2762 2630 3092 2686 emendatio
3104 2630 3183 2686 sit
3193 2631 3344 2687 facta
3355 2635 3412 2688 et
3427 2630 3729 2704 persoluta
3740 2675 3756 2700 ,

446 2751 713 2793 EPISTOLA
742 2750 791 2788 L.
832 2749 1086 2787 EPISCOPI
1127 2750 1199 2788 AD
1238 2749 1569 2788 HELDRICUM
1597 2750 1878 2788 ABBATEM.

2192 2716 2299 2772 sine
2313 2718 2443 2788 ejus
2464 2717 2772 2790 praesentia
2792 2723 2850 2774 et
2862 2718 3114 2775 filiorum
3130 2719 3412 2790 jubemus
3434 2736 3572 2776 eum
3590 2719 3750 2776 mitti

342 2825 632 2896 Signiﬁcat
705 2839 813 2894 qua
902 2822 1116 2876 ratione
1171 2821 1513 2896 Alwaionem
1574 2822 1865 2876 absolverit
1922 2822 1990 2877 ab
2100 2805 2155 2858 ίη
2188 2809 2361 2872 terra:
2398 2809 2462 2859 υί
2490 2823 2591 2878 Ρθτ
2618 2806 2727 2862 hoc
2753 2807 2944 2862 δοίᾶηί
2964 2824 3025 2864 80
3049 2807 3606 2863 “communicatos-

873 2894 1454 2947 excommunicatione.

413 2982 731 3040 Dilectione
760 2980 974 3036 Christi
994 2980 1237 3036 ferventi
1258 2980 1452 3036 abbati
1485 2980 1770 3036 HELDRICO
1800 2981 1987 3036 omni-

730 3271 1764 3467 ANSELLUS
1864 3271 3361 3443 SCHOLASTICUS

1845 3658 2237 3732 NOTITIA

1087 3809 1314 3881 (Mmsr,
1347 3809 1501 3881 apud
1534 3807 1756 3865 Fabric.
1790 3808 2051 3864 Biblioth.
2072 3809 2210 3864 med.
2247 3815 2300 3866 et
2325 3813 2430 3883 inf.
2452 3813 2573 3880 tat.,
2597 3816 2638 3868 t.
2674 3812 2716 3880 l,
2751 3829 2808 3884 p.
2845 3813 2992 3883 111.)

338 3123 3747 3157 Ἢ-
1969 3143 2055 3150 -,,
2067 3143 2355 3150 ___.—

338 3142 656 3155 ___—ﬁ

402 4041 567 4116 Hunc
595 4037 1099 4116 ansellumcredo
1132 4037 1740 4116 monachumlliujps
1762 4043 1852 4095 est
1910 4041 2273 4116 opusculum
2324 4041 2381 4116 in
2434 4042 2561 4116 cod,
2598 4042 2688 4116 _57
2716 4042 2773 4097 S.
2799 4114 2805 4116 Α
2828 4041 2997 4116 Illidii
3027 4041 3548 4116 Claromontensis,
3581 4045 3738 4116 apud

331 4113 391 4169 P.
426 4111 819 4185 Montfaucon,
853 4109 1001 4185 Bibl.
1038 4127 1205 4185 mss.,
1243 4109 1597 4185 p_ag.__l2_33._
1637 4109 1751 4185 Est
1808 4109 1967 4185 vero‘
1999 4114 2190 4185 operis
2236 4112 2445 4168 titulus
2492 4129 2504 4167 :
2546 4114 2687 4169 Visio
2715 4113 3000 4185 cuiusdam
3028 4115 3286 4170 monachi
3316 4117 3375 4170 in
3403 4109 3736 4177 monasterio

331 4127 391 4169 ιι.
426 4127 819 4176 mentiaucon,
855 4127 1001 4165 mm.
1038 4127 1205 4174 mss.,
1282 4127 1373 4181 ag.
1428 4127 1586 4165 was.
1649 4127 1751 4166 met
1809 4128 1941 4167 vero
1999 4129 2190 4185 operis
2236 4127 2445 4168 titulus
2492 4129 2504 4167 :
2548 4127 2687 4169 nszo
2715 4127 3000 4184 cujusdam
3028 4127 3283 4170 monachi
3316 4132 3364 4170 in

329 4184 383 4239 S.
416 4184 670 4254 Remigii,
702 4181 972 4253 descripta
1001 4182 1070 4237 ab
1099 4127 1337 4247 Ansello,
1364 4179 1630 4252 discipulo
1660 4182 1718 4237 S.
1751 4182 2011 4252 Abbonis,
2039 4185 2252 4240 abbatis
2280 4185 2662 4251 Floriacensis,
2687 4185 2848 4255 jussu
2878 4183 3111 4241 Oddonis
3138 4186 3364 4242 abbatis.

1844 4333 2213 4345 ___—___—

1103 4446 1438 4541 VISIO
1507 4448 2046 4543 ANSELLI
2139 4450 2960 4544 SCHOLASTICI

897 4641 1111 4714 (Edidit
1139 4642 1204 4699 D.
1239 4642 1583 4701 Edelestand
1609 4661 1683 4701 nu
1718 4646 1929 4712 MsalL,
1959 4644 2149 4699 Poésie
2179 4644 2376 4700 latinas
2402 4646 2732 4717 populaires,
2765 4650 2806 4701 t.
2843 4646 2883 4702 Ι.
2917 4662 2974 4719 p.
3006 4648 3155 4721 200.)

397 4909 462 4965 In
492 4909 820 4966 Salomonis
853 4910 1089 4975 ferculo,
1497 4911 1769 4983 Spiritale
1799 4911 2127 4967 convivium
2662 4914 2733 4968 Et
2762 4912 3113 4970 convallium
3143 4913 3268 4969 lilia

324 4999 487 5064 Quod
520 5000 842 5054 construxit
874 5000 943 5056 de
974 5001 1190 5056 Libano
1504 5000 1780 5070 Reperias
1802 5016 1979 5071 quam
1998 5001 2340 5072 plurimum.
2666 5001 2823 5057 Inter
2853 5002 3024 5059 flores
3054 5002 3432 5059 dulcissimos

323 5087 405 5143 Ex
436 5085 613 5160 lignis
636 5087 1028 5154 mirabilibus,
1498 5085 1581 5140 Ibi
1614 5103 1746 5140 cum
1780 5086 1951 5157 pleno
1982 5089 2150 5160 cepia
2664 5091 2742 5144 Ac
2775 5090 2966 5147 mellis
2985 5096 3196 5165 gustus
3224 5091 3483 5164 sapidos,

323 5175 568 5249 Mystica
598 5175 837 5250 signans
865 5178 1063 5245 altius,
1497 5174 1687 5229 Cornu
1720 5174 1897 5231 infert
1924 5177 2144 5233 cibaria
2670 5178 2862 5235 Unum
2885 5180 3167 5253 quiddam
3196 5179 3449 5253 reperies

322 5264 429 5319 Ubi
462 5264 898 5322 reclinatorium
1493 5262 1565 5317 Ut
1595 5267 1827 5318 nostras
1858 5265 2127 5335 querelas
2156 5265 2322 5333 levet,
2662 5268 2824 5331 Quod
2856 5270 3123 5342 gustabis
3153 5269 3427 5327 suaviter.

322 5352 404 5407 Ex
434 5370 576 5410 auro
601 5354 817 5409 struxit
845 5354 1137 5426 optimum
1494 5349 1751 5407 Diversis
1781 5352 1927 5408 cibis
1958 5355 2146 5421 satiet,

320 5441 699 5513 Ascensuque
716 5457 1099 5513 purpureum,
1167 5462 1171 5465 ·
1489 5440 1611 5503 Quo
1644 5444 1831 5497 cesset
1861 5440 2186 5499 humanum
2217 5461 2403 5517 genus
2657 5444 2755 5501 Est
2780 5445 2984 5505 civitas
3010 5447 3369 5522 metropolis,
3592 5518 3598 5523 _

322 5527 405 5583 Ob
440 5527 801 5585 Hierusalem
823 5528 997 5594 ﬁlias,
1498 5526 1660 5583 Flere
1688 5528 1932 5586 miseros
1963 5532 2171 5589 exitus.
2668 5533 2868 5590 Remis
2899 5534 3054 5593 dicta
3082 5536 3425 5611 pernobilis,
3526 5591 3531 5595 .
3556 5554 3557 5559 ‘

322 5618 457 5690 Qum
490 5617 803 5693 designant
834 5614 1173 5690 Ecclesium,
1493 5617 1603 5675 Sed
1630 5633 1876 5694 carpens
1905 5637 2080 5699 poma
2108 5621 2304 5683 dulcia
2661 5623 2846 5691 Quam
2879 5625 3098 5688 Remus
3128 5627 3373 5705 quidam
3399 5624 3661 5689 condidit
