3946 6350
185 350 319 419 ,645
1333 358 1661 421 ANSELLI
1709 360 2214 428 SCHOLASTICI
2257 365 2490 429 VISIO.
3488 378 3610 439 646

199 483 306 544 Qui
340 485 518 539 frater
548 485 658 540 fuit
690 485 943 555 Romuli,
1379 492 1614 546 Diaconi
1649 494 1907 550 officium
2553 501 2614 554 In
2648 507 2944 557 momento
2975 507 3109 557 tunc
3143 506 3313 573 oculi,

200 569 373 626 Urbis
407 571 676 629 Romanae
707 575 1008 648 principis.
1374 581 1708 637 Ministrare
1740 599 1832 638 me
1865 584 2027 639 video
2549 588 2709 652 Quod
2742 605 2846 645 nec
2878 607 3110 662 sperare
3143 596 3322 664 potui,

194 659 392 732 Hujus
423 662 584 719 urbis
612 664 913 737 praecipua:-
1368 674 1570 724 Coram
1606 675 1907 742 spectante
1939 673 2172 745 populo.
2547 677 2631 730 Ad
2665 659 3314 753 inferna—progreditur,

192 750 265 805 Et
298 752 598 823 quondam
630 770 853 826 magnae
885 754 1083 829 gloriae
1369 759 1507 814 Erat
1535 758 1660 815 dies
1691 760 1993 818 Dominica
2546 765 2789 822 Crucem
2821 750 3059 840 gestans
3091 771 3148 825 in
3185 773 3478 828 manibus.

193 839 416 895 Praesul
447 841 559 897 fuit
588 843 856 916 egregius
1371 849 1494 912 Qua
1521 848 1859 905 Judaeorum
1892 849 2152 922 plurima
2545 855 2663 926 Ego
2697 839 2914 928 sequior
2944 857 3298 930 impavidus,

192 928 447 1001 Magnus
478 930 614 986 olim
647 932 949 1021 Remigius
976 952 988 1002 ;
1369 937 1566 992 Turba
1596 939 1878 1010 processit
1908 939 2080 995 obvia
2542 943 2701 999 Nihil
2736 945 2958 1002 habens
2991 928 3140 1019 quod
3176 928 3414 1021 paveam

192 1017 303 1083 Qui
335 1019 481 1074 dum
512 1020 768 1092 pontifex
795 1020 1006 1094 legitur
1377 1024 1628 1093 Christo,
1666 1026 1808 1082 Filio
1839 1027 2114 1097 hominis,
2548 1033 2718 1088 Tanti
2753 1034 2918 1090 ducis
2948 1017 3177 1091 ﬁducia.

189 1106 269 1161 Ac
301 1106 481 1180 digne
511 1108 892 1180 benedicitur,
1371 1113 1441 1168 Et
1468 1130 1598 1170 vere
1627 1114 1770 1170 Filio
1801 1116 1904 1172 Dei
2545 1121 2708 1176 Tunc
2737 1123 3110 1179 tenebrarum
3145 1126 3438 1200 principes
3511 1167 3516 1170 -

191 1194 347 1269 Dum
383 1196 548 1252 deest
575 1196 770 1272 liquor
799 1198 909 1254 olei
1372 1201 1499 1257 Non
1531 1207 1729 1258 narrat
1757 1203 2154 1276 Evangelium,
2542 1209 2619 1263 Ac
2652 1209 2882 1281 pallidae
2916 1213 3120 1268 mortis
3146 1194 3350 1284 duces,

190 1283 316 1348 Quo
348 1289 607 1358 ungatur
635 1286 928 1360 pontificis
1366 1290 1683 1363 Postquam
1712 1293 1868 1347 venit
1897 1293 1956 1347 in
1992 1293 2294 1359 saeculum,
2540 1297 3284 1371 Tortoresquesaavissimi,

190 1372 442 1430 Sacrum
475 1379 648 1447 caput
679 1392 714 1431 a
741 1375 1009 1448 praesule,
1369 1378 1529 1442 Quod
1561 1384 1760 1436 tantus
1785 1380 1972 1436 honor
1997 1381 2170 1437 fuerit
2543 1383 3001 1458 Pervasoresque
3031 1390 3220 1461 rapidi

188 1461 480 1520 Columba
507 1464 707 1521 volans
737 1482 888 1534 aere,
1365 1467 1452 1523 Illi
1487 1469 1659 1525 datus
1690 1486 1723 1525 a
1753 1469 1985 1542 populis
2537 1472 2862 1546 Diffugiunt
2891 1477 3193 1546 citissime,

188 1549 408 1607 Rostro
438 1552 625 1609 defert
653 1553 934 1609 citissime
1090 1609 1092 1612 ,
1373 1557 1636 1619 Quantus
1667 1557 1793 1630 ipso
1824 1557 1916 1613 die
1943 1559 2071 1614 fuit.
2539 1562 2664 1616 Non
2699 1564 2978 1620 audentes
3011 1569 3332 1637 attendere,

186 1640 528 1713 Ampullam
560 1641 790 1714 plenam
826 1641 970 1712 oleo,
1368 1645 1675 1700 Hosanna!
1711 1646 1968 1702 clamant
1997 1647 2186 1718 pueri,
2545 1649 2744 1722 Neque
2775 1652 2902 1707 ausi
2935 1655 3269 1726 conspicere

188 1730 303 1786 Ore
336 1733 530 1802 portat
559 1730 872 1788 mitissimo
1371 1732 1721 1789 Benedictus
1751 1738 1805 1789 et
1836 1734 1932 1806 qui
1963 1735 2120 1789 venit
2547 1739 2860 1809 Aspectum
2889 1742 3032 1796 tanti
3067 1742 3352 1817 fulminis,

187 1818 314 1881 Quo
345 1817 604 1890 pontifex
624 1819 967 1892 perungitur
997 1820 1074 1892 (1)
1368 1820 1430 1875 In
1464 1821 1702 1876 nomine
1733 1839 1888 1878 nunc
1911 1823 2141 1877 Domini
2169 1821 2180 1876 ἓ
2545 1827 2731 1896 Atque
2761 1831 2881 1881 tam
2915 1828 3055 1884 clari
3086 1829 3349 1890 luminis.

189 1907 419 1979 Dignus
453 1924 684 1980 semper
717 1908 1037 1981 Remigius.
1366 1910 1554 1980 Hujus
1585 1910 1826 1965 honoris
1859 1911 2065 1983 gratia,
2535 1914 2642 1968 Per
2675 1931 2914 1987 campos
2939 1922 2992 1972 et
3026 1921 3310 1978 convallia

188 1995 383 2067 Hujus
415 1995 626 2051 festum
661 1997 798 2051 dum
829 1997 1102 2069 populus,
1366 1998 1533 2053 Plebs
1569 1999 1764 2054 invida
1790 1999 2054 2067 Judaica,
2543 2003 2688 2057 Saevi
2721 2011 3080 2077 sparguntur
3102 2009 3412 2082 deemones,

188 2085 254 2142 In
287 2083 565 2140 Kalendis
596 2085 962 2153 Octobribus,
1369 2087 1663 2142 Christum
1696 2089 1849 2143 cruci
1885 2089 2250 2160 adjudicans,
2541 2092 2834 2163 Nigriores
2867 2094 3128 2168 fuligine,

188 2173 350 2230 Dum
384 2174 628 2231 devotus
651 2174 1021 2233 concelebrat
1374 2175 1630 2230 Passioni
1667 2177 2003 2247 subjiciens,
2545 2182 2850 2236 'l‘eterrimi
2884 2184 3204 2257 nigredine,

188 2262 665 2335 Tripudiansque
693 2262 940 2334 advolat,
1367 2265 1543 2318 Latus
1574 2264 1775 2320 lancea
1809 2266 2110 2337 pangitur,
2145 2267 2464 2337 duntur‘?];
2542 2270 2611 2322 Et
2642 2270 2956 2327 discolores
2988 2275 3177 2345 specie
3203 2295 3214 2344 ;

188 2353 349 2407 Inter
381 2351 581 2408 ﬁdeles
605 2355 844 2408 casteros
1363 2352 1614 2424 Sanguis
1645 2357 1701 2408 et
1731 2370 1884 2424 aqua
1914 2354 2182 2410 funditur
2213 2357 2272 2426 [ι.
2325 2356 2447 2411 fun-
2544 2357 2898 2430 Ululantque
2929 2378 2994 2416 ac
3027 2364 3299 2436 mugiunt

187 2441 259 2496 Et
289 2440 349 2495 in
376 2440 606 2497 Christo
632 2440 947 2497 catholicos
1367 2441 1578 2496 Anima
1598 2458 1807 2514 corpus
1839 2444 2070 2499 deserit.
2539 2445 2675 2502 Dira
2699 2464 2834 2502 voce
2864 2465 2929 2504 ac
2961 2452 3240 2523 rugiunt;

187 2529 440 2597 Quidam
473 2529 640 2586 affuit
665 2530 1009 2598 monachus,
1359 2530 1420 2584 1n
1449 2547 1658 2586 manus
1689 2531 1878 2587 Patris
1907 2532 2062 2587 abiit.
2534 2532 2708 2589 Velut
2738 2535 2935 2592 leones
2963 2540 3226 2610 saeviunt,

188 2618 433 2702 Oratum
465 2618 620 2674 venit
647 2617 908 2686 sedulus,
1360 2618 1519 2674 Hanc
1545 2619 1881 2691 passionem
1912 2620 2158 2675 timidus
2537 2622 2685 2676 Dum
2715 2624 2967 2694 perdunt
2999 2643 3137 2682 suos
3169 2630 3432 2702 catulos;

189 2707 261 2764 Ut
292 2692 606 2780 deplorans
641 2707 914 2773 facinora,
1363 2708 1514 2762 Dum
1546 2708 1760 2779 replico
1792 2709 2076 2776 devotius,
2512 2692 2832 2783 .Flent—per
2862 2718 3089 2770 noctem
3123 2720 3297 2790 atque
3327 2692 3492 2786 diem.

186 2797 308 2853 Sua
335 2796 546 2852 deﬂeat
575 2796 838 2852 crimina.
1362 2795 1728 2868 Finitamque
1760 2798 1900 2852 dum
1935 2798 2138 2865 defleo,
2529 2799 2595 2853 Et
2623 2815 2856 2855 carmen
2889 2801 3222 2862 miserabile
3254 2809 3328 2879 (2)

186 2884 296 2940 Hic
321 2885 480 2940 intra
508 2884 932 2940 monasterium
1363 2883 1433 2937 Et
1462 2884 1750 2940 descendo
1783 2885 1852 2940 de
1883 2886 2130 2958 pulpito,
2534 2887 2700 2943 Tetro
2735 2889 3072 2946 diffundunt
3103 2898 3358 2964 gutture.

186 2973 340 3030 Dum
372 2972 636 3045 possidet
663 2971 984 3045 hospitium
1363 2971 1611 3028 Sinistra
1640 2973 2019 3046 Evangelium
2537 2977 2702 3032 Tunc
2732 2984 3130 3037 occurrunt‘et
3161 2985 3370 3057 angeli,
3402 3004 3407 3009 ·

184 3063 255 3118 Et
275 3061 584 3135 copulatur
613 3061 896 3117 fratribus
1363 3061 1424 3115 In
1459 3061 1615 3116 ulnis
1645 3065 1881 3133 gestans
1912 3063 2183 3136 propriis,
2537 3064 2916 3137 Applaudunt
2945 3068 3072 3124 laeto
3102 3071 3317 3141 Judici,

184 3152 255 3208 Et
283 3149 566 3210 charitate
587 3149 883 3223 jungitur,
1357 3149 1566 3205 Videre
1598 3149 1743 3205 mihi
1774 3151 1974 3206 videor
2532 3153 2894 3225 Excipientes
2926 3157 3171 3215 animas.

185 3240 335 3297 Dum
369 3240 636 3296 membra
663 3238 815 3295 locat
842 3237 1054 3294 lectulo
1361 3239 1719 3317 Descendere
1749 3239 2067 3312 imaginem
2536 3243 2689 3306 Quas
2722 3260 2756 3298 a
2788 3245 3046 3301 tenebris
3078 3246 3334 3307 liberans

183 3331 263 3386 Ac
294 3328 513 3386 dormit
541 3327 902 3394 dormitorio,
1361 3327 1572 3382 Christi
1607 3327 1676 3383 de
1705 3343 1878 3384 cruce
1909 3329 2226 3400 propriam,
2534 3329 2801 3387 Christus
2832 3332 2992 3388 ducit
3023 3335 3092 3389 ad
3125 3338 3376 3409 gaudia;

195 3420 264 3475 In
284 3417 510 3474 visione
539 3417 765 3490 placida
1369 3418 1555 3487 Atque
1587 3415 1821 3488 signum
1853 3416 2105 3472 victoria:
2535 3418 2700 3473 Tunc
2729 3419 2870 3474 caelo
2898 3421 3100 3478 laudes
3131 3432 3408 3484 resonant

186 3509 306 3564 Hoc
339 3508 495 3580 quod
527 3505 671 3561 vidit
701 3506 784 3562 sic
808 3503 1058 3559 intimat.
1364 3504 1524 3568 Quod
1559 3520 1700 3559 crux
1738 3509 1978 3561 vocatur
2009 3505 2180 3561 hodie
2535 3507 2604 3561 Et
2633 3507 2916 3564 melodias
2941 3511 3250 3570 intonant:

179 3598 396 3654 Adesto
427 3612 586 3651 nunc
615 3593 780 3662 mihi,
811 3595 984 3660 Deus,
1357 3593 1418 3647 In
1452 3592 1584 3648 forti
1614 3597 1842 3665 gestare
1872 3611 2050 3649 manu
2533 3596 2692 3660 Quod
2721 3613 2835 3652 non
2867 3597 3010 3653 vidit
3041 3601 3172 3672 quis
3201 3602 3426 3674 oculus,

180 3686 286 3752 Qui
316 3703 378 3742 es
409 3701 566 3740 unus
596 3686 770 3756 atque
802 3684 1013 3749 trinus,
1355 3681 1560 3753 Meque
1591 3680 1682 3738 his
1713 3682 1904 3738 verbis
1928 3683 2173 3754 alloqui:
2528 3684 2642 3739 Nec
2668 3685 2829 3741 auris
2850 3687 3050 3742 audita
3080 3689 3251 3761 capit,

177 3773 247 3828 Et
273 3773 530 3829 visiones
561 3772 828 3845 gravidas
1349 3794 1375 3819 «
1410 3769 1468 3823 Si
1502 3769 1688 3825 credis
1719 3771 1873 3841 quod
1907 3769 2157 3826 ﬁdeliter
2525 3772 2640 3827 Nec
2672 3773 2731 3828 in
2762 3790 2860 3829 cor
2891 3778 3082 3846 potest
3110 3778 3313 3835 cadere

176 3860 493 3918 Ezechielis
521 3861 732 3933 aperis,
1350 3859 1458 3925 Tu,
1494 3858 1691 3924 frater,
1721 3859 1916 3931 legisti
1946 3859 2174 3930 nuper?
2208 3881 2236 3909 »
2528 3861 2759 3923 Quanta
2784 3862 3002 3918 fuerint
3030 3865 3245 3936 gaudia

174 3952 254 4006 Ac
282 3949 541 4006 Danielis
566 3949 797 4004 abditas
1348 3947 1464 4018 Ego
1501 3947 1747 4019 supplex
1778 3963 1842 4001 ac
1872 3946 2116 4002 humilis
2523 3947 2625 4003 Vel
2653 3966 2826 4020 quam
2852 3951 3090 4022 grandis
3119 3953 3316 4008 laetitia

178 4037 449 4094 Visiones
480 4036 770 4093 elucidas!
1348 4035 1563 4090 Verum
1599 4053 1948 4108 responsum
1978 4037 2200 4091 reddidi
2226 4037 2253 4090 ?
2524 4037 2672 4092 Dum
2707 4039 2954 4094 redeunt
2984 4041 3054 4096 ad
3080 4059 3324 4114 superos

247 4126 446 4182 Pande
476 4125 793 4182 salutarem
823 4125 976 4179 viam
1347 4147 1372 4172 ‹‹
1407 4124 1550 4179 Cum
1585 4125 1695 4180 sim
1730 4124 1919 4197 pulvis
1952 4125 2198 4198 exiguus
2523 4127 2727 4183 Mortis
2757 4132 2968 4201 ereptae
2999 4131 3248 4187 tumulo.

179 4215 252 4272 Ut
281 4215 486 4271 laudes
516 4218 648 4270 tuas
678 4213 966 4282 nuntiem,
1349 4215 1536 4285 Atque
1567 4213 1715 4270 cinis
1742 4214 1853 4269 sim
1879 4218 2127 4285 terrens,
2520 4215 2564 4271 Ο
2593 4216 2754 4285 Jesu,
2789 4217 2939 4273 bone
2968 4218 3212 4275 Domine
3237 4220 3250 4274 ι

175 4304 440 4370 Qualiter
470 4304 661 4376 ruptis
684 4303 888 4359 inferis
1350 4302 1421 4357 Ut
1452 4319 1548 4358 ore
1580 4302 1712 4375 legi,
1746 4303 2012 4369 Domine,
2520 4305 2661 4368 Quis
2691 4309 2747 4361 te
2777 4305 3015 4362 laudare
3045 4325 3301 4382 congrue

172 4394 416 4449 Animas
443 4392 579 4448 inde
609 4391 834 4458 tuleris,
1348 4389 1442 4446 Sic
1473 4391 1644 4447 corde
1673 4391 1816 4446 scito
1849 4392 2081 4447 credere
2110 4409 2123 4459 ;
2523 4393 2780 4466 Usquam
2815 4399 3006 4466 potest
3033 4396 3119 4451 vel
3155 4398 3381 4470 poterit,

174 4481 239 4537 In
274 4482 570 4554 passionis
600 4485 881 4552 tempore,
1351 4479 1464 4534 Nec
1496 4483 1583 4535 est
1613 4478 1735 4534 ulla
1764 4479 2036 4536 dubietas
2524 4482 2631 4546 Qui
2665 4482 2962 4538 misereris
2989 4485 3247 4552 miseris,

173 4570 241 4626 Et
268 4569 329 4624 in
360 4569 593 4626 Paschaa
624 4586 786 4624 sacro
818 4569 933 4636 die,
1347 4567 1409 4622 In
1441 4567 1633 4623 cordis
1665 4569 1779 4623 mei
1813 4568 2021 4624 intima
2523 4570 2630 4634 Qui
2662 4571 2924 4643 ingratos
2955 4577 3011 4628 et
3040 4574 3298 4644 perditos

169 4659 235 4715 In
267 4675 385 4731 qua
413 4662 571 4715 totus
598 4657 883 4731 tripudiat
1347 4657 1495 4722 Quin
1527 4661 1582 4713 te
1613 4659 1847 4713 credam
1876 4673 2079 4713 verum
2111 4661 2293 4712 Deum
2525 4659 2786 4715 Reducas
2817 4660 2960 4717 facis
2991 4666 3280 4733 superos?

170 4747 342 4804 Orbis
373 4746 550 4804 simul
581 4750 638 4803 et
666 4748 980 4802 consonat!
1345 4745 1580 4811 Natum,
1614 4763 1854 4817 passum
1887 4763 1953 4802 ac
1987 4750 2310 4813 mortuum,
2519 4748 2602 4801 Ad
2633 4747 2875 4804 visionis
2906 4749 3204 4804 somnium

239 4836 393 4892 Dum
422 4853 595 4909 30por
623 4835 836 4908 premit
865 4833 1064 4891 oculos
1343 4836 1422 4889 Ac
1455 4834 1729 4891 revixisse
1759 4833 1930 4891 tertia
2521 4834 2745 4908 Stylum
2779 4837 3085 4894 ﬂectamus
3121 4839 3376 4894 indicem

168 4924 238 4980 Et
269 4941 482 4997 corpus
514 4924 688 4980 cubat
717 4922 930 4979 lectulo
1343 4921 1464 4988 Die,
1498 4925 1667 4978 credo
1701 4941 1802 4996 per
1827 4924 2056 4980 saecula.
2097 4947 2123 4973 υ
2518 4925 2623 4989 Qui
2655 4942 2786 4980 vere
2817 4931 3015 4982 narrat
3046 4927 3312 4984 ordinem

171 5011 234 5067 In
265 5011 494 5085 pulpito
525 5011 792 5086 Remigii,
1341 5009 1441 5065 Ille
1473 5010 1555 5066 sic
1587 5012 1786 5068 statim
1817 5012 2067 5085 imperat
2094 5031 2106 5068 :
2514 5012 2770 5069 Visionis
2801 5015 3151 5071 mirabilem.

172 5101 470 5159 Pontiﬁcis
493 5103 730 5176 egregii,
1342 5124 1368 5148 ‹‹
1401 5101 1533 5155 Sine
1566 5117 1731 5157 mora
1761 5119 1854 5158 me
1884 5119 2126 5174 sequere
2510 5102 2654 5158 Cum
2687 5119 2843 5175 ergo,
2879 5104 3021 5160 dum
3045 5103 3166 5160 haec
3196 5121 3514 5163 cernerem-

172 5191 261 5247 Me
295 5192 489 5249 subito
516 5190 945 5265 tranSpositum
1340 5189 1460 5252 Quo
1494 5206 1587 5246 me
1615 5191 1777 5247 vides
1809 5191 2091 5248 incedere.
2129 5215 2155 5239 ››
2514 5192 2581 5245 Et
2613 5192 2875 5264 gaudens
2906 5193 3050 5264 pede
3074 5211 3401 5268 pergerem,

239 5331 434 5405 (4)7Les
464 5332 1042 5405 historiensgplacent
1071 5347 1134 5405 ce
1166 5329 1404 5405 miracle
1434 5347 1506 5387 au
1543 5331 1816 5405 bapteme
1926 5337 2117 5405 rostro
2148 5332 2414 5405 deferens
2444 5332 2765 5405 ampullam
2796 5334 3044 5390 cmlestis
3076 5336 3212 5391 doni
3261 5337 3578 5391 chrismate

239 5348 288 5401 μ
302 5348 434 5404 )Les
464 5348 779 5389 nistonens
809 5348 1042 5405 placent
1071 5348 1134 5386 ce
1166 5348 1404 5386 miracle
1434 5348 1506 5387 au
1546 5348 1816 5458 nagteme
1926 5348 2117 5388 rostro
2148 5348 2414 5387 aeierens
2444 5348 2776 5416 ampuuamn
2796 5348 3044 5417 caelestis
3076 5348 3212 5391 dom
3247 5348 3571 5419 .cnrismate

170 5403 241 5459 de
270 5404 457 5460 Clovis
487 5421 547 5459 :«
579 5404 950 5460 Sanctificato
971 5403 1226 5474 denique
1244 5402 1422 5485 fon-ter,
1459 5406 1606 5457 nutu
1640 5403 1818 5485 ‘ivino
1929 5404 2228 5485 repletam.
2265 5425 2292 5452 »
2351 5401 2655 5485 Flo'doard,
2707 5406 2948 5485 [Iasiona
3004 5410 3306 5485 Regillensis,
3409 5426 3445 5476 ι,
3481 5406 3571 5462 ch.

171 5474 430 5550 chrisma
459 5475 680 5550 defuit_:
717 5479 958 5550 sanctus
988 5473 1184 5550 autem
1220 5474 1500 5546 pontifex,
1529 5473 1715 5550 oculis
1746 5476 1816 5530 ad
1931 5473 2043 5550 13';
2063 5491 2234 5550 voyez
2267 5474 2426 5529 aussi
2450 5474 2744 5550 Hinemar,
2779 5476 2972 5549 Opera,
2999 5482 3040 5532 t.
3076 5479 3117 5545 Ι,
3153 5496 3218 5550 p._
3241 5473 3366 5532 7M.

171 5545 381 5603 coelum
413 5547 719 5620 porrectis,
749 5547 924 5602 tacite
954 5545 1207 5602 traditur
1221 5544 1430 5602 orasse
1462 5562 1594 5600 cum
1628 5544 1820 5628 lacry-
2109 5544 2262 5604 C’est
2286 5562 2401 5604 une
2431 5544 2851 5606 reminiscence
2882 5550 2983 5610 des
3017 5544 3394 5624 Géorgiques,
3427 5546 3464 5607 l.
3495 5565 3569 5622 1v,

171 5618 369 5680 mis.et
395 5634 528 5680 ecce
558 5618 752 5680 subito
769 5617 1042 5680 columba
1055 5634 1158 5678 seu
1181 5616 1281 5678 nix
1309 5615 1819 5680 advolatcandida.
1930 5636 1985 5680 v.
2079 5620 2143 5680 5:
2241 5666 2256 5678 .

170 5618 369 5689 mis,et
395 5615 528 5682 ecce
558 5618 752 5682 subito
769 5617 1042 5684 columba
1055 5634 1158 5678 seu
1181 5616 1281 5678 nix
1309 5615 1819 5691 advolatcandid'a,
1930 5636 1985 5680 v.
2007 5615 2143 5680 515:
2241 5666 2256 5678 .
