3946 6414
360 418 481 494 64‘1’
1086 434 1275 495 sec.
1323 435 1403 495 χι
1447 433 1678 495 AUC'I‘.
1725 432 2040 494 INCERTI
2085 432 2271 492 ANNI
2318 432 2417 492 ET
2463 430 2765 493 SCRIPT.
2815 436 3039 488 nam.
3659 400 3793 495 m-

359 566 566 623 Carnis
597 570 815 638 putans
845 580 939 622 me
972 566 1225 638 pondere

359 656 391 711 J
397 672 493 711 am
528 654 844 710 liberatum
875 670 1114 726 corpore

361 744 577 800 Sereno
606 742 770 799 vultu
805 742 1074 815 placidus

361 832 453 889 Me
481 835 623 889 tunc
648 831 901 905 respexit
930 831 1252 888 Dominus:

359 943 387 972 ‹‹
423 921 544 985 Quo
575 926 647 976 tu-
670 919 837 976 laetus
868 919 1285 993 progrederis‘?

357 1039 428 1050 —-
457 1010 536 1065 Te
562 1025 795 1081 sequor,
826 1008 1101 1081 splendor
1130 1007 1394 1076 luminis,

354 1097 668 1152 Admirans
700 1100 921 1152 tantam
954 1096 1222 1169 gloriam,

355 1187 536 1258 Cujus
568 1190 701 1256 opto
733 1184 1073 1258 participem

357 1274 449 1330 Me
478 1273 602 1329 fieri
635 1290 700 1329 ac
732 1274 976 1330 socium.
1013 1294 1040 1321 ››

357 1362 457 1418 Ille
484 1362 731 1434 benigne
759 1360 954 1416 intulit
979 1378 991 1415 :

354 1481 422 1492 -
453 1472 481 1500 «
513 1449 664 1505 Siste
694 1450 940 1523 gradum
974 1449 1324 1521 quantocius

352 1539 433 1595 Ne
464 1538 743 1611 procedas
774 1536 1039 1593 ulterius.

357 1628 469 1685 Sed
498 1627 621 1683 redi
653 1625 1079 1682 monasterium
1102 1642 1115 1690 ;

1539 564 1679 621 Plus
1706 565 2007 620 tabescant
2039 563 2097 618 in
2129 551 2406 619 tenebris.

1546 654 1758 709 Dentes
1790 654 2046 727 strigunt
2074 668 2205 716 cum
2239 650 2495 723 fremitu,

1537 743 1720 799 Voces
1747 747 1942 798 torvas
1972 756 2105 798 cum
2136 741 2360 814 gemitu

1536 832 1705 898 Dant,
1737 835 2161 887 tormentorum
2192 828 2382 885 socios

1535 920 1671 976 Diro
1702 919 1956 975 clamore
1985 918 2299 985 concitant,

1533 994 1797 1064 Aduncis
1826 1012 1890 1063 ut
1920 1023 2012 1063 me
2041 1006 2315 1062 manibus

1533 1097 1600 1151 Et
1628 1096 1862 1152 uncinis
1891 1095 2277 1152 candentibus

1533 1186 1624 1240 Me
1646 1185 1877 1258 rapiant
1905 1182 2205 1248 attentius,

1538 1273 1729 1329 Unum
1760 1289 1863 1345 pro
1896 1271 2094 1327 multis
2126 1276 2192 1325 ut
2221 1276 2394 1343 caput

1531 1361 1735 1416 Pamas
1764 1361 1889 1416 luat
1918 1377 2036 1416 non
2066 1360 2324 1415 meritas.

1529 1450 1658 1517 Sed,
1694 1449 1739 1505 si
1776 1449 1996 1505 fractus
2026 1447 2184 1505 orbis
2216 1451 2348 1504 ruat
2376 1448 2449 1519 (3)

1527 1540 1594 1591 Et
1624 1535 1836 1593 coelum
1868 1553 2002 1592 cum
2032 1541 2188 1592 terra
2216 1536 2406 1604 cadat,

1540 1626 1607 1680 Et
1635 1641 1809 1680 omne
1835 1624 2013 1681 simul
2048 1629 2247 1697 pereat

352 1717 621 1771 Nondum
652 1721 886 1787 tempus
915 1714 1071 1769 venit
1103 1718 1292 1769 tuum.
1320 1734 1348 1763 ››
1387 1744 1456 1753 -—
1531 1713 1692 1777 Quod
1726 1717 1937 1768 natura
1963 1711 2337 1769 consolidans

350 1807 469 1878 Ego
500 1804 583 1860 nil
614 1820 797 1859 ausus
826 1804 1038 1868 dicere,

352 1894 501 1958 Quid
531 1894 687 1949 enim
719 1891 1114 1948 contradicere

352 1982 450 2038 Vel
476 1982 615 2054 quid
644 1980 857 2036 mutire
890 1979 1204 2052 cuperem?

353 2070 478 2126 Uno
496 2070 670 2125 verbo
700 2068 971 2133 conticui,

351 2161 530 2216 Totus
559 2158 619 2213 in
650 2174 743 2214 me
774 2157 1094 2213 contremui
1123 2174 1136 2212 :

352 2281 419 2291 —
451 2272 478 2299 ‹‹
513 2248 637 2311 Qua
661 2246 754 2302 via
783 2261 1043 2318 pergam,
1078 2244 1321 2301 Domine
1350 2244 1362 2299 !

351 2369 419 2380 --
449 2338 574 2402 Qua
598 2334 805 2391 venisti
836 2336 1159 2407 regredere,

350 2457 419 2465 —
446 2426 556 2480 Tot
586 2423 783 2479 hostes
812 2422 937 2478 vias
968 2420 1221 2492 saepiunt
1246 2421 1258 2474 ι

350 2514 408 2569 Si
442 2512 605 2569 solus
629 2511 764 2567 hinc
796 2510 1109 2584 regredior,

351 2603 476 2657 Non
500 2605 755 2657 revertar
784 2600 853 2656 ad
889 2614 1154 2671 superos.
1181 2620 1208 2647 ››
1239 2629 1305 2637 -

351 2690 452 2746 Ille
482 2695 622 2746 tunc
652 2690 806 2744 dicto
839 2688 1035 2753 citius,

351 2780 661 2835 Sinistram
692 2781 918 2848 partem
951 2775 1206 2840 intuens,

352 2869 598 2936 Trucem
631 2865 814 2920 cernit
843 2864 1180 2933 imaginem,

352 2955 419 3010 Ni
428 2970 591 3027 gram
628 2956 681 3007 et
716 2950 1059 3008 diabolicam
1079 2968 1093 3017 ;

353 3041 552 3099 Innuit
578 3040 715 3095 huic
746 3039 928 3111 digito
953 3057 967 3094 :

348 3161 420 3172 --
455 3152 483 3180 ‹‹
516 3130 687 3186 Serve
717 3144 992 3198 nequam,
1026 3124 1316 3182 accedito!

350 3221 524 3276 Serve
555 3216 726 3282 male,
759 3216 867 3271 hoc
901 3214 1105 3271 facito!
1143 3237 1170 3265 »
1204 3244 1273 3255 -—

350 3304 695 3362 Potestative
726 3304 976 3376 imperat
998 3319 1010 3357 :

349 3426 417 3435 --
450 3417 477 3446 ‹‹
510 3395 676 3450 Hunc
708 3408 919 3449 sanum
950 3396 1006 3447 et
1035 3389 1387 3448 incolumem

347 3484 606 3539 Fratrem
639 3482 821 3537 reduc
845 3481 915 3535 ad
949 3480 1219 3552 patriam,

348 3573 417 3628 Et
444 3571 515 3627 ad
548 3575 813 3627 sanetum
848 3569 1176 3642 Remigium

347 3662 545 3717 Reduc
575 3661 689 3716 cito
719 3659 876 3715 hunc
907 3658 1281 3714 monachum.

349 3751 494 3805 Vide
524 3766 596 3805 ne
617 3748 931 3821 quisquam
964 3751 1187 3811 noceat,

344 3839 457 3895 Sed
487 3837 816 3909 impavidus
848 3836 1063 3903 redeat,

345 3927 543 3997 Neque
567 3924 654 3979 tui
685 3923 1024 3979 consimiles

346 4014 517 4071 Illum
546 4015 791 4084 tangant
816 4010 905 4065 vel
936 4009 1154 4066 leviter.
1191 4032 1218 4060 »
1251 4042 1318 4052 —

343 4101 672 4160 Comitante
699 4098 929 4156 diabolo

345 4192 440 4248 Sic
468 4190 750 4245 dimissus
778 4205 812 4243 a
841 4185 1088 4242 Domino
1113 4203 1125 4253 ;

342 4277 729 4337 Commiserat
757 4291 924 4331 ovem
956 4275 1116 4346 lupo,

342 4369 453 4424 Sed
487 4368 686 4422 fauces
717 4363 905 4420 malas
928 4362 1243 4419 strinxerat

342 4458 413 4513 Et
445 4454 761 4511 Leviathan
783 4453 1064 4518 vinxerat,

343 4544 525 4615 Cujus
556 4543 753 4598 fauces
782 4540 1140 4598 saevissimas

338 4635 528 4705 Atque
552 4635 758 4705 guttur
788 4628 1220 4702 nequissimum

336 4725 520 4781 Hamo
550 4717 862 4793 perforavit
887 4733 1012 4773 suo.

339 4810 503 4866 Tunc
531 4808 709 4865 simul
741 4807 919 4863 chaos
952 4806 1116 4862 Erebi

340 4899 649 4965 Intrantes,
674 4899 986 4953 occurrunt
1017 4895 1152 4951 mali

338 4986 705 5059 Spiritusque
734 4984 1103 5058 nequissimi,

336 5075 445 5140 Qui
474 5076 783 5132 redeuntes
814 5075 1101 5147 proprias,

336 5166 513 5222 Sedes
543 5165 779 5234 habent,
809 5166 908 5221 sed
943 5179 1192 5230 vacuas;

336 5255 498 5311 Unde
524 5254 712 5327 magis
744 5258 918 5333 atque
951 5250 1139 5324 magis

404 5372 516 5426 Flet
544 5374 772 5439 noctem,
805 5382 1066 5438 ramoque
1092 5366 1285 5439 sedens
1315 5364 1626 5439 miserabile
1656 5379 1897 5439 carmen.

402 5444 643 5513 lntegrat
667 5445 717 5496 et
745 5436 953 5496 inuictis
971 5436 1091 5493 late
1121 5437 1236 5492 loca
1257 5436 1531 5509 questibus
1561 5436 1764 5506 implet.

507 5523 1171 5615 Ansel‘lustserappelle
1190 5524 1282 5615 ici
1306 5523 1366 5579 la
1395 5528 1502 5580 str.
1534 5527 1571 5579 2
1608 5524 1684 5579 du
1719 5527 1925 5598 poéme
1949 5524 1983 5581 3

331 5596 421 5659 du'
439 5596 536 5656 liv.
570 5617 631 5655 ιιι
659 5599 763 5655 des
786 5598 936 5653 Odes
969 5596 1283 5651 d’Horace:

481 5676 610 5742 Dua;
637 5669 870 5742 inquieti
889 5667 1140 5725 turbidus
1170 5666 1410 5742 Hadriae,

401 5744 508 5813 Nec
528 5739 880 5823 [αιτηίἠαηιίε
907 5755 1114 5815 magna
1137 5755 1338 5803 manus
1367 5739 1533 5811 lovis,

1524 1802 1775 1873 Stringit
1805 1801 2158 1856 irresolubili

1523 1890 1790 1959 Vinculo,
1825 1907 1975 1946 nexu
2001 1890 2317 1964 quadrupli
2349 1890 2427 1962 (4)

1527 1979 1618 2034 Me
1648 1979 1859 2034 ferient
1884 1978 2245 2051 impavidum

1520 2066 1732 2121 Christi
1764 2066 1918 2138 regis
1949 2066 2281 2122 diaconum.

1515 2156 1679 2211 Tune
1708 2156 1916 2211 ductor
1942 2155 2135 2211 malus
2167 2160 2371 2212 caetero

1520 2242 1788 2316 Alloquio
1820 2247 1998 2299 terret
2023 2260 2128 2299 suo
2154 2260 2166 2298 :

1522 2355 1549 2383 «
1583 2331 1643 2388 Si
1675 2348 1776 2387 vos
1807 2332 1965 2387 hunc
1991 2330 2180 2387 solum
2213 2332 2421 2389 laedere

1528 2419 1678 2475 Malo
1707 2419 1884 2475 vultis
1915 2420 2238 2488 conamine,

1523 2508 1673 2574 Quid
1706 2508 1949 2575 facietis,
1984 2507 2206 2575 miseri,

1531 2597 1682 2652 Dum
1713 2597 1982 2652 Christus
2012 2596 2126 2652 huc
2150 2598 2431 2654 redierit?

1520 2687 1601 2741 Ne
1633 2685 1887 2757 tangatis
1918 2686 2218 2758 prohibeo,

1523 2775 1637 2829 Nec
1670 2773 1893 2828 lmdatis
1924 2774 2092 2829 vobis
2122 2779 2269 2831 veto.

1523 2862 1766 2917 Sinitote
1796 2862 1912 2917 huc
1941 2879 2180 2935 pergere

1523 2951 1646 3015 Quo
1670 2950 1907 3021 jussum
1939 2955 2029 3005 est
2056 2967 2089 3005 a
2109 2951 2385 3025 principe

1526 3038 1631 3103 Qui
1664 3055 1772 3094 nos
1800 3042 1977 3095 terret
2004 3056 2114 3094 sua
2141 3056 2331 3108 cruce,

1526 3125 1706 3196 Cujus
1738 3126 1924 3182 virtus
1952 3127 2228 3185 terribilis

1525 3215 1626 3269 Est
1656 3215 1824 3270 nobis
1857 3215 2261 3284 formidabilis,

1524 3302 1708 3365 Quam
1739 3303 1981 3359 sufferre
2003 3321 2119 3360 non
2150 3321 2468 3376 possumus

1522 3391 1635 3446 Nec
1669 3391 1970 3448 nominare
1998 3392 2292 3450 volumus.

1520 3479 1728 3535 Noster
1759 3481 2030 3553 princeps
2064 3497 2179 3538 non
2203 3483 2458 3555 sapiens,

1528 3569 1677 3624 Dum
1711 3570 1905 3624 carnis
1927 3570 2083 3626 videt
2110 3575 2385 3640 tegumen

1523 3657 1738 3713 Purum
1766 3657 1993 3729 putavit
2020 3658 2343 3727 hominem,

1526 3745 1808 3818 Ignorans
1837 3745 1940 3801 Dei
1966 3745 2183 3803 Filium

1515 3833 1700 3889 Carne
1730 3850 1859 3889 esse
1888 3835 2319 3894 absconditum.
2357 3860 2384 3887 ››

1523 3921 1626 3977 His
1654 3922 1847 3977 verbis
1878 3922 2059 3978 duros
2090 3924 2388 3998 mitigans,

1517 4009 1769 4065 Tantum
1802 4010 2031 4082 pavoris
2060 4012 2269 4069 incutit

1517 4097 1589 4153 Ut
1620 4113 1723 4170 per
1750 4098 1914 4171 ignes
1942 4101 2274 4158 teterrimos
2296 4138 2299 4141 -

1522 4187 1591 4241 Et
1619 4202 1722 4258 per
1748 4186 1997 4245 telorum
2027 4190 2205 4259 acies,

1515 4276 1594 4328 Ac
1615 4291 1718 4346 per
1746 4275 1942 4349 nigras
1970 4279 2296 4352 voragines,

1519 4362 1742 4421 Illaesus
1772 4368 1830 4421 et
1857 4365 2171 4423 incolumis

1518 4452 1714 4508 Sancti
1746 4453 1924 4509 sistor
1953 4455 2202 4528 Remigii

1515 4540 1673 4596 Infra
1703 4545 1868 4614 septa
1900 4542 2142 4600 cuanobii

1518 4630 1753 4686 Tutoris
1783 4646 1892 4703 ope
1917 4632 2158 4703 pessimi

1508 4717 1617 4782 Qui
1647 4734 1741 4773 me
1770 4718 2035 4774 nondum
2064 4719 2343 4776 deseruit.

1513 4805 1701 4877 Super
1727 4805 1907 4861 altare
1937 4806 2205 4878 prmsulis

1509 4898 1752 4949 Textum
1786 4894 2010 4965 depono
2041 4894 2297 4965 Domini,

1509 4982 1727 5037 Deinde
1753 4998 1904 5053 pono
1936 4983 2198 5041 casulam

1502 5071 1690 5142 Super
1715 5069 1918 5127 altaris
1947 5072 2211 5135 tabulam

1512 5163 1655 5213 Cum
1687 5158 1854 5226 stola,
1889 5159 2082 5217 albam
2116 5165 2333 5236 pariter

1507 5251 1652 5302 Tum
1686 5248 1911 5320 depono
1941 5250 2234 5320 celeriter;

2709 563 2836 619 Dux
2864 578 2958 619 me
2988 563 3182 619 malus
3204 579 3317 619 non
3350 563 3567 620 deserit

2714 652 2908 724 Usque
2935 654 3007 707 ad
3038 651 3233 708 locum
3264 652 3484 709 lectuli.

2709 742 2920 798 Statim
2954 745 3009 797 et
3037 759 3069 798 e
3096 732 3341 815 vestigio

2704 829 2928 903 Corpus
2958 830 3019 886 in
3049 833 3299 886 stratum
3333 822 3572 886 collbeo.

2704 919 2873 974 Astat
2903 935 3035 974 cum
3070 918 3254 990 nigris
3285 909 3577 974 dentibus“

2709 1007 2780 1062 Et
2809 1023 2941 1062 cum
2971 1000 3179 1063 solutis
3208 1005 3490 1074 crinibus,

2705 1094 2849 1150 Cum
2880 1094 3065 1151 oculis
3090 1093 3450 1167 sanguineis,
3568 1088 3576 1095 ’

2704 1183 2848 1238 Urso
2879 1183 3023 1255 pede
3053 1176 3399 1248 consimilis,

2707 1271 2943 1344 Ungues
2972 1264 3209 1327 leonum
3241 1268 3533 1339 similans,

2702 1361 2939 1432 Nigram
2970 1371 3206 1433 capram
3238 1358 3356 1432 pilo
3385 1360 3640 1432 gerens:

2704 1480 2770 1490 -
2804 1472 2831 1498 ‹‹
2866 1450 2975 1505 Fac
3008 1465 3099 1504 me
3128 1452 3459 1505 consortem
3490 1444 3713 1504 lectuli

2706 1536 2815 1603 Qui
2847 1536 2930 1591 fui
2960 1537 3079 1592 dux
3096 1536 3355 1605 itineris,

2710 1625 2791 1682 Ne
2819 1626 3079 1682 verearis
3106 1620 3329 1682 socium

2708 1714 2985 1786 Recipere
3013 1716 3071 1770 in
3105 1715 3394 1788 gremium
3406 1731 3424 1770 ιε

2698 1804 2839 1868 Quis
2870 1804 2926 1859 in
2958 1805 3052 1858 via
3081 1820 3197 1859 non
3228 1803 3430 1859 nocuit

2698 1897 2762 1946 In
2795 1892 3007 1948 lectulo
3041 1909 3154 1949 non
3183 1891 3413 1965 poterit.

2697 1981 2816 2053 Ego
2849 1982 3058 2049 audax,
3093 1997 3208 2037 non
3239 1981 3506 2048 timidus,

2693 2069 2922 2124 Christo
2944 2069 3152 2138 ﬁdens,
3185 2085 3301 2125 non
3330 2068 3572 2137 viribus,

2692 2157 2901 2213 Vertor
2928 2157 2987 2212 in
3019 2150 3219 2214 deitro
3248 2157 3430 2214 latere
3453 2176 3466 2225 ;

2695 2246 2913 2302 Locum
2946 2248 3020 2303 do
3051 2262 3229 2319 quam
3259 2246 3585 2303 celerrime.

2697 2334 2909 2390 Pedem
2941 2330 3108 2407 ponit
3136 2335 3194 2390 in
3226 2335 3519 2393 stramine:

2698 2422 2773 2477 Os
2805 2423 2890 2478 ori
2922 2440 3069 2496 pene
3089 2423 3382 2495 jungitur,

2701 2510 2958 2568 Alternis
2983 2513 3178 2568 verbis
3208 2510 3529 2583 loquimur.
3622 2510 3628 2515 ⁷

2700 2600 2955 2656 Securus
2975 2601 3046 2655 de
3075 2600 3303 2657 Christo
3338 2614 3513 2667 meo,-

2698 2688 2870 2744 Illum
2896 2689 3053 2745 haud
3087 2689 3233 2744 nihil
3263 2694 3461 2746 metuo
3486 2708 3499 2745 :

2690 2808 2758 2816 —
2791 2799 2818 2827 «
2866 2776 2988 2847 Dic,
3038 2778 3215 2834 sodex
3264 2764 3619 2850 [sodesleﬂ
3638 2777 3762 2833 diu

3472 2866 3755 2939 [pessime

2690 2954 2966 3011 Veritatis
2978 2954 3760 3029 contrariw[veritatieontra

3558 3041 3759 3116 Ιτίαη,

2692 3133 2825 3197 Quae
2856 3148 3043 3188 causae
3077 3148 3234 3188 nunc
3254 3131 3605 3188 exstiterint-

2693 3219 2795 3276 Vel
2825 3237 2953 3292 quas
2986 3220 3130 3277 ratio
3165 3220 3357 3277 fuerit

2699 3310 2885 3374 Quare
2903 3309 3170 3365 Christus
3198 3311 3272 3366 ad
3304 3310 3539 3368 inferos

2691 3395 3083 3467 Descenderit,
3118 3415 3234 3471 quo
3265 3396 3519 3455 animus

2695 3485 2874 3542 Vobis
2904 3485 3131 3543 tolleret
3153 3487 3422 3555 miseras,
3582 3488 3589 3491 ⁷

2702 3574 2771 3629 Et
2799 3575 2870 3630 de
2900 3575 3358 3649 servitutisjugo

2700 3664 2915 3719 Tantos
2947 3665 3212 3720 redderet
3230 3664 3473 3733 liberos;

2695 3751 2920 3807 Peccati
2954 3751 3105 3808 mole
3135 3753 3407 3823 gravidos
3426 3784 3431 3789 ι

2686 3839 2886 3895 Vestro
2911 3839 3139 3896 tolleret
3159 3841 3392 3914 jugulo.

2695 3928 2872 3984 Miror
2895 3928 3167 4001 equidem
3198 3929 3450 3985 nimium

2688 4020 2828 4072 Tam
2855 4016 3118 4073 validum
3152 4017 3467 4090 imperium

2685 4105 2776 4161 Sic
2809 4106 3020 4163 fractos
3050 4109 3249 4179 postes
3278 4106 3496 4163 ferreos

2688 4194 2872 4251 Unius
2904 4195 3173 4252 Christus
3197 4196 3402 4269 digito.
3438 4218 3468 4247 »

2689 4283 2816 4355 Ipse
2845 4282 3205 4352 infrendens,
3237 4284 3585 4352 barbarum,

2689 4371 3081 4440 Horrendum,
3104 4388 3407 4442 resonans,
3422 4376 3683 4444 tetrum,
3704 4430 3709 4435 ,

2689 4460 2798 4516 Ore
2829 4461 3076 4517 distorto
3107 4461 3314 4534 incipit

2691 4549 3012 4622 Labrisque
3041 4550 3239 4607 fremit
3268 4549 3546 4608 tremulis
3565 4569 3584 4608 :

2688 4668 2757 4680 --
2787 4661 2814 4688 ‹‹
2848 4640 2997 4694 Audi
3033 4656 3208 4709 nunc,
3243 4639 3409 4696 male
3437 4641 3749 4711 monachi,

2681 4728 2836 4783 Aure
2866 4728 3060 4783 cordis
3090 4732 3147 4784 et
3176 4728 3432 4801 percipe,

2681 4813 2831 4871 Vera
2860 4815 3079 4872 invitus
3110 4817 3318 4872 intimo

2682 4903 2843 4967 Quod
2877 4905 2997 4979 (sic)
3028 4904 3215 4963 celare
3243 4905 3345 4962 sed
3378 4919 3638 4980 nequeo:

2679 4993 2827 5049 Nam
2859 5010 3057 5050 meum
3088 5011 3204 5051 non
3236 4998 3329 5051 est
3357 4996 3573 5052 dicere.

2678 5083 2841 5149 Quod
2871 5098 3074 5140 verum
3106 5088 3197 5140 est
3225 5083 3565 5142 omnimOde

2680 5172 2989 5230 Pontiﬁces
3019 5172 3309 5245 sacrilegi,

2673 5261 2926 5319 Abbates
2957 5279 3176 5319 normae
3202 5260 3405 5329 nescii,
3478 5260 3479 5265 “

2198 5373 2258 5429 Si
2282 5378 2495 5447 fractus
2524 5377 2789 5434 illabatur
2815 5379 2982 5447 orbis,

2196 5448 2539 5519 Impavidum
2568 5451 2772 5521 fer-ient
2793 5452 2992 5507 ruinas.

2163 5555 2531 5627 (ll)PeUt-Ctl‘6
2562 5555 2752 5613 faut-il
2786 5557 2929 5613 lire:

2204 5645 2405 5716 Vincla,
2435 5661 2587 5702 nexu
2607 5646 2976 5719 quadruplici.

2195 5735 2504 5810 Quadrupli
2531 5751 2790 5813 manque
2819 5736 2968 5797 dans
2999 5739 3132 5796 tous
3163 5734 3248 5797 les
3269 5733 3604 5812 glossaires.
