3946 6416
403 496 516 560 651
1143 493 1330 562 ΒλΕϐ.
1375 495 1454 561 XI
1496 494 1728 564 AUCT.
1775 493 2094 562 INCERTI
2138 491 2330 562 ANNI
2373 492 2477 560 ET
2519 488 2819 562 SCRIPT.
2865 501 3090 554 manu.
3697 488 3814 553 652

402 633 584 689 Nobis
616 631 789 688 fuerit
819 631 1086 698 aemulus,
1579 629 1638 687 Si
1669 630 1834 686 vobis
1853 629 2062 703 placet,
2095 629 2337 688 domini.
2751 629 2966 684 Contra
2993 627 3255 701 regulam
3287 627 3496 684 faciam

403 721 475 778 Et
500 737 602 776 vos
633 720 802 776 nobis
830 719 1174 793 praetulerit,
1579 719 1742 774 Tunc
1773 735 2026 790 nequam
2057 719 2252 791 inquit
2281 718 2526 792 spiritus
2558 733 2571 773 :
2755 717 2891 781 Quae
2912 717 3083 788 jubet
3113 733 3218 772 nos
3249 733 3384 772 mox
3406 730 3666 788 surgere,

404 809 476 866 Et
503 808 797 865 chariores
828 808 1046 864 fecerit.
1582 839 1650 846 —-
1677 831 1704 856 α
1733 807 1863 864 Jam
1899 807 2203 863 matutinis
2234 808 2400 863 tcrmi
2411 824 2541 875 nus,
2762 805 2834 861 Ut
2863 804 3112 861 tinnitus
3141 804 3410 878 signierit

403 898 494 953 Ad
524 897 646 952 haec
668 897 970 970 respondit
990 897 1333 965 monachus,
1579 893 2025 968 Appropinqu'at
2048 894 2370 968 Remigius,
2759 893 2998 950 Auritus
3027 895 3139 966 (10)
3170 895 3244 950 ab
3273 893 3556 950 auriculis

402 987 692 1044 Constans
721 989 895 1059 atque
925 985 1254 1060 intrepidus
1285 1003 1298 1042 :
1583 987 1706 1051 Quo
1737 983 1940 1040 laudes
1967 989 2191 1040 vestras
2223 985 2434 1040 habeat
2763 985 2927 1039 Tunc
2956 987 3044 1039 est
3072 998 3310 1038 necesse
3340 981 3620 1038 fratribus

404 1073 488 1130 Tu
522 1091 628 1147 pro
657 1078 762 1132 tua
791 1073 1069 1148 superbia
1586 1075 1656 1128 Et
1687 1071 1966 1129 lectiones
1995 1073 2214 1128 audiat.
2762 1071 2835 1127 Ut
2864 1076 3174 1156 occurrant
3203 1087 3383 1143 quam
3404 1070 3578 1126 citius
3603 1089 3619 1140 ;

407 1165 592 1236 Atque
623 1163 818 1220 cordis
836 1163 1106 1231 audacia,
1583 1162 1696 1218 Sed
1727 1165 1784 1217 te
1814 1165 2013 1216 monet
2045 1179 2173 1234 quae
2202 1162 2426 1234 [quam]
2457 1163 2652 1218 nescio
2760 1160 2816 1215 Si
2849 1159 2990 1232 quid
3015 1164 3077 1216 tu
3109 1158 3284 1228 male,
3314 1158 3578 1232 pervigil,

409 1251 688 1324 Vanaque
709 1251 1044 1308 extollantia
1587 1251 1958 1306 Consuetudo
1987 1250 2259 1323 improba
2767 1249 2918 1306 Dum
2949 1249 3249 1304 dormiunt
3269 1248 3546 1318 suaseris,

411 1339 720 1396 Perdidisti
750 1339 1027 1412 caelestia,
1581 1339 1656 1394 Ut
1685 1343 1998 1411 postquam
2028 1339 2282 1395 tinnitus
2313 1344 2443 1395 tuas
2762 1339 2882 1394 Hoc
2913 1337 3168 1394 deﬂeant
3196 1354 3332 1394 cum
3361 1337 3634 1411 lacrymis

409 1432 560 1483 Dum
589 1431 804 1499 putans
833 1426 1050 1501 [putas]
1085 1428 1196 1483 Deo
1227 1425 1439 1484 similis
1584 1425 1944 1483 Percusserit
1971 1425 2292 1492 auriculas,
2763 1428 2910 1482 Ante
2939 1430 3314 1499 conspectum
3345 1425 3601 1504 Domini,

411 1515 518 1572 Per
539 1515 875 1587 superbiam
909 1515 1070 1582 fieri;
1583 1514 1794 1570 Statim
1825 1514 1972 1570 lecto
2005 1513 2227 1582 exilius,
2767 1513 2876 1568 Sed
2911 1513 3051 1585 quid
3081 1517 3139 1570 te
3168 1517 3434 1570 nostrum
3467 1529 3672 1570 canere

407 1608 479 1660 Et
504 1604 575 1661 de
603 1602 758 1660 claro
783 1603 1132 1678 archangelo
1204 1603 1208 1606 ’
1582 1605 1652 1659 Et
1680 1603 1908 1676 primus
1940 1603 1998 1658 in
2031 1603 2277 1660 ecclesia
2759 1602 3012 1674 Spectat,
3039 1601 3178 1674 lupe
3211 1607 3345 1658 trux
3375 1604 3635 1675 pessime
3656 1602 3793 1674 (11).

411 1692 620 1748 Factus
649 1709 713 1748 es
735 1693 901 1766 niger
931 1693 1214 1766 Ethiops.
1585 1692 1646 1746 Si
1677 1697 1862 1764 potes,
1893 1691 2044 1746 citus
2077 1692 2288 1759 abeas;
2766 1723 2834 1730 ——
2867 1691 2982 1763 Ego
3007 1707 3178 1746 curro
3209 1707 3312 1763 per
3340 1691 3537 1746 omnia

410 1780 470 1838 Si
502 1781 685 1836 nostri
715 1781 810 1836 Dei
844 1781 1074 1836 bonitas
1584 1781 1729 1835 Nam
1761 1781 1902 1835 dum
1932 1786 2096 1852 potes
2128 1779 2452 1852 quiescere,
2765 1780 2836 1834 Et
2865 1778 2992 1834 volo
3023 1779 3184 1834 velox
3213 1795 3379 1846 aera;

408 1871 597 1941 Atque
627 1868 1030 1926 misericordia
1589 1869 1660 1925 Et
1688 1869 1952 1924 membra
1982 1885 2188 1925 somno
2213 1869 2440 1924 tradere
2761 1873 2902 1923 Sum
2935 1867 3185 1924 velocior
3207 1867 3358 1923 Euro

412 1957 593 2014 Nobis
624 1957 804 2013 donat
830 1959 986 2029 quod
1018 1958 1284 2014 tumidus
1461 1957 1464 1959 Α
1581 1961 1660 2013 Ac
1689 1958 1938 2014 dulciter
1965 1958 2286 2030 quiescere,
2767 1957 2834 2012 Et
2863 1957 3048 2012 lustro
3080 1957 3433 2014 monasteria
3458 1975 3472 2024 ;

410 2047 601 2118 Atque
632 2049 692 2101 tu
725 2045 920 2118 perdis
945 2045 1238 2118 turgidus,
1588 2045 1660 2100 Ut
1687 2045 1925 2113 stultus,
1961 2045 2296 2103 monasterii
2770 2045 2830 2101 Si
2855 2061 3030 2118 quem
3063 2061 3260 2102 meum
3292 2046 3602 2118 reperiam,

414 2134 530 2190 Nos
561 2133 816 2189 humiles
843 2135 1234 2206 nequiremus.
1591 2134 1824 2190 Primus
1847 2134 1996 2208 petis
2025 2133 2355 2190 introitum.
2768 2133 3063 2206 Quidquid
3095 2132 3225 2190 volo
3253 2133 3364 2190 hoc
3394 2133 3585 2190 faciat.
3620 2165 3688 2175 -

417 2222 564 2288 Quid
596 2223 771 2279 refert
799 2226 865 2278 ut
893 2222 950 2278 te
979 2223 1180 2280 doleas
1589 2223 1740 2279 Dum
1767 2223 1947 2280 Venite
1971 2223 2348 2296 protrahitur,
2766 2255 2831 2264 —
2864 2224 3125 2279 Tandem
3153 2223 3394 2278 modum
3427 2223 3700 2296 nequitiae

416 2311 535 2368 Nos
564 2312 686 2368 ﬁeri
719 2311 875 2384 quod
907 2312 1138 2368 fueras?
1169 2335 1197 2363 »
1589 2313 1843 2376 Quartus
1869 2320 1924 2370 et
1952 2312 2372 2386 nonagesimus
2404 2312 2500 2384 (9).
2767 2313 2900 2368 Jam
2929 2317 2991 2368 tu
3024 2313 3292 2381 mendax,
3327 2312 3439 2386 fige
3465 2317 3603 2381 tuae,

418 2399 622 2457 Plures
652 2415 952 2456 sermones
981 2400 1308 2472 sparsimus
1339 2419 1356 2456 :
1556 2435 1564 2442 -
1592 2400 1698 2464 Qui
1731 2418 1959 2458 morose
1990 2402 2130 2457 dum
2161 2400 2412 2466 canitur,
2768 2401 2836 2455 Et
2863 2399 3099 2456 desinas
3129 2397 3534 2474 blasphemiis.
3571 2423 3600 2451 η

415 2490 497 2544 Ac
521 2488 595 2545 de
627 2487 832 2544 multis
862 2488 1050 2560 questi
1081 2505 1289 2545 sumus
1591 2491 1754 2546 Tunc
1785 2493 1932 2546 satis
1961 2495 2126 2562 potes
2156 2505 2396 2563 surgere
2767 2489 3020 2545 Alternis
3049 2505 3351 2546 cessamus
3379 2489 3560 2563 loqui,

417 2577 551 2642 Quae
573 2575 834 2632 tulerunt
863 2576 1171 2632 insomnia
1589 2577 1663 2632 Ut
1696 2594 1968 2636 occurras
2000 2577 2058 2632 iu
2086 2577 2309 2633 ordine.
2341 2609 2410 2616 —
2769 2576 3073 2632 Evanescit
3099 2593 3169 2632 ex
3195 2576 3400 2646 oculis,

415 2665 487 2720 Et
515 2681 548 2720 a
576 2665 770 2720 cordis
798 2664 1084 2720 memoria
1590 2697 1660 2706 —
1690 2666 1734 2722 Ο
1765 2665 2082 2738 castigator
2110 2665 2374 2737 improbe
2769 2666 3027 2720 Sumnus
3057 2665 3252 2738 gravis
3283 2681 3377 2722 me
3405 2665 3621 2722 deserit
3645 2684 3659 2735 ;

417 2751 702 2809 Oblivioni
728 2751 964 2808 tradita.
1595 2755 1846 2826 Imperet
1873 2753 1979 2809 tibi
2011 2754 2295 2810 Dominus
2768 2753 3086 2826 Copulatus
3117 2769 3251 2810 cum
3277 2755 3525 2821 caeteris,

414 2841 619 2896 Adhuc
649 2857 834 2896 unum
864 2841 1147 2912 quiddam
1179 2847 1380 2898 manet
1593 2843 1894 2915 Nusquam
1923 2847 1985 2898 tu
2015 2842 2164 2898 bene
2193 2841 2432 2909 habeas,
2769 2843 2880 2898 Oro
2914 2843 3094 2899 Deum
3127 2842 3378 2917 Remigii

417 2929 580 2994 Quod
605 2927 770 2984 vobis
799 2927 986 3000 stylus
1015 2928 1237 2984 deferet
1595 2930 1706 2986 Sed
1728 2945 1962 3002 semper
1993 2929 2160 2986 bonis
2189 2945 2410 2996 careas,
2769 2930 2841 2986 Ut
2871 2929 3077 2986 visioni
3111 2918 3407 2987 somnium

420 3015 494 3072 Ut
518 3013 773 3071 audiatis
802 3013 1011 3079 seduli,
1598 3017 1706 3082 Qui
1737 3017 1952 3073 suades
1983 3020 2048 3072 ut
2073 3016 2371 3074 dormiens
2767 3017 2965 3074 Faciat
2992 3034 3122 3074 esse
3151 3033 3500 3090 congruum.

495 3182 574 3262 (9)
604 3180 648 3237 Il
676 3181 945 3262 vaudrait
974 3181 1346 3262 mi_eux_pour
1365 3182 1418 3239 le
1445 3200 1582 3240 sens
1611 3201 1724 3257 que
1753 3183 1869 3240 l’on
1901 3183 2074 3241 chan-
2183 3203 2326 3242 aura
2356 3201 2558 3262 sonne,
2595 3186 2672 3242 du
2702 3185 2835 3262 vieil
2869 3185 3158 3242 allemand
3186 3189 3329 3259 sing,
3353 3186 3554 3244 clocbe
3573 3188 3674 3262 qui
3693 3189 3838 3248 s’est

423 3252 556 3326 geht
573 3269 668 3308 ces
680 3252 859 3326 _deux‘
874 3269 1005 3326 vers
1033 3253 1104 3309 de
1133 3252 1296 3326 place
1328 3269 1342 3309 :
1627 3252 1648 3257 ’
2184 3259 2458 3313 conscrvé
2490 3252 2640 3313 dans
2662 3259 2848 3314 tocsin.

674 3324 814 3397 Dum
843 3323 1052 3379 Vsm're
1066 3323 1440 3397 protrahitur,
2435 3329 2528 3384 Les
2557 3329 2696 3384 cIers
2725 3331 2760 3384 ὰ
2788 3329 2951 3384 haute
2979 3331 3109 3385 vain:
3126 3333 3177 3384 et
3203 3329 3346 3386 clere

679 3395 787 3464 Qui
808 3409 1018 3450 morose
1044 3395 1173 3450 dum
1195 3395 1440 3462 canitur,
2431 3401 2493 3455 Te
2522 3399 2692 3455 Deum
2726 3415 3026 3456 nummus
3055 3403 3372 3456 chantérent

677 3467 912 3538 Quartus
943 3473 993 3520 et
1013 3469 1418 3538 nonagesimus,
2430 3471 2527 3526 Les
2557 3486 2718 3526 sums
2741 3478 2792 3526 et
2820 3471 2900 3526 (es
2925 3471 3134 3526 cioches
3160 3475 3452 3527 sonnérent

677 3537 820 3625 Tunc
835 3537 1422 3625 satisgpotes’suﬁge‘re.
1486 3608 1500 3625 ‘
1657 3615 1666 3625 .
1711 3611 1726 3625 ἱ
1797 3610 1808 3625 1
1953 3613 1969 3625 Δ
2193 3613 2204 3625 ⁸
2251 3540 2365 3625 (ti)
2397 3541 2554 3625 Dens
2588 3540 2842 3625 l'hympe
2871 3540 3610 3625 denFl’avius,..:td_lotionem
3635 3544 3838 3625 pedm?!

497 3606 642 3686 Mais
673 3606 758 3662 les
773 3607 936 3686 _de_ux
969 3606 1320 3686 manuscrits
1340 3609 1424 3686 les
1447 3608 1676 3682 placent
1695 3611 1766 3666 de
1793 3610 1851 3666 la
1883 3613 2073 3668 meme
2181 3606 2437 3669 in'Ctena
2488 3606 2726 3672 Domin'i.
2759 3612 2905 3684 Opp.
2929 3611 2988 3668 S.
3011 3606 3294 3686 Gregorii,
3326 3619 3368 3668 t.
3405 3613 3504 3681 ΙΙΙ,
3535 3631 3594 3686 p.
3633 3606 3764 3681 334,
3795 3615 3836 3671 il

424 3677 790 3756 maniere,_et
816 3676 942 3756 _l’on
982 3677 1274 3756 s’écartait
1317 3676 1470 3756 aiore
1508 3697 1648 3756 satis
1679 3698 1870 3737 aucun
1903 3699 2072 3738 scru-
2181 3701 2217 3756 γ
2245 3701 2281 3740 a
2312 3700 2326 3739 :

423 3749 673 3826 pule‘de
689 3721 899 3826 l’qrdre
927 3751 1333 3826 grammatical
1353 3753 1466 3826 des
1488 3721 1713 3826 mota.“
1757 3721 1786 3737 υ
1836 3721 1870 3737 u
1903 3721 1964 3738 σν
2004 3721 2038 3738 u
2183 3721 2209 3756 ’ἶ
2245 3721 2281 3740 α
2313 3725 2326 3739 ’
2431 3756 2576 3810 Trux
2605 3755 2748 3826 lupe,
2777 3753 2921 3826 lude
2943 3756 3197 3826 pessime.

494 3820 608 3892 (10)
639 3819 1085 3876 Probablefnent
1113 3821 1153 3875 il
1202 3823 1326 3876 taut
1353 3821 1460 3878 lirc
1498 3823 1762 3886 auditus;
1791 3826 2070 3896 signierit,
2429 3827 2554 3882 Fers
2583 3819 2880 3895 agiwimiti
2908 3819 3082 3881 basia.

3401 3979 3828 3990 —-———-——

3400 3997 3828 4009 ——-————

1149 4113 1283 4202 DE
1343 4113 1743 4204 MUSICIS
1800 4115 2348 4207 OPUSGULIS
2409 4115 3090 4214 SEQUENTIBUS

1912 4294 2342 4368 MONITUM.

1125 4458 1292 4531 (Dom
1324 4457 1613 4525 Genesar,
1646 4457 1945 4530 Scriptores
1972 4460 2323 4518 ecclesiastici
2348 4461 2414 4518 de
2441 4465 2672 4531 musica,
2779 4463 2824 4534 Ι,
2861 4463 3112 4536 Prmfat.)

495 4750 1056 4825 Claudimusinquit
1086 4756 1148 4807 D.
1181 4751 1444 4819 Gerbert,
1477 4751 1735 4825 primum
1769 4752 1877 4807 hoc
1907 4751 2276 4825 Collectionis
2307 4758 2517 4825 nostris
2555 4753 2828 4812 volumen
2871 4755 3050 4812 variis
3097 4757 3569 4816 dimensionibus
3619 4777 3834 4818 mono-

387 4847 393 4854 -
423 4821 646 4892 obordi,
675 4821 830 4894 quod
851 4821 1327 4900 instrumentum
1343 4839 1449 4900 suo
1471 4821 1538 4876 ex
1571 4824 1807 4900 nomine
1837 4823 2273 4900 uniu-s_chordaa
2302 4824 2362 4900 i_n
2391 4825 2618 4900 theoria
2649 4827 2886 4900 musicae
2921 4829 3132 4884 veteris
3182 4834 3316 4900 post
3353 4830 3598 4888 malleos
3633 4832 3834 4889 Pitha-

380 4902 398 4910 ”
419 4903 573 4970 gora
604 4893 828 4970 certum
859 4901 939 4970 et,
965 4893 1270 4970 infallibile
1301 4893 1748 4970 fundamentum
1781 4893 1891 4970 fuit
1921 4893 1995 4970 ad
2007 4893 2408 4970 .‘inveniendas
2435 4897 3044 4970 demonstrandasque
3075 4893 3492 4958 consonantias
3538 4905 3596 4957 et
3640 4903 3830 4960 inter-

421 4963 570 5041 valla
598 4965 1065 5041 musica.Atque
1094 4965 1230 5041 inde
1260 4963 1486 5041 musica
1515 4964 1756 5019 scientia
1788 4964 1860 5041 ad
1885 4963 2798 5041 cer'titudinernmathematicam
2829 4963 3108 5041 assurgit,
3142 4971 3455 5038 radiosque
3493 4971 3836 5031 Divinitatis

423 5033 594 5112 nobis
615 5039 870 5112 ostentat
899 5033 1265 5112 in’operibus
1295 5039 1538 5112 naturae,
1581 5035 1924 5112 corporibus
1959 5053 2164 5112 nempe
2192 5037 2644 5112 quihuscunque
2674 5041 2929 5112 sonoris,
2950 5033 3262 5112 invquibus
3289 5033 3506 5098 eadem
3549 5052 3833 5102 constano

422 5107 512 5158 ter
541 5105 796 5180 rationes
827 5103 1205 5180 inveniuntur
1235 5103 1562 5159 innumeris
1595 5103 1711 5160 iam
1737 5103 2299 5180 har‘niouieis'quam
2333 5103 2738 5180 arithmbticis,
2773 5117 2830 5165 et
2859 5103 3331 5180 eadem'quidem
3371 5114 3835 5172 demonstratio-

425 5175 890 5252 nurnevidentia
920 5176 980 5252 i_n
1011 5175 1264 5246 pondere
1297 5181 1353 5252 et
1380 5191 1675 5252 mensura,
1700 5177 1890 5248 qualis
1921 5177 1979 5232 in
2011 5175 2330 5249 geometria
2355 5179 2604 5252 habetur
2635 5198 2648 5236 :
2683 5175 2907 5252 quibus
2951 5175 3228 5239 omnibus
3273 5183 3346 5239 ad
3398 5185 3582 5242 Deum
3627 5203 3835 5244 rerum

427 5245 786 5303 conditorem
807 5245 1108 5319 erigimur,
1143 5251 1314 5319 prout
1342 5247 1527 5302 omnia
1556 5249 1616 5302 in
1647 5245 1924 5316 mensura,
1953 5245 2278 5316 et'uumero,
2309 5257 2360 5306 et
2383 5251 2620 5324 pondere
2647 5245 2940 5325 disposuit
2970 5252 3122 5327 (Sap.
3153 5271 3235 5321 χι,
3265 5254 3360 5327 21)
